1628 2490
429 502 495 549 ihre
505 504 729 551 Unterthanen
739 507 866 546 werden
874 509 1029 560 gewacht,
1039 511 1170 563 geſorgt
1179 513 1246 552 und
1255 525 1305 564 ge⸗

426 576 562 616 arbeitet
571 576 685 625 haben,
696 581 747 622 die
757 581 944 635 Geſchichte
952 585 1086 628 Seines
1095 587 1211 631 Lebens
1219 590 1305 630 wird

424 651 501 701 doch
515 654 640 699 immer,
659 654 712 694 als
724 655 828 707 einzig
846 660 879 698 in
890 660 975 707 ihrer
984 663 1059 709 Art,
1079 664 1142 704 mit
1150 664 1302 709 Bewun⸗

423 727 549 780 derung
560 733 627 770 und
637 733 817 783 Ehrfurcht
827 736 940 785 gehoͤrt
951 739 1018 777 und
1027 740 1148 789 geleſen
1160 742 1299 783 werden.

504 805 598 854 Auch
618 808 658 854 iſt
674 814 709 848 es
732 802 819 863 nicht
837 810 970 863 moͤglich,
983 814 1049 860 daß
1058 815 1124 857 wir
1132 823 1168 855 es
1177 817 1300 866 vergeſ⸗

420 873 471 925 ſen
487 878 608 926 ſollten,
626 886 701 918 was
710 875 917 936 Friderich
927 884 1075 933 Großes
1091 890 1213 936 gethan
1229 892 1298 934 hat.

417 946 499 988 Wir
508 949 611 995 hoben
619 951 654 999 ja
661 950 697 989 in
707 948 761 998 der
761 948 840 1000 Zeit
846 952 965 1004 gelebt,
974 955 1008 995 in
1018 955 1151 1006 welcher
1179 961 1210 1001 Er
1212 960 1297 1002 Sei⸗

416 1036 454 1068 ne
461 1025 576 1077 Siege
587 1027 770 1080 erfochten;
787 1031 849 1071 wir
858 1032 963 1081 haben
972 1038 1006 1087 ja
1014 1035 1157 1087 geſehen,
1172 1037 1235 1080 wie
1245 1034 1297 1080 Er

413 1101 471 1150 mit
480 1101 514 1155 ſo
525 1102 627 1145 vielen
645 1104 736 1147 wider
735 1104 815 1154 Jhn
821 1106 1051 1159 verbundenen
1069 1106 1220 1168 Moͤchten
1224 1123 1293 1154 von

413 1174 551 1222 Europa
561 1177 737 1230 gekaͤmpft,
747 1202 794 1211 —
803 1181 912 1232 ſieben
921 1184 1114 1238 ſchreckliche
1122 1187 1230 1236 Jahre
1240 1198 1290 1238 ge⸗

411 1250 556 1299 kaͤmpft;
573 1252 605 1298 ſo
616 1254 700 1294 viele
708 1254 916 1307 Schlachten
925 1258 1083 1310 geliefert,
1095 1263 1127 1309 ſo
1136 1264 1219 1311 viele
1227 1264 1290 1308 Ar⸗

409 1329 499 1359 meen
516 1322 695 1374 zerſtreuet,
720 1325 751 1374 ſo
768 1328 851 1368 viele
866 1328 1115 1383 Bedraͤngniſſe
1130 1332 1289 1384 großmuͤ⸗

408 1396 478 1440 thig
487 1398 644 1439 erduldet,
660 1400 729 1437 und
739 1400 862 1443 endlich
875 1400 1159 1447 unuͤberwunden,
1187 1403 1286 1453 durch

407 1469 513 1510 Gluͤck
528 1476 596 1511 und
611 1473 757 1521 Ungluͤck
771 1476 867 1523 groß,
884 1476 983 1517 Sein
1001 1480 1198 1522 erweitertes
1215 1486 1285 1524 und

404 1543 593 1599 beſchuͤtztes
602 1549 705 1598 Reich
718 1550 750 1588 in
767 1550 882 1599 ſchwer
894 1554 1095 1596 erworbener
1105 1559 1173 1598 und
1182 1559 1283 1608 wohl⸗

403 1624 584 1668 verdienter
594 1627 694 1676 Ruhe
711 1628 886 1683 beherrſcht
901 1633 969 1681 hat.
1007 1635 1089 1676 Wir
1102 1637 1172 1682 ſind
1188 1638 1281 1687 nach⸗

403 1694 457 1741 her
467 1700 518 1738 die
526 1698 661 1749 Zeugen
671 1700 725 1739 der
734 1702 859 1753 großen
868 1702 989 1756 Dinge
997 1711 1154 1759 geweſen,
1172 1711 1222 1749 die
1231 1713 1281 1753 Er

399 1767 449 1809 im
465 1772 602 1823 Frieden
626 1774 689 1814 mit
714 1775 745 1823 ſo
768 1777 835 1817 viel
850 1779 1074 1828 umfaſſenden
1089 1782 1204 1830 Geiſte
1220 1793 1281 1823 un⸗

401 1847 613 1891 ternommen,
632 1850 700 1887 und
720 1850 781 1890 mit
797 1851 914 1902 ſolcher
923 1851 1186 1905 Beharrlichkeit
1200 1863 1279 1896 aus⸗

398 1917 530 1967 gefuͤhrt
548 1926 615 1970 hat.
674 1925 755 1965 Wir
772 1925 875 1975 haben
893 1926 1043 1977 geſehen,
1067 1931 1130 1970 wie
1147 1933 1197 1975 Er
1215 1933 1277 1977 alle

398 1991 540 2037 Quellen
555 1997 775 2052 buͤrgerlicher
791 2002 992 2054 Wohlfahrt
1016 2006 1171 2058 geoͤfnet;
1213 2009 1277 2051 wie

399 2069 449 2116 Er
464 2076 526 2117 auf
538 2075 637 2119 alles,
667 2082 742 2116 was
767 2080 833 2130 auf
844 2078 1115 2134 Menſchengluͤck
1131 2084 1274 2135 Einfluß
