1814 2754
225 470 389 517 Geitzigen
408 469 473 507 eine
489 470 597 519 wahre
619 466 926 515 Sinnesaͤnderung
945 472 1012 505 und
1022 469 1222 518 Bekehruͤng

225 527 355 578 hoffen,
408 532 477 568 und
508 529 567 567 wie
592 527 696 577 wenig
721 527 804 566 kann
809 530 850 575 er
891 527 971 578 ohne
989 526 1113 574 dieſelbe
1132 529 1221 575 ſeelig

230 604 385 643 werden?

333 719 413 765 Wie
431 716 518 764 ſeelig
539 711 660 754 koͤnnen
678 712 836 761 hingegen
863 711 934 754 wir
960 715 1024 761 ſein
1056 717 1123 752 und
1147 723 1224 752 wer⸗

227 782 310 824 den,
337 786 432 813 wenn
450 777 510 813 wir
535 775 625 822 unſre
650 774 835 821 Begierden
877 775 953 820 nach
978 776 1124 823 irdiſchen
1149 774 1226 817 Guͤ⸗

226 851 297 876 tern
312 840 485 882 maͤßigen,
512 836 561 872 ein
579 834 773 882 zufriedenes
791 832 943 884 Gemuͤth
970 834 1094 883 haben,
1157 839 1225 874 und

226 915 294 940 uns
310 915 407 949 gegen
424 903 514 950 unſre
536 900 815 949 Nebenmenſchen
832 899 1030 949 barnherzig
1058 903 1125 937 und
1151 909 1226 948 gut⸗

227 967 333 1016 thaͤtig
350 967 525 1012 beweiſen?
580 965 632 1008 Es
651 967 687 1015 iſt
702 966 804 1014 gewis
822 965 985 1013 unſtreitig
1001 974 1092 1012 war,
1152 973 1225 1002 was

226 1033 318 1079 unſer
339 1031 481 1079 Heiland
508 1030 614 1080 geſagt
633 1028 712 1079 hat:
742 1026 854 1079 geben
872 1026 917 1082 ſei
936 1026 1101 1082 ſeeliger,
1163 1030 1226 1072 als

227 1105 389 1158 nehmen.
450 1110 541 1151 Gott
565 1109 654 1158 ſelbſt
672 1111 709 1156 iſt
726 1100 789 1154 das
795 1109 1006 1157 allerſeeligſte
1014 1100 1142 1161 Weſen,
1157 1100 1230 1152 weil

226 1179 260 1206 er
281 1171 335 1205 der
357 1164 639 1215 uneigennuͤtzigſte
655 1166 766 1206 Geber
781 1168 858 1204 aller
874 1173 973 1213 guten
991 1170 1058 1205 und
1075 1169 1228 1206 vollkom⸗

226 1238 341 1266 menen
365 1228 489 1268 Gaben
509 1229 568 1274 iſt,
603 1230 672 1265 und
699 1227 802 1273 nichts
828 1226 924 1272 dafuͤr
958 1229 1072 1266 wieder
1097 1227 1229 1274 nimmt,

225 1291 279 1330 als
297 1287 394 1336 unſre
402 1290 578 1337 ſchwachen
595 1289 678 1328 Lob⸗
694 1293 762 1326 und
787 1289 1080 1335 Dankſagungen,
1121 1292 1169 1326 die
1197 1300 1231 1326 er

227 1350 286 1401 ſich
302 1359 365 1390 aus
386 1351 488 1390 lauter
510 1350 634 1392 Gnade
650 1353 717 1388 und
738 1351 1018 1400 Barmherzigkeit
1046 1351 1233 1399 wohlgefal⸗

229 1420 280 1459 len
303 1417 381 1466 laͤßt.
434 1416 509 1465 Laßt
531 1424 596 1456 uns
613 1416 678 1465 alſo
700 1415 777 1464 nach
790 1420 861 1455 dem
879 1417 1013 1465 Maaſſe
1030 1417 1138 1463 unſrer
1169 1419 1233 1455 ein⸗

228 1481 446 1530 geſchraͤnkten
465 1482 582 1523 Natur
600 1484 667 1522 und
684 1479 891 1532 Faͤhigkeiten
915 1481 1127 1521 vollkommen
1155 1480 1232 1529 ſein,

230 1547 291 1586 wie
308 1549 400 1594 unſer
417 1547 528 1587 Vater
545 1548 589 1585 im
607 1543 755 1592 Himmel
772 1547 985 1585 vollkommen
1007 1547 1063 1594 iſt;
1098 1545 1129 1591 ſo
1157 1557 1234 1584 wer⸗

230 1616 292 1652 den
316 1614 377 1652 wir
394 1611 471 1658 auch
488 1612 577 1660 ſeelig
601 1610 679 1659 ſein,
732 1613 800 1648 und
825 1618 891 1650 uns
922 1612 1030 1659 unſrer
1055 1610 1234 1660 Seeligkeit

230 1667 313 1723 ewig
334 1671 489 1720 erfreuen.
551 1671 679 1713 Amen!
