1791 2246
816 347 873 397 Jm
902 343 986 392 Jahr
1000 347 1107 389 1516.
1070 341 1190 388 fuhr
1203 340 1340 388 Baffin
1350 352 1382 380 in
1395 340 1470 383 Sir
1481 337 1633 385 Smiths

714 397 822 450 Bay/
830 402 958 435 unterm
970 401 1029 438 78.
1048 387 1124 442 Gr./
1132 395 1198 432 und
1215 388 1315 435 kehrte
1325 398 1367 428 an
1376 386 1489 437 ſeinem
1498 384 1631 435 Vorha⸗

717 450 777 492 ben
786 445 1019 498 verzweifflend
1029 445 1148 487 wieder
1155 443 1233 486 nach
1243 442 1366 481 Hauſe.

832 492 985 538 Hieraus
998 487 1159 535 erhellet/
1170 485 1232 534 daß
1240 488 1299 528 alle
1309 479 1558 532 Bemuͤhungen
1567 481 1634 527 nach

719 548 981 600 Nord⸗Weſten
992 557 1055 587 nur
1072 549 1106 587 in
1116 541 1297 593 Hoffnung
1313 543 1401 582 eines
1417 541 1552 588 Weges
1566 540 1634 587 nach

719 600 842 644 China
857 597 1053 642 angewandt
1064 597 1208 633 worden.
1262 589 1363 638 Doch
1371 586 1440 634 dieß
1449 587 1484 634 iſt
1495 587 1561 627 eine
1569 587 1633 628 eben

721 650 752 698 ſo
760 645 953 693 verborgene
970 642 1160 694 Erfindung
1173 645 1225 682 als
1235 644 1290 681 der
1299 641 1414 683 Stein
1423 644 1481 679 der
1489 637 1632 682 Weiſen/

722 701 773 744 die
782 701 869 747 ſtaͤte
884 696 1130 747 Bewegung/
1159 692 1232 735 und
1232 692 1284 734 die
1296 691 1424 742 Laͤnge
1433 697 1496 732 von
1507 688 1634 738 Weſten

723 762 804 799 nach
824 758 942 795 Oſten.

828 799 945 833 Anno
958 794 1065 839 1631.
1075 784 1195 845 ſegelte
1210 783 1300 843 Capt.
1296 787 1437 840 James
1444 788 1522 835 nach
1530 786 1632 829 Nord⸗

725 850 887 899 Weſten/
894 854 956 888 und
966 845 1036 887 kam
1044 846 1122 890 nach
1134 844 1262 891 langem
1272 839 1415 889 auf⸗und
1425 838 1630 884 niederfahren

728 904 763 942 in
779 901 862 947 diſen
872 898 1016 941 Meeren
1032 894 1150 943 endlich
1165 893 1245 941 nach
1260 892 1631 936 Charlotten - Eiland

726 947 869 998 woſelbſt
882 957 914 987 er
926 954 1056 986 unterm
1067 957 1125 991 52.
1135 942 1204 985 Gr.
1214 947 1290 986 weit
1299 938 1378 984 uͤber
1387 932 1551 987 Hudſon/
1562 938 1631 982 But⸗

728 1009 794 1040 ton
805 1003 871 1039 und
881 996 1017 1046 Baffin
1033 992 1158 1041 hinab/
1182 987 1423 1035 uͤberwinterte.
1466 989 1564 1036 Capt.
1574 988 1632 1037 Fox

730 1056 796 1102 that
811 1050 879 1098 dieß
890 1050 986 1104 Jahr
995 1050 1045 1091 ein
1053 1047 1215 1100 gleiches/
1242 1044 1313 1089 kam
1323 1043 1404 1087 aber
1412 1053 1478 1086 nur
1496 1042 1548 1091 biß
1556 1045 1634 1092 Port

729 1118 883 1167 Nelſon.

833 1150 908 1195 Die
931 1136 1139 1200 Buͤrgerliche
1152 1141 1272 1191 Kriege
1285 1138 1436 1189 brachten
1459 1135 1635 1187 dergleichen

730 1200 845 1247 Arbeit
854 1204 912 1243 ins
927 1198 1096 1244 Stecken/
1111 1199 1182 1238 und
1182 1199 1223 1237 es
1229 1195 1293 1241 gab
1302 1197 1378 1234 was
1386 1196 1507 1236 anders
1516 1201 1550 1239 zu
1560 1192 1633 1236 thun.

730 1252 856 1298 Daher
872 1248 976 1295 nichts
998 1247 1086 1292 mehr
1115 1248 1220 1285 davon
1236 1252 1272 1292 zu
1297 1239 1434 1290 hoͤren/
1453 1240 1521 1288 biß
1542 1242 1635 1279 Anno

734 1303 858 1347 1667/
859 1303 894 1350 da
905 1296 1094 1344 Zacharias
1106 1290 1265 1337 Gillam/
1276 1288 1309 1338 in
1311 1299 1365 1336 der
1376 1291 1551 1337 Nonſuch
1559 1289 1638 1337 durch

732 1354 782 1392 die
793 1346 1127 1399 Hudſons⸗Straſſe
1136 1344 1232 1393 fuhr/
1248 1343 1367 1389 ſodann
1378 1354 1411 1384 in
1426 1344 1477 1383 die
1487 1341 1638 1387 Baffins⸗

731 1405 822 1448 Bay
832 1403 957 1437 unterm
969 1408 1029 1444 75.
1040 1396 1109 1438 Gr.
1129 1390 1234 1440 ferner
1252 1387 1403 1439 Suͤdlich
1417 1399 1486 1439 zum
1508 1402 1562 1434 51.
1574 1386 1642 1430 Gr.)

732 1451 876 1499 woſelbſt
884 1459 917 1490 er
927 1445 1003 1493 auff
1007 1449 1108 1489 einem
1119 1443 1235 1495 Fluß/
1250 1443 1439 1490 nachmahls
1447 1430 1647 1492 Printz⸗Ro⸗

732 1496 935 1549 berts⸗Fluß
944 1496 1108 1545 genannt/
1124 1497 1189 1537 eine
1206 1490 1396 1542 freundliche
1406 1489 1588 1539 Handlung
1596 1487 1643 1526 mit

734 1556 795 1593 den
805 1549 1055 1598 Eingebohrnen
1065 1541 1183 1592 hatte/
1186 1549 1249 1586 das
1264 1544 1353 1593 Fort
1370 1544 1521 1591 Charles
1538 1534 1647 1583 bauete/

734 1608 803 1646 und
811 1599 958 1652 gluͤcklich
975 1603 1054 1649 nach
1062 1600 1175 1650 Hauſe
1189 1596 1322 1642 kehrete.

838 1651 911 1695 Die
922 1647 1133 1696 Gelegenheit
1150 1645 1246 1690 ſeiner
1255 1642 1353 1691 Reiſe
1362 1650 1435 1689 war
1444 1640 1533 1691 dieſe:
1558 1639 1647 1689 Zwey

733 1700 940 1753 Frantzoſen/
972 1699 1065 1750 Monſ.
1070 1697 1233 1744 Radiſon
1242 1701 1310 1740 und
1321 1689 1522 1740 Gooſelier/
1533 1691 1648 1737 etlichen

734 1751 931 1798 Jndianern
941 1755 993 1785 am
1004 1744 1083 1789 See
1091 1749 1146 1785 der
1154 1740 1396 1791 Aßinipouals
1405 1748 1439 1779 in
1450 1735 1598 1780 Canada
1607 1731 1656 1781 be⸗

734 1801 911 1846 gegnende/
919 1797 1043 1843 hoͤreten
1049 1801 1113 1835 von
1120 1790 1235 1840 ihnen/
1253 1791 1306 1838 man
1324 1787 1418 1833 koͤnte
1430 1801 1465 1840 zu
1479 1789 1564 1832 Land
1572 1784 1654 1836 gantz

735 1854 786 1897 an
786 1854 849 1896 den
855 1847 993 1900 Anfang
1006 1851 1061 1891 der
1068 1845 1199 1903 Bay/
1198 1844 1235 1902 wo
1253 1845 1302 1889 die
1311 1843 1480 1895 Engliſche
1491 1844 1568 1891 noch
1577 1841 1654 1887 nicht
