1940 2744
738 390 811 446 308

1024 395 1148 443 1734.
1148 395 1239 443 den
1239 395 1344 443 5ten
1344 395 1498 443 Octob.

745 497 791 532 ter
805 489 946 531 kommen
964 491 1105 539 wuͤrden,
1130 493 1157 540 je
1175 493 1311 541 weniger
1327 492 1435 533 wuͤrde
1448 500 1482 532 es
1500 496 1560 536 mit
1573 499 1644 536 dem
1653 494 1778 535 Stran⸗

741 556 802 592 den
814 553 910 590 Noth
927 554 1029 592 haben,
1076 555 1105 595 ſo
1126 554 1222 599 muſte
1239 555 1284 598 ich
1300 552 1376 598 doch
1391 552 1548 602 erfahren,
1561 556 1627 603 daß
1639 554 1688 594 die
1703 550 1778 593 Rei⸗

741 622 768 666 ſe
785 624 847 654 von
862 613 1229 661 Werchno⸗Tomsk
1252 617 1303 656 bis
1323 615 1462 659 Tomsk
1476 618 1510 658 in
1533 620 1644 669 dieſem
1660 614 1780 662 Stuͤcke

741 690 789 726 die
809 684 1053 732 beſchwerlichſte
1073 696 1152 723 war.
1233 683 1358 735 Jedoch
1380 690 1440 726 das
1464 685 1643 727 Stranden
1665 684 1782 733 machte

741 754 839 798 zuletzt
862 751 896 803 ſo
910 750 1055 798 wenigen
1071 749 1228 791 Eindruck
1254 749 1309 798 bey
1325 757 1390 790 uns
1404 751 1509 802 allen,
1530 756 1595 803 daß
1607 755 1667 793 wir
1682 749 1779 798 nichts

741 817 830 865 mehr
845 815 979 861 darnach
996 814 1141 863 fragten,
1165 820 1230 854 und
1251 827 1358 867 wegen
1374 820 1428 855 der
1453 817 1686 868 zunehmenden
1706 821 1778 869 ſtar⸗

739 882 794 916 ken
803 879 901 915 Kaͤlte
916 889 976 915 nur
990 879 1103 914 immer
1120 877 1295 924 wuͤnſchten
1336 875 1373 931 in
1364 877 1506 920 Tomsk
1528 891 1562 928 zu
1580 880 1660 928 ſeyn.
1715 880 1780 923 Die

739 950 850 998 Nacht
863 951 1011 1002 hindurch
1028 951 1142 1001 fuhren
1156 952 1218 991 wir
1230 953 1332 1000 etliche
1347 951 1527 1002 Tatariſche
1539 954 1695 1005 Uluſſen
1707 961 1777 994 vor⸗

740 1011 816 1056 bey,
832 1013 897 1045 und
913 1008 1022 1046 kamen
1037 1012 1095 1046 des
1121 1006 1240 1048 andern
1262 1007 1373 1059 Tages
1400 1008 1569 1060 Morgens
1586 1021 1642 1049 um
1662 1021 1696 1056 8.
1715 1007 1777 1060 Uhr

739 1081 883 1131 gluͤcklich
898 1091 955 1122 vor
970 1087 1023 1123 der
1035 1083 1148 1125 Stadt
1164 1082 1308 1125 Tomsk
1322 1096 1364 1123 an,
1412 1080 1506 1125 allwo
1529 1086 1574 1133 ich
1597 1089 1655 1125 den
1672 1087 1776 1136 Herrn

738 1152 828 1199 Prof
849 1148 1027 1195 Muͤllern
1042 1150 1073 1188 in
1088 1156 1197 1200 gutem
1217 1149 1428 1205 Wohlſtande
1440 1150 1567 1201 antraf,
1590 1154 1641 1193 als
1657 1152 1777 1201 welcher

739 1205 825 1254 ſchon
841 1211 900 1245 den
920 1208 998 1255 1ſten
1012 1205 1128 1248 Octob.
1145 1207 1253 1255 allhier
1266 1209 1452 1256 angelanget
1467 1218 1546 1245 war.

842 1342 918 1384 Der
941 1340 1061 1383 Grund
1086 1352 1122 1394 zu
1139 1337 1232 1392 dieſer
1257 1339 1369 1386 Stadt
1392 1340 1429 1394 iſt
1444 1349 1537 1384 unter
1558 1345 1611 1384 der
1630 1343 1781 1395 glorwuͤr⸗

735 1402 827 1453 digen
834 1401 1070 1452 Regiegierung
1078 1405 1134 1443 des
1150 1401 1274 1452 Czaars
1282 1402 1433 1454 Feodor
1440 1402 1678 1458 Jwanowitz
1687 1399 1778 1452 durch

733 1474 822 1515 einen
839 1472 1056 1524 angebaueten
1071 1474 1215 1527 Oſtrog
1229 1476 1346 1525 geleget
1361 1480 1501 1528 worden,
1530 1482 1595 1518 und
1616 1479 1713 1528 dieſes
1728 1486 1777 1529 ge⸗

734 1537 838 1588 ſchahe
857 1544 940 1578 etwa
962 1551 1015 1576 20.
1032 1536 1144 1589 Jahre
1168 1549 1227 1579 vor
1251 1539 1433 1590 Erbauung
1456 1544 1509 1581 der
1535 1541 1648 1583 Stadt
1671 1543 1777 1587 Rus⸗

731 1601 835 1644 netzk.
917 1601 1086 1649 Nachdem
1099 1603 1177 1642 viele
1199 1602 1333 1644 Voͤlcker
1349 1605 1476 1653 hieſiger
1490 1602 1664 1653 Gegenden
1682 1604 1775 1656 theils

731 1661 918 1712 bezwungen
946 1667 1087 1704 worden,
1117 1662 1208 1712 theils
1232 1665 1288 1713 ſich
1307 1664 1390 1715 ſelbſt
1417 1662 1630 1714 unterworfen
1658 1668 1775 1717 haben;

731 1734 763 1782 ſo
782 1735 820 1782 iſt
834 1737 886 1772 der
905 1731 1049 1783 Oſtrog
1064 1732 1242 1784 allmaͤhlich
1258 1734 1291 1773 in
1306 1735 1372 1775 eine
1387 1733 1543 1784 Feſtung,
1571 1737 1636 1775 und
1649 1740 1698 1778 die
1718 1738 1775 1786 Fe⸗

729 1794 823 1842 ſtung
842 1792 876 1830 in
893 1793 957 1832 eine
973 1792 1085 1833 Stadt
1102 1795 1296 1834 verwandelt
1310 1797 1436 1833 worden,
1473 1793 1581 1841 welche
1595 1793 1771 1844 gegenwaͤr⸗

729 1864 776 1912 tig
789 1857 865 1897 uͤber
881 1871 984 1899 2000.
999 1860 1121 1909 Haͤuſer
1138 1863 1171 1902 in
1188 1863 1289 1912 ihrem
1305 1861 1441 1912 Bezirke
1463 1862 1645 1914 einſchließt.
1706 1866 1771 1908 An⸗

729 1923 863 1973 faͤnglich
877 1935 947 1965 war
961 1926 1019 1975 ſie,
1042 1928 1146 1976 naͤchſt
1161 1927 1345 1977 Tobolsk,
1369 1929 1419 1966 die
1435 1931 1548 1970 andere
1574 1928 1769 1980 Hauptſtadt

722 2000 786 2032 von
802 1988 995 2040 Sibirien,
1021 1996 1087 2031 und
1111 1991 1150 2041 iſt
1167 2000 1203 2031 es
1221 1990 1356 2044 ziemlich
1374 1993 1465 2041 lange
1486 1991 1655 2042 geblieben.
1693 1997 1768 2037 Vor

725 2056 899 2108 ohngefaͤhr
916 2073 969 2099 20.
993 2058 1125 2111 Jahren
1145 2062 1217 2101 kam
1232 2064 1271 2111 ſie
1293 2068 1383 2103 unter
1408 2064 1458 2102 die
1481 2063 1669 2114 Jeniſeiſche
1681 2065 1766 2112 Pro⸗

723 2124 804 2175 vinz,
836 2127 900 2163 und
923 2127 993 2177 jetzo
1016 2125 1141 2180 gehoͤret
1163 2129 1203 2180 ſie
1226 2138 1263 2179 zu
1282 2132 1336 2173 der
1357 2130 1605 2183 Tobolskiſchen.
1691 2135 1765 2175 Der

1617 2196 1763 2257 Haupt⸗
