1612 2436
550 388 615 428 der
641 392 764 435 Welt.

1025 381 1115 432 101

206 495 354 545 Tiefſinn
372 490 599 543 verſunken;
611 489 781 540 verfolgen
798 484 871 529 Sie
887 482 970 538 Jhr
994 479 1095 523 Anlie

209 556 296 593 gen;
327 546 395 597 jetzt
409 543 486 584 oder
501 539 680 590 niemahls.

265 594 418 644 Treubl.
442 595 587 641 (waͤhrend
598 600 638 630 der
647 593 717 637 Zeit
720 601 748 639 er
763 597 844 630 redet,
855 593 926 632 gehet
946 590 1061 626 Fraͤulein
1075 593 1113 618 E⸗

213 663 316 698 leonore
327 659 433 703 herum,
440 660 495 690 und
503 655 670 697 wiederholet
678 651 761 693 Verſe
769 653 816 691 fur
825 650 896 691 ſich)
924 639 1000 690 Ja;
1012 641 1114 679 meine

216 708 327 753 Tante
340 707 405 747 will
421 712 459 743 es
480 702 509 749 ſo
529 701 646 754 haben.
671 718 730 727 —
756 694 812 737 Es
838 693 946 735 wuͤrde
969 693 1030 730 mir
1047 688 1116 739 ſehr

218 758 282 799 lieb
295 753 438 807 geweſen
453 748 541 803 ſeyn,
555 758 650 790 wenn
667 745 713 793 ich
731 754 830 796 zuvor
849 742 947 790 durch
956 744 1023 780 eine
1039 742 1116 778 oder

217 820 286 860 zwo
301 806 452 858 Flaſchen
470 805 556 844 waͤre
582 799 709 850 muthig
727 794 871 846 gemacht
888 798 1031 840 worden,
1043 790 1118 831 weil

218 861 264 905 ich
277 858 377 908 zuerſt
392 856 421 905 ſo
443 861 548 900 etwas
569 850 737 903 behutſam
750 850 843 899 gehe,
854 848 910 889 ehe
926 846 970 891 ich
980 844 1057 889 mich
1066 842 1119 880 be⸗

220 910 322 952 kannt
336 904 484 958 gemacht
498 895 599 956 habe.
619 918 670 929 —
696 900 798 946 Aber,
811 898 856 945 ich
873 893 972 951 hoffe,
983 895 1060 939 nach
1077 894 1121 930 ei⸗

223 961 314 1013 niger
331 960 407 1014 Zeit
422 963 528 1001 werde
550 958 602 1006 ich
619 954 709 1007 ſchon
731 954 858 994 meinen
884 949 1016 998 Antrag
1037 945 1121 995 thun

223 1012 372 1060 koͤnnen,
384 1023 436 1034 —
456 1006 601 1056 nemlich,
611 1009 706 1045 wenn
724 1004 785 1043 wir
799 1002 859 1047 erſt
873 1001 1049 1037 bekannter
1063 996 1123 1031 mit

226 1068 381 1108 einander
396 1065 477 1115 ſind.
506 1077 556 1087 —
587 1062 665 1103 Und
681 1058 736 1108 ſo,
757 1054 971 1106 Muͤhmgen,
997 1054 1062 1089 will
1078 1047 1123 1094 ich

226 1115 305 1160 mich
320 1111 455 1164 vorjetzo
472 1108 680 1155 beurlauben.
708 1121 760 1131 —
783 1106 853 1147 Wo
872 1106 942 1141 dem
951 1102 983 1146 ſo
998 1100 1060 1142 iſt:
1087 1097 1121 1142 ſo

227 1158 359 1202 werden
366 1158 444 1195 Sie
454 1161 506 1198 die
511 1158 696 1199 Guͤtigkeit
712 1147 829 1196 haben,
838 1150 916 1188 mich
926 1157 964 1188 zu
970 1142 1126 1188 entſchul⸗

230 1220 370 1265 digen;
386 1211 442 1260 ich
459 1212 551 1258 will
553 1212 596 1261 zu
616 1212 739 1255 meiner
768 1198 974 1254 Geſellſchaft
999 1197 1124 1246 zuruͤcke

231 1257 356 1318 kehren.

286 1315 351 1365 Fr.
360 1317 395 1349 v.
414 1306 548 1359 Heiml.
567 1311 617 1356 O,
629 1310 715 1353 pfui,
730 1305 824 1351 Herr
848 1303 1026 1345 Treublut,
1051 1299 1125 1336 Sie

234 1383 352 1436 muͤſſen
368 1381 451 1428 nicht
467 1379 498 1433 ſo
512 1381 644 1427 verzagt
653 1373 736 1427 ſeyn.

269 1448 440 1496 Treubl.
471 1442 646 1495 Verzagt?
676 1441 785 1488 Nein,
796 1439 859 1480 das
859 1431 910 1487 iſt
924 1442 960 1475 es
976 1431 1077 1482 nicht;
1097 1432 1129 1484 ſo

237 1503 303 1543 viel
315 1502 374 1551 hat
390 1509 420 1539 es
435 1492 550 1543 uͤberall
566 1489 644 1545 nicht
655 1493 722 1539 auf
734 1490 811 1543 ſich;
836 1504 887 1516 —
910 1489 1012 1530 denn,
1034 1491 1133 1522 wenn

238 1560 275 1592 es
290 1551 415 1598 darauf
420 1544 596 1594 ankoͤmmt,
612 1543 681 1594 daß
692 1543 738 1590 ich
761 1547 798 1579 es
819 1537 988 1588 angreifen
1004 1533 1078 1583 ſoll,
1096 1533 1129 1586 ſo

234 1605 343 1652 werde
353 1600 406 1647 ich
427 1587 472 1646 es
472 1591 574 1657 thun.
600 1593 685 1643 Aber
706 1592 783 1642 bloß
793 1591 850 1642 fuͤr
868 1589 966 1639 dieſes
975 1585 1082 1639 Mahl
1096 1585 1134 1633 iſt

238 1644 278 1694 es
281 1639 417 1701 genug,
431 1637 496 1687 bis
513 1648 572 1686 wir
588 1641 764 1686 bekannter
786 1643 846 1679 mit
863 1638 1016 1682 einander
1036 1634 1135 1686 ſind;

241 1717 305 1751 das
322 1709 362 1752 iſt
372 1714 408 1745 es
422 1705 521 1753 alles.
543 1720 588 1730 —
615 1699 693 1750 Jhr
709 1700 851 1742 Diener.

282 1748 365 1811 Fr.
365 1751 404 1809 v.
405 1750 547 1808 Heiml.
565 1736 801 1812 Wahrhaftig,
801 1748 850 1805 ich
855 1714 989 1808 ſchwoͤre
997 1747 1137 1802 Jhnen,

243 1824 310 1874 daß
331 1820 405 1863 Sie
425 1820 495 1857 eine
515 1816 545 1866 ſo
562 1811 708 1865 guͤnſtige
729 1800 1053 1859 Gelegenheit
973 1805 1053 1859 nicht
1067 1796 1136 1843 ver⸗

244 1875 346 1917 lieren
356 1866 464 1920 ſollen,
472 1877 534 1909 wo
550 1874 587 1905 es
603 1866 640 1908 in
651 1864 777 1912 meiner
788 1847 921 1917 Macht
929 1845 1035 1908 ſtehet.
1065 1851 1137 1905 Jch

244 1922 317 1972 will
331 1923 370 1980 ſie
382 1923 448 1974 bey
464 1913 625 1985 einander
632 1906 753 1975 laſſen,
785 1908 846 1960 und
865 1903 926 1960 die
938 1902 1052 1967 Thuͤre
1067 1916 1143 1950 ver⸗

239 1970 463 2036 ſchlieſſen.

652 2128 746 2189 G3

1039 2117 1148 2185 Der
