2400 2907
829 456 943 508 zum
943 456 1109 508 Sohn.

1639 448 1757 505 749

231 540 301 600 luſt
306 538 426 598 achten,
447 539 506 597 die
504 545 676 595 Schande
690 548 760 583 und
777 538 884 595 Laſter
897 547 1019 589 ſind?
1048 544 1177 595 Haben
1188 543 1308 589 Augen
1324 546 1392 583 voll
1404 543 1624 589 Ehebruchs,
1646 540 1750 588 laſſen

233 593 333 641 ihnen
343 596 393 635 die
406 592 541 638 Suͤnde
560 595 645 640 nicht
662 593 816 642 wehren,
845 595 954 633 locken
974 605 1021 633 an
1035 594 1096 643 ſich
1114 595 1165 634 die
1183 593 1394 641 leichtfertige
1403 592 1553 639 Seelen,
1572 592 1680 638 haben
1696 592 1750 631 ein

233 643 331 696 Hertz
346 646 569 696 durchtrieben
584 641 644 695 mit
664 637 770 695 Geitz,
783 639 963 687 verfluchte
973 640 1089 682 Leute!
1128 641 1220 684 Wie
1234 639 1316 679 viele
1324 628 1422 679 unter
1433 638 1508 684 euch
1519 639 1611 686 ſind,
1624 641 1689 678 wie
1698 639 1753 677 die

232 695 520 745 unvernuͤnftigen
528 696 665 745 Thiere,
677 696 728 735 die
739 705 807 736 von
818 692 944 737 Natur
954 696 1039 742 dazu
1049 697 1196 741 geboren
1206 697 1290 743 ſind,
1308 695 1376 739 daß
1385 693 1425 741 ſie
1437 691 1604 741 gefangen
1614 696 1685 731 und
1696 701 1751 738 ge⸗

231 746 402 795 ſchlachtet
411 749 565 791 werden;
594 743 731 793 laͤſtern,
748 748 794 784 da
814 745 854 792 ſie
865 743 974 793 nichts
985 751 1053 784 von
1064 743 1193 792 wiſſen,
1208 746 1276 784 und
1287 745 1422 784 werden
1432 743 1466 783 in
1476 742 1581 790 ihrem
1592 742 1749 783 verderb⸗

232 798 332 847 lichen
341 797 474 844 Weſen
492 796 731 843 umkommen,
747 802 804 836 wo
814 794 855 844 ſie
864 796 951 845 nicht
960 795 1141 844 umkehren
1155 799 1225 836 und
1238 794 1321 845 noch
1335 796 1408 836 dem
1417 790 1511 845 Zuge
1528 795 1589 834 des
1599 794 1751 838 Vaters

230 861 353 910 folgen.
365 874 384 898 2
395 863 477 909 Pet.
486 871 630 908 2,13.14.
636 867 734 898 12.

339 946 417 987 Und
428 944 525 994 ſehet,
535 943 615 993 noch
628 944 682 987 bis
691 945 760 997 auf
769 939 850 991 dieſe
858 936 1011 988 Stunde
1021 945 1058 994 iſt
1067 945 1181 988 GOtt
1191 947 1250 986 des
1261 943 1478 986 Erbarmens
1486 940 1568 985 uͤber
1577 941 1653 990 euch
1662 940 1752 989 nicht

232 997 334 1043 muͤde
351 1001 520 1046 worden,
533 997 676 1043 ſondern
684 994 764 1047 noch
781 987 862 1047 gehet
887 997 943 1034 der
953 993 1182 1050 magnetiſche
1192 994 1271 1041 Zug
1281 997 1338 1034 der
1349 995 1503 1037 Gnaden
1518 1003 1565 1033 an
1576 1002 1652 1033 eure
1660 992 1752 1041 Her⸗

234 1053 296 1097 tzen
319 1053 390 1091 und
400 1050 592 1099 Gewiſſen:
619 1049 772 1093 Wache
788 1047 885 1096 auf,
909 1047 976 1090 der
992 1048 1044 1088 du
1057 1037 1261 1097 ſchlaͤfeſt,
1288 1050 1368 1087 und
1382 1044 1486 1096 ſtehe
1498 1046 1570 1092 auf
1586 1057 1665 1085 von
1674 1048 1751 1080 den

231 1099 407 1145 Todten,
407 1101 444 1145 ſo
454 1099 557 1134 wird
569 1095 654 1140 dich
666 1090 849 1145 Chriſtus
859 1092 1087 1137 erleuchten.
1140 1094 1288 1135 Mache
1297 1094 1383 1140 dich
1395 1092 1474 1140 auf,
1497 1094 1601 1131 werde
1618 1093 1752 1140 Licht,

231 1154 325 1198 dann
346 1152 431 1186 dein
441 1146 557 1191 Licht
567 1146 725 1192 kommt,
746 1137 827 1183 und
842 1139 902 1185 die
911 1135 1165 1190 Herrlichkeit
1179 1144 1260 1183 des
1273 1143 1428 1185 HErrn
1440 1138 1555 1193 gehet
1572 1140 1645 1192 auf
1654 1139 1752 1185 uͤber

232 1205 305 1240 dir.
322 1200 416 1252 Eph.
416 1207 460 1248 5,
460 1202 518 1246 14.
542 1197 586 1244 Eſ.
607 1209 692 1238 60,1.
744 1197 848 1248 Habt
864 1189 910 1248 ihr
926 1184 979 1246 dis
986 1190 1107 1248 Wort
1121 1195 1209 1244 nicht
1224 1194 1274 1244 oſt
1283 1184 1442 1243 gehoͤret,
1469 1198 1541 1235 und
1557 1196 1667 1242 dabey
1683 1198 1751 1235 den

229 1255 311 1306 Zug
321 1251 476 1308 GOttes
488 1254 540 1304 oſt
558 1252 711 1304 erfahren
725 1251 849 1304 muͤſſen
869 1254 975 1296 wider
990 1263 1090 1295 euren
1099 1253 1233 1297 Danck
1246 1256 1315 1295 und
1323 1244 1485 1287 Willen?
1512 1245 1558 1293 da
1551 1243 1618 1300 ihr
1628 1254 1750 1292 mitten

230 1315 263 1354 in
263 1311 350 1352 dem
358 1307 450 1358 Lauf
457 1310 514 1349 der
528 1304 687 1353 Suͤnden
699 1304 881 1357 begriffen,
875 1303 926 1357 iſt
937 1308 1012 1356 euch
1021 1306 1136 1352 GOtt
1145 1306 1208 1347 mit
1219 1305 1318 1355 ſeiner
1330 1306 1463 1349 Gnade
1472 1303 1750 1351 nachgegangen,

231 1358 290 1407 hat
305 1366 378 1399 euer
388 1355 562 1406 Gewiſſen
572 1354 793 1407 aufgewecket
805 1359 876 1399 und
894 1352 1020 1406 kraͤftig
1031 1350 1203 1405 geruͤhret,
1216 1353 1293 1402 euch
1310 1365 1386 1397 eure
1395 1350 1555 1398 Suͤnden
1569 1359 1668 1394 unter
1679 1355 1755 1397 Au⸗

230 1417 294 1458 gen
303 1410 463 1458 geſtellet:
506 1404 597 1465 Das,
618 1413 692 1457 das,
705 1412 774 1449 das
792 1418 837 1450 ꝛc.
843 1409 929 1464 haſt
943 1412 989 1451 du
1002 1407 1150 1458 gethan,
1167 1417 1214 1448 an
1230 1411 1305 1449 dem
1317 1409 1405 1457 Ort,
1429 1408 1463 1449 in
1479 1410 1555 1448 dem
1570 1406 1702 1458 Hauſe,
1715 1406 1753 1448 in

229 1468 291 1506 der
303 1456 443 1515 Stube,
454 1465 488 1504 in
498 1467 555 1505 der
563 1461 756 1510 Kammer,
775 1473 834 1503 um
843 1454 895 1506 die
902 1453 1000 1511 Zeit,
1009 1462 1137 1511 aufder
1151 1462 1279 1512 Gaſſe,
1289 1463 1354 1511 auf
1364 1464 1414 1504 die
1421 1453 1543 1509 Weiſe
1543 1453 1592 1505 ꝛc.
1650 1460 1756 1508 Hier⸗

230 1513 336 1561 nechſt
362 1512 424 1558 hat
446 1520 480 1550 er
503 1514 587 1555 auch
603 1512 706 1551 einen
715 1512 814 1552 Eckel
826 1516 896 1551 und
903 1503 1053 1558 Abſcheu
1068 1520 1116 1548 an
1129 1510 1255 1555 ſolchen
1266 1520 1367 1549 euren
1382 1507 1541 1550 Suͤnden
1557 1510 1592 1548 in
1607 1509 1684 1555 euch
1700 1515 1755 1554 ge⸗

229 1564 380 1613 wircket,
390 1562 473 1612 auch
483 1561 535 1603 ein
544 1562 768 1611 Verlangen,
785 1550 909 1612 aͤchtzen
920 1564 991 1603 und
1003 1555 1150 1611 ſeuffzen,
1159 1565 1229 1601 und
1240 1560 1356 1607 ſehnen
1365 1561 1448 1607 nach
1459 1562 1545 1601 einer
1554 1558 1675 1608 Huͤlffe
1683 1563 1756 1600 und

229 1622 420 1669 Errettung
429 1619 505 1669 euch
519 1619 723 1671 geſchencket.

266 1705 429 1755 Wie
438 1708 489 1759 oft
500 1699 602 1758 habet
617 1698 669 1758 ihr
682 1706 776 1748 einen
786 1704 891 1756 guten
907 1702 1060 1756 Vorſatz
1067 1704 1205 1755 gefaßt,
1218 1714 1288 1747 von
1305 1706 1405 1756 dieſer
1421 1707 1501 1749 oder
1512 1706 1600 1754 jener
1614 1702 1754 1748 Suͤnde

231 1746 422 1811 hinkuͤnftig
431 1757 634 1808 abzulaſſen,
644 1759 728 1810 auch
740 1758 855 1804 GOtt
866 1755 1058 1809 angelobet,
1069 1756 1145 1805 euch
1157 1764 1194 1804 zu
1204 1756 1345 1806 beſſern;
1374 1758 1459 1806 habt
1474 1757 1557 1807 auch
1566 1757 1634 1798 wol
1642 1757 1757 1799 wirck⸗

226 1813 290 1863 lich
301 1815 393 1855 einen
402 1818 505 1863 guten
522 1810 668 1863 Anfang
679 1812 854 1863 gemacht;
880 1812 964 1853 aber
978 1812 1042 1854 wie
1055 1809 1138 1858 lang
1153 1810 1215 1858 hat
1225 1815 1263 1850 es
1276 1806 1474 1861 gewaͤhret?
1501 1810 1601 1852 kaum
1617 1810 1678 1860 hat
1693 1810 1754 1858 ſich

231 1868 285 1908 die
299 1867 414 1916 vorige
424 1856 675 1917 Suͤnden⸗Luſt
687 1866 810 1909 wieder
828 1861 890 1914 bey
908 1861 984 1913 euch
996 1865 1177 1914 gemeldet;
1203 1866 1236 1913 ſo
1252 1865 1338 1913 habt
1354 1865 1405 1915 ihr
1421 1864 1498 1914 euch
1511 1872 1580 1904 von
1591 1873 1696 1903 neuen
1714 1870 1755 1907 zu

234 1919 367 1970 elenden
378 1918 557 1965 Sclaven,
571 1916 740 1966 Knechten
755 1922 825 1960 und
836 1915 998 1965 Maͤgden
1013 1917 1135 1957 wieder
1142 1916 1400 1968 unterworffen.
1475 1915 1599 1958 Kaum
1613 1915 1675 1959 hat
1690 1914 1752 1962 ſich

223 1971 282 2015 die
299 1970 414 2015 vorige
432 1970 610 2015 liederliche
627 1961 861 2017 Compagnie
872 1967 997 2007 wieder
1007 1966 1098 2013 ſehen
1111 1964 1234 2016 laſſen,
1266 1966 1298 2013 ſo
1315 1967 1399 2016 habt
1418 1965 1490 2015 ihrs
1501 1964 1674 2013 gemacht,
1687 1965 1753 2003 wie

232 2026 340 2060 jener:
392 2013 519 2061 Wenn
530 2020 577 2057 du
585 2015 681 2057 einen
689 2016 791 2058 Dieb
804 2005 932 2065 ſieheſt,
952 2005 997 2063 ſo
1021 2011 1150 2066 laͤuffeſt
1163 2017 1209 2056 du
1226 2016 1289 2056 mit
1298 2015 1393 2062 ihm;
1420 2018 1490 2055 und
1499 2006 1573 2063 haſt
1586 2014 1754 2057 Gemein⸗

231 2075 335 2126 ſchaft
347 2075 409 2117 mit
418 2080 481 2116 den
492 2073 730 2122 Ehebrechern.
783 2072 887 2118 Dein
895 2074 1008 2115 Maul
1017 2069 1120 2122 laͤſſeſt
1134 2077 1180 2114 du
1192 2072 1310 2120 Boͤſes
1321 2077 1442 2119 reden,
1450 2075 1522 2113 und
1531 2072 1624 2111 deine
1632 2070 1753 2114 Zunge

228 2127 351 2174 treibet
372 2119 568 2179 Falſchheit.
565 2123 628 2174 Pſ.
636 2135 692 2173 50,
705 2129 743 2167 18.
763 2134 815 2168 19.
862 2116 949 2171 Jſts
950 2118 1040 2174 nicht
1053 2122 1106 2169 oft
1120 2133 1167 2163 an
1176 2123 1253 2170 euch
1264 2120 1513 2172 eingetroffen,
1539 2127 1619 2163 was
1634 2123 1753 2164 GOtt

239 2190 274 2223 an
288 2179 351 2217 den
361 2174 712 2224 Wetterwendiſchen
725 2173 849 2225 Juͤden
865 2172 1055 2225 beſtraffet:
1076 2174 1221 2220 Bleibet
1241 2176 1321 2224 doch
1339 2178 1396 2216 der
1406 2173 1547 2223 Schnee
1562 2170 1681 2219 laͤnger
1690 2172 1760 2220 auf

233 2236 296 2269 den
305 2226 463 2269 Steinen
474 2227 521 2267 im
531 2224 653 2277 Felde,
668 2229 797 2265 wanns
813 2232 894 2264 vom
905 2222 1031 2266 Libano
1048 2223 1321 2274 herabſchneyet;
1346 2228 1417 2264 und
1426 2226 1495 2264 das
1506 2221 1752 2271 Regenwaſſer

230 2280 417 2329 verſcheußt
427 2279 520 2328 nicht
528 2279 559 2333 ſo
569 2277 669 2329 bald,
696 2277 753 2320 als
763 2276 852 2319 mein
863 2278 981 2322 Volck
993 2272 1070 2327 mein
1087 2271 1261 2330 vergiſſet.
1271 2277 1350 2324 Jer.
1362 2282 1418 2322 18,
1436 2285 1489 2321 14.
1538 2275 1629 2320 Wie
1643 2276 1755 2324 leicht⸗

229 2333 331 2381 fertig
342 2325 418 2379 ſeyd
428 2333 480 2379 ihr
494 2326 548 2383 oft
556 2332 679 2375 wieder
688 2329 792 2381 dahin
807 2328 969 2378 gefahren
983 2334 1047 2375 wie
1058 2330 1225 2378 Waſſer,
1242 2332 1343 2378 durch
1359 2333 1411 2371 die
1421 2326 1512 2377 Luͤſte
1520 2332 1582 2371 des
1591 2329 1757 2379 Fleiſches

236 2388 302 2430 und
315 2385 461 2437 Betrug
475 2388 533 2430 der
546 2381 706 2436 Suͤnden
716 2388 749 2432 in
759 2383 1019 2438 Gleichſtellung
1034 2390 1092 2427 der
1100 2385 1208 2429 Welt
1220 2380 1461 2435 eingewickelt,
1489 2386 1559 2426 und
1580 2382 1665 2435 habt
1690 2385 1756 2424 mit

1026 2437 1220 2492 Bbbbb
1220 2437 1256 2492 3

1667 2433 1744 2472 dem
