1749 2538
628 306 673 356 71

196 382 408 432 zehnjaͤhrigen
431 381 609 432 Juͤnglinge
634 386 711 422 wird
740 396 841 430 man,
867 395 920 421 um
946 388 997 422 des
1025 393 1118 432 guten

195 446 360 492 Vorſatzes
377 444 492 489 willen,
508 457 583 492 gern
599 448 695 492 dieſen
706 447 845 492 Mangel
862 457 902 483 an
918 447 1034 492 Sach⸗
1055 451 1117 485 und

192 510 432 556 Weltkenntniß
463 512 646 557 verzeihen;
687 516 751 547 und
775 514 835 549 mir
863 512 956 557 ſeiner
979 513 1025 548 ein
1053 515 1117 549 und

192 576 464 626 zwanzigjaͤhrigen
479 578 691 626 Rathgeberin
708 580 815 616 konnte
835 580 918 616 mein
932 589 1018 625 guter
1029 579 1116 625 Fritz,

192 643 267 688 auch
289 643 378 688 durch
402 644 476 690 dieſe
500 645 574 691 ſeine
596 641 683 688 Jdee
706 645 786 689 nicht
809 647 944 690 anders,
978 645 1026 681 als
1055 645 1116 693 ſehr

192 716 250 755 lieb
266 718 381 763 ſeyn.“

264 850 339 889 Der
355 849 424 894 Tag
444 851 495 897 der
513 847 635 895 Abreiſe
650 847 745 887 ruͤckte
765 850 877 886 immer
896 847 990 897 naͤher
1011 849 1117 897 heran,

191 905 254 940 und
288 905 346 941 mit
370 904 435 951 ihm
463 897 543 950 jene
555 905 723 950 feierliche,
749 904 948 951 abwechſelnd
976 914 1118 942 verwun⸗

191 978 285 1012 dende
305 979 367 1013 und
379 977 492 1016 wieder
501 975 631 1025 hebende
651 976 888 1022 Empfindung,
913 976 959 1012 die
974 975 1116 1024 gewoͤhn⸗

190 1036 246 1080 lich
275 1035 322 1074 bei
345 1025 443 1074 einem
467 1034 647 1082 Juͤnglinge
668 1047 723 1072 vor
749 1036 830 1072 einer
858 1036 973 1081 erſten,
998 1037 1113 1082 großen

188 1110 281 1155 Reiſe
304 1110 510 1158 vorhergehet.
559 1109 628 1156 Hat
647 1110 737 1156 dieſer
758 1109 921 1157 Juͤngling
938 1114 1021 1149 dann
1036 1113 1114 1150 Me⸗

190 1168 440 1228 dems⸗Gefuͤhl,
467 1174 669 1220 umſchlingen
696 1176 747 1223 ihn
775 1175 864 1220 ſolche
896 1176 1114 1221 ſchweſterliche

187 1241 334 1282 Bande,
362 1241 441 1284 mißt
473 1253 504 1278 er
537 1242 595 1278 mit
622 1241 860 1287 bedachtſamem
891 1243 1000 1282 Blicke
1029 1244 1117 1281 einen

189 1307 302 1345 Raum
322 1311 403 1350 aus,
427 1306 485 1343 wie
515 1311 566 1343 der
592 1308 705 1345 Raum
729 1315 790 1343 von
814 1310 865 1342 der
887 1305 1115 1355 ſemigalliſchen

191 1365 314 1403 Grenze
332 1363 379 1393 bis
400 1374 453 1404 zur
473 1363 680 1411 franzoͤſiſchen
700 1364 761 1402 iſt;
799 1366 880 1398 weilt
906 1364 980 1404 ſeine
1003 1358 1116 1408 Seele,

191 1433 266 1477 auch
294 1435 370 1482 ohne
391 1434 641 1482 ausſchweifende
663 1432 964 1483 Selbſtpeinigung,
985 1436 1043 1482 auf
1057 1439 1113 1473 den

190 1503 358 1550 moͤglichen
370 1503 546 1550 Vorfaͤllen,
564 1505 611 1546 die
624 1499 673 1559 ihn
692 1507 742 1540 und
756 1506 806 1547 die
818 1503 1115 1551 Zuruͤckgelaſſenen,

189 1568 238 1603 die
269 1563 569 1614 hinterbliebenen
581 1558 742 1613 Lieben,
769 1566 826 1612 auf
849 1570 900 1604 der
920 1565 1114 1615 langedau⸗

190 1633 329 1675 renden
348 1633 438 1679 Reiſe
457 1637 562 1682 treffen
579 1635 715 1677 koͤnnen!
730 1657 777 1663 —
791 1637 810 1678 o
845 1635 976 1682 verzeiht
994 1642 1027 1671 es
1044 1639 1114 1672 dem

188 1699 388 1746 Juͤnglinge,
414 1705 465 1739 der
488 1702 534 1740 bei
553 1706 623 1740 dem
639 1703 897 1751 Abſchiedskuße,
921 1707 977 1739 den
1000 1714 1031 1739 er
1052 1714 1115 1739 nun

190 1769 361 1817 allmaͤhlich
381 1773 446 1814 den
477 1768 648 1818 bisherigen
668 1771 835 1820 Gefehrten
861 1775 922 1809 und
946 1773 1115 1821 Wohlthaͤ⸗

191 1841 255 1872 tern
271 1835 364 1880 ſeines
379 1833 494 1874 Lebens
513 1836 655 1883 ertheilt,
678 1835 722 1880 oft
736 1845 795 1872 von
813 1835 884 1873 eben
902 1841 954 1876 der
970 1836 1115 1881 Empfin⸗

192 1897 272 1937 dung
293 1894 470 1940 hingeriſſen
492 1895 594 1941 wird,
627 1896 684 1932 wie
710 1898 762 1931 der
784 1884 938 1942 Menſch,
972 1900 1023 1931 der
1045 1899 1115 1932 dem
