1475 2128
345 184 426 224 214

480 183 557 227 Am
557 185 630 228 15.
630 186 843 234 Sonntage
843 192 951 237 nach
951 195 1229 245 Dreyeinigkeit.

654 256 752 303 I.
752 256 837 308 Petr.
837 256 879 312 5,
879 256 917 311 v.
917 256 962 314 7.

415 301 534 361 Alle
550 318 659 371 eure
676 301 887 385 Sorgen
909 314 1076 388 werfet
1103 319 1193 392 auf
1205 321 1323 396 ihn,

481 374 608 437 denn
616 392 666 440 er
684 372 840 453 ſorget
849 379 929 456 fuͤr
942 387 1067 460 euch.

345 444 491 508 Gottl.
470 444 689 518 Kummer,
703 461 824 523 Muͤh
834 465 916 515 und
924 467 1124 536 Sorgen,

518 520 639 570 Sind
657 532 739 575 von
749 524 963 584 ſchlechtem
973 530 1101 583 Lohn.

401 553 520 618 Heut
532 568 764 639 erworben,
787 576 986 637 ſchwindet
1012 586 1177 636 morgen.

398 621 555 683 Eignes
564 629 741 687 Laufen,
757 635 1011 696 Schwitzen,
1025 640 1250 703 Storgen,

511 692 639 742 Ohne
649 695 800 749 SOtt,
800 699 937 755 bringt
943 702 1064 755 Fluch
1073 706 1155 757 und
1164 707 1313 768 Hohn.

454 733 678 793 Kummer,
700 750 751 788 ꝛc.

344 806 415 851 Gl.
486 809 583 857 Ach!
583 811 658 859 eins
670 813 708 866 iſt
715 815 836 868 Noth!

485 865 611 896 Wenn
619 869 662 899 du
669 865 770 905 dafuͤr
784 868 862 911 doch
867 872 979 918 ſorgen
986 877 1135 925 wollteſt.

338 908 481 954 Weltl.
490 911 594 959 Was
601 913 670 966 thut
688 925 754 959 man
764 919 849 970 nicht
855 930 934 965 ums
944 926 1025 968 liebe
1031 929 1169 974 Brodt!

338 970 409 1014 Gl.
481 971 597 1020 Nein:
609 977 673 1021 wie
686 979 730 1021 du
739 980 816 1033 einſt
823 991 879 1033 zur
910 985 989 1034 Ruhe
1007 986 1119 1044 kommen
1148 990 1266 1046 ſolteſt.

336 1023 471 1073 Gottl.
484 1023 501 1079 O
530 1030 658 1086 ſorgteſt
658 1033 726 1088 du,
738 1038 802 1079 wie
811 1041 866 1082 der
874 1039 1063 1094 Begierden
1071 1046 1144 1098 Luſt

477 1089 538 1137 Jn
545 1094 653 1137 deiner
659 1096 754 1145 ihnen
769 1092 876 1148 eignen
895 1095 995 1152 Bruſt

480 1137 539 1188 Auf
557 1143 625 1195 ewig
656 1155 693 1195 zu
696 1144 848 1199 erſticken
859 1142 988 1200 ſtuͤnde,

478 1186 548 1228 So
563 1188 704 1236 wuͤrdeſt
711 1196 755 1235 du
769 1197 850 1245 nach
857 1195 1002 1246 GOttes
1007 1200 1132 1252 Reiche
1138 1203 1299 1258 trachten!

331 1231 474 1280 Weltl.
481 1236 532 1280 Es
542 1236 578 1289 iſt
591 1238 674 1289 nicht
682 1248 719 1290 zu
727 1239 906 1295 verachten.

352 1303 522 1412 Gottl. Weltl.
528 1337 611 1400 Jch
622 1339 730 1401 ſorge
739 1338 848 1418 ſtets)
834 1313 964 1374 Gotl.
978 1312 1054 1380 fuͤr
1075 1314 1170 1375 meine
1200 1318 1298 1377 Suͤn⸗

1122 1385 1184 1437 de,

1120 1440 1293 1494 /Schatz

352 1441 432 1495 S2.
526 1444 619 1499 Und
628 1444 776 1507 trachte
784 1462 878 1512 nur,
892 1455 971 1512 daß
982 1450 1050 1522 ich
1039 1457 1115 1528 den
1115 1466 1292 1534 \Fund

1038 1539 1248 1601 ergruͤnde,

353 1572 488 1618 Gottl.
520 1579 543 1621 /
565 1575 616 1632 Jn
632 1577 817 1635 welchem
840 1586 916 1635 alle
934 1587 1141 1646 Weißheit
1157 1592 1295 1651 liegt.
1277 1599 1301 1652 \

352 1633 495 1682 Weltl.
513 1623 616 1684 \der
625 1626 825 1698 Mangel,
825 1633 991 1704 Armut,
991 1640 1126 1707 Noth,
1126 1643 1299 1712 beſiegt./

385 1698 429 1733 2.
576 1688 673 1743 Hab
679 1695 736 1750 ich
745 1707 825 1747 nur
834 1701 920 1756 den,
929 1702 996 1751 bin
1007 1708 1062 1744 ich
1070 1713 1287 1760 vergnuͤgt.

351 1748 484 1794 Gottl.
511 1748 624 1799 Weil
642 1753 697 1804 ich
723 1753 917 1807 darinnen
937 1762 1036 1809 alles
1054 1765 1175 1823 finde,

511 1812 629 1863 Was
643 1815 770 1869 einem
784 1812 953 1879 wahren
962 1824 1286 1885 GOttes⸗Kinde

1150 1885 1260 1937 Sich
