1480 2377
832 452 896 494 68

454 623 531 666 faͤllt,
554 623 729 667 anzuhoͤren.
783 625 859 660 Don
874 622 993 665 Alonſo,
1017 624 1090 662 (zum
1106 623 1214 660 Alonſo)
1238 620 1296 662 auf

453 675 581 718 hoͤchſten
597 677 703 717 Befehl
724 674 865 710 bekommt
880 674 1013 710 Roberto
1033 675 1114 708 einen
1130 672 1293 713 leidlichern

452 732 567 776 Arreſt,
589 736 651 767 und
671 733 724 774 hat
737 733 781 766 die
800 728 986 773 Erlaubniß,
1017 733 1047 765 in
1070 731 1169 772 dieſem
1189 730 1294 773 Bezirk

455 791 519 832 frey
546 789 647 831 herum
672 797 704 831 zu
727 787 826 828 gehen.
891 788 957 825 Der
977 786 1064 832 Fuͤrſt
1085 787 1117 829 iſt
1138 786 1295 830 zufrieden,

453 850 540 876 wenn
567 852 597 876 er
617 843 669 883 bey
693 841 771 883 Ehre
799 840 971 882 verſpricht,
1006 840 1083 880 nicht
1109 839 1200 878 außer
1230 842 1295 873 dem

454 898 588 940 Schloſſe
603 906 636 939 zu
650 896 749 938 gehen.
786 896 894 935 (Alonſo
914 897 990 934 giebt,
1013 897 1075 934 nach
1094 897 1177 928 einem
1198 893 1295 928 kleinen

454 953 617 990 Kopfnicken,
633 956 676 986 der
690 951 867 990 Schildwacht
877 952 982 989 Beſehl,
1000 948 1160 988 abzutreten)

519 1023 609 1064 Eug.
632 1022 717 1056 Wie!
741 1020 795 1055 So
810 1021 893 1061 alſo?
896 1038 977 1051 ...

520 1095 603 1128 Aur.
634 1090 742 1130 (immer
754 1092 887 1133 ernſthaft)
915 1088 1093 1131 Schweigen
1114 1089 1193 1129 Sie;
1231 1091 1296 1128 Sie

453 1147 550 1190 haben
563 1153 659 1186 genug
673 1148 795 1186 geredet.
860 1145 937 1188 Jetzt
953 1145 986 1188 iſt
1006 1147 1040 1181 es
1057 1147 1106 1180 der
1126 1143 1223 1188 Fuͤrſt,
1245 1148 1295 1180 der

456 1198 547 1240 durch
567 1198 640 1238 mich
661 1198 715 1233 mit
738 1196 843 1242 Jhnen
862 1198 949 1232 redet.
1023 1198 1123 1233 Wenn
1152 1194 1205 1239 ſich
1237 1184 1296 1232 das

456 1254 608 1299 Maͤdchen
623 1255 729 1290 wieder
744 1253 852 1298 findet,
875 1256 902 1295 ſo
917 1254 967 1296 ſoll
980 1255 1093 1297 gelinde
1107 1252 1160 1288 mit
1175 1252 1220 1297 ihr
1233 1260 1297 1288 ver—

455 1317 563 1359 fahren
576 1319 699 1350 werden.
758 1316 824 1353 Der
839 1314 924 1358 Fuͤrſt
938 1316 1001 1350 will
1015 1317 1069 1349 den
1083 1313 1217 1356 Roberto
1233 1316 1296 1348 und

457 1368 623 1406 Doralicen
637 1370 692 1402 wie
706 1369 777 1409 ſeine
791 1367 903 1403 Kinder
916 1366 1072 1407 angeſehen
1088 1365 1192 1405 haben.
1218 1366 1297 1402 Das

457 1423 556 1469 ſollte,
577 1423 661 1464 daͤcht
675 1424 735 1463 ich,
758 1423 819 1465 ihre
832 1423 929 1458 blinde
944 1421 1041 1464 Wuth
1055 1422 1125 1462 doch
1138 1421 1218 1463 wohl
1231 1419 1297 1465 zaͤh⸗

458 1490 550 1520 men
574 1502 583 1511 ...

524 1543 613 1590 Eug.
642 1545 708 1586 (mit
719 1548 906 1581 unterdruͤckten
921 1546 1005 1587 Zorn)
1040 1545 1116 1581 Aber
1130 1544 1201 1585 auch
1219 1545 1297 1588 ſelbſt

455 1607 523 1639 dem
537 1598 659 1644 Fuͤrſten
675 1599 750 1633 kann
770 1599 810 1637 ich
827 1598 917 1633 meine
933 1597 1010 1640 Ehre
1025 1598 1100 1633 nicht
1120 1597 1296 1641 aufopfern;

457 1658 521 1694 und
535 1652 576 1695 ich
597 1653 704 1696 glaube
722 1653 796 1693 auch
815 1652 909 1692 nicht,
938 1653 996 1692 daß
1011 1660 1041 1687 er
1062 1651 1299 1694 niedertraͤchtige

458 1711 693 1755 Verbindungen
708 1708 891 1752 beguͤnſtigen
907 1710 1072 1746 wird...

522 1790 607 1826 Aur.
641 1787 773 1829 Nichts,
800 1787 871 1822 was
891 1784 1113 1829 niedertraͤchtig
1136 1785 1188 1827 iſt,
1223 1787 1299 1822 wird

458 1846 519 1875 von
535 1840 595 1882 ihm
610 1835 798 1883 beguͤnſtiget.
848 1837 951 1879 Jhnen
966 1840 1034 1875 aber
1049 1838 1156 1871 kommt
1169 1838 1203 1872 es
1220 1838 1299 1878 nicht

457 1903 503 1937 zu,
525 1896 603 1938 Jhm
617 1893 864 1941 vorzuſchreiben,
885 1896 955 1929 was
976 1905 1006 1930 er
1027 1894 1100 1935 thun
1127 1895 1194 1930 oder
1211 1895 1299 1937 laſſen

458 1954 520 1995 ſoll.
586 1954 671 1996 Noch
691 1953 723 1997 iſt
744 1952 801 1989 mir
823 1947 921 1993 uͤbrig,
942 1949 1046 1994 Jhnen
1062 1956 1095 1992 zu
1110 1948 1206 1992 ſagen,
1229 1950 1300 1987 was

456 2012 502 2052 die
524 2010 641 2055 Urſache
663 2012 714 2056 iſt,
749 2016 866 2047 warum
886 2006 993 2051 Jhnen
1014 2011 1064 2045 der
1085 2008 1226 2052 Miniſter
1247 2017 1302 2043 un⸗

1176 2068 1304 2113 freund⸗
