1524 2222
506 327 551 378 38

509 417 656 457 Stoͤhrung
672 421 718 452 der
736 420 876 458 Eintracht
899 422 951 454 und
966 421 1116 463 Harmonie
1138 422 1249 461 ſichtlich
1266 432 1300 464 zu

508 474 637 506 bewirken
652 473 758 511 ſcheint,
778 478 841 506 aber
857 477 898 513 oft
915 486 949 494 —
967 478 1106 516 gleichſam
1131 480 1210 511 unter
1226 481 1297 514 Blu⸗

506 539 578 566 men,
600 539 645 567 zur
666 535 803 568 Untreue,
823 540 882 570 zum
904 533 1002 577 groben
1024 536 1229 575 Widerſpruch,
1249 540 1299 571 den

505 587 544 623 ich
568 589 668 621 bereits
689 589 844 627 geſchildert
867 591 949 628 habe,
970 599 1015 630 zur
1040 591 1299 633 Widerſpenſtigkeit

507 644 560 677 und
583 646 608 680 ſo
631 645 695 682 fort,
717 645 770 677 bis
782 645 840 688 zum
864 647 978 684 voͤlligen
1003 649 1120 687 Umſturz
1141 652 1188 682 des
1215 649 1298 688 eheli⸗

504 691 565 735 chen
582 699 680 731 Gluͤcks
700 699 784 732 leitet.
821 700 876 733 Die
894 699 1042 739 maͤnnliche
1058 701 1215 741 Thaͤtigkeit
1230 707 1296 738 wird

505 753 621 791 naͤmlich
643 763 693 787 von
717 756 841 793 manchen
864 764 896 795 zu
921 758 1004 795 wenig
1032 761 1083 796 auf
1100 761 1146 796 ſich
1170 761 1295 798 bezogen,

503 819 558 846 aus
573 816 692 852 Mangel
706 817 754 847 des
769 818 980 851 unmittelbaren
997 820 1153 857 Einfluſſes,
1164 821 1216 851 und
1234 821 1298 854 weil

504 870 636 905 vielleicht
657 872 739 908 dieſer
761 874 823 904 oder
843 870 916 909 jener
946 874 1069 912 ſinnliche
1090 876 1204 912 Wunſch
1225 877 1297 913 nicht

503 927 616 965 ſogleich
631 929 694 961 oder
717 930 788 966 nicht
803 931 830 963 in
853 932 912 963 dem
933 933 1065 970 gehofften
1091 935 1178 973 Maße
1201 935 1296 974 befrie⸗

501 983 562 1020 digt
579 988 683 1017 werden
699 987 776 1019 kann.
814 987 887 1021 Man
905 988 1013 1021 erlaubt
1032 988 1079 1028 ſich
1104 989 1185 1028 daher
1207 991 1294 1028 gehei⸗

501 1047 545 1071 me
564 1041 658 1079 Wege,
679 1048 724 1074 um
742 1042 829 1081 ſeinen
849 1044 936 1082 Zweck
950 1052 983 1082 zu
998 1044 1138 1080 erreichen,
1158 1054 1221 1077 man
1238 1050 1295 1079 ent⸗

500 1096 572 1135 zieht
594 1101 694 1133 andern
718 1101 829 1138 Dingen
852 1104 894 1136 die
917 1105 1018 1136 Mittel
1043 1105 1115 1139 ihrer
1137 1106 1292 1143 Erhaltung

501 1149 554 1176 und
571 1152 731 1182 Fortdauer,
751 1157 797 1177 um
812 1152 847 1181 ſie
862 1150 907 1183 fuͤr
929 1151 976 1185 ſich
999 1150 1050 1183 auf
1069 1154 1166 1182 andere
1188 1156 1293 1190 Gegen⸗

500 1208 587 1247 ſtaͤnde
604 1213 666 1247 nach
683 1212 817 1249 Willkuͤhr
834 1214 1022 1251 anzuwenden,
1043 1216 1094 1247 und
1118 1215 1159 1248 bei
1175 1218 1219 1250 der
1236 1219 1292 1253 Be⸗

498 1268 617 1306 ſorgniß,
636 1269 678 1301 die
694 1270 787 1306 Sache
803 1278 850 1302 vor
865 1273 925 1303 dem
939 1272 1045 1305 Manne
1064 1272 1167 1310 geheim
1185 1281 1217 1310 zu
1232 1275 1292 1312 hal⸗

499 1317 555 1346 ten,
578 1312 630 1342 und
649 1317 695 1347 ſich
713 1320 763 1345 das
780 1320 900 1352 Anſehen
917 1321 992 1346 eines
1007 1325 1143 1354 ſchlichten
1159 1330 1290 1353 redlichen

497 1384 672 1421 Verfahrens
687 1391 719 1420 zu
737 1384 829 1422 geben,
849 1386 968 1423 verbirgt
983 1394 1046 1419 man
1063 1389 1109 1426 ſich
1125 1388 1217 1433 hinter
1238 1390 1289 1422 das

499 1440 597 1478 Schild
615 1443 660 1474 der
674 1440 829 1481 Heuchelei,
850 1443 945 1480 welche
960 1444 1022 1480 nach
1045 1447 1099 1479 und
1121 1445 1184 1480 nach
1208 1445 1288 1484 voͤllig

497 1498 526 1529 in
541 1497 584 1530 die
599 1498 699 1534 Rechte
715 1500 761 1532 der
778 1498 963 1538 anfaͤnglichen
987 1503 1094 1539 wahren
1114 1504 1189 1536 Liebe
1214 1505 1288 1538 tritt.

498 1554 633 1591 Gelingen
659 1555 701 1587 die
726 1556 807 1592 erſten
830 1556 979 1595 Verſuche,
1012 1560 1038 1595 ſo
1060 1560 1225 1593 unterbleibt
1247 1562 1290 1593 die

496 1604 662 1643 Fortſetzung
684 1597 781 1643 nicht,
796 1608 849 1639 weil
871 1610 920 1640 das
936 1612 1146 1648 Geheimhalten
1167 1613 1212 1642 der
1234 1615 1287 1644 Un⸗

497 1660 718 1698 ternehmungen,
739 1665 818 1699 ihnen
845 1666 920 1694 einen
945 1669 1086 1703 beſondern
1110 1668 1290 1703 anziehenden

495 1727 567 1765 Reitz
590 1727 732 1766 mittheilt,
762 1730 814 1761 und
830 1729 871 1762 die
897 1731 1019 1769 gluͤcklich
1043 1730 1220 1771 ausgefuͤhrte
1240 1734 1290 1771 Liſt

495 1786 555 1818 dem
571 1786 722 1821 weiblichen
739 1787 842 1824 Stolze
860 1788 1032 1827 ſchmeichelt.
1068 1792 1117 1824 Da
1140 1790 1287 1829 Heuchelei

494 1842 558 1877 aber
577 1842 655 1881 nicht,
680 1844 729 1879 wie
752 1844 794 1878 die
816 1845 890 1880 reine
911 1845 1005 1883 Liebe,
1024 1845 1222 1891 uneigennuͤtzig
1246 1847 1285 1888 iſt,
