1732 2570
205 445 266 476 von
283 440 465 489 bewahrung
480 446 532 481 der
539 444 695 495 glaͤubigen
709 451 737 490 in
748 452 975 500 verſuchungen.

1000 462 1068 507 627

161 517 215 570 he,
226 522 263 571 ſo
277 523 357 577 hilft
366 527 438 573 ihm
451 526 537 579 doch
548 533 602 574 die
616 540 712 578 treue
726 535 883 585 GOttes
890 547 958 586 gar
975 543 1062 588 bald

159 579 289 622 wieder
298 585 367 624 aus
376 578 507 633 ſolchen
518 583 666 642 ſtricken,
671 583 742 649 daß
754 597 792 636 es
805 589 897 642 nicht
909 596 1060 646 darinne

157 630 269 679 liegen
291 633 412 675 bleibt.

206 682 305 732 Das
315 683 440 737 macht,
453 694 492 733 es
502 687 590 743 liegt
601 695 635 736 in
647 694 779 748 ſolchen
797 697 961 750 redlichen
983 704 1058 753 ſee⸗

155 734 211 777 len
224 739 278 781 ein
299 738 472 793 geheimer
486 742 605 796 funcke
628 747 687 791 der
702 752 818 803 gnade
844 752 1059 807 verborgen,

152 796 295 848 welcher
317 799 361 851 ſie
379 799 497 852 zuruͤck
508 802 595 858 haͤlt,
614 808 685 861 daß
712 812 755 862 ſie
780 813 870 864 nicht
885 820 950 857 mit
967 818 1051 857 dem

150 847 290 898 gantzen
298 849 416 894 willen
426 854 500 897 und
510 856 575 899 mit
583 857 673 902 allen
684 858 817 912 kraͤften
827 866 863 906 in
871 864 924 905 die
932 868 1052 915 greuel

150 898 264 948 hinein
277 901 418 957 ſincken,
454 903 511 956 und
531 905 624 963 davon
647 912 945 967 uͤberſchwemmet
962 917 1052 967 wer⸗

147 948 227 1005 den,
236 955 385 1010 ſondern
399 957 482 1004 bald
491 961 560 1015 ihre
572 962 778 1018 gefaͤlligkeit
786 969 962 1025 abziehen,
972 972 1047 1019 und

144 1000 205 1053 ſich
212 1008 249 1055 in
262 1018 343 1052 reue
352 1012 424 1054 und
439 1012 592 1065 glauben
600 1028 641 1068 zu
679 1014 769 1072 GOtt
785 1018 943 1072 wenden.

193 1052 360 1110 Solcher
372 1060 495 1113 geſtalt
504 1065 545 1114 iſt
556 1054 618 1107 die
632 1067 843 1121 verſuchung
862 1071 960 1114 eines
982 1078 1043 1124 ge⸗

141 1107 272 1162 rechten
291 1112 364 1156 von
376 1112 441 1158 der
454 1118 628 1169 gottloſen
650 1122 747 1171 ihren
776 1122 1043 1182 verfuͤhrungen

143 1165 380 1220 himmelweit
388 1173 656 1226 unterſchieden.
730 1184 852 1228 Denn
873 1192 968 1236 jener
983 1193 1038 1242 ihr

138 1215 304 1273 innerſter
320 1222 602 1277 hertzens⸗grund
610 1230 754 1281 williget
764 1226 942 1288 eigentlich
962 1236 1036 1291 nie⸗

135 1271 236 1312 mals
245 1265 284 1312 in
300 1265 369 1316 das
390 1269 481 1324 boͤſe,
503 1277 571 1320 wie
580 1276 731 1330 Paulus
744 1291 817 1327 von
832 1282 946 1337 ſeinen
961 1296 1038 1333 ver⸗

134 1323 327 1381 ſuchungen
339 1320 402 1377 auf
404 1321 499 1385 ſich
524 1328 683 1391 troͤſtete:
708 1340 801 1388 Das
818 1337 925 1403 boͤſe,
959 1348 1039 1393 das

134 1381 197 1429 ich
216 1383 326 1430 nicht
338 1381 447 1441 will,
468 1390 546 1433 das
554 1392 652 1444 thue
665 1392 741 1445 ich.
794 1395 879 1453 Jch
894 1404 1036 1450 wircke

128 1435 240 1484 nicht
257 1436 375 1496 mehr
393 1440 572 1500 daſſelbe,
593 1444 760 1505 ſondern
775 1455 837 1499 die
854 1454 983 1514 ſuͤnde,
995 1459 1036 1517 ſo

129 1493 174 1536 in
191 1495 273 1538 mir
291 1494 471 1551 wohnet.
546 1500 680 1559 Jtem:
723 1505 809 1563 Jch
827 1511 940 1556 diene
955 1519 1034 1559 mit

129 1539 220 1590 dem
229 1545 399 1606 gemuͤth
411 1551 502 1598 dem
509 1558 624 1612 geſetz
641 1555 828 1615 GOttes,
843 1567 936 1607 aber
955 1573 1036 1611 mit

128 1598 221 1649 dem
235 1602 370 1663 fleiſch
389 1608 480 1653 dem
501 1609 614 1667 geſetz
629 1616 700 1658 der
712 1615 843 1671 ſuͤnde,
861 1620 1030 1674 Roͤm.7,

127 1666 177 1702 19.
190 1672 251 1705 20.
271 1674 325 1713 25.
375 1667 456 1711 Und
476 1673 545 1714 das
555 1682 634 1716 war
643 1674 732 1724 auch
749 1679 808 1720 der
818 1681 1035 1732 unterſcheid

127 1711 287 1768 zwiſchen
314 1721 379 1760 dem
394 1709 506 1776 koͤnig
505 1722 663 1774 Pharao
675 1728 736 1769 und
752 1729 915 1781 zwiſchen
932 1733 1027 1780 Abi⸗

125 1767 260 1822 melech.
313 1770 433 1820 Denn
443 1768 552 1823 beyde
561 1778 715 1827 nahmen
734 1785 812 1825 dem
832 1785 1030 1836 Abraham

126 1805 193 1857 ſein
210 1817 314 1867 weib,
328 1818 412 1861 aber
426 1822 493 1862 mit
514 1825 730 1879 ungleichem
758 1830 857 1882 ſinn:
888 1832 1025 1887 dahero

122 1870 240 1920 wurde
245 1880 343 1930 jener
355 1878 528 1931 geplaget,
544 1882 651 1935 dieſer
666 1885 752 1931 aber
760 1888 864 1935 nicht.

163 1936 320 1984 Ambroſius
330 1935 420 1979 fragt,
429 1947 549 1977 warum
559 1943 680 1988 Pharao
688 1947 834 1993 zuvorher
841 1950 911 1989 eben
920 1960 1025 1999 wegen

120 1962 206 2011 dieſer
221 1983 316 2017 Sara
333 1986 394 2012 von
400 1980 496 2017 GOtt
509 1979 556 2021 ſey
563 1986 699 2025 geplaget
709 1990 836 2023 worden,
844 1994 883 2026 da
902 2004 934 2028 er
946 2005 1020 2038 doch

120 2025 192 2067 auch
202 2031 282 2076 nicht
300 2029 412 2076 gewuſt
427 2033 510 2076 habe,
523 2037 585 2079 daß
594 2037 632 2076 ſie
640 2038 815 2084 Abrahams
823 2044 899 2083 weib
909 2048 1017 2089 waͤre?

119 2057 183 2103 Und
198 2077 361 2111 antwortet
374 2072 490 2116 darauf
499 2075 577 2117 alſo:
602 2077 699 2123 Jener
715 2080 814 2127 Koͤnig
825 2088 854 2120 in
872 2091 1019 2134 Egypten

120 2099 164 2155 ſey
181 2115 236 2160 ein
245 2118 397 2160 bosbafter
423 2119 492 2158 herr
508 2119 646 2165 geweſen,
662 2124 713 2158 der
727 2127 769 2174 bey
761 2131 878 2170 ſeiner
888 2141 1027 2177 freyheit

118 2143 191 2204 deſto
202 2163 286 2201 mehr
295 2165 391 2204 greuel
406 2164 553 2205 getrieben
561 2165 642 2208 habe.
687 2170 798 2213 Dieſer
808 2184 885 2209 aber
893 2190 941 2222 ſey
953 2197 1025 2213 vor

116 2189 185 2234 dem
203 2206 334 2245 HErrn
349 2209 482 2253 glaͤubig
497 2211 650 2253 erfunden
665 2220 807 2262 worden,
823 2229 889 2262 alſo
905 2238 970 2264 daß
979 2243 1022 2263 er

1043 1079 1151 1125 welche
1172 1089 1227 1138 von

1043 1122 1092 1175 den
1120 1138 1222 1182 verſu⸗

1045 1175 1177 1217 chungen

1045 1219 1100 1266 der
1100 1221 1219 1271 gottlo⸗

1052 1258 1093 1303 ſen

554 2260 650 2308 Rr2

927 2284 1017 2322 wuͤr⸗
