1561 2346
503 392 538 429 ſie
559 389 615 427 reif
634 391 710 429 ſind,
731 391 788 420 und
814 389 874 420 dies
899 389 984 426 pflegt
1010 386 1179 426 gewoͤhnlich
1208 390 1273 425 noch
1302 386 1364 423 eher

503 446 536 474 zu
558 437 714 475 geſchehen,
741 439 785 467 als
808 439 851 469 die
872 437 1028 476 Erdtoffeln
1057 437 1104 476 ſich
1132 436 1222 477 voͤllig
1237 434 1365 478 niederle⸗

503 499 572 528 gen,
594 494 703 522 werden
725 491 758 528 ſie
779 488 954 527 aufgezogen.

540 547 638 578 Was
661 543 764 580 endlich
788 545 848 575 das
869 540 1078 581 Aufnehmen
1100 544 1158 574 der
1177 541 1363 581 Erdtoffeln

504 597 627 636 betrifft,
656 593 692 640 ſo
709 597 742 635 iſt
784 599 836 627 das
870 596 1035 634 Aufgraben
1069 597 1124 628 mit
1150 597 1210 629 dem
1238 595 1365 631 Spaden

504 650 580 686 nicht
607 651 649 681 die
677 649 744 689 beſte
771 649 842 684 Art,
877 648 941 680 weil
964 649 1091 685 dadurch
1119 649 1162 680 die
1189 647 1309 681 Kuollen
1340 648 1365 685 ſo

505 699 584 736 leicht
605 698 754 737 zerſtochen
775 702 897 731 werden.
940 699 1039 735 Beſſer
1061 700 1094 736 iſt
1116 705 1163 733 es,
1192 704 1273 728 wenn
1296 702 1364 728 man

504 755 553 794 ſich
585 754 656 789 dazu
684 752 729 783 der
757 751 962 790 gewoͤhnlichen
989 751 1167 791 Miſtgabel
1206 755 1269 782 oder
1298 751 1363 785 noch

505 807 585 842 beſſer
613 808 660 836 der
689 803 795 836 kleinen
826 803 1036 843 Queckforke,
1066 805 1108 834 die
1138 804 1177 838 ich
1198 803 1301 840 Jhnen
1324 804 1363 833 im

507 855 602 893 23ſten
623 843 729 892 Briefe
749 853 916 892 beſchrieben
937 845 1022 892 habe,
1044 851 1177 885 bedienet.
1218 852 1288 885 Mit
1314 855 1366 883 die⸗

507 899 547 948 ſer
568 906 637 946 ſtoͤßt
658 912 744 944 man,
766 910 838 938 etwa
858 912 945 941 6—8
969 906 1029 945 Zoll
1049 914 1104 938 von
1135 910 1185 939 den
1215 900 1366 944 Staͤngeln

507 961 650 999 entfernt,
672 960 829 998 ſeitswaͤrts
851 966 932 992 unter
954 962 999 992 die
1018 959 1250 1000 Erdtoffelſtaude
1270 960 1300 991 in
1311 961 1366 990 die

506 1014 598 1047 Erde,
619 1010 676 1043 und
698 1013 791 1044 indem
812 1018 882 1042 man
908 1013 964 1042 mit
990 1014 1036 1043 der
1064 1011 1170 1047 rechten
1190 1011 1286 1050 Hand
1314 1013 1364 1042 den

507 1064 594 1097 Stiel
619 1065 675 1094 der
692 1061 778 1101 Forke
805 1061 1009 1097 niederdruͤckt,
1049 1064 1094 1093 und
1119 1062 1163 1092 mit
1190 1064 1237 1092 der
1240 1061 1365 1093 linken

507 1118 596 1157 Hand
623 1117 666 1148 die
694 1115 880 1155 ſaͤmmtlichen
909 1114 1040 1154 Staͤngel
1068 1115 1144 1147 einer
1176 1114 1297 1147 Staude
1322 1120 1365 1152 zu⸗

508 1168 692 1209 ſammenfaßt
715 1171 770 1201 und
792 1167 857 1206 nach
872 1167 927 1207 ſich
950 1167 1053 1206 ziehet,
1076 1168 1150 1199 kann
1171 1174 1239 1200 man
1262 1167 1302 1205 oft
1323 1169 1367 1199 die

507 1225 594 1258 ganze
615 1216 734 1251 Staude
752 1218 809 1250 mit
829 1210 905 1249 allen
921 1220 1009 1250 daran
1031 1217 1159 1256 ſitzenden
1174 1215 1295 1249 Knollen
1312 1217 1369 1248 mit

508 1270 669 1301 einemmale
696 1267 802 1306 heraus
827 1267 929 1306 ziehen.
971 1268 1115 1305 Nachdem
1137 1258 1213 1300 dann
1230 1269 1275 1299 die
1294 1267 1367 1300 Erde

508 1324 720 1364 abgeſchuͤttelt,
750 1324 796 1353 die
825 1318 1013 1362 abgefallenen
1045 1321 1168 1357 Knollen
1195 1322 1364 1361 aufgeleſen,

509 1377 567 1406 und
587 1373 631 1405 die
651 1371 716 1409 noch
738 1378 776 1402 an
796 1374 847 1403 den
867 1363 1001 1410 Wurzeln
1022 1367 1165 1415 hangenden
1190 1368 1369 1414 abgepfluͤckt

509 1428 584 1462 ſind,
605 1421 696 1461 wuͤhlt
717 1428 783 1453 man
806 1422 850 1453 die
870 1420 946 1452 Erde
966 1421 1018 1460 auf
1042 1424 1089 1453 der
1111 1411 1224 1457 Stelle,
1258 1427 1301 1452 wo
1323 1422 1367 1451 die

508 1479 629 1508 Staude
649 1474 810 1512 geſtanden,
832 1473 887 1503 mit
908 1472 955 1504 der
975 1462 1061 1515 Forke
1082 1471 1147 1510 nach
1169 1472 1240 1506 allen
1256 1470 1367 1506 Seiten

509 1542 575 1567 um,
603 1530 630 1569 ſo
656 1531 723 1563 weit
750 1537 816 1562 man
844 1528 1010 1569 vermuthen
1040 1532 1130 1567 kann,
1160 1529 1226 1569 noch
1247 1527 1376 1567 einzelne

509 1589 630 1622 Knollen
650 1594 681 1625 zu
703 1586 805 1624 finden.

570 1642 636 1680 Bey
664 1643 723 1672 dem
750 1638 930 1678 Aufnehmen
960 1639 1045 1677 pflegt
1073 1647 1140 1671 man
1174 1638 1217 1670 die
1245 1638 1365 1672 Knollen

511 1692 621 1732 ſogleich
642 1691 707 1728 nach
730 1691 805 1729 ihrer
826 1685 1028 1728 verſchiedenen
1051 1690 1150 1728 Groͤße
1172 1691 1203 1723 in
1225 1689 1367 1727 beſondere

507 1735 602 1771 Koͤrbe
621 1743 653 1772 zu
673 1736 791 1772 werfen,
812 1738 856 1769 die
877 1736 981 1767 kleinen
1003 1735 1051 1774 fuͤr
1072 1739 1127 1767 das
1145 1733 1221 1775 Vieh
1244 1737 1300 1767 und
1322 1737 1366 1767 die

508 1795 609 1835 großen
626 1801 687 1830 zum
701 1793 962 1833 Kuͤchengebrauche
974 1801 1006 1831 zu
1019 1793 1186 1833 beſtimmen.
1206 1793 1272 1831 Jm
1283 1794 1365 1827 Win⸗

509 1851 549 1878 ter
577 1845 688 1884 fordern
716 1844 749 1883 ſie
779 1845 852 1875 keine
886 1845 1000 1876 weitere
1035 1841 1292 1883 Aufmerkſamkelt,
1310 1839 1366 1886 als

507 1899 560 1936 daß
588 1906 653 1929 man
683 1896 714 1936 ſie
741 1904 824 1934 gegen
852 1900 903 1929 den
930 1897 1009 1936 Froſt
1037 1896 1144 1936 ſchuͤtzt,
1176 1900 1232 1929 und
1255 1897 1307 1933 daß
1329 1898 1363 1936 ſie

506 1950 572 1989 auch
606 1950 680 1989 nicht
707 1948 868 1988 allzuwarm
894 1948 1014 1987 liegen,
1037 1949 1101 1994 weil
1130 1949 1163 1988 ſie
1192 1949 1260 1988 ſonſt
1296 1949 1362 1981 welk
