2400 2907
255 536 412 583 Vater,
443 532 521 573 das
541 532 673 575 Wort
695 532 776 570 und
798 532 869 568 der
887 520 1045 581 Heilige
1070 519 1197 580 Geiſt,
1220 527 1302 567 und
1323 524 1419 574 dieſe
1442 525 1536 570 drey
1557 521 1643 573 ſind
1666 522 1764 563 eins.

256 585 380 633 1Joh.
395 595 483 634 5,7.
529 580 584 632 Er
597 584 687 635 heißt
700 586 752 625 ein
767 582 883 631 Geiſt,
910 582 987 621 weil
1003 590 1038 621 er
1057 583 1122 620 mit
1135 583 1211 622 dem
1226 579 1352 623 Vater
1363 579 1432 619 und
1446 575 1581 623 Sohne
1597 576 1649 617 ein
1665 583 1765 617 uner⸗

255 629 435 685 ſchaffener
443 629 544 683 Geiſt
554 632 605 677 iſt,
619 630 710 676 Joh.
718 637 760 673 4,
768 634 829 672 24.
856 629 926 665 und
936 625 1012 666 weil
1024 633 1059 664 er
1068 629 1139 664 uns
1146 623 1287 673 geiſtlich
1297 622 1438 670 machet.
1451 616 1659 668 Roͤm.8,9.
1708 622 1763 665 Er

257 690 347 741 heißt
363 697 421 734 der
435 690 574 742 Heilige
584 691 703 740 Geiſt,
716 692 776 731 der
787 687 959 737 Heilige,
984 687 1061 728 weil
1078 697 1112 727 er
1128 686 1167 733 iſt
1183 689 1241 727 der
1281 675 1417 733 Heilige
1437 674 1561 726 GOTT,
1587 681 1668 728 Eſa.
1686 685 1723 730 6,
1734 691 1763 729 3.

255 743 325 780 und
341 740 417 781 weil
434 748 468 778 er
482 743 553 779 uns
571 736 669 786 heilig
687 724 842 785 machet,
868 721 981 780 Roͤm.
999 745 1049 783 15,
1064 735 1113 771 16.
1151 731 1189 779 iſt
1204 738 1242 773 es
1258 732 1329 780 alſo
1347 724 1509 779 GOTT
1524 728 1677 778 ſelbſten,
1699 731 1762 770 den

256 795 300 843 ſie
324 793 490 843 nehmen,
530 797 602 834 und
625 797 683 834 der
705 792 775 840 ihre
793 788 935 840 Hertzen
955 789 1095 838 erfuͤllen
1115 785 1215 837 ſolte,
1255 789 1368 829 damit
1397 787 1440 835 ſie
1466 789 1534 828 das
1558 781 1764 831 Goͤttliche

252 849 354 893 Amt,
389 848 458 892 wie
480 852 546 890 das
567 843 842 897 Predigt ⸗ Amt
856 836 1098 897 ausdruͤcklich
1121 835 1269 893 genennet
1282 841 1393 890 wird,
1409 839 1487 882 Col.
1500 850 1529 887 1,
1546 848 1593 884 25.
1621 836 1764 886 verrich⸗

255 904 315 942 ten
329 896 465 941 koͤnten.

401 944 504 991 Wie
520 944 605 988 aber
619 946 678 985 der
688 941 836 990 Heilige
845 936 982 990 Geiſt,
1006 948 1064 980 wo
1077 950 1113 980 er
1121 940 1179 988 iſt,
1206 938 1295 986 nicht
1305 934 1424 985 muͤßig
1435 937 1494 985 iſt,
1516 934 1658 982 ſondern
1675 931 1764 984 kraͤf⸗

253 997 371 1048 tiglich
392 997 549 1048 wircket,
579 1002 652 1038 und
667 998 719 1038 die
740 986 945 1043 Glaͤubigen
961 994 1026 1033 mit
1041 993 1148 1038 ſeinen
1168 993 1301 1035 Gaben
1323 989 1521 1039 erleuchtet;
1568 989 1637 1037 alſo
1660 987 1764 1035 ſolten

257 1050 301 1098 ſie
318 1050 403 1096 auch
419 1048 484 1087 mit
496 1047 566 1093 ihm
583 1048 666 1091 ſeine
685 1045 816 1086 Gaben
835 1043 977 1090 nehmen
993 1045 1063 1082 und
1080 1041 1213 1089 haben,
1237 1041 1376 1088 nemlich
1396 1041 1448 1079 die
1471 1037 1764 1084 Amts⸗Gaben,

251 1103 328 1141 und
351 1103 410 1139 die
420 1093 840 1146 Heiligungs ⸗ Gaben.
864 1095 973 1136 1Cor.
991 1101 1046 1137 12,
1061 1101 1090 1136 3.
1107 1101 1191 1137 4⸗11.
1216 1091 1284 1137 Ap.
1301 1091 1419 1137 Geſch.
1431 1102 1483 1135 19,
1497 1101 1528 1125 2.
1543 1094 1577 1125 6.
1603 1085 1714 1128 1Cor.
1730 1097 1763 1134 3,

253 1166 304 1200 16.
324 1171 374 1200 17.

368 1195 544 1241 Warum
557 1192 597 1240 er
616 1194 659 1243 ſie
675 1193 739 1234 mit
754 1193 831 1234 dem
840 1188 1000 1243 Heiligen
1018 1188 1135 1238 Geiſte
1150 1183 1330 1238 ausruͤſte,
1356 1185 1395 1236 iſt
1407 1184 1504 1237 leicht
1519 1183 1764 1234 abzunehmen,

257 1251 400 1306 nemlich
409 1255 558 1295 darum,
575 1250 653 1293 weil
663 1250 705 1301 ſie
713 1259 753 1299 zu
761 1247 886 1300 rechter
895 1246 1131 1297 Ausrichtung
1141 1245 1230 1296 ihrer
1239 1243 1430 1296 Botſchaft
1442 1247 1513 1286 und
1522 1242 1630 1287 Amts
1643 1242 1764 1291 denſel⸗

258 1307 324 1349 ben
339 1300 606 1358 unumgaͤnglich
614 1301 733 1356 noͤthig
743 1300 884 1354 haͤtten,
909 1304 980 1344 und
997 1301 1085 1351 ohne
1102 1298 1274 1349 denſelben
1292 1304 1329 1342 es
1345 1293 1539 1348 unmuͤglich
1556 1293 1767 1347 heylſamlich

255 1366 443 1415 verrichten
464 1365 597 1405 koͤnten.

363 1410 445 1454 Die
453 1406 642 1456 Botſchaft
657 1408 719 1448 des
726 1405 872 1456 Friedes
887 1404 927 1453 iſt
927 1404 1005 1452 das
1011 1403 1111 1447 Amt
1118 1401 1189 1444 des
1199 1397 1377 1450 Geiſtes,
1398 1402 1469 1440 das
1476 1396 1543 1441 den
1552 1394 1659 1446 Geiſt
1667 1395 1766 1449 gibt,

257 1461 376 1512 2Cor.
376 1462 459 1510 3,6.
467 1466 498 1503 8.
526 1460 591 1501 wie
603 1457 699 1501 waͤre
727 1462 806 1499 denn
822 1447 876 1498 nun
893 1452 1062 1505 muͤglich,
1092 1455 1161 1502 daß
1168 1459 1208 1495 es
1218 1453 1304 1503 ohne
1321 1457 1377 1495 den
1395 1443 1540 1504 Heiligen
1555 1452 1656 1498 Geiſt
1665 1449 1764 1493 koͤnte

262 1514 446 1567 verwaltet
475 1508 615 1566 werden?
667 1510 753 1562 Jſts
769 1509 850 1559 doch
868 1512 925 1551 der
933 1499 1082 1558 Heilige
1090 1505 1226 1556 Geiſt,
1250 1511 1310 1547 der
1325 1508 1377 1546 die
1384 1505 1512 1550 Boten
1526 1506 1590 1545 des
1598 1502 1768 1553 Friedens

247 1562 432 1613 einſetzet,
453 1563 524 1608 Ap.
538 1556 649 1604 Geſch.
677 1574 736 1601 20,
745 1559 807 1595 28.
831 1555 903 1594 und
920 1554 980 1593 der
992 1553 1087 1592 alles
1095 1551 1131 1590 in
1141 1551 1232 1589 allen
1246 1548 1390 1590 wircket.
1414 1547 1526 1589 1Cor.
1542 1558 1599 1593 12,
1637 1542 1683 1596 11.
1708 1546 1764 1590 Er

256 1615 346 1656 iſts,
375 1618 432 1661 der
447 1614 488 1647 da
504 1606 660 1655 lehret;
672 1600 883 1657 derſelbige
898 1601 1002 1642 wird
1017 1599 1109 1646 euch
1124 1597 1223 1639 alles
1240 1596 1384 1644 lehren.
1405 1593 1559 1643 Joh.
1520 1598 1573 1649 14,
1569 1596 1625 1634 26.
1675 1592 1766 1644 Jhr

264 1666 351 1714 ſeyd
360 1671 403 1699 es
412 1664 539 1709 nicht,
554 1660 615 1696 die
622 1659 674 1696 da
689 1657 828 1705 reden,
854 1654 1019 1703 ſondern
1031 1663 1147 1693 eures
1155 1653 1311 1695 Vaters
1320 1649 1436 1701 Geiſt
1449 1641 1542 1700 iſts,
1562 1650 1631 1690 der
1640 1646 1765 1696 durch

265 1718 358 1763 euch
375 1721 495 1760 redet.
523 1715 665 1767 Matth.
679 1726 734 1765 10,
751 1724 809 1754 20.
862 1714 914 1761 Er
927 1713 1012 1762 iſts,
1030 1716 1088 1756 der
1106 1716 1152 1756 da
1167 1705 1314 1764 ſtrafet.
1341 1710 1466 1758 1Moſ.
1487 1703 1531 1755 6,
1541 1702 1588 1751 3.
1628 1707 1766 1751 Wenn

262 1769 472 1824 derſelbige
480 1766 647 1820 koͤmmt,
673 1769 743 1808 der
755 1768 860 1809 wird
870 1768 931 1808 die
940 1764 1055 1810 Welt
1062 1761 1220 1816 ſtrafen.
1244 1761 1335 1812 Joh.
1343 1765 1433 1813 16,8.
1485 1761 1538 1807 Er
1547 1761 1622 1808 iſts,
1635 1761 1697 1801 der
1708 1768 1767 1799 er⸗

266 1825 430 1876 mahnet,
476 1824 546 1863 und
556 1820 590 1862 in
599 1824 664 1864 alle
672 1818 869 1870 Wahrheit
884 1817 983 1861 leitet.
997 1816 1087 1867 Joh.
1096 1819 1199 1864 16,13.
1230 1815 1281 1859 Er
1291 1815 1364 1866 iſts,
1380 1818 1439 1857 der
1453 1818 1499 1856 da
1508 1808 1660 1857 troͤſtet.
1674 1809 1767 1862 Joh.

256 1879 373 1922 15.26.
423 1875 477 1916 Er
492 1875 574 1922 iſts,
600 1876 660 1911 der
671 1871 722 1909 die
751 1870 889 1925 Hertzen
887 1866 1051 1918 aufthut,
1073 1866 1209 1914 Buſſe,
1243 1863 1411 1915 Glauben,
1430 1855 1768 1914 Lebens⸗Beſſerung

266 1929 339 1966 und
350 1927 413 1965 alle
423 1924 617 1973 Chriſtliche
625 1922 818 1968 Tugenden
829 1922 984 1961 erwecket
998 1922 1069 1959 und
1089 1914 1210 1966 erhaͤlt.
1226 1917 1294 1965 Ap.
1306 1916 1423 1964 Geſch.
1431 1917 1547 1961 16,14.
1573 1910 1665 1959 Joh.
1672 1915 1726 1958 16,
1734 1921 1769 1957 13

256 1972 504 2025 Roͤm.14,17.
555 1975 741 2022 Gleichwie
749 1975 833 2014 aber
846 1974 951 2019 dieſes
961 1973 1047 2014 Amt
1055 1969 1236 2016 dergeſtalt
1247 1973 1309 2010 des
1317 1970 1457 2017 Geiſtes
1468 1968 1556 2011 Amt
1569 1967 1630 2015 iſt,
1655 1967 1724 2009 daß
1733 1973 1768 2004 er

265 2028 362 2076 ſelbſt
376 2027 462 2066 alles
476 2024 513 2065 in
524 2019 875 2071 demſelben
726 2015 796 2074 thut
815 2015 866 2066 und
885 2017 1080 2066 verrichtet:
1101 2017 1181 2067 Alſo
1191 2016 1274 2064 darf
1283 2016 1367 2066 auch
1392 2015 1526 2056 niemand
1543 2006 1691 2064 dencken,
1710 2010 1770 2056 daß

259 2086 306 2117 er
317 2082 429 2124 ohne,
445 2078 526 2115 oder
536 2071 645 2124 auſſer
657 2070 776 2122 dieſem
784 2069 888 2115 Amte
905 2071 968 2109 den
975 2066 1137 2119 Heiligen
1147 2069 1247 2115 Geiſt
1253 2067 1437 2117 empfahen
1453 2062 1572 2107 koͤnne.
1625 2064 1677 2107 Er
1689 2060 1771 2110 faͤllt

262 2134 340 2177 auf
348 2134 437 2177 alle,
457 2130 519 2166 die
528 2127 615 2166 dem
626 2123 776 2168 Worte
786 2117 967 2175 zuhoͤren.
995 2119 1064 2169 Ap.
1074 2118 1193 2168 Geſch.
1202 2129 1256 2165 10,
1272 2126 1338 2162 44.
1386 2117 1440 2161 Er
1454 2118 1542 2158 wird
1553 2114 1698 2164 gegeben
1716 2115 1773 2153 de⸗

263 2188 359 2224 nen,
369 2186 432 2213 die
441 2181 527 2213 dem
536 2177 687 2217 Worte
704 2173 869 2224 GOttes
877 2164 1074 2217 gehorſam
1087 2165 1180 2217 ſind.
1196 2176 1259 2211 c.5,
1269 2175 1320 2212 32.
1369 2166 1426 2209 Er
1432 2166 1523 2206 wird
1533 2160 1680 2209 reichlich
1688 2157 1774 2207 uͤber

273 2241 343 2269 uns
355 2231 579 2276 ausgegoſſen
591 2231 633 2267 in
641 2231 699 2267 der
708 2224 869 2276 Heiligen
876 2220 1025 2271 Taufe,
1050 2224 1101 2264 die
1115 2224 1169 2264 ein
1179 2222 1273 2265 Bad
1291 2221 1361 2259 der
1371 2216 1679 2264 Wiedergeburt
1692 2218 1775 2257 und

265 2289 523 2326 Erneurung
538 2285 608 2316 des
618 2279 795 2326 Heiligen
804 2271 962 2325 Geiſtes
971 2272 1020 2322 iſt.
1033 2271 1110 2318 Tit.
1120 2276 1229 2324 3,5.6.
1280 2271 1374 2314 Wir
1381 2272 1454 2318 ſind
1466 2266 1567 2317 durch
1574 2267 1669 2311 einen
1679 2267 1779 2317 Geiſt

268 2338 340 2371 alle
348 2343 385 2379 zu
398 2331 507 2372 einem
512 2332 607 2371 Leibe
614 2334 771 2378 getauft,
783 2330 858 2368 und
868 2326 939 2375 ſind
948 2325 1013 2365 alle
1040 2325 1095 2366 (im
1113 2314 1213 2381 Heil.
1204 2320 1443 2370 Abendmahl)
1458 2330 1502 2360 zu
1514 2318 1632 2359 einem
1642 2316 1779 2371 Geiſte

275 2391 501 2441 getraͤncket.
525 2391 635 2429 1Cor
650 2391 706 2426 i2
728 2394 769 2430 13
818 2379 946 2427 Beym
966 2368 1155 2422 Gebrauch
1166 2375 1268 2422 dieſer
1287 2371 1413 2416 Mittel
1425 2372 1498 2414 will
1528 2372 1576 2416 der
1609 2371 1704 2416 Water
1716 2372 1782 2412 den

274 2438 440 2481 Heiligen
448 2436 549 2480 Geiſt
560 2432 696 2482 geben,
680 2428 862 2477 denen,
877 2428 942 2482 die
941 2423 1013 2477 ihn
1027 2423 1171 2466 darum
1190 2421 1328 2462 bitten.
1346 2417 1429 2471 Luc.
1450 2418 1487 2477 II,
1487 2430 1533 2471 13.
1583 2419 1685 2465 Wer
1694 2419 1784 2460 aber
