2482 2930
321 428 429 492 Cap.
429 428 466 492 I.
466 428 558 492 v.12
558 428 611 492 13.

850 446 975 499 kurtze
975 446 1208 499 Erklaͤrung.

1759 467 1812 507 25

792 539 881 585 (oo)
896 538 968 581 und
985 548 1061 583 wer
1075 539 1150 584 kein
1170 536 1357 589 Heiliger,
1380 537 1442 589 hat
1459 537 1543 589 auch
1560 539 1676 583 keinen
1702 524 1812 591 Theil

846 575 980 627 daran.

689 641 786 690 (ccc)
802 636 861 690 Zu
877 639 1018 690 ſolchem
1039 638 1201 690 Erbtheil
1222 640 1330 683 ward
1348 638 1504 692 Paulus
1528 640 1625 690 nebſt
1642 641 1705 682 den
1733 640 1807 684 Co⸗

744 697 866 746 loſſern
878 696 963 744 auch
981 693 1107 745 tuͤchtig
1125 698 1318 746 gemacht:
1374 697 1458 738 Der
1478 705 1556 737 uns
1573 698 1724 746 tuͤchtig
1744 708 1809 745 ge⸗

743 748 875 794 macht
884 746 956 801 hat
964 757 1009 797 zu
1019 750 1107 791 dem
1117 747 1303 800 Erbtheil
1310 759 1366 799 ꝛc.

743 807 793 855 (z)
808 805 888 850 Sie
908 806 1065 848 wurden
1090 813 1161 847 von
1194 805 1311 851 GOtt
1336 816 1394 848 um
1416 802 1551 859 Chriſti
1572 804 1687 848 willen
1717 803 1807 855 dazu

801 852 1013 907 tuͤchtig
954 848 1007 904 und
1021 858 1130 911 deſſen
1147 854 1288 906 wuͤrdig
1302 851 1466 906 geachtet.

747 912 819 961 (zz)
840 912 920 961 Sie
936 912 1084 954 wurden
1097 912 1181 960 auch
1194 911 1282 960 dazu
1293 908 1418 961 tuͤchtig
1437 908 1616 959 gemacht,
1646 910 1717 951 und
1735 912 1807 961 alſo

801 974 871 1007 von
897 964 1015 1009 GOtt
1039 973 1098 1013 zur
1127 964 1274 1014 wahren
1298 966 1419 1017 Buſſe
1443 966 1515 1008 und
1542 965 1715 1008 Glauben
1749 975 1806 1012 ge⸗

804 1020 942 1071 bracht,
961 1021 1031 1061 und
1045 1026 1143 1063 unter
1154 1020 1208 1062 die
1234 1018 1298 1072 Zahl
1327 1021 1382 1063 der
1395 1017 1561 1069 Heiligen
1579 1020 1741 1069 verſetzet.

635 1113 795 1122 (ddd)
815 1072 873 1117 Und
918 1070 989 1121 daß
1009 1069 1051 1122 ſie
1070 1070 1143 1120 alſo
1162 1067 1288 1121 tuͤchtig
1311 1068 1484 1116 wurden,
1513 1079 1592 1111 war
1618 1071 1705 1117 nicht
1733 1072 1807 1119 ihr,

745 1129 891 1171 ſondern
920 1128 1080 1175 GOttes
1106 1119 1270 1179 Werck,
1309 1130 1362 1173 ein
1390 1129 1526 1176 Werck
1554 1131 1615 1172 des
1644 1128 1806 1172 Vaters.

745 1182 863 1225 Denn
881 1181 1028 1231 derſelbe

745 1240 798 1284 (z)
818 1236 883 1285 ließ
909 1236 995 1286 nach
1013 1236 1117 1287 ſeiner
1142 1235 1461 1288 Barmhertzigkeit
1480 1235 1582 1288 ihnen
1599 1235 1665 1287 ſein
1683 1236 1805 1282 Wort

787 1287 954 1339 offenbar
973 1288 1140 1336 werden,

744 1343 814 1393 (zz)
833 1333 903 1389 fing
923 1353 971 1384 an
996 1341 1032 1386 in
1058 1342 1159 1394 ihnen
1178 1336 1307 1396 kraͤftig
1327 1352 1372 1394 zu
1389 1340 1559 1396 wircken,
1583 1342 1658 1386 und
1684 1342 1726 1393 ſie
1747 1351 1804 1392 zur

792 1388 912 1449 Buſſe
932 1396 996 1437 und
1009 1395 1181 1439 Glauben
1193 1401 1231 1442 zu
1249 1397 1406 1444 bringen,

748 1452 842 1500 (zzz)
862 1450 982 1500 erhielt
995 1448 1049 1501 ſie
1064 1460 1092 1490 im
1098 1450 1324 1500 guten,
1247 1449 1305 1507 daß
1334 1452 1375 1501 ſie
1391 1445 1569 1503 beſtaͤndig
1581 1449 1717 1492 blieben
1734 1451 1805 1493 und

809 1504 897 1552 nicht
909 1502 979 1559 auf
984 1505 1035 1548 die
1046 1504 1226 1546 krummen
1237 1504 1369 1553 Wege
1385 1502 1573 1550 abwichen.

653 1560 776 1618 (βββ)
791 1558 1020 1609 Errettet
967 1554 1026 1609 von
1031 1561 1091 1602 der
1100 1560 1287 1609 Obrigkeit
1306 1563 1364 1603 der
1374 1559 1592 1613 Finſterniß:
1620 1558 1806 1607 Welcher
1823 1577 1857 1600 v.
1879 1576 1936 1610 13.

687 1621 772 1655 uns
782 1607 937 1656 errettet
963 1603 1027 1659 hat
1043 1607 1103 1656 von
1114 1613 1179 1652 der
1198 1611 1405 1658 Obrigkeit
1419 1611 1479 1666 der
1500 1607 1725 1662 Finſterniß.

690 1669 787 1720 (aaa)
798 1664 857 1719 Es
864 1666 960 1716 giebt
967 1664 1195 1719 Finſterniß,
1208 1669 1277 1711 und
1288 1659 1325 1724 iſt
1338 1666 1450 1724 allhier
1467 1669 1547 1724 nicht
1564 1668 1618 1723 die
1632 1668 1804 1718 leibliche,

741 1721 892 1772 ſondern
902 1719 957 1763 die
966 1719 1143 1771 geiſtliche,
1171 1722 1316 1772 nemlich

729 1780 800 1826 (z)
814 1774 1294 1828 Unwiſſenheit
1073 1768 1105 1826 in
1121 1774 1285 1828 geiſt⸗und
1305 1770 1506 1832 goͤtrlichen
1525 1770 1669 1831 Dingen,

744 1834 816 1878 (zz)
830 1828 1092 1879 Gottloſigkeit,

747 1884 838 1932 (zzz)
854 1879 968 1926 Elend
977 1881 1051 1922 und
1060 1879 1248 1930 Jammer.
1267 1879 1391 1932 Siehe
1404 1880 1527 1933 hievon
1538 1880 1646 1924 meine
1667 1878 1805 1926 Erklaͤr.

796 1943 895 1983 Eph.
908 1937 957 1975 V.
981 1949 1015 1982 8.

693 1991 802 2047 (bbb)
817 1980 932 2039 Dieſe
954 1984 1153 2043 Finſterniß
1181 1990 1244 2041 hat
1259 1990 1332 2040 ihre
1349 1986 1569 2042 Obrigkeit,
1593 1989 1688 2040 ihren
1715 1986 1805 2040 Fuͤr⸗

746 2038 831 2093 ſten,
848 2045 904 2085 und
919 2037 975 2095 iſt
965 2044 1183 2093 derSatan,
1210 2043 1350 2089 welcher
1361 2043 1490 2094 ſonſten
1503 2044 1560 2085 der
1579 2045 1693 2088 GOtt
1704 2042 1807 2090 dieſer

747 2089 881 2149 Welt,
907 2112 923 2137 2
944 2093 1026 2141 Cor.
1044 2097 1124 2145 IV,
1142 2110 1178 2148 4.
1198 2093 1257 2149 Der
1260 2095 1390 2150 Fuͤrſt
1406 2099 1466 2138 der
1486 2095 1519 2137 in
1539 2099 1596 2138 der
1620 2096 1695 2144 Luft
1715 2092 1842 2143 herr⸗

749 2153 859 2204 ſchet,
889 2150 1044 2201 Eph.
1000 2142 1054 2199 II,
1063 2165 1098 2193 2.
1125 2161 1171 2193 ꝛc.
1199 2146 1364 2198 genennet
1381 2153 1485 2195 wird.
1542 2153 1669 2201 Dieſer
1695 2152 1805 2202 heiſſet

749 2195 886 2256 allhier
902 2204 1068 2255 Obrigkeit
1084 2207 1167 2250 oder
1176 2196 1324 2254 Macht,
1341 2208 1421 2248 weil

749 2267 805 2311 (z)
813 2261 867 2305 Er
867 2261 913 2306 in
922 2260 1027 2308 dieſer
1060 2249 1144 2308 Welt
1165 2249 1284 2315 groſſe
1274 2252 1405 2312 Macht
1415 2264 1490 2311 hat,
1517 2261 1611 2312 Eph.
1621 2261 1692 2305 VI,
1714 2272 1768 2303 12.

745 2307 818 2359 (zz)
832 2311 883 2357 Er
892 2311 1138 2362 gewaltſamer
1153 2312 1279 2365 Weiſe
1296 2314 1358 2355 mit
1376 2315 1438 2355 den
1456 2309 1600 2355 Seinen
1619 2308 1809 2362 verfaͤhret.

800 2371 889 2411 Ebr.
900 2367 953 2413 II,
964 2379 1018 2413 14.
1046 2382 1067 2408 2
1079 2363 1178 2416 Tim.
1188 2370 1241 2413 II,
1259 2376 1317 2410 26.

691 2425 789 2474 (ccc)
816 2422 931 2467 Unter
961 2420 1070 2470 dieſer
1112 2421 1302 2471 Obrigkeit
1329 2420 1500 2469 befunden
1545 2421 1605 2474 ſich
1648 2420 1807 2470 ehemals

748 2474 902 2524 Paulus
919 2473 991 2516 und
1008 2476 1064 2519 die
1081 2474 1242 2527 Coloſſer
1270 2474 1395 2521 auch,
1430 2481 1550 2515 waren
1581 2472 1652 2522 alſo
1682 2473 1809 2526 unwiſ⸗

748 2530 869 2581 ſende,
898 2527 1044 2582 gottloſe
1063 2530 1135 2575 und
1154 2530 1240 2582 recht
1263 2521 1377 2577 elende
1393 2526 1503 2582 Leute,
1522 2525 1626 2576 Leute,
1637 2524 1723 2574 uͤber
1723 2525 1811 2574 wel⸗

1070 2588 1133 2631 D

1742 2584 1809 2643 che
