1552 2214
148 380 206 427 niß
216 371 375 431 eroͤffnet,
401 381 472 420 und
487 370 542 419 der
562 376 710 424 Beweiß
724 364 903 423 gerichtlich
920 363 1097 425 einbracht,

148 430 235 470 wird
251 430 377 477 beyden
400 425 546 474 Theilen
564 435 629 465 nur
644 428 713 464 eine
727 423 904 471 Schrifft,
931 424 994 463 mit
1011 422 1096 462 wel⸗

151 481 223 530 cher
239 493 272 524 er
288 483 428 531 zugleich
446 477 610 530 ſchlieſſe
630 475 820 526 zugelaſſen.
872 474 942 523 Jm
960 476 1099 527 ſechſten

149 532 299 581 Termin
317 536 375 582 ſoll
391 536 447 573 der
466 529 594 579 Klaͤger
613 530 673 574 bey
694 526 857 579 Straff,
875 526 942 572 daß
958 539 992 566 er
1008 527 1096 575 nicht

149 588 263 628 weiter
271 583 405 631 gehoͤret
413 583 544 623 werden
554 580 640 632 ſolle,
659 579 729 628 ſeine
742 581 867 630 Replic
876 578 944 618 und
954 578 1095 625 Gegen⸗

148 632 272 691 ſchrifft
286 630 469 684 einbringen
480 634 549 675 und
557 634 626 682 alſo
641 632 740 678 beyde
752 631 873 681 Theile
882 628 1093 679 beſchlieſſen.

150 688 229 740 Auf
237 689 376 735 welches
402 688 485 725 alles
503 686 628 733 endlich
639 686 694 726 der
703 683 873 731 Beſchluß
890 685 940 722 der
952 678 1095 725 Sache

150 744 223 781 und
241 740 308 779 das
317 737 562 784 End⸗Urtheil,
578 735 643 774 wie
665 735 747 780 auch
766 736 817 775 die
831 729 1095 782 Vollſtreckung

152 785 307 842 deſſelben
319 787 475 836 erfolget,
490 792 528 827 es
544 788 590 836 ſey
612 787 703 831 dann,
720 785 772 831 daß
788 787 857 826 eine
871 784 1097 834 Appellation

150 841 329 889 eingeleget
348 840 515 881 worden,
549 839 630 880 oder
651 838 721 879 eine
737 832 939 886 Beruffung
959 843 1007 876 an
1026 832 1095 875 den

151 893 410 946 Ober⸗Richter
417 890 598 943 geſchehen.

242 1007 318 1053 24.)
342 1003 451 1048 Was
466 1002 517 1046 da
532 1002 581 1053 ſey
595 1002 664 1044 eine
679 1000 802 1049 Ladung
820 992 892 1056 ſamt
915 991 1012 1053 ihren

553 1058 706 1105 Jnhalt?

260 1150 401 1198 Ladung
415 1149 504 1189 wird
522 1153 672 1194 genannt
692 1148 743 1189 ein
752 1144 897 1196 Anfang
906 1144 984 1189 oder
1000 1144 1095 1184 Fun-

155 1199 299 1245 dament
321 1204 402 1241 aller
421 1197 619 1245 Gerichten,
644 1198 695 1237 da
708 1193 845 1243 nemlich
854 1195 1043 1246 derjenige,
1060 1191 1097 1241 ſo

152 1264 218 1299 vor
245 1256 320 1297 dem
337 1253 473 1300 Richter
502 1261 539 1300 zu
565 1250 647 1302 thun
672 1249 747 1297 hat,
772 1247 825 1296 fuͤr
846 1249 904 1298 ihn
929 1237 1096 1297 gefordert

155 1307 273 1349 wird,
304 1304 426 1349 weiche
450 1306 482 1344 in
504 1295 724 1350 buͤrgerlichen
749 1299 899 1348 Sachen
932 1300 1099 1339 entweder

148 1355 344 1406 muͤndlich
354 1355 451 1402 durch
475 1356 537 1400 den
564 1343 906 1403 Gerichts ⸗ Bothen
929 1350 1098 1398 verrichtet

160 1414 270 1456 wird,
309 1412 388 1449 oder
400 1410 482 1450 aber
501 1408 699 1458 ſchrifftlich,
724 1407 843 1454 welche
859 1405 1013 1456 Schrifft
1030 1407 1098 1447 die⸗

144 1466 191 1514 ſe
209 1463 293 1511 ſechs
304 1460 436 1507 Stuͤcke
454 1463 487 1502 in
494 1454 562 1512 ſich
570 1456 758 1512 begreiffen
769 1458 834 1503 ſoll.
887 1456 976 1508 Zum
976 1454 1099 1506 erſten,

158 1518 220 1557 des
231 1512 388 1561 Richters
401 1509 587 1556 Nahmen.
634 1509 727 1558 Zum
740 1510 887 1553 andern,
915 1510 978 1549 den
993 1504 1101 1554 Nah⸗

161 1576 239 1608 men
256 1567 337 1612 des,
363 1565 419 1602 der
433 1564 573 1607 geladen
594 1565 690 1604 wird.
745 1559 836 1608 Zum
855 1560 992 1606 dritten,
1026 1560 1104 1598 des⸗

147 1618 318 1669 jenigen,
325 1615 364 1665 ſo
378 1619 431 1661 ihn
444 1614 562 1656 laden,
577 1617 656 1655 oder
673 1624 727 1664 zur
741 1611 1017 1662 Rechtfertigung
1033 1608 1103 1658 for⸗

171 1671 238 1710 dern
255 1660 399 1723 laͤſſet.
412 1663 502 1715 Zum
514 1666 655 1710 vierten,
698 1665 747 1704 die
771 1659 911 1718 Urſach,
920 1670 1057 1703 warum
1069 1667 1105 1700 er

169 1721 289 1761 citiret.
340 1720 429 1770 Zum
441 1713 590 1765 fuͤnfften,
605 1721 666 1759 den
675 1715 761 1760 Ort,
776 1715 1106 1762 Orts⸗oderMahl⸗

166 1772 260 1824 ſtatt,
284 1770 388 1816 dahin
399 1780 431 1808 er
441 1763 620 1813 erſcheinen
628 1768 703 1815 ſoll,
722 1770 790 1806 und
800 1765 952 1817 ſechſtens
963 1766 1017 1811 ſoll
1043 1763 1107 1811 ſol⸗

169 1830 222 1875 che
240 1828 377 1872 Ladung
392 1827 460 1868 klar
471 1824 547 1863 und
560 1820 862 1872 unzweiffelhafftig
887 1819 984 1870 ſeyn,
998 1818 1108 1861 damit

164 1881 236 1924 kein
244 1876 478 1929 Mißverſtand
488 1872 627 1919 daraus
638 1874 788 1924 entſtehe.
