1881 2760
642 446 690 480 30

716 434 830 489 Erſte
836 435 1013 491 Predigt,
1019 440 1101 483 von
1110 437 1172 482 der
1199 437 1373 494 noͤthigen
1400 434 1633 496 Vermeidung

642 529 765 573 woltet,
789 527 918 581 dieſelbe
945 525 982 585 zu
977 527 1137 581 begehen?
1175 534 1281 584 Nicht
1307 533 1384 584 alſo,
1409 537 1525 579 meine
1538 534 1702 583 Bruͤder,

642 582 704 616 wir
723 583 789 626 ſind
808 582 854 618 im
868 578 1057 627 Gegentheil
1076 582 1260 632 verſichert,
1302 585 1364 629 daß
1384 584 1458 638 auch
1479 589 1529 628 ein
1550 586 1699 631 Gedanke

641 635 747 670 davon
770 634 842 681 euch
867 631 1034 684 ſchrecklich
1057 636 1263 679 vorkomme;
1289 638 1357 687 und
1360 630 1466 679 weil
1483 642 1531 690 ihr
1545 643 1620 690 euch
1632 650 1697 681 ver⸗

639 684 775 730 bindlich
790 681 949 731 gemachet
963 681 1050 732 habt,
1073 687 1146 733 euch
1161 697 1204 725 an
1219 692 1279 727 das
1295 689 1401 741 Geſetz
1417 690 1554 733 GOttes
1579 703 1616 739 zu
1633 688 1697 739 hal⸗

640 741 709 776 ten,
731 740 828 770 euren
843 733 970 778 eigenen
982 741 1080 782 guten
1094 736 1231 776 Namen
1247 738 1341 786 durch
1357 733 1568 790 rechtmaͤßige
1577 739 1696 785 Mittel

639 799 678 835 zu
693 789 820 836 ſuchen,
846 790 920 838 euch
935 792 969 830 in
982 791 1218 843 gleichguͤltigen
1227 795 1366 844 Dingen
1381 807 1419 845 zu
1437 809 1531 840 euren
1540 801 1696 843 Bruͤdern

638 850 704 882 aus
712 842 790 882 Liebe
804 841 900 891 herab
913 856 950 893 zu
958 845 1071 893 laſſen;
1103 847 1134 895 ſo
1152 849 1221 898 ſeyd
1237 850 1291 900 ihr
1302 850 1381 897 auch
1402 861 1442 892 um
1458 855 1621 894 deswillen
1629 861 1696 894 ver⸗

638 892 776 933 bunden,
802 894 876 940 euch
888 900 953 932 von
967 897 1062 934 allem
1070 895 1193 945 Boͤſen,
1216 900 1249 945 ja
1262 904 1328 936 von
1336 897 1449 948 allem,
1465 905 1538 939 was
1546 903 1625 952 auch
1634 906 1694 943 nur

638 944 730 984 einen
741 943 868 994 Schein
889 950 942 986 des
958 946 1070 989 Boͤſen
1085 949 1154 996 hat,
1178 959 1214 989 zu
1229 951 1411 989 enthalten.

739 996 851 1037 Wie?
870 991 990 1046 moͤchte
1004 1006 1082 1036 man
1085 990 1187 1052 ſagen,
1207 991 1310 1049 ſollen
1329 1002 1380 1040 wir
1396 1006 1479 1042 denn
1493 1014 1552 1046 um
1569 1007 1623 1046 der
1630 1003 1692 1051 Jr⸗

637 1045 768 1097 thuͤmer
785 1053 851 1092 und
865 1048 1137 1104 Schwachheiten
1150 1053 1277 1105 willen,
1303 1056 1351 1095 die
1370 1058 1461 1108 unſer
1475 1059 1634 1111 Naͤchſter
1649 1066 1692 1100 an

633 1099 695 1150 ſich
711 1101 778 1151 hat,
800 1100 952 1144 Sclaven
979 1103 1084 1153 ſeyn?
1130 1104 1210 1157 Jſts
1230 1107 1307 1156 auch
1330 1106 1415 1156 billig
1433 1113 1498 1149 uns
1514 1113 1562 1150 ein
1578 1112 1690 1163 ſolches

634 1150 723 1202 Joch
737 1152 949 1203 aufzulegen?
986 1157 1109 1207 Dieſes
1125 1158 1175 1206 iſt,
1204 1160 1322 1201 meine
1339 1156 1507 1208 Bruͤder,
1532 1165 1609 1204 eben
1624 1170 1692 1205 der⸗

632 1207 710 1256 ſelbe
720 1205 899 1258 Einwurff,
920 1213 976 1248 der
989 1211 1130 1260 ehemals
1145 1213 1274 1263 Paulo
1288 1215 1432 1262 gemacht
1444 1218 1566 1262 wurde,
1590 1221 1643 1258 als
1655 1225 1689 1257 er

631 1259 680 1297 die
689 1257 905 1309 Ermahnung
922 1260 1040 1309 gethan
1056 1262 1156 1312 hatte,
1178 1265 1256 1303 alles
1269 1272 1308 1312 zu
1324 1266 1513 1316 vermeiden,
1529 1274 1602 1312 was
1618 1276 1690 1310 dem

629 1304 798 1357 Naͤchſten
813 1308 904 1347 einen
912 1308 1037 1356 Anſtoß
1051 1309 1149 1358 geben
1163 1309 1289 1353 koͤnte.
1318 1313 1503 1365 Warum,
1519 1305 1626 1366 ſagten
1635 1316 1689 1365 ſie,

627 1357 699 1408 ſoll
713 1360 770 1405 ich
787 1363 903 1401 meine
910 1361 1080 1411 Freyheit
1095 1361 1201 1412 laſſen
1216 1364 1395 1413 urtheilen
1404 1378 1490 1409 von
1507 1370 1606 1413 eines
1622 1378 1689 1411 an⸗

627 1416 719 1455 dern
726 1415 937 1465 Gewiſſen?
985 1419 1097 1462 Denn
1111 1418 1148 1465 ſo
1162 1419 1240 1464 ichs
1257 1425 1325 1462 mit
1339 1421 1626 1482 Danckſagung
1626 1425 1687 1474 ge⸗

627 1458 751 1509 nieſſe,
790 1472 881 1499 was
902 1463 990 1508 ſolte
1015 1465 1074 1507 ich
1100 1467 1198 1506 denn
1219 1466 1407 1518 verlaͤſtert
1424 1472 1574 1509 werden
1592 1464 1689 1515 uͤber

626 1510 728 1554 dem,
756 1505 875 1558 dafuͤr
896 1510 954 1556 ich
979 1504 1119 1552 danke?
1150 1527 1167 1550 1
1185 1514 1266 1552 Cor.
1291 1525 1349 1557 10,
1374 1524 1437 1561 29.
1461 1526 1524 1557 30.
1596 1519 1687 1561 Aber

627 1559 781 1609 Paulus
790 1565 963 1603 antwortet
971 1562 1109 1615 darauf:
1135 1567 1197 1615 daß
1214 1571 1275 1607 wir
1288 1568 1344 1616 bey
1350 1569 1434 1610 allen
1448 1569 1562 1620 unſern
1570 1570 1687 1621 Hand⸗

623 1613 741 1660 lungen
757 1612 896 1657 GOttes
914 1613 1003 1665 Ehre
1032 1625 1104 1664 zum
1127 1615 1236 1667 Zweck
1256 1617 1356 1668 haben
1378 1619 1489 1672 ſollen,
1523 1612 1585 1669 daß
1607 1626 1685 1665 aber

623 1668 702 1718 dieſe
715 1667 805 1719 Ehre
815 1669 954 1713 GOttes
972 1670 1072 1721 auſſer
1086 1671 1202 1718 Augen
1216 1671 1339 1726 geſetzet
1375 1672 1489 1726 werde,
1515 1675 1599 1723 wenn
1602 1688 1686 1720 man

619 1721 793 1769 diejenigen
813 1719 936 1772 aͤrgert,
960 1727 1056 1765 deren
1068 1726 1234 1777 Seligkeit
1255 1739 1333 1770 man
1356 1730 1415 1780 ſich
1437 1730 1492 1781 ſoll
1508 1729 1680 1782 angelegen

616 1772 689 1823 ſeyn
703 1773 810 1820 laſſen.
887 1774 971 1828 Jhr
987 1774 1084 1827 eſſet,
1112 1780 1201 1820 oder
1225 1780 1376 1831 trinket,
1397 1783 1487 1824 oder
1507 1793 1595 1825 was
1618 1783 1678 1834 ihr

614 1825 711 1874 thut,
733 1823 771 1872 ſo
784 1824 892 1872 thuts
906 1828 1000 1869 alles
1037 1824 1080 1876 zu
1068 1829 1233 1875 GOttes
1244 1831 1391 1880 Ehren.
1444 1835 1559 1885 Seyd
1571 1836 1676 1884 nicht

611 1872 791 1927 aͤrgerlich
804 1880 930 1921 weder
943 1883 1012 1922 den
1024 1879 1159 1933 Juden
1171 1884 1267 1928 noch
1283 1885 1353 1926 den
1361 1885 1558 1936 Griechen,
1569 1887 1673 1935 noch

611 1927 676 1967 der
689 1926 870 1972 Gemeine
884 1928 1062 1976 GOttes.
1118 1924 1335 1980 Gleichwie
1352 1935 1416 1980 ich
1435 1937 1538 1983 auch
1564 1938 1673 1980 ieder⸗

609 1988 701 2020 man
695 1979 730 2031 in
776 1980 923 2031 allerley
938 1983 1038 2030 mich
1051 1981 1210 2037 gefaͤllig
1221 1985 1361 2034 mache,
1370 1989 1449 2030 und
1458 1991 1563 2038 ſuche
1570 1991 1672 2039 nicht

607 2039 695 2070 was
709 2031 793 2080 mir,
816 2031 969 2079 ſondern
986 2043 1075 2074 was
1090 2037 1206 2078 vielen
1218 2033 1408 2090 frommet,
1434 2041 1510 2085 das
1522 2040 1569 2090 ſie
1582 2042 1671 2094 ſelig

604 2087 764 2127 werden.
818 2085 943 2133 Denn,
968 2085 1037 2135 ſagt
1051 2097 1085 2128 er
1102 2090 1147 2129 im
1163 2091 1453 2141 vorhergehenden:
1478 2091 1559 2144 Jch
1568 2095 1669 2145 habe

602 2141 646 2170 es
660 2141 766 2178 zwar
780 2135 871 2176 alles
886 2136 1050 2185 Macht,
1082 2140 1173 2184 aber
1188 2150 1230 2180 es
1244 2138 1424 2189 frommet
1438 2144 1538 2188 nicht
1557 2146 1666 2188 alles.

599 2183 684 2236 Jch
700 2184 794 2230 habe
808 2197 846 2226 es
863 2188 957 2228 alles
974 2189 1126 2236 Macht
1144 2192 1235 2233 aber
1231 2191 1271 2237 es
1308 2181 1432 2244 beſſert
1443 2189 1547 2242 nicht
1555 2195 1663 2239 alles.

596 2227 799 2283 Niemand
815 2233 917 2285 ſuche
932 2246 1023 2277 was
1043 2237 1114 2285 ſein
1139 2240 1193 2290 iſt,
1227 2239 1376 2288 ſondern
1399 2240 1460 2282 ein
1488 2242 1666 2296 ieglicher

595 2288 706 2338 ſuche,
731 2297 817 2330 was
833 2294 899 2332 des
915 2295 1062 2337 andern
1073 2296 1127 2344 iſt.
1164 2311 1179 2336 1
1194 2296 1336 2343 Cor.10,
1353 2305 1491 2342 31⸗33.
1511 2309 1582 2344 23.
1595 2308 1664 2343 24.

590 2343 662 2390 Es
673 2345 716 2396 iſt
731 2352 838 2392 zwar
850 2346 943 2389 alles
954 2349 1046 2399 rein,
1069 2349 1210 2397 aber
1162 2347 1200 2400 es
1219 2349 1266 2400 iſt
1276 2348 1379 2402 nicht
1389 2361 1463 2400 gut
1474 2353 1570 2400 dem,
1579 2356 1665 2402 der

1561 2400 1651 2448 es
