1568 2362
570 426 658 474 Jhre
666 424 816 473 Fraͤulein
825 425 956 467 Tochter
964 429 1037 466 doch
1045 427 1138 467 krank
1147 430 1268 468 werden
1277 433 1340 469 und
1336 425 1373 479 in
1384 426 1450 472 die⸗

568 458 596 520 ſe
605 471 744 519 Raſerey
754 474 902 518 verfallen
918 474 1012 517 ſollte,
1035 474 1064 515 ſo
1073 474 1159 520 haͤtte
1175 483 1202 512 es
1217 485 1245 522 zu
1254 476 1350 514 keiner
1361 479 1450 528 beſſe⸗

569 538 623 568 ren
641 532 691 567 als
702 542 738 576 zu
748 531 837 578 dieſer
849 530 920 577 Zeit
934 532 1090 580 geſchehen
1106 536 1235 575 koͤnnen.

617 576 854 631 Jeronimus.
925 570 1006 631 Mit
1032 568 1163 627 nichten,
1192 582 1277 629 Herr
1300 585 1448 626 Doctor!

567 634 646 674 Mit
662 630 802 675 nichten!
834 631 927 680 dieſes
943 637 980 683 iſt
995 638 1041 675 die
1061 627 1345 686 allerungelegenſte
1363 636 1449 688 Zeit.

566 689 671 728 Denn
688 689 726 733 ſie
740 687 824 734 ſollte
841 693 875 726 in
896 691 992 734 dieſen
1013 690 1123 739 Tagen
1139 691 1199 727 mit
1214 694 1313 729 einem
1327 691 1447 741 jungen

567 737 748 779 Edelmaun
766 737 940 785 vermaͤhlet
958 743 1091 779 werden.

617 787 806 832 Leander.
875 790 943 838 Jch
963 792 1096 841 verſtehe
1120 801 1157 833 es
1176 793 1259 837 nicht
1283 794 1333 844 ſo,
1364 797 1449 836 mein

565 839 674 889 Herr!
700 843 745 882 ich
761 852 870 887 meyne
890 849 941 882 der
959 844 1032 884 Cur
1050 854 1157 898 wegen
1174 845 1303 893 beſtehet
1318 848 1364 885 die
1372 847 1449 896 gele⸗

563 891 669 941 genſte
683 891 757 942 Zeit
771 896 842 943 jetzo
861 896 990 942 darinn,
1004 896 1068 944 daß
1079 897 1172 946 heute
1180 898 1250 939 St.
1259 900 1486 947 Johannis⸗

564 951 675 992 Abend
692 950 740 997 iſt.

613 1004 856 1057 Jeronimus.
912 1006 1016 1048 Kann
1037 1006 1132 1056 dieſes
1145 1015 1249 1050 etwas
1262 1008 1399 1060 nuͤtzen?

615 1059 802 1102 Leander.
853 1061 921 1109 Ja,
927 1063 981 1116 ſie
982 1055 1060 1112 muß
1069 1074 1105 1114 zu
1114 1069 1166 1104 der
1173 1064 1297 1111 Quelle,
1310 1068 1375 1105 und
1384 1074 1450 1111 von

563 1120 635 1155 dem
650 1119 794 1163 dortigen
818 1109 1091 1174 Geſundbrunnen
1115 1125 1169 1159 das
1182 1110 1293 1178 friſche
1319 1113 1449 1180 Waſſer

562 1164 682 1211 heraus
704 1165 835 1207 trinken.

613 1222 857 1276 Jeronimus.
920 1226 983 1278 Jſt
998 1228 1024 1267 in
1034 1223 1152 1277 dieſem
1167 1228 1294 1281 Waſſer
1316 1228 1396 1273 denn
1414 1221 1448 1282 ſo

562 1284 637 1324 viele
646 1284 768 1327 Kraft?

613 1328 796 1366 Leander.
870 1329 924 1362 Es
947 1331 985 1369 iſt
1000 1332 1081 1379 mehr
1097 1327 1264 1381 heilſames
1284 1338 1448 1372 darinnen,

560 1387 615 1422 als
631 1395 708 1420 man
727 1385 865 1431 glauben
880 1388 982 1431 kann,
1007 1398 1099 1424 wenn
1113 1384 1191 1426 man
1208 1397 1242 1426 es
1254 1394 1298 1439 nur
1300 1395 1447 1433 ordent⸗

562 1441 619 1481 lich
640 1448 678 1486 zu
700 1443 757 1476 den
787 1445 904 1487 rechten
935 1442 1120 1489 Stunden,
1137 1446 1219 1482 und
1244 1446 1304 1483 mit
1323 1443 1494 1496 einigen

560 1486 839 1541 Praͤparatorien,
856 1488 909 1526 als
928 1491 977 1527 ein
995 1495 1098 1539 wenig
1112 1482 1252 1541 Pulver,
1269 1497 1328 1532 das
1346 1496 1383 1538 ſie
1398 1500 1495 1540 et⸗

561 1553 637 1584 wan
654 1543 769 1592 vorher
781 1544 962 1593 einnehmen
979 1544 1043 1593 ſoll,
1067 1546 1257 1597 gebrauchen
1276 1551 1367 1593 wird.

610 1594 850 1648 Jeronimus.
904 1599 989 1640 Will
1003 1605 1054 1638 der
1067 1593 1153 1645 Herr
1164 1600 1324 1637 Licentiat
1338 1593 1493 1641 etwan

560 1660 607 1700 die
623 1657 791 1705 Guͤtigkeit
807 1659 907 1707 haben
921 1665 985 1698 und
996 1663 1055 1700 mit
1068 1661 1185 1709 hinaus
1201 1662 1384 1714 fahren?

612 1715 796 1760 Leander.
870 1718 1020 1765 Sonſten
1050 1721 1087 1761 iſt
1116 1720 1300 1771 dergleichen
1326 1722 1445 1764 meines

559 1770 679 1820 Thuns
695 1772 786 1811 nicht,
814 1774 854 1808 da
875 1774 919 1809 ich
935 1774 1008 1812 aber
1024 1771 1140 1817 merke,
1168 1778 1226 1815 wie
1247 1779 1293 1815 die
1300 1774 1447 1823 Patien⸗

558 1824 607 1861 tin
623 1825 672 1861 ein
692 1824 879 1865 Vertrauen
896 1833 992 1869 gegen
1010 1827 1090 1863 mich
1104 1825 1171 1873 hat,
1186 1831 1251 1865 und
1261 1826 1373 1874 ſolches
1388 1837 1446 1876 zur

559 1870 672 1906 wieder
682 1860 887 1916 erlangenden
897 1861 1091 1919 Geſundheit
1101 1873 1196 1911 vieles
1211 1870 1358 1925 beytraͤgt,
1383 1874 1448 1913 mein

558 1921 693 1969 werther
708 1923 793 1970 Herr
811 1923 891 1963 mich
907 1926 983 1966 auch
999 1914 1129 1981 ſelbſten
1141 1931 1257 1969 darum
1273 1918 1402 1981 erſucht,
1411 1925 1445 1977 ſo

559 1981 624 2022 will
639 1980 683 2030 ich
698 1989 732 2022 es
747 1982 831 2030 nicht
847 1978 1042 2034 abſchlagen.
