1602 2274
531 267 608 320 306

839 263 943 318 Von
943 263 1028 318 den
1028 263 1174 318 Klagen

537 353 609 388 deln,
630 357 686 384 und
706 354 789 391 dabey
811 360 868 386 uns
888 357 998 392 kluͤglich

536 397 594 436 hier
617 398 722 434 ſchicken
746 400 774 428 in
792 401 833 431 die
855 399 912 436 boͤſe
930 401 1000 436 Zeit,

535 442 593 469 und
622 446 670 469 vor
708 441 816 477 falſcher
843 442 1001 480 Heiligkeit,

537 480 601 516 auch
619 483 665 511 der
682 479 781 518 Feinde
798 483 848 519 Liſt
863 488 918 515 und
927 484 997 518 Wuͤ⸗

536 528 596 557 ten,
615 526 671 554 uns
690 524 741 555 mit
759 523 1000 565 Schlangenklug⸗

535 569 591 604 heit
611 567 703 605 huͤten.

579 608 595 637 8
629 605 685 642 Laß
700 606 750 638 mit
769 606 865 638 Beten
877 611 933 639 und
943 608 996 639 mit

535 649 655 686 Wachen
685 651 748 688 ſtets
772 655 826 684 uns
850 652 922 691 ſtehn
946 653 999 690 auf

534 694 629 728 unſrer
652 691 732 730 Hut,
775 696 833 725 und
852 702 907 727 nur
930 697 995 732 dich,

533 732 619 771 Herr,
640 736 723 770 laſſen
741 738 861 771 machen,
884 737 909 774 ſo
926 740 994 768 wird

534 777 602 808 alles
619 780 726 808 werden
741 785 800 812 gut.
819 779 910 816 Jeſus
922 781 994 816 ſtrei⸗

533 820 572 847 tet
592 817 638 854 fuͤr
656 821 710 848 uns
726 810 795 855 hier,
811 823 867 849 und
884 819 994 851 vertritt

532 862 593 892 uns
608 864 667 891 dort
682 862 731 896 bey
750 864 802 897 dir,
823 863 867 894 bis
879 865 931 895 wir
943 863 996 900 auf

532 905 579 934 der
596 911 682 935 neuen
700 904 792 939 Erden
808 905 857 943 bey
869 906 926 944 ihm
945 906 992 938 tri⸗

531 948 679 986 umphiren
697 949 818 981 werden.

531 1019 584 1052 M.
598 1017 674 1056 Herr
689 1018 727 1053 ich
742 1017 812 1057 habe
834 1016 989 1058 mißgeh.ꝛc.

531 1085 669 1156 363.
671 1085 728 1143 U

731 1069 789 1117 nſer
835 1079 990 1118 Herrſcher,

743 1120 819 1154 unſer
831 1112 931 1161 Koͤnig,
944 1127 989 1152 un⸗

530 1161 568 1197 ſer
583 1159 765 1200 allerhoͤchſtes
774 1162 858 1196 Gut!
876 1164 989 1202 herrlich

528 1201 560 1239 iſt
577 1202 637 1233 dein
653 1204 748 1240 großer
764 1204 869 1241 Name,
884 1206 945 1236 weil
960 1214 988 1238 er

528 1241 756 1282 Wunderthaten
779 1244 856 1284 thut,
894 1248 988 1284 loͤblich

528 1282 587 1319 nah
603 1277 660 1314 und
675 1284 740 1320 auch
755 1291 809 1315 von
824 1286 910 1324 ferne,
929 1292 985 1317 von

529 1332 576 1361 der
594 1329 653 1362 Erd
670 1330 712 1361 bis
728 1339 763 1360 an
780 1330 821 1362 die
841 1331 964 1364 Sterne.

573 1382 599 1402 2.
619 1372 719 1408 Wenig
731 1374 786 1410 ſind
795 1382 826 1410 zu
835 1374 918 1410 dieſen
928 1373 987 1411 Zei⸗

527 1416 585 1448 ten,
600 1413 694 1446 welche
712 1415 766 1446 dich
781 1421 834 1445 von
848 1414 985 1453 Herzens⸗

526 1457 615 1491 grund
635 1456 730 1490 lieben,
756 1456 847 1491 ſuchen
867 1461 923 1488 und
942 1458 984 1488 be⸗

525 1494 643 1532 gehren:
656 1499 710 1526 aus
718 1499 763 1525 der
774 1501 868 1535 zarten
878 1498 984 1531 Kinder

524 1540 627 1574 Mund
645 1540 702 1578 haſt
715 1545 749 1572 du
767 1545 807 1574 dir
816 1544 860 1573 ein
875 1544 926 1575 Lob
942 1544 983 1576 be⸗

525 1582 616 1619 reitet,
646 1585 757 1619 welches
779 1585 857 1617 deine
879 1586 985 1624 Macht

523 1625 684 1658 ausbreitet.

569 1672 595 1699 3.
615 1665 655 1696 Es
664 1666 695 1700 iſt
710 1666 791 1697 leider
806 1674 839 1703 zu
847 1665 982 1704 beklagen,

522 1707 552 1744 ja
561 1714 630 1738 wem
642 1708 724 1743 bricht
733 1711 785 1738 das
795 1710 883 1747 Herze
902 1710 982 1746 nicht,

523 1753 604 1778 wenn
614 1757 678 1779 man
688 1749 767 1787 ſiehet
774 1751 800 1786 ſo
811 1752 861 1782 viel
868 1751 981 1788 tauſend

522 1790 608 1826 fallen
634 1799 671 1819 an
699 1796 756 1822 dem
778 1793 865 1831 hellen
888 1795 979 1828 Licht?

521 1835 577 1868 Ach
595 1835 645 1867 wie
653 1837 730 1873 ſicher
740 1835 831 1876 ſchlaͤft
841 1845 885 1870 der
893 1839 981 1872 Suͤn⸗

520 1878 576 1910 der,
625 1878 803 1914 ſchlummern
832 1880 871 1917 oft
903 1881 976 1918 ſelbſt

520 1922 597 1953 deine
613 1922 739 1954 Kinder!

559 1967 591 1997 4.
613 1957 796 2000 Unterdeſſen,
827 1959 892 2001 Herr
910 1961 976 1996 mein

1033 353 1190 392 Herrſcher,
1207 356 1263 387 will
1281 358 1317 390 ich
1334 359 1441 395 treulich
1453 360 1501 390 lie⸗

1034 400 1083 430 ben
1101 401 1166 435 dich.
1198 402 1287 434 Denn
1301 403 1338 436 ich
1355 404 1433 438 weiß,
1458 408 1496 434 du

1034 447 1124 472 treuer
1138 442 1236 475 Vater,
1252 444 1307 478 daß
1326 446 1361 474 du
1363 440 1422 482 ewig
1439 445 1498 481 lie⸗

1033 485 1084 521 beſt
1101 485 1179 518 mich.
1218 484 1304 524 Zeuch
1319 490 1385 522 mich
1395 488 1495 526 kräftig

1033 532 1086 556 von
1103 529 1148 557 der
1156 525 1262 563 Erden,
1277 527 1330 564 daß
1341 529 1413 559 mein
1421 527 1497 567 Herz

1031 575 1094 604 mag
1112 569 1256 607 himmliſch
1279 574 1395 604 werden.

1073 611 1098 644 5.
1123 608 1209 646 Herr,
1230 611 1290 641 dein
1308 608 1375 648 Nam
1373 613 1419 649 iſt
1432 607 1494 654 hoch

1030 650 1181 690 geruͤhmet,
1192 657 1249 690 und
1261 656 1290 685 in
1300 656 1442 689 allerWelt
1452 660 1496 689 be⸗

1030 696 1124 728 kannt.
1136 695 1235 733 Gleich
1244 700 1294 729 den
1303 697 1495 730 mildenSon⸗

1030 735 1201 774 nenſtrahlen
1228 739 1335 775 dringet
1358 746 1387 770 er
1408 740 1492 775 durch

1028 781 1101 816 jedes
1110 779 1197 816 Land,
1206 785 1242 813 da
1253 781 1444 820 ruftHimmel,
1455 787 1493 815 da

1029 825 1087 859 ruft
1097 824 1188 857 Erde:
1200 824 1367 866 Hochgelobt
1375 824 1493 865 Jehova

1027 867 1136 898 werde!

1071 903 1100 936 6.
1121 903 1208 942 Herr,
1223 905 1296 938 mein
1306 906 1459 945 Herrſcher,
1472 916 1493 938 o

1026 948 1078 980 wie
1085 949 1196 987 herrlich
1203 950 1235 988 iſt
1241 951 1302 983 dein
1313 951 1408 985 Name
1420 952 1496 985 mei⸗

1027 997 1075 1022 ner
1087 991 1180 1025 Seel!
1196 993 1278 1025 drum
1287 994 1324 1028 ich
1337 989 1413 1034 auch,
1427 990 1493 1033 nach

1026 1029 1132 1064 Gnade
1148 1024 1335 1069 ſchmachtend,
1360 1035 1401 1065 dir
1417 1033 1490 1071 mich

1025 1077 1132 1112 Armen
1147 1081 1190 1116 itzt
1204 1079 1305 1117 befehl:
1335 1083 1404 1119 gieb,
1432 1083 1492 1119 daß

1024 1117 1071 1156 ſich
1078 1118 1152 1152 mein
1159 1118 1232 1158 Herz
1242 1123 1300 1154 und
1316 1122 1432 1156 Glieder
1444 1125 1490 1157 dir

1025 1159 1086 1187 nun
1101 1149 1176 1195 ganz
1192 1157 1302 1196 ergeben
1320 1162 1459 1200 wieder.

1121 1219 1185 1258 Jeſ.
1199 1228 1251 1258 49,
1276 1230 1325 1259 14⸗
1339 1225 1387 1255 16.

1021 1270 1075 1304 M.
1088 1270 1161 1308 Freu
1157 1264 1221 1313 dich
1234 1265 1303 1313 ſehr,
1320 1274 1336 1304 o
1351 1271 1439 1304 meine
1453 1280 1491 1307 ꝛc.

1020 1345 1167 1418 364.
1164 1348 1223 1421 Z

1222 1324 1292 1368 ion
1319 1328 1389 1366 klagt
1428 1331 1488 1364 mit

1264 1373 1388 1408 Angſt
1413 1374 1484 1409 und

1020 1411 1203 1448 Schmerzen,
1216 1414 1293 1450 Zion,
1301 1413 1405 1446 Gottes
1414 1421 1488 1447 wer⸗

1009 1457 1064 1492 the
1079 1456 1185 1492 Stadt,
1206 1458 1246 1488 die
1256 1465 1283 1489 er
1297 1457 1372 1498 traͤgt
1389 1463 1419 1490 in
1437 1460 1488 1495 ſei⸗

1020 1503 1081 1527 nem
1090 1496 1207 1537 Herzen,
1220 1500 1261 1530 die
1272 1508 1300 1531 er
1310 1500 1367 1539 ihm
1377 1500 1486 1540 erwaͤh⸗

1017 1544 1054 1575 let
1065 1544 1121 1580 hat.
1131 1544 1199 1583 Ach,
1212 1541 1304 1584 ſpricht
1314 1542 1370 1583 ſie,
1371 1549 1421 1578 wie
1430 1547 1483 1584 hat

1019 1583 1093 1614 mein
1108 1583 1184 1616 Gott
1206 1587 1274 1622 mich
1296 1587 1422 1622 verlaſſen
1447 1588 1481 1619 in

1018 1628 1064 1657 der
1079 1626 1176 1662 Noth,
1199 1631 1254 1661 und
1279 1626 1339 1664 laͤßt
1359 1629 1427 1664 mich
1449 1629 1482 1666 ſo

1018 1668 1096 1706 harte
1110 1669 1238 1707 preſſen?
1259 1672 1377 1706 Meiner
1388 1670 1443 1711 hat
1449 1669 1482 1708 er

1016 1716 1086 1747 ganz
1103 1711 1248 1748 vergeſſen.

1061 1759 1089 1779 2.
1111 1751 1174 1782 Der
1190 1751 1275 1787 Gott,
1294 1753 1339 1782 der
1355 1752 1408 1783 mir
1426 1753 1479 1791 hat

1017 1792 1187 1830 verſprochen
1218 1796 1307 1830 ſeinen
1329 1795 1479 1834 Beyſtand

1014 1835 1138 1873 jederzeit
1156 1838 1201 1869 der
1217 1835 1274 1873 laͤßt
1296 1838 1342 1875 ſich
1367 1840 1478 1876 vergeb⸗

1013 1878 1062 1913 lich
1092 1878 1194 1915 ſuchen,
1225 1880 1283 1916 jetzt
1314 1881 1343 1911 in
1370 1883 1478 1913 meiner

1014 1920 1196 1959 Traurigkeit.
1241 1924 1294 1960 Ach
1303 1926 1358 1956 will
1369 1935 1395 1957 er
1404 1927 1479 1957 denn

1013 1963 1060 1997 fuͤr
1080 1965 1136 1998 und
1153 1962 1200 2004 fuͤr
1220 1963 1349 2005 grauſam
1370 1966 1479 2006 zuͤrnen

1405 2007 1484 2043 uͤber
