1827 2852
518 502 759 543 Stempelſtrafe

515 562 594 596 wird
615 562 712 600 außer
741 565 805 598 dem
833 562 934 604 Erſatz
962 565 1012 600 der
1038 557 1298 607 Stempelgefaͤlle
1325 562 1356 597 in
1382 563 1433 598 der
1454 562 1554 605 Regel
1582 568 1645 597 von

513 612 580 645 dem
599 609 766 649 Ausſteller
785 609 914 647 erleget,
950 612 1013 643 und
1030 607 1169 651 betraͤget

557 695 587 721 1.
611 693 700 722 wenn
722 688 769 723 bei
792 687 1002 727 Geſuchen
1029 691 1093 723 und
1119 687 1486 730 Verhandlungen
1506 695 1563 723 vor
1582 690 1644 726 Ge⸗

599 740 675 777 richt
697 741 768 771 oder
791 740 908 773 andern
926 737 1125 780 Obrigkeiten
1154 742 1217 774 und
1244 739 1435 783 oͤffentlichen
1461 738 1640 781 Behoͤrden,

549 783 780 827 imgleichen
803 783 850 829 bei
874 783 1086 829 Contracten,
1134 783 1231 827 außer
1257 789 1322 828 dem
1345 785 1446 835 Kauf,
1470 782 1520 830 der
1545 782 1644 843 Pacht

599 845 663 876 und
689 839 811 884 Miethe
826 831 1064 884 unbeweglicher
1083 838 1204 880 Guͤter,
1232 845 1283 878 der
1296 841 1507 884 erforderliche
1525 844 1636 880 Stem⸗

602 902 650 942 pel
667 900 746 938 nicht
763 901 917 943 adhibiret
934 902 1031 939 wird,
1058 911 1074 936 I
1096 902 1186 939 Rthl.
1204 902 1295 940 Decl.
1318 910 1347 937 v.
1367 910 1417 943 17.
1441 902 1524 943 May
1546 907 1640 943 1741.

598 961 630 994 p.
647 961 678 994 7.
696 953 732 986 C.
749 956 794 988 II.
812 959 839 997 §.
860 962 909 993 13.
928 958 984 989 des
1009 955 1047 991 E.
1075 962 1103 987 v.
1132 955 1226 995 1766.
1252 964 1289 995 p.
1305 962 1380 995 422.
1406 957 1464 989 IV.
1491 958 1585 1002 Publ.
1611 963 1641 986 v.

603 1009 653 1043 14.
673 1001 754 1040 Aug.
776 1005 868 1042 1787.
887 1012 917 1043 p.
936 1009 1029 1044 1573.
1053 1005 1147 1037 VIII.
1177 1007 1219 1040 R.
1248 1014 1277 1035 v.
1306 1008 1356 1040 25.
1381 1003 1464 1043 May
1492 1008 1584 1045 1789.
1610 1009 1641 1040 p.

600 1059 697 1093 2493.
722 1054 816 1088 VIII.
837 1057 872 1091 A.
895 1055 922 1092 L.
941 1055 983 1091 R.
1006 1055 1063 1097 Th.
1084 1064 1114 1087 2.
1134 1052 1197 1089 Tit.
1216 1057 1269 1087 20.
1287 1055 1313 1093 §.
1338 1058 1429 1092 273.;
1465 1057 1528 1087 und
1561 1060 1640 1096 zwar

593 1103 634 1137 in
652 1104 818 1145 Anſehung
844 1105 899 1137 des
929 1103 1167 1144 Supplicanten
1197 1104 1280 1144 ſelbſt
1308 1108 1377 1138 oder
1406 1107 1498 1147 deſſen
1527 1103 1640 1147 Juſtiz⸗

600 1151 814 1192 commiſſarii,
839 1155 889 1185 der
906 1152 999 1192 ſolche
1019 1151 1258 1192 unterſchrieben
1277 1154 1347 1186 oder
1361 1146 1557 1192 eingereicht;
1581 1154 1642 1193 fer⸗

599 1212 672 1240 ner,
696 1210 784 1238 wenn
811 1204 856 1239 bei
872 1205 1144 1246 Ausfertigungen
1169 1210 1232 1239 von
1251 1207 1301 1238 der
1320 1204 1451 1247 Canzley
1471 1207 1521 1240 der
1542 1208 1640 1247 erfor⸗

599 1254 725 1293 derliche
744 1253 892 1294 Stempel
913 1253 994 1293 nicht
1008 1253 1163 1294 adhibiret
1182 1254 1274 1293 wird,

638 1334 745 1374 welche
769 1334 889 1374 Strafe
908 1337 1059 1370 entweder
1092 1337 1159 1369 der
1182 1335 1360 1378 Canzliſt
1379 1334 1487 1376 erlegt,
1517 1338 1567 1370 der
1580 1339 1635 1369 den

639 1383 869 1419 erforderlichen
891 1382 1138 1425 Stempelbogen
1156 1381 1236 1421 nicht
1252 1382 1435 1424 gebraucht,
1461 1385 1487 1423 §.
1507 1390 1555 1421 13.
1578 1386 1634 1418 des

640 1435 752 1471 Edicts
772 1441 801 1468 v.
820 1435 914 1475 1766.
940 1444 993 1464 no.
1020 1442 1050 1466 2.
1072 1443 1104 1474 p.
1123 1441 1197 1474 422.
1216 1437 1274 1467 IV.
1301 1439 1372 1471 oder
1398 1437 1466 1470 der
1494 1437 1638 1473 Secre⸗

640 1481 806 1520 tarius,
852 1484 904 1517 der
925 1483 974 1518 bei
998 1486 1050 1516 der
1085 1482 1269 1524 Expedition
1311 1486 1368 1517 den
1402 1483 1635 1523 erforderlichen

637 1535 786 1575 Stempel
804 1534 885 1576 nicht
903 1535 1030 1570 bemerkt
1045 1537 1099 1577 hat
1117 1534 1154 1566 C.
1175 1542 1204 1568 v.
1220 1546 1273 1570 21.
1293 1537 1378 1575 May
1397 1535 1491 1577 1766.
1509 1546 1540 1576 p.
1559 1533 1635 1577 446.

635 1589 695 1621 IV.
723 1586 813 1624 Decl.
834 1593 863 1620 v.
883 1593 913 1624 5.
931 1585 1010 1622 Dec.
1032 1587 1125 1625 1768.
1151 1594 1183 1625 p.
1209 1592 1305 1627 5043.
1328 1586 1388 1620 IV.
1410 1586 1483 1624 oder
1508 1587 1635 1632 derjeni-

636 1638 692 1671 ge,
717 1634 767 1665 der
785 1633 848 1666 eine
870 1633 924 1673 erſt
943 1636 1017 1672 nach
1035 1637 1087 1667 der
1104 1632 1311 1673 Vollziehung
1328 1641 1363 1673 zu
1381 1632 1557 1672 ſtempelnde
1577 1637 1635 1675 Ex⸗

633 1679 771 1719 pedition
802 1675 1054 1720 ausgehaͤndiget
1081 1682 1109 1719 §.
1142 1669 1192 1716 13.
1231 1673 1287 1716 des
1319 1681 1357 1717 E.
1394 1685 1424 1714 v.
1466 1681 1561 1723 1766.
1602 1688 1634 1721 p.

632 1736 706 1769 421.
736 1728 794 1760 IV.

547 1825 578 1852 2.
604 1814 661 1849 bei
671 1812 1214 1857 Collateral ⸗ Erbſchaften
1241 1824 1306 1850 200
1332 1815 1423 1857 Rthl.
1447 1818 1489 1854 R.
1520 1824 1550 1850 v.
1581 1819 1631 1855 27.

591 1868 676 1904 Nov.
696 1866 789 1909 1769.
808 1875 838 1909 p.
860 1866 955 1907 6288.
976 1869 1034 1903 IV.
1061 1869 1097 1902 C.
1118 1874 1147 1901 v.
1164 1875 1215 1910 29.
1241 1868 1310 1908 Apr.
1332 1874 1424 1908 1771.
1443 1879 1474 1910 p.
1495 1871 1566 1911 167.
1591 1866 1648 1903 V.

586 1917 616 1959 a.
642 1913 681 1957 A.
699 1913 725 1955 L.
742 1912 785 1958 R.
803 1909 850 1952 II.
865 1909 939 1953 XX.
956 1914 1031 1957 275.
1047 1910 1123 1953 276.
1144 1910 1218 1955 Pat.
1236 1916 1270 1951 v.
1292 1915 1343 1957 15.
1364 1913 1452 1959 Jan.
1480 1912 1575 1959 1796.
1594 1914 1629 1956 p.

585 1987 636 2020 33.
658 1981 702 2012 X.

541 2051 572 2084 3.
594 2047 653 2079 das
678 2044 875 2086 Duplum,
898 2048 924 2078 d.
945 2046 973 2086 h.
991 2048 1046 2080 den
1063 2045 1226 2088 doppelten
1249 2047 1371 2087 Betrag
1391 2048 1446 2080 des
1462 2045 1630 2087 Stempels

587 2096 618 2123 in
638 2094 802 2129 folgenden
823 2094 849 2129 §.
879 2095 908 2125 3.
937 2092 993 2124 des
1017 2090 1131 2125 Edicts
1154 2095 1184 2123 v.
1217 2089 1312 2129 1766.
1337 2099 1369 2130 p.
1393 2096 1468 2132 409.
1493 2093 1553 2125 IV.
1577 2080 1648 2127 be⸗

582 2151 722 2182 nannten
744 2145 872 2192 Faͤllen,
897 2146 1048 2188 naͤmlich:

621 2219 670 2255 bei
693 2229 1032 2266 Aſſecuranz  ⸗ Policen
1059 2214 1176 2247 (außer
1207 2218 1259 2241 der
1282 2215 1427 2245 Nullitaͤt
1453 2196 1621 2249 derſelben)

626 2272 839 2311 Curatorien,
864 2272 1017 2307 Tutorien
1037 2276 1100 2306 und
1118 2272 1312 2312 Dechargen,
1339 2280 1428 2310 wenn
1451 2275 1502 2307 der
1521 2273 1619 2309 Cura⸗

624 2326 674 2355 tor
693 2329 741 2355 ein
759 2320 978 2362 Honorarium
1005 2318 1120 2361 erhaͤlt;
1145 2321 1190 2355 bei
1206 2321 1478 2363 Dispenſationen
1504 2329 1575 2357 vom
1599 2329 1619 2352 2

615 2369 687 2406 oder
706 2371 727 2409 3
742 2372 876 2397 maligen
887 2369 1076 2401 Aufgebot,
1091 2363 1411 2404 Edictalcitationen,
1435 2360 1617 2396 Lehn  ⸗ und

585 2415 911 2458 Afterlehnbriefen,
942 2414 1181 2460 Leichenpaͤſſen,
1223 2417 1332 2457 ſichern
1366 2417 1526 2459 Geleiten,
1568 2415 1613 2452 bei
