2445 3028
949 566 996 614 iſt
1008 568 1098 603 unter
1119 553 1208 610 ihnen
1222 557 1471 613 gewoͤhnlicher,
1497 553 1549 606 als
1549 553 1630 609 die
1632 551 1887 612 Nachahmung
1903 550 1963 610 der
1976 561 2228 612 Vornehmſten
2248 562 2294 603 iu

953 620 1009 657 der
1017 612 1136 659 Welt,
1153 613 1218 654 und
1238 622 1320 654 man
1328 619 1458 661 meynet
1471 614 1630 661 allemahl
1648 615 1713 653 das
1729 605 1839 660 Gute,
1855 614 2011 660 allemahl
2029 616 2095 655 das
2113 613 2219 661 Beſte
2235 623 2311 654 er⸗

955 664 1056 711 wehlt
1077 665 1143 704 und
1158 663 1281 714 gethan
1297 674 1334 713 zu
1350 663 1478 713 haben,
1500 673 1557 705 wo
1571 675 1653 705 man
1674 663 1767 711 ihren
1790 663 1992 714 Fußſtapfen
2017 663 2286 711 nachgegangen.

954 715 1034 760 Die
1044 712 1172 765 Hoheit
1181 716 1380 764 regierender
1387 707 1534 766 Prinzen
1545 708 1672 761 machet
1687 715 1779 754 einen
1796 715 1911 754 weiten
1924 715 2126 764 Unterſchied
2133 715 2287 763 zwiſchen

956 763 1054 809 ihnen
1071 764 1144 813 und
1151 758 1250 813 allen
1247 757 1440 813 Menſchen,
1456 755 1553 814 dieſer
1571 761 1778 814 Unterſchied
1786 764 1923 809 machet
1940 764 2106 810 jederman
2123 764 2287 812 auſmerk⸗

955 812 1025 864 ſam
1045 814 1111 864 auf
1123 814 1162 863 ſie
1183 817 1251 856 und
1265 815 1343 862 ihre
1353 807 1638 862 Vertichtungen,
1649 816 1716 856 und
1726 807 1804 863 dieſe
1814 818 1943 855 werden
1952 817 2013 855 den
2023 815 2201 864 Menſchen
2213 817 2287 859 bey⸗

954 868 1040 916 nahe
1057 876 1094 914 zu
1104 869 1211 909 einem
1217 861 1446 918 beſtaͤndigen
1465 861 1617 919 Beyſpiel
1628 870 1695 913 und
1703 878 1741 917 zu
1751 868 1835 910 einer
1846 868 2057 917 allgemeinen
2069 869 2289 919 Richtſchnur

952 919 1037 968 ihrer
1044 918 1293 968 Handlungen.
1340 920 1437 963 Das
1445 921 1594 969 Anſehen
1605 924 1660 963 der
1669 920 1844 968 Regenten
1861 922 1898 970 iſt
1911 924 1976 962 das
1985 920 2134 970 Anſehen
2154 925 2207 963 der
2217 920 2290 963 Un⸗

953 966 1137 1014 terthanen,
1162 970 1222 1007 und
1237 969 1287 1008 die
1296 964 1421 1016 Groͤſſe
1447 963 1500 1010 von
1504 959 1670 1015 jenen
1627 957 1686 1013 der
1680 966 1877 1016 Maaßſtab
1897 970 1950 1009 der
1961 968 2094 1015 letztern.
2146 965 2289 1013 Jemehr

953 1021 1110 1068 demnach
1124 1018 1338 1067 Monarchen
1348 1019 1409 1067 ſich
1419 1028 1492 1066 zum
1499 1016 1570 1070 Ziel
1577 1023 1639 1069 des
1650 1014 1866 1068 Anſchauens
1875 1022 1942 1062 und
1953 1024 2007 1062 der
2017 1020 2309 1069 Bewunderung

954 1066 1056 1117 ſetzen,
1067 1067 1096 1116 je
1104 1061 1222 1119 groͤſſer
1238 1064 1328 1114 wird
1354 1061 1400 1112 die
1416 1064 1491 1116 Ehre
1506 1072 1563 1115 der
1577 1061 1678 1114 ihnen
1685 1064 1948 1116 unterthaͤnigen
1966 1067 2111 1112 Voͤlker.
2162 1068 2290 1118 Heiſſet

952 1115 1054 1166 dieſes
1068 1115 1154 1164 nicht
1164 1117 1241 1158 eben
1251 1118 1328 1163 das,
1336 1107 1424 1158 was
1433 1116 1497 1158 wir
1506 1114 1599 1166 ſchon
1607 1107 1726 1164 vorhin
1737 1116 1922 1165 bewieſen?
1946 1114 2085 1168 Fuͤrſten
2104 1117 2220 1163 welche
2230 1118 2290 1162 bey

952 1171 1037 1221 ihrer
1055 1170 1201 1223 hoͤchſten
1217 1173 1360 1218 Gewalt
1371 1174 1421 1216 die
1432 1170 1555 1220 hoͤchſte
1564 1171 1827 1222 Weisheit
1765 1166 1820 1219 und
1835 1170 1932 1218 Guͤte
1947 1172 2064 1216 blicken
2081 1172 2194 1222 laſſen,
2211 1175 2309 1221 oder,

948 1216 1076 1272 welches
1096 1214 1223 1273 einerley
1242 1219 1293 1269 iſt,
1302 1213 1555 1269 eingeſchraͤnkte
1565 1213 1790 1268 Monarchen,
1799 1220 1935 1267 machen
1945 1221 2005 1268 ſich
2013 1223 2078 1261 und
2088 1222 2154 1266 ihre
2163 1218 2308 1265 Staa⸗

949 1271 999 1319 ten
1014 1269 1221 1320 gluͤckſeliger
1241 1275 1296 1312 und
1297 1264 1518 1319 beruͤhmter,
1526 1272 1584 1312 als
1600 1260 1662 1320 die,
1683 1261 1767 1320 deren
1776 1271 1877 1320 freyer
1894 1264 2081 1321 Wille
2033 1268 2088 1319 das
2091 1273 2221 1315 Ruder
2230 1277 2308 1313 des

950 1320 1169 1367 Regiments,
1184 1315 1321 1367 fuͤhret.
1342 1309 1408 1365 Die
1418 1313 1650 1367 Unterthanen
1659 1310 1792 1373 ſpiegeln
1808 1317 1870 1375 ſich
1886 1322 1911 1366 in
1940 1325 1996 1362 dem
2001 1318 2115 1366 Bilde
2127 1322 2213 1371 ihrer
2228 1322 2291 1365 Re⸗

951 1374 1084 1414 genten.
1125 1366 1211 1413 Nach
1226 1364 1309 1412 dem
1309 1357 1401 1416 dieſe
1401 1369 1492 1412 mehr
1501 1361 1711 1415 Proben
1663 1366 1726 1415 des
1723 1367 1880 1412 Zwangs
1884 1368 1959 1417 oder
1973 1369 2025 1418 der
2039 1369 2125 1419 Liebe
2138 1366 2289 1414 ablegen,

953 1413 1029 1469 nach
1045 1413 1104 1467 dem
1120 1418 1258 1466 pflegen
1266 1416 1326 1462 ſich
1335 1416 1418 1464 auch
1434 1416 1497 1461 jene
1518 1425 1605 1465 gegen
1616 1417 1814 1465 einander
1782 1416 1816 1467 zu
1824 1411 2006 1464 verhalten.
2033 1415 2068 1469 Es
2071 1418 2138 1469 iſt
2154 1423 2306 1467 unſtrei⸗

950 1466 1004 1518 tig
1001 1465 1131 1515 beſſer,
1146 1473 1246 1511 wenn
1263 1464 1323 1515 ſich
1341 1467 1390 1507 die
1417 1457 1557 1513 Glieder
1587 1467 1677 1514 eines
1700 1464 1850 1513 Staats
1869 1466 1929 1507 mit
1949 1464 2246 1516 Freundlichkeit
2232 1473 2308 1519 und

952 1513 1183 1566 Sanftmuth
1192 1513 1367 1564 begegnen,
1386 1515 1441 1564 als
1458 1506 1560 1558 wenn
1560 1507 1616 1572 ſie
1622 1506 1712 1566 alles
1726 1515 1815 1565 nach
1834 1513 1896 1557 der
1907 1525 2058 1567 genauen
2076 1518 2187 1564 Regel
2201 1522 2304 1558 einer

951 1570 1111 1623 ſtrengen.
1119 1570 1358 1621 Gerechtigkeit
1372 1562 1593 1621 einrichten.
1624 1558 1702 1623 Wir
1727 1561 1860 1624 koͤnnen
1882 1575 1951 1613 uns
1969 1563 2143 1620 abermahl
2155 1570 2304 1619 hierbey

949 1619 1061 1675 nichts
1081 1618 1194 1673 anders
1208 1621 1451 1671 gedenken,
1398 1616 1449 1669 als
1465 1614 1586 1672 dieſes:
1618 1615 1873 1671 eingeſchraͤnkte
1894 1623 2109 1669 Monarchen
2125 1623 2196 1671 ſind
2204 1624 2302 1671 auch

952 1678 1042 1727 ihren
1050 1677 1279 1725 Unterthanen
1297 1684 1391 1722 unter
1403 1677 1463 1729 ſich
1496 1679 1548 1724 das
1552 1677 1646 1729 beſte
1656 1677 1810 1728 Exempel
1825 1680 1880 1720 der
1894 1678 2143 1729 Gerechtigkeit,
2159 1676 2302 1725 Weis⸗

952 1730 1022 1770 heit
1022 1730 1095 1770 und
1110 1730 1212 1772 Liebe.

1054 1770 1132 1821 Wir
1154 1768 1254 1821 haben
1275 1771 1360 1813 alles
1386 1770 1511 1821 gethan,
1538 1777 1610 1813 wenn
1630 1764 1694 1821 wir
1694 1757 1754 1821 den
1767 1767 1982 1817 allgemeinen
1990 1767 2140 1817 Begriff
2148 1778 2214 1810 von
2224 1782 2300 1819 den

951 1815 1533 1869 Vorzuͤgen
1151 1819 1241 1869 eines
1257 1816 1533 1870 eingeſchraͤnkten
1540 1816 1761 1878 Monarchen
1777 1823 1915 1872 ſelbſt
1903 1828 1955 1876 vor
1959 1824 2065 1863 einem
2080 1825 2296 1870 ungebunde⸗

951 1881 1015 1914 nen
1021 1871 1200 1921 Regenten
1208 1863 1430 1918 hinzuſetzen.
1454 1859 1522 1917 Wir
1545 1867 1610 1919 ſind
1597 1866 1754 1917 nicht
1730 1869 1764 1916 in
1763 1864 1837 1910 dem
1843 1873 1995 1916 Stande
1994 1875 2049 1925 die
2057 1875 2296 1920 vorzuͤglichen

948 1918 1132 1967 Vortheile
1158 1913 1217 1969 der
1205 1908 1420 1964 Monarchen
1422 1911 1543 1968 ſelbſt,
1558 1913 1662 1969 welche
1677 1919 1743 1963 ihre
1752 1917 1947 1965 Regierung
1966 1921 2132 1965 begleiten,
2148 1929 2181 1957 in
2200 1929 2295 1958 einer

950 1973 1049 2020 Rede
1046 1977 1086 2027 zu
1104 1969 1313 2021 beſchreiben,
1321 1972 1416 2013 deren
1425 1971 1605 2020 Verfaſſer
1613 1981 1659 2014 an
1675 1973 1726 2012 die
1745 1972 1953 2013 unverdiente
1962 1971 2092 2016 Gedult
2102 1974 2199 2020 ſeiner
2209 1983 2299 2012 vor⸗

950 2027 1112 2075 treflichen
1126 2022 1275 2076 Zuhoͤrer
1285 2026 1355 2072 und
1362 2033 1408 2066 an
1425 2025 1476 2065 die
1486 2035 1587 2070 engen
1596 2024 1801 2071 Schranken
1800 2017 1907 2076 ſeiner
1926 2024 2041 2075 Kraͤfte
2053 2027 2224 2075 gebunden
2234 2029 2288 2074 iſt.

950 2074 1004 2115 Es
1020 2075 1057 2123 iſt
1067 2075 1170 2112 einem
1178 2070 1354 2120 Regenten
1355 2063 1425 2120 viel
1436 2061 1647 2119 ruͤhmlicher,
1670 2071 1727 2123 das
1739 2066 1878 2127 hoͤchſte
1873 2071 1999 2120 Haupt
2017 2079 2113 2111 vieler
2131 2077 2293 2116 anſehnli⸗

944 2125 1021 2175 chen
1037 2124 1170 2182 Herren,
1183 2127 1237 2168 als
1248 2127 1308 2168 ein
1325 2126 1435 2177 freyer
1442 2125 1660 2174 Beherrſcher
1678 2120 1923 2176 ohnmaͤchtiger
1939 2122 2143 2175 Knechte
2091 2135 2126 2182 zu
2154 2130 2284 2175 heiſſen.

950 2175 1005 2220 Es
1002 2173 1051 2229 iſt
1058 2177 1123 2218 viel
1139 2176 1356 2225 vortreflicher
1371 2184 1438 2218 von
1456 2175 1560 2225 ſeinen
1574 2171 1882 2224 Unterthanen,
1835 2177 1893 2229 als
1898 2177 1949 2216 ein
1970 2171 2090 2218 Vater
2110 2183 2176 2216 und
2200 2182 2292 2221 nicht

950 2229 1007 2272 als
1015 2230 1065 2270 ein
1078 2229 1170 2287 Herr
1179 2229 1358 2280 angeſehen
1373 2232 1440 2272 und
1454 2229 1539 2278 nicht
1562 2225 1630 2273 nur
1631 2236 1697 2271 aus
1715 2230 1953 2280 Schuldigkeit
1970 2230 2105 2278 ſondern
2123 2232 2206 2276 auch
2223 2235 2290 2272 mit

950 2283 1172 2330 Vergnuͤgen
1190 2281 1364 2332 gefuͤrchtet
1402 2293 1434 2331 zu
1448 2285 1593 2329 werden.
1643 2283 1697 2329 Es
1722 2285 1761 2336 iſt
1783 2283 1851 2332 ihm
1870 2283 1934 2325 viel
1958 2282 2142 2333 bequemer,
2164 2285 2197 2322 in
2222 2284 2290 2324 wi⸗

950 2322 1175 2386 derwaͤrtigen
1187 2319 1314 2392 Faͤllen,
1338 2332 1378 2381 da
1389 2330 1559 2389 entweder
1570 2326 1661 2387 durch
1682 2333 1765 2392 ganz
1777 2331 2006 2391 unvermuthet
2031 2332 2290 2386 eingeſchlichene

2183 2403 2291 2445 Feh⸗
