1555 2359
560 469 624 516 446

556 563 695 613 einmahl
725 562 940 610 vorhandene,
982 562 1237 609 unabaͤnderliche
1270 563 1338 608 und

555 615 655 652 einem
680 617 764 659 jeden
790 616 937 661 Weiſen,
975 618 1028 650 der
1051 615 1101 651 ein
1126 623 1215 663 guter
1239 614 1335 655 Buͤr⸗

556 674 611 709 ger
630 663 684 708 iſt,
704 664 880 707 reſpectable
901 660 1130 710 Verfaſſungen
1152 669 1205 703 der
1230 660 1336 704 Welt⸗

556 719 673 757 Reiche
700 719 764 754 mit
784 715 1064 765 Graͤnz⸗ Steinen
1092 723 1144 757 der
1165 719 1340 763 Gewiſſen⸗

554 767 735 817 haftigkeit,
769 768 938 814 Billigkeit
961 770 1025 803 und
1045 762 1337 812 Menſchen ⸗ Liebe

553 817 714 863 gleichſam
723 817 878 863 eingefaßt
894 815 1004 863 haben,
1013 818 1104 856 allein
1115 820 1192 866 dieſe
1199 816 1336 864 Schrif⸗

553 879 623 916 ten,
652 870 699 906 die
722 870 851 916 Wercke
876 870 959 908 eines
976 868 1145 922 Grotius
1165 863 1229 916 und
1230 866 1335 915 Puf⸗

552 913 720 971 fendorff
726 918 861 972 gleichen
879 918 932 960 den
937 918 1133 970 Portraiten
1147 913 1333 971 beruͤhmter

553 971 732 1018 Perſonen,
749 964 803 1007 die
819 965 892 1007 man
899 965 1009 1023 nicht
1017 960 1105 1027 mehr
1129 979 1165 1019 zu
1183 969 1269 1017 ſehen
1286 960 1340 1010 be⸗

552 1023 692 1068 kommt,
702 1018 756 1070 ſie
765 1018 931 1071 enthalten
957 1025 1017 1061 das
1031 1022 1119 1065 Bild
1132 1029 1185 1062 der
1200 1014 1339 1068 Gerech⸗

552 1070 667 1128 tigkeit
685 1078 825 1128 zwiſchen
849 1074 1054 1127 Voͤlckern,
1066 1070 1118 1120 die
1140 1082 1230 1127 nicht
1240 1076 1338 1128 mehr

552 1129 731 1170 vorhanden
747 1125 782 1167 iſt
796 1127 858 1161 und
878 1127 948 1169 man
960 1119 1055 1175 beruft
1081 1126 1135 1172 ſich
1150 1128 1209 1169 auf
1211 1116 1257 1176 ſie
1258 1119 1338 1170 nur

552 1184 648 1227 noch,
671 1182 731 1231 wie
750 1182 780 1219 in
797 1186 853 1235 den
870 1175 1262 1233 Geſchlechts ⸗ Regiſtern
1279 1181 1338 1231 auf

553 1234 606 1272 die
618 1220 751 1283 Ahnen,
765 1222 801 1280 es
821 1226 883 1279 iſt
891 1226 1011 1282 genug,
1035 1215 1094 1286 daß
1116 1223 1170 1281 ſie
1178 1229 1219 1270 da
1238 1225 1336 1279 gewe⸗

551 1286 602 1333 ſen
619 1281 727 1334 ſeynd,
753 1291 814 1323 von
832 1284 920 1336 ihren
936 1281 1047 1333 Reden
1074 1277 1135 1344 und
1150 1276 1275 1337 Thaten
1296 1272 1338 1332 iſt

551 1348 638 1388 keine
659 1336 757 1403 Frage
775 1336 873 1399 mehr.

623 1385 739 1439 Wann
763 1418 850 1440 man
879 1412 1028 1442 dagegen
1066 1408 1192 1443 manche
1224 1407 1339 1440 neuere

547 1464 723 1518 Schriften
741 1459 836 1513 ließt,
859 1466 982 1503 worinn
994 1469 1047 1504 der
1064 1460 1159 1510 Welt
1173 1464 1222 1510 ein
1241 1461 1275 1517 ſo
1284 1473 1343 1509 ge⸗

552 1529 688 1559 nanntes
709 1520 827 1567 Recht
849 1524 914 1561 der
934 1521 1120 1567 Natur*)
1153 1521 1344 1565 vorgetraͤu⸗

552 1565 619 1608 met
633 1561 768 1605 worden,
779 1567 819 1605 ſo
827 1563 945 1606 moͤchte
945 1571 1036 1606 man
1049 1563 1135 1608 ihren
1154 1557 1344 1616 Verfaſſern

554 1630 615 1667 mit
629 1625 780 1676 Hallern
793 1627 876 1673 wohl
889 1628 1043 1676 zurufen:

590 1697 683 1709 ⸗ ⸗
716 1671 817 1719 Halb
832 1672 937 1717 Engel
958 1672 1030 1709 und
1046 1662 1126 1722 halb
1124 1671 1258 1722 Vieh,

606 1723 671 1740 Du
692 1721 810 1748 ruͤhmſt
815 1719 883 1752 dich
900 1714 954 1735 der
963 1705 1131 1745 Vernunft
1144 1722 1210 1737 und
1226 1715 1275 1740 du
1280 1683 1345 1745 ge⸗

940 1774 1078 1824 brauchſt
1097 1780 1134 1824 ſie
1155 1778 1223 1824 nie;

1245 1827 1333 1875 bey

605 1908 638 1949 *)
662 1898 733 1939 oder
746 1898 809 1938 wie
820 1893 938 1944 Glafey
954 1900 1016 1937 das
1024 1891 1168 1947 Seinige
1184 1882 1344 1946 genennet

656 1966 722 2015 hat,
740 1967 804 2008 der
818 1964 1058 2015 Vernunft.
