1533 2313
428 361 452 383 6.
470 360 517 385 Bis
540 363 575 384 der
589 364 625 386 tag
640 358 702 385 kuͤhle
721 360 801 385 werde,
818 360 860 382 und
874 360 908 381 der

413 389 506 418 ſchatten
519 391 600 415 weiche.
630 390 671 415 Jch
685 389 721 412 wil
736 394 783 415 zum
798 388 908 413 myrrhen⸗

416 417 476 446 berge
483 418 556 446 gehen,
566 421 610 441 und
619 423 666 443 zum
678 416 879 444 weihrauchshuͤgel.

611 452 628 465 c.
638 452 658 465 2,
668 447 708 468 17.

429 472 453 492 7.
462 466 505 489 Du
513 465 552 488 biſt
558 465 656 491 allerding
664 464 738 491 ſchoͤn,
754 469 821 487 meine
835 464 908 489 freun⸗

414 501 462 525 din,
472 502 516 525 und
524 499 549 522 iſt
558 500 599 522 kein
607 500 677 524 flecken
686 505 712 523 an
722 501 762 521 dir.
794 498 842 525 Eph.
849 503 905 523 5,25.

428 531 452 553 8.
461 527 560 552 Komm,
576 532 641 550 meine
648 527 723 551 braut,
740 531 789 549 vom
798 526 906 549 Libanon;

414 554 486 579 komm
502 557 552 576 vom
560 552 659 577 Libanon.
690 552 749 579 Gehe
764 552 847 577 herein,
867 556 906 574 trit

414 583 450 608 her
466 584 509 603 von
527 582 560 603 der
573 580 625 608 hoͤhe
635 580 734 606 Amana,
750 584 791 602 von
807 583 837 601 der
853 579 905 605 hoͤhe

414 610 488 633 Senir
502 610 545 631 und
557 608 671 635 Hermon,
687 611 729 631 von
750 610 787 630 den
800 608 906 632 wohnun⸗

416 640 456 662 gen
465 637 499 658 der
507 633 584 662 loͤwen,
595 640 637 660 von
649 637 685 658 den
694 634 766 662 bergen
778 636 811 656 der
820 633 907 659 Leopar⸗

415 668 463 688 den.
612 673 623 690 5
633 665 745 691 Moſ.3,9.
760 669 771 685 2
780 662 906 686 Koͤn.
850 660 868 686 5,
875 660 908 686 12.

427 698 452 718 9.
465 692 507 716 Du
527 692 572 717 haſt
587 697 629 716 mir
651 694 689 715 das
704 690 754 717 hertz
774 696 906 715 genommen,

416 721 484 740 meine
497 717 614 744 ſchweſter,
630 718 680 741 liebe
690 717 767 741 braut,
782 720 822 739 mit
838 716 906 739 deiner

414 746 483 770 augen
499 749 565 768 einem
584 746 628 767 und
650 747 690 768 mit
710 745 778 768 deiner
793 743 907 769 halsketten

414 781 479 800 einer.

429 798 469 817 10.
481 793 529 817 Wie
543 792 601 819 ſchoͤn
608 792 654 816 ſind
668 792 725 816 deine
735 789 822 817 bruͤſte,
841 791 908 814 meine

414 827 535 854 ſchweſter,
551 829 600 850 liebe
610 828 690 851 braut?
703 827 774 849 Deine
782 826 850 849 bruͤſte
864 826 909 849 ſind

413 854 516 880 lieblicher
532 857 586 877 denn
600 858 669 879 wein,
689 856 733 876 und
745 855 777 876 der
787 853 859 879 geruch
866 855 909 876 dei⸗

416 887 454 906 ner
461 882 528 906 ſalben
538 879 645 908 uͤbertrifft
654 883 692 905 alle
700 877 783 907 wuͤrtze.

428 907 463 924 11.
473 907 545 925 Deine
552 906 631 927 lippen,
644 905 711 923 meine
720 902 797 925 braut,
813 899 859 926 ſind
867 898 907 922 wie

417 934 544 963 triefender
546 935 681 961 honigſeim;
696 933 761 961 honig
783 936 827 957 und
849 934 909 957 milch

414 963 441 989 iſt
449 967 511 986 unter
519 965 587 985 deiner
596 967 684 987 zungen,
702 964 745 983 und
754 964 822 985 deiner
835 961 909 985 kleider

414 991 490 1017 geruch
497 991 522 1015 iſt
532 995 570 1013 wie
580 992 614 1012 der
622 991 694 1014 geruch
703 989 804 1013 Libanon.

429 1017 464 1035 12.
473 1015 548 1035 Meine
557 1013 667 1036 ſchweſter,
678 1011 727 1034 liebe
735 1010 811 1035 braut,
826 1011 854 1034 du
869 1010 907 1036 biſt

415 1043 451 1067 ein
464 1041 619 1068 verſchloſſener
631 1044 719 1068 garten,
735 1046 769 1065 ein
781 1041 908 1067 verſchloſſe⸗

415 1075 442 1093 ne
449 1071 523 1095 auelle,
534 1076 567 1094 ein
574 1070 701 1095 verſiegelter
708 1070 767 1091 born.
793 1070 824 1091 Eſ.
838 1072 868 1092 58,
876 1074 906 1091 11.

427 1101 463 1122 13.
472 1095 532 1121 Dein
548 1095 649 1121 gewaͤchſe
663 1096 688 1119 iſt
696 1099 734 1118 wie
748 1095 780 1118 ein
795 1094 908 1119 luſtgarten

411 1126 460 1146 von
482 1122 646 1148 granataͤpfeln,
667 1127 707 1146 mit
722 1122 779 1144 edlen
799 1120 904 1148 fruͤchten,

415 1152 503 1178 Cypern
512 1155 551 1174 mit
559 1153 654 1173 narden;

428 1176 469 1195 14.
485 1172 574 1193 Narden
598 1174 637 1191 mit
657 1168 744 1195 ſafran,
761 1166 844 1190 kalmus
863 1169 907 1191 und

413 1205 550 1227 cynnamen;
565 1205 604 1223 mit
611 1201 693 1227 allerley
703 1198 790 1224 baͤumen
799 1202 835 1223 des
843 1200 907 1222 weih⸗

412 1230 499 1254 rauchs,
509 1228 608 1255 myrrhen
615 1231 658 1252 und
666 1226 738 1256 aloes,
754 1232 794 1251 mit
809 1228 860 1252 allen
875 1229 908 1252 be⸗

413 1262 457 1285 ſten
465 1258 565 1286 wuͤrtzen.

427 1282 466 1304 15.
478 1281 510 1308 Wie
530 1283 563 1299 ein
570 1274 736 1301 gartenbrunn,
754 1275 795 1300 wie
807 1276 838 1298 ein
846 1275 906 1306 born

412 1312 530 1344 lebendiger
539 1311 627 1339 waſſer,
646 1314 677 1335 die
685 1316 727 1336 von
735 1310 811 1336 Libano
818 1309 903 1339 flieſſen.

589 1341 643 1359 Joh.
655 1352 678 1366 7,
689 1347 725 1368 38.

429 1365 467 1388 16.
485 1363 557 1390 Stehe
570 1363 610 1389 auf
622 1364 749 1389 nordwind;
768 1363 812 1386 und
827 1362 902 1387 komm,

414 1394 528 1423 ſuͤdwind;
542 1399 586 1420 und
593 1396 649 1422 wehe
659 1396 720 1422 durch
727 1399 808 1419 meinen
820 1397 906 1421 garten,

416 1428 458 1455 dan
466 1428 519 1454 ſeine
529 1425 604 1455 wuͤrtze
613 1427 696 1453 triefen.

524 1462 598 1493 Das
616 1471 642 1493 5.
656 1459 779 1493 Capitel.

441 1493 542 1523 Chriſtus
550 1497 603 1519 wird
610 1498 653 1518 von
663 1497 696 1518 der
706 1493 768 1518 kirche
775 1495 816 1517 aus
823 1493 872 1516 liebe
880 1497 906 1520 zu

413 1527 469 1550 gaſte
476 1530 574 1550 geladen,
590 1527 634 1545 und
642 1529 695 1550 ſeine
703 1524 774 1550 ſchoͤne
788 1527 875 1550 gelobet.

412 1556 449 1575 17.
460 1553 509 1599 M

516 1562 560 1586 Ein
577 1561 652 1585 freund
665 1560 744 1583 komme
752 1564 774 1581 in
783 1560 850 1584 ſeinen
858 1563 906 1583 gar⸗

531 1585 573 1603 ten,
585 1584 627 1601 und
636 1582 672 1603 eſſe
682 1583 745 1602 ſeiner
752 1582 808 1602 edlen
818 1580 904 1601 fruͤchte.

428 1607 484 1634 Cap.
493 1612 513 1634 5.
526 1612 543 1631 v.
554 1614 566 1631 i.
571 1610 611 1634 Jch
619 1610 707 1632 komme,
718 1612 785 1629 meine
794 1608 904 1632 ſchweſter,

414 1639 466 1662 liebe
481 1639 558 1663 braut,
575 1644 598 1668 in
609 1642 694 1665 meinen
705 1640 794 1664 garten;
810 1639 839 1660 ich
856 1637 907 1662 habe

412 1674 482 1690 meine
495 1670 592 1695 myrrhen
609 1671 662 1696 ſamt
676 1673 757 1691 meinen
773 1666 860 1694 wuͤrtzen
871 1668 907 1690 ab⸗

415 1695 544 1720 gebrochen;
559 1697 589 1719 ich
603 1695 653 1722 habe
674 1696 754 1719 meines
776 1696 837 1718 ſeims
854 1695 907 1718 ſamt

414 1728 504 1744 meinem
526 1722 589 1747 honig
611 1721 692 1749 geſſen;
715 1723 744 1747 ich
759 1722 809 1747 habe
828 1723 908 1744 meines

414 1748 484 1770 weins
493 1747 545 1770 ſamt
556 1752 625 1769 meiner
641 1748 700 1771 milch
715 1745 843 1771 getruncken.
868 1746 906 1771 Eſ⸗

414 1773 452 1799 ſet,
460 1776 520 1792 meine
531 1774 604 1798 lieben,
616 1777 649 1797 und
660 1773 753 1797 trincket,
763 1777 829 1795 meine
837 1772 909 1796 freun⸗

416 1805 450 1829 de,
461 1805 504 1824 und
511 1805 586 1823 werdet
594 1803 697 1827 truncken.
727 1802 795 1826 c.6,1.
812 1802 842 1825 Eſ.
851 1807 880 1826 25,
886 1802 906 1824 6.

431 1833 452 1852 2.
469 1828 510 1854 Jch
526 1827 612 1852 ſchlafe,
627 1828 674 1850 aber
687 1831 743 1852 mein
760 1827 810 1854 hertz
823 1827 906 1850 wachet.

416 1855 457 1881 Da
473 1854 498 1880 iſt
513 1857 544 1877 die
561 1854 641 1877 ſtimme
656 1857 734 1878 meines
745 1855 857 1879 freundes,
874 1856 908 1877 der

416 1881 539 1909 anklopfet;
555 1879 614 1904 Thue
628 1886 662 1902 mir
673 1882 719 1910 auf,
740 1882 788 1904 liebe
797 1881 906 1904 freundin,

416 1915 485 1933 meine
493 1909 604 1935 ſchweſter,
615 1914 680 1931 meine
688 1909 756 1933 taube,
766 1914 831 1931 meine
841 1909 907 1935 from⸗

417 1939 466 1962 me;
483 1938 534 1959 denn
544 1940 597 1958 mein
606 1935 672 1960 haupt
680 1936 704 1959 iſt
714 1937 753 1958 voll
771 1936 858 1964 thaues,
863 1937 907 1957 und

416 1967 486 1987 meine
494 1963 559 1988 locken
568 1964 610 1986 voll
619 1958 784 1989 nachtstropfen.
798 1962 833 1993 Off
841 1967 905 1989 3,20.

429 1993 452 2015 3.
461 1991 502 2015 Jch
512 1990 560 2014 habe
574 1994 646 2012 meinen
655 1988 698 2012 rock
711 1990 853 2014 ausgezogen,
870 1993 910 2011 wie

415 2019 447 2042 ſol
469 2022 499 2039 ich
520 2018 563 2040 ihm
579 2018 651 2039 wieder
674 2015 789 2040 anziehen?
802 2018 842 2041 Jch
859 2016 909 2040 habe

416 2048 485 2067 meine
494 2043 546 2070 ſuͤſſe
553 2042 685 2070 gewaſchen,
702 2044 741 2064 wie
752 2043 780 2063 ſol
787 2045 816 2065 ich
826 2044 851 2067 ſie
859 2048 908 2066 wie⸗

405 2080 451 2106 der
461 2080 575 2106 beſudeln?
700 2066 744 2101 Ep.
747 2070 866 2097 Jud.v.23.

940 363 965 383 4.
978 361 1032 379 Aber
1045 356 1100 382 mein
1114 351 1188 383 freund
1201 350 1279 383 ſtreckte
1292 352 1342 379 ſeine
1357 338 1390 368 hand

928 386 1003 403 durchs
1024 386 1084 404 loch;
1106 387 1150 402 und
1172 387 1226 402 mein
1246 384 1285 402 leib
1312 371 1389 406 erzitterte

927 421 1000 441 davor.

942 442 962 466 5.
971 441 1009 464 Da
1032 440 1095 464 ſtund
1106 442 1135 461 ich
1155 439 1208 468 auf,
1231 442 1269 463 dah
1283 439 1312 460 ich
1325 424 1390 459 meinem

926 465 1012 485 freunde
1019 466 1121 486 aufthaͤt;
1140 471 1205 483 meine
1214 466 1275 493 haͤnde
1285 460 1356 492 troffen
1369 456 1388 476 mit

927 494 1042 512 myrrhen,
1058 496 1102 510 und
1110 495 1207 513 myrrhen
1218 494 1284 513 lieffen
1293 491 1342 511 uͤber
1348 480 1390 509 meine

927 527 991 554 finger
1001 533 1027 549 an
1037 530 1079 551 dem
1088 525 1150 552 riegel
1163 525 1186 552 am
1204 526 1279 552 ſchloß.

933 552 963 574 6.
975 549 1023 575 Und
1039 550 1062 572 da
1080 549 1108 571 ich
1114 556 1199 574 meinem
1209 554 1280 574 freund
1302 516 1391 572 aufgethan

929 576 1000 602 hatte,
1017 579 1050 599 war
1068 579 1088 590 er
1096 578 1139 593 weg
1149 576 1190 590 und
1198 576 1347 595 hingegangen.
1370 559 1391 584 Da

928 606 978 623 ging
988 606 1052 620 meine
1060 603 1106 621 ſeele
1118 603 1194 621 heraus
1203 605 1252 623 nach
1266 603 1339 621 ſeinem
1346 590 1391 618 wort,

925 635 959 653 ich
959 635 1035 656 ſuchte
1035 635 1099 659 ihn,
1099 634 1156 661 aber
1156 634 1191 660 ich
1191 634 1248 658 fand
1248 634 1294 656 ihn
1294 634 1369 655 nicht;
1369 617 1392 649 ich

925 653 984 688 rief,
984 654 1046 686 aber
1046 657 1072 687 er
1072 658 1204 689 antwortete
1204 656 1251 688 mir
1251 653 1334 689 nicht.
1334 642 1392 683 c.3,1.

937 687 961 713 7.
971 687 1005 715 Es
1014 687 1092 715 funden
1102 687 1153 715 mich
1163 687 1196 714 die
1209 685 1283 714 huͤter,
1300 686 1330 712 die
1342 683 1362 699 in
1374 669 1392 693 der

927 712 980 736 ſtadt
985 717 1105 737 umgehen,
1122 716 1152 737 die
1169 713 1262 738 ſchlugen
1271 712 1322 731 mich
1331 697 1392 728 wund;

925 741 957 763 die
979 739 1041 770 huͤter
1061 740 1101 769 auf
1115 740 1149 766 der
1162 742 1247 770 mauren
1269 736 1356 765 nahmen
1368 723 1391 749 mir

924 778 1005 794 meinen
1016 774 1102 797 ſchleier.
1230 773 1349 799 Pſ.69,27.

941 794 963 818 8.
973 793 1014 822 Jch
1023 794 1130 822 beſchwere
1141 793 1209 824 euch,
1218 795 1253 821 ihr
1265 791 1338 819 toͤchter
1347 771 1393 808 Jeru⸗

926 820 1002 838 ſalem;
1020 820 1085 845 findet
1094 822 1127 845 ihr
1133 823 1214 847 meinen
1225 822 1313 848 freund,
1327 825 1350 843 ſo
1358 804 1392 837 ſaget

927 852 990 879 ihm,
1005 854 1045 877 daß
1052 855 1081 877 ich
1090 858 1128 877 vor
1139 855 1188 877 liebe
1197 854 1265 877 kranck
1274 854 1331 880 liege.

977 884 995 901 c.
1006 884 1083 906 2,5.7.
1099 884 1116 902 c.
1128 885 1179 906 3,5.
1204 878 1264 904 Roͤm.
1272 881 1329 908 8,36.
1338 881 1367 905 37.

939 901 964 934 9,
975 901 1030 928 Was
1038 901 1063 929 iſt
1072 904 1117 930 dein
1125 905 1197 930 freund
1204 905 1242 930 vor
1250 905 1328 914 andern
1342 881 1393 913 freun⸗

929 932 984 950 den,
1001 932 1013 948 o
1029 932 1055 948 du
1071 929 1158 951 ſchoͤnſte
1173 933 1236 949 unter
1251 933 1287 948 den
1306 918 1393 950 weibern!

926 955 980 978 Was
988 957 1012 978 iſt
1023 958 1069 977 dein
1077 958 1151 977 freund
1158 959 1197 976 vor
1210 959 1288 977 andern
1302 947 1394 981 freunden,

925 990 964 1014 daß
972 993 1001 1012 du
1009 992 1051 1013 uns
1058 992 1079 1013 ſo
1090 991 1214 1015 beſchworen
1227 990 1287 1015 haſt?

938 1013 977 1037 10.
989 1010 1051 1040 Mein
1059 1011 1133 1025 freund
1142 1012 1167 1023 iſt
1174 1012 1227 1026 weiß
1236 1014 1279 1022 und
1285 1003 1333 1026 roth,
1361 988 1394 1021 aus⸗

926 1044 1024 1069 erkohren
1034 1048 1096 1067 unter
1102 1044 1142 1069 viel
1158 1045 1277 1069 tauſenden.

940 1067 974 1087 11.
985 1065 1044 1087 Sein
1053 1066 1120 1079 haupt
1128 1066 1154 1095 iſt
1159 1066 1198 1093 das
1204 1065 1275 1093 feinſte
1282 1053 1337 1080 gold.
1358 1042 1394 1076 Sei⸗

927 1095 953 1112 ne
960 1092 1025 1112 locken
1034 1092 1079 1114 ſind
1088 1093 1158 1114 kraus,
1168 1094 1258 1117 ſchwartz
1271 1096 1309 1112 wie
1318 1091 1349 1113 ein
1356 1082 1394 1111 rabe.

940 1119 974 1135 12.
984 1118 1055 1137 Seine
1069 1123 1134 1137 augen
1152 1120 1197 1139 ſind
1213 1123 1253 1137 wie
1269 1106 1395 1138 taubenaugen

926 1149 955 1172 an
962 1146 999 1166 den
1007 1144 1161 1170 waſſerbaͤchen,
1177 1150 1216 1167 mit
1223 1146 1282 1168 milch
1289 1140 1395 1169 gewaſchen,

927 1174 971 1195 und
978 1172 1044 1196 ſtehen
1053 1178 1074 1195 in
1083 1175 1116 1194 der
1124 1170 1181 1195 fuͤlle.
1211 1175 1280 1197 c.4,
1268 1175 1288 1200 1.
1298 1173 1340 1199 Off.
1350 1166 1395 1197 1,14.

940 1202 974 1222 13.
984 1194 1053 1220 Seine
1068 1196 1137 1219 backen
1153 1197 1197 1223 ſind
1206 1199 1241 1227 wie
1256 1200 1288 1219 die
1300 1188 1395 1223 wachſende

927 1222 1080 1258 wuͤrtzgaͤrtlein
1087 1226 1121 1246 der
1133 1225 1257 1251 apothecker.
1287 1226 1357 1249 Seine
1371 1220 1395 1245 lip⸗

926 1254 967 1278 pen
985 1251 1029 1273 und
1052 1253 1091 1271 wie
1105 1252 1181 1276 roſen,
1204 1255 1236 1272 die
1248 1256 1288 1272 mit
1302 1241 1395 1278 flieſſender

928 1278 1025 1309 myrrhen
1037 1286 1125 1311 trieffen.
1253 1283 1358 1311 Pſ.45,3.

942 1308 976 1329 14.
987 1305 1057 1327 Seine
1070 1307 1136 1329 haͤnde
1143 1305 1188 1330 ſind
1201 1306 1240 1328 wie
1237 1309 1346 1336 ǝguͤldene
1354 1300 1396 1327 ring⸗

926 1336 968 1357 voll
978 1333 1090 1359 tuͤrckiſſen.
1121 1336 1181 1358 Sein
1189 1336 1260 1359 leib
1234 1336 1269 1365 iſt
1277 1340 1316 1356 wie
1329 1323 1396 1357 rein
1376 1324 1395 1365 el⸗

927 1370 1008 1394 fenbein
1017 1374 1056 1393 mit
1066 1370 1175 1396 ſapphiren
1187 1367 1317 1396 geſchmuͤckt.

940 1391 974 1420 15.
985 1390 1056 1421 Seine
1069 1393 1127 1421 beine
1134 1391 1178 1407 ſind
1186 1396 1226 1407 wie
1242 1378 1396 1411 marmelſaͤulen,

925 1418 1041 1440 gegruͤndet
1060 1422 1099 1439 auf
1114 1419 1219 1440 guͤldenen
1238 1418 1313 1442 fuͤſſen.
1343 1406 1397 1440 Seine

925 1448 999 1469 geſtalt
1016 1446 1042 1469 iſt
1057 1448 1096 1466 wie
1107 1447 1212 1468 Libanon,
1231 1445 1358 1470 auserwehlt
1370 1434 1397 1464 wie

927 1481 1009 1504 cedern.
1066 1477 1233 1504 Matth.16,18.
1246 1473 1289 1505 Luc.
1298 1477 1330 1505 24,
1336 1473 1372 1502 26.

939 1501 975 1525 16.
985 1500 1057 1524 Seine
1062 1500 1116 1530 kehle
1125 1502 1150 1529 iſt
1159 1500 1197 1527 ſuͤß
1204 1502 1248 1530 und
1259 1503 1315 1523 gantz
1324 1483 1397 1530 lieblich.

926 1525 969 1548 Ein
978 1528 1052 1550 ſolcher
1060 1528 1084 1550 iſt
1103 1532 1158 1549 mein
1167 1529 1258 1550 freund;
1272 1531 1327 1548 mein
1341 1516 1397 1552 freund

926 1561 950 1587 iſt
959 1566 991 1585 ein
1000 1562 1091 1587 ſolcher,
1109 1561 1142 1587 ihr
1150 1560 1225 1585 toͤchter
1231 1560 1358 1588 Jeruſalem.

1030 1595 1103 1624 Das
1126 1596 1156 1624 6.
1183 1593 1309 1624 Capitel.

952 1630 997 1652 Die
1008 1632 1070 1652 kirche
1082 1628 1135 1655 wird
1148 1635 1188 1652 auf
1197 1628 1231 1658 ihr
1244 1630 1357 1655 bekaͤntniß
1370 1619 1399 1648 von

925 1662 1008 1684 Chriſto
1017 1661 1094 1682 gelobet
1106 1664 1140 1683 und
1154 1661 1241 1687 beſucht.

925 1692 962 1712 17.
972 1683 1034 1732 W

1037 1688 1058 1712 O
1072 1686 1097 1713 iſt
1120 1689 1172 1710 denn
1194 1689 1239 1710 dein
1253 1687 1328 1711 freund
1342 1681 1398 1714 hinge⸗

1048 1718 1144 1737 gangen,
1160 1719 1176 1742 o
1188 1720 1214 1736 du
1238 1716 1326 1739 ſchoͤnſte
1350 1705 1398 1738 unter

925 1742 962 1763 den
984 1741 1090 1762 weibern?
1112 1743 1154 1763 Wo
1169 1745 1206 1765 hat
1225 1743 1263 1765 ſich
1279 1746 1323 1762 dein
1338 1730 1397 1765 freund

924 1769 1078 1792 hingewandt?
1091 1769 1130 1791 So
1142 1772 1216 1791 wollen
1230 1775 1271 1789 wir
1287 1773 1326 1790 mit
1336 1770 1367 1790 dir
1374 1759 1397 1786 ihn

924 1803 1004 1830 ſuchen.
1129 1809 1147 1826 c.
1157 1809 1177 1829 5,
1186 1808 1210 1830 9.

938 1826 992 1855 Cap.
1002 1823 1026 1855 6.
1034 1823 1055 1852 v.
1065 1823 1085 1854 1.
1094 1823 1157 1856 Mein
1171 1821 1246 1855 freund
1262 1818 1291 1853 iſt
1302 1814 1367 1852 hinab
1373 1797 1398 1837 ge⸗

927 1856 1008 1877 gangen
1017 1856 1038 1873 in
1048 1853 1114 1876 ſeinen
1122 1856 1200 1878 garten,
1212 1854 1237 1882 zu
1240 1854 1284 1873 dem
1293 1843 1399 1878 wuͤrtzgaͤrt⸗

928 1884 987 1903 lein,
1002 1880 1041 1905 daß
1054 1884 1071 1900 er
1083 1879 1120 1904 ſich
1135 1882 1199 1902 weide
1206 1882 1267 1902 unter
1284 1883 1320 1901 den
1329 1874 1399 1905 garten,

928 1915 971 1939 und
985 1915 1043 1937 roſen
1051 1913 1141 1937 breche.
1163 1916 1208 1937 c.4,
1221 1916 1249 1938 17.
1264 1916 1281 1934 c.
1293 1916 1314 1937 5,
1327 1915 1347 1932 1.

940 1936 960 1951 2.
971 1934 1034 1951 Mein
1042 1934 1117 1953 freund
1117 1933 1150 1961 iſt
1153 1933 1220 1959 mein,
1231 1937 1272 1960 und
1274 1936 1304 1960 ich
1320 1934 1353 1952 bin
1361 1922 1400 1953 ſein,

927 1970 958 1991 der
968 1971 1031 1991 unter
1038 1969 1074 1991 den
1082 1968 1140 1990 roſen
1151 1968 1188 1994 ſich
1197 1969 1276 1991 weidet.

940 1991 960 2006 3.
970 1990 1011 2006 Du
1026 1988 1063 2004 biſt
1077 1987 1150 2005 ſchoͤn,
1166 1992 1231 2003 meine
1247 1981 1359 2016 freundin,
1372 1975 1400 2000 wie

926 2015 1017 2039 Thirza,
1033 2015 1110 2037 lieblich
1125 2016 1164 2035 wie
1179 2016 1314 2040 Jeruſalem,
1332 2002 1400 2037 ſchreck⸗

927 2051 965 2074 lich
975 2054 1013 2071 wie
1022 2049 1149 2075 heerſpitzen.
1200 2049 1291 2067 c.2,10.
1300 2052 1369 2067 c.4,1.

940 2074 966 2091 4.
974 2070 1054 2088 Wende
1067 2071 1124 2088 deine
1131 2070 1198 2094 augen
1204 2067 1246 2095 von
1252 2071 1313 2102 mir,
1326 2064 1376 2098 denn
1380 2056 1400 2087 ſie
