2479 2764
770 274 1089 345 Anfechtung.
1089 274 1281 345 Angſt.

1732 282 1795 342 35

306 405 386 458 III.)
414 397 583 451 Denen
597 389 918 461 Geaͤngſteten
933 395 1033 443 und

361 456 626 511 Betruͤbten
642 455 756 512 ſteht
768 456 943 508 JEſus
953 454 1032 502 bey

360 520 453 565 mit
459 510 613 573 ſeinem
622 509 772 571 Troſt
796 515 895 562 und
904 505 1033 570 Huͤlf⸗

362 587 422 628 fe,
424 571 569 633 deſſen
578 570 663 630 ſich
677 572 791 627 auch
817 575 872 624 die
902 563 1033 623 Glaͤu⸗

360 623 501 692 bigen
555 625 827 692 getroͤſten.
911 630 1036 686 Siehe

367 688 554 751 Huͤlffe.

313 761 353 810 1)
382 748 452 805 Das
471 746 598 808 ſchreib
619 753 670 794 dir
680 751 721 794 in
731 749 805 794 dein
813 748 974 801 Hertze,

364 803 410 858 Du
414 805 704 860 hochbetruͤbtes
718 805 824 853 Heer,

309 862 396 911 Bey
406 864 509 902 denen
521 855 642 903 Gram
653 860 725 900 und
736 855 935 906 Schmertze

373 916 473 966 Sich
483 913 599 965 haͤufft
624 907 662 961 je
652 914 749 959 mehr
763 915 834 953 und
844 906 957 960 mehr;

308 967 427 1016 Seyd
437 969 628 1013 unverzagt,
640 963 691 1012 ihr
699 963 804 1010 habet

373 1021 455 1060 Die
463 1012 599 1069 Huͤlffe
613 1024 689 1057 vor
696 1017 763 1056 der
770 1010 896 1064 Thuͤr,

312 1073 403 1118 Der
413 1080 487 1114 eure
495 1069 639 1121 Hertzen
647 1066 786 1112 labet.

371 1124 452 1166 Und
460 1118 591 1173 troͤſtet,
603 1119 688 1171 ſteht
701 1114 828 1167 allhier.

310 1179 393 1231 Jhr
403 1170 512 1228 duͤrfft
519 1176 595 1223 euch
604 1174 696 1223 nicht
706 1171 883 1217 bemuͤhen,

379 1222 471 1281 Noch
486 1217 615 1280 ſorgen
617 1218 708 1273 Tag
708 1216 797 1269 und
799 1211 928 1272 Nacht,

312 1280 411 1327 Wie
420 1279 472 1328 ihr
482 1278 540 1328 ihn
546 1278 664 1319 wollet
669 1272 781 1324 ziehen

376 1335 456 1379 Mit
463 1338 562 1375 eures
569 1330 700 1374 Armes
708 1328 849 1376 Macht,

316 1380 383 1425 Er
392 1376 555 1422 koͤmmt,
564 1387 602 1417 er
610 1371 766 1418 koͤmmt
779 1367 855 1417 mit
870 1370 1039 1418 Willen,

381 1437 435 1492 Jſt
453 1436 552 1486 voller
561 1439 634 1481 Lieb
646 1440 715 1475 und
728 1437 804 1483 Luſt

321 1488 390 1537 All
400 1485 523 1541 Angſt
539 1488 623 1537 und
629 1486 758 1538 Noth
768 1496 814 1532 zu
824 1481 968 1531 ſtillen,

309 1542 457 1589 Die
482 1542 550 1591 ihm
563 1530 611 1581 an
625 1529 711 1593 euch
728 1526 886 1592 bewuſt.
907 1522 973 1581 Dl.
986 1522 1047 1580 23,

958 1595 994 1630 6.
1011 1600 1048 1636 7.

322 1644 369 1693 2)
391 1637 512 1684 Denn
519 1638 589 1681 wie
597 1645 658 1680 von
676 1626 795 1688 treuen
817 1626 969 1685 Muͤttern

324 1708 385 1744 Jn
400 1703 557 1733 ſchweren
571 1693 808 1733 Ungewittern

378 1749 460 1786 Die
479 1749 630 1785 Kindlein
640 1743 714 1788 hier
721 1741 802 1776 auff
810 1738 927 1776 Erden

378 1797 441 1838 Mit
465 1794 556 1842 Fleiß
583 1790 742 1845 bewahret
762 1786 905 1833 werden;

328 1856 409 1907 Alſo
421 1858 489 1897 und
498 1852 583 1900 auch
591 1850 682 1900 nicht
689 1849 821 1892 minder

326 1910 408 1962 Laͤſt
416 1909 531 1954 GOtt
545 1908 614 1955 ihm
623 1907 704 1957 ſeine
714 1905 857 1947 Kinder,

384 1956 512 2002 Wenn
533 1954 661 2005 Noth
680 1957 765 1995 und
785 1949 953 2003 Truͤbſal
974 1949 1047 1994 bli⸗

759 2013 857 2053 tzen,

384 2064 452 2119 Jn
462 2060 599 2115 ſeinem
607 2057 800 2110 Schooſſe
809 2066 929 2106 ſitzen.

813 2109 880 2149 Dl.
892 2113 956 2154 62,
967 2115 1004 2153 4.
1017 2115 1051 2153 5.

307 2166 381 2226 3)
396 2157 586 2217 Finſterniß
607 2154 658 2197 die
666 2151 775 2206 gantze
784 2140 897 2209 Welt

387 2216 523 2274 Decket
541 2214 596 2270 das
607 2216 808 2264 Erdbeben,

334 2278 434 2326 Auch
444 2276 496 2317 die
504 2276 623 2323 harten
632 2272 747 2323 Felſen
762 2269 860 2323 ſpaͤlt,

393 2329 512 2375 Todte
523 2328 583 2379 ſich
594 2324 743 2371 erheben.

306 2379 423 2435 Kan
433 2377 526 2422 mein
536 2379 648 2422 todter
658 2373 784 2431 JEſus
798 2382 871 2417 nun

1125 380 1286 428 Solches
1296 378 1378 426 thun
1389 377 1571 429 jetzunder;

1076 430 1171 474 Wie
1181 425 1370 478 vielmehr
1382 428 1486 466 wird
1495 436 1534 464 er
1542 425 1648 463 denn
1658 421 1789 470 thun

1127 482 1360 535 Herrſchend
1369 481 1489 537 groſſe
1501 482 1701 526 Wunder.

1570 534 1643 574 Dl.
1661 542 1715 580 83,
1729 540 1791 576 28.

1076 597 1117 638 4)
1139 587 1196 631 Er
1196 587 1267 630 kan
1280 591 1438 633 erretten,
1454 588 1515 627 alle
1526 596 1570 626 ꝛc.
1584 583 1658 626 Dl.
1668 589 1746 626 108,
1761 592 1793 625 3.

1079 647 1116 694 5)
1144 642 1225 685 Lebt
1234 639 1403 691 Chriſtus,
1427 635 1479 684 was
1502 639 1560 679 bin
1571 636 1620 682 ich
1633 637 1795 678 betruͤbt?

1076 696 1147 749 Jch
1157 696 1258 744 weiß,
1271 695 1337 745 daß
1349 704 1381 734 er
1391 694 1476 740 mich
1486 692 1622 739 hertzlich
1636 693 1726 733 liebt.

1130 746 1257 791 Wenn
1267 745 1332 787 mir
1339 743 1440 792 gleich
1450 748 1510 785 alle
1520 742 1624 786 Welt
1634 741 1722 791 ſtuͤrb
1735 739 1794 786 ab,

1132 793 1274 851 Gnung,
1290 799 1352 850 daß
1368 792 1429 852 ich
1439 797 1529 850 JEſum
1569 797 1628 843 bey
1639 796 1703 838 mir
1713 794 1794 842 hab.

1575 855 1640 890 Dl.
1662 862 1742 890 111.
1764 862 1795 888 1.

1081 911 1119 951 6)
1146 903 1251 946 Mein
1266 900 1390 954 Huͤlffe
1413 899 1541 941 kommt
1558 897 1623 938 mir
1641 905 1706 938 von
1723 897 1798 938 dem

1486 956 1634 1005 HErrn,

1080 1009 1144 1052 Er
1151 1003 1259 1058 hilfft
1270 1015 1348 1046 uns
1359 1002 1397 1053 ja
1409 1011 1492 1042 von
1502 1001 1656 1051 Hertzen
1664 1006 1775 1050 gern,

1134 1056 1277 1109 Himmel
1296 1060 1360 1101 und
1378 1058 1449 1102 Erd
1460 1062 1521 1102 hat
1533 1066 1565 1095 er
1583 1056 1751 1103 gemacht,

1135 1115 1186 1157 Er
1198 1115 1270 1165 haͤlt
1280 1110 1360 1154 uͤber
1368 1115 1436 1152 uns
1446 1109 1528 1160 Hut
1543 1113 1611 1150 und
1624 1106 1772 1157 Wacht.

1574 1159 1651 1204 Dl.
1667 1171 1750 1203 229,
1763 1169 1798 1197 2.

1082 1216 1130 1266 7)
1150 1214 1223 1256 Du
1237 1211 1315 1262 biſt
1337 1212 1408 1264 bey
1427 1212 1527 1254 mir,
1554 1219 1695 1248 wenns
1710 1207 1800 1250 uͤbel

1517 1262 1637 1313 ſteht,

1084 1317 1157 1363 Du
1167 1315 1234 1368 biſt
1241 1315 1302 1363 bey
1313 1312 1390 1358 mir,
1403 1317 1526 1355 wenns
1532 1311 1627 1359 wohl
1637 1306 1764 1358 zugeht.

1135 1372 1211 1419 Du
1211 1372 1280 1423 biſt
1290 1377 1349 1421 bey
1360 1372 1424 1414 mir
1434 1381 1488 1421 zur
1497 1368 1755 1418 Freuden⸗Zeit,

1134 1428 1210 1471 Du
1221 1427 1284 1478 biſt
1298 1426 1357 1472 bey
1369 1423 1436 1465 mir
1445 1417 1485 1467 im
1502 1422 1616 1467 Creutz
1630 1426 1699 1462 und
1708 1421 1803 1468 Leyd.

1573 1474 1645 1518 Dl.
1662 1485 1751 1518 250,
1769 1479 1806 1511 6.

1089 1534 1128 1584 8)
1154 1528 1236 1580 Bey
1253 1527 1320 1570 mir
1339 1526 1401 1579 biſt
1418 1529 1482 1573 du,
1499 1527 1567 1567 und
1586 1524 1701 1575 bleibſt
1710 1523 1803 1566 mein

1451 1573 1630 1628 Freund,

1088 1632 1204 1679 Weñ
1212 1627 1311 1672 alles
1320 1637 1430 1681 gantz
1438 1625 1643 1676 verlohren
1652 1623 1803 1675 ſcheint,

1140 1685 1214 1727 Du
1222 1682 1299 1729 wilt
1306 1681 1341 1723 in
1351 1680 1552 1729 Kranckheit
1570 1682 1632 1726 bey
1642 1677 1706 1717 mir
1715 1678 1801 1726 ſeyn,

1136 1728 1187 1786 Du
1201 1736 1341 1788 bleibſt
1357 1727 1413 1788 bey
1429 1727 1485 1777 mir
1495 1737 1532 1777 in
1540 1732 1801 1783 Todtes⸗Pein.

1708 1783 1753 1822 ib.
1764 1788 1801 1822 6.

1086 1845 1128 1894 9)
1155 1837 1236 1882 Bin
1232 1831 1294 1889 ich
1313 1846 1371 1879 von
1390 1837 1441 1879 der
1450 1836 1554 1879 Welt
1563 1833 1735 1884 verlaſſen,

1134 1890 1282 1946 JEſus
1290 1892 1437 1933 nimmt
1445 1889 1523 1939 ſich
1534 1890 1675 1930 meiner
1690 1894 1754 1933 an,

1086 1949 1144 2001 Ja
1154 1948 1204 1988 die
1213 1945 1356 1988 Meinen
1367 1944 1457 1992 ſelbſt
1466 1942 1550 1989 mich
1563 1941 1687 1990 haſſen,

1144 1999 1215 2049 Ach
1229 2007 1287 2039 was
1305 1992 1358 2049 hab
1396 1995 1442 2045 ich
1455 1995 1535 2045 doch
1545 1993 1684 2043 gethan.

1569 2042 1651 2091 Dl.
1663 2052 1752 2093 280,
1766 2058 1804 2095 7.

1093 2105 1160 2146 10)
1188 2100 1277 2144 Wie
1287 2100 1360 2149 haſt
1372 2100 1417 2140 du
1427 2096 1459 2148 ſo
1471 2094 1687 2146 wunderlich,

1091 2157 1231 2202 Groſſer
1238 2153 1363 2199 GOtt,
1377 2153 1522 2196 erhalten
1532 2150 1631 2198 mich,

1142 2207 1283 2252 Wenn
1305 2208 1364 2248 die
1383 2202 1506 2250 Noth
1525 2201 1626 2245 mich
1647 2202 1720 2250 hat
1745 2207 1807 2251 ge⸗

1478 2251 1631 2302 druͤckt,

1147 2309 1229 2356 Ach
1238 2308 1275 2360 ſo
1285 2304 1371 2361 haſt
1379 2308 1435 2350 du
1449 2303 1550 2352 mich
1560 2303 1740 2356 erquickt.

1587 2368 1663 2406 Dl.
1679 2376 1764 2407 310,
1778 2377 1812 2411 5.

1187 2412 1242 2460 E
1242 2412 1280 2460 2

1589 2415 1673 2465 11)
1673 2415 1823 2465 Drum
