1731 2405
618 418 689 458 198

589 1434 632 1464 11.

587 1496 643 1523 12.

891 411 1283 463 Anfangs⸗Gruͤnde

624 514 751 550 Wenn
761 503 798 534 es
807 492 977 539 innerhalb
993 496 1054 534 den
1071 496 1199 538 Grund
1209 497 1266 533 des
1275 496 1427 546 Coͤrpers
1437 487 1547 546 faͤllet/

626 556 664 593 ſo
674 554 712 594 iſt
729 558 761 586 er
774 556 833 585 vor
853 552 928 584 dem
944 545 1033 593 Falle
1055 547 1168 596 ſicher;
1191 544 1277 593 faͤllet
1291 554 1327 588 es
1338 552 1412 588 aber
1424 544 1544 594 auſſer⸗

632 613 710 644 halb
726 600 826 644 ſeinen
842 599 1000 640 Grund/
1029 596 1070 646 ſo
1088 595 1172 645 muß
1184 604 1215 634 er
1229 594 1299 650 auf
1299 594 1424 650 dieſelbe
1436 596 1546 643 Seite

631 653 742 708 fallen.
810 647 859 702 W.
861 650 972 698 Z.E.

991 717 1175 772 Beweiß.

682 767 786 813 Weil
803 769 857 807 der
872 766 1092 815 Perpendicul
1122 771 1187 807 aus
1215 770 1290 808 dem
1305 767 1552 814 Mittelpuncte

638 820 695 866 der
708 820 887 858 Schweere
906 821 963 870 auf
967 817 1019 862 die
1032 816 1229 865 ſcheinbahre
1243 817 1550 864 Horizontal⸗Linie

641 865 781 912 gezogen
794 876 958 916 worden;
978 867 1016 915 ſo
1005 866 1073 915 iſt
1076 868 1110 919 er
1119 866 1169 911 die
1182 857 1481 912 Directions⸗Linie
1491 866 1552 907 des

642 922 791 967 Coͤrpers
818 921 852 966 (§.
879 922 958 962 42).
1006 916 1129 970 Wenn
1141 918 1216 960 aber
1215 920 1301 966 dieſe
1311 920 1482 966 innerhalb
1490 914 1547 958 den

641 976 771 1011 Grund
784 973 841 1007 des
859 967 1011 1016 Coͤrpers
1021 967 1143 1015 faͤllet/
1158 970 1190 1014 ſo
1205 968 1243 1015 iſt
1274 964 1309 1010 er
1306 975 1366 1009 vor
1376 971 1449 1009 dem
1461 969 1554 1017 Falle

640 1022 750 1063 ſicher;
774 1020 862 1063 faͤllet
880 1018 917 1064 ſie
945 1010 1006 1067 aber
1027 1012 1193 1068 auſſerhalb
1201 1020 1260 1056 den
1272 1011 1420 1058 Grund/
1425 1016 1457 1062 ſo
1472 1009 1555 1062 muß

641 1081 674 1120 er
689 1069 739 1128 auf
752 1070 879 1130 dieſelbe
889 1069 996 1126 Seite
1007 1070 1105 1126 fallen
1136 1072 1200 1118 (§.
1208 1063 1292 1129 38).
1306 1073 1378 1117 W.
1395 1071 1441 1122 Z.
1457 1072 1551 1119 E.

949 1142 1242 1193 Anmerckung.

687 1193 739 1238 44.
766 1189 869 1237 Durch
878 1188 946 1221 dieſe
955 1185 1085 1224 Aufgabe
1094 1188 1145 1217 kan
1159 1190 1208 1231 man
1223 1182 1272 1218 die
1281 1188 1396 1227 Urſache
1403 1188 1471 1226 aller
1478 1188 1561 1222 moͤg⸗

638 1237 726 1281 lichen
743 1240 885 1281 Poſituren
895 1235 1016 1273 finden/
1045 1236 1103 1272 und
1114 1230 1166 1272 den
1176 1231 1265 1276 Gang
1275 1237 1323 1270 der
1334 1237 1489 1274 Menſchen
1497 1236 1586 1273 und

643 1281 747 1314 Thiere
756 1280 920 1320 erklaͤren/
923 1277 979 1314 wie
995 1276 1129 1315 Borellus
1140 1277 1173 1316 in
1188 1274 1288 1316 ſeinem
1297 1275 1409 1312 Wercke
1426 1277 1461 1306 de
1469 1280 1561 1309 motu

644 1322 819 1355 animalium
827 1318 908 1355 part.
925 1314 949 1348 1.
956 1312 1036 1354 Prop.
1060 1324 1128 1355 145.
1139 1321 1167 1347 &
1181 1311 1259 1357 ſeqq.
1271 1309 1402 1364 gethan.

842 1367 1022 1437 Der
1044 1398 1078 1435 5.
1110 1372 1293 1437 Lehrſatz.

704 1431 765 1470 45.
797 1411 935 1465 Wenn
946 1433 1001 1462 an
1009 1424 1083 1463 den
1088 1412 1233 1472 beyden
1242 1410 1392 1467 Enden
1395 1423 1432 1468 A
1438 1423 1518 1466 und
1524 1420 1566 1463 C

655 1486 763 1537 eines
778 1476 936 1521 Hebels
946 1478 1031 1513 ABC
1045 1474 1157 1525 zwey
1164 1473 1382 1523 Gewichte
1395 1477 1423 1511 G
1441 1476 1527 1523 und
1540 1472 1565 1516 F

648 1525 905 1575 angehaͤnget
911 1519 1099 1571 werden/
1121 1531 1184 1569 die
1194 1528 1278 1575 ſich
1287 1521 1410 1576 gegen
1425 1529 1567 1573 einan⸗

649 1580 718 1615 der
732 1577 948 1615 verhalten
957 1578 1035 1607 wie
1042 1577 1104 1609 die
1113 1571 1379 1618 Entfernung
1380 1572 1442 1621 des
1460 1561 1566 1612 klei⸗

652 1625 728 1666 nen
745 1624 763 1656 F
784 1633 831 1669 zu
848 1628 915 1664 der
930 1619 1195 1672 Entfernung
1207 1615 1278 1663 des
1291 1623 1446 1673 groſſen
1464 1628 1513 1661 G;
1512 1619 1566 1673 ſo

653 1675 799 1718 muͤſſen
816 1675 867 1717 ſie
883 1672 1068 1711 einander
1088 1664 1152 1711 die
1158 1665 1295 1719 Wage
1309 1669 1478 1725 halten/
1483 1657 1567 1719 und

652 1731 786 1777 keines
801 1735 885 1774 kan
907 1719 976 1779 das
1000 1722 1134 1774 andere
1153 1727 1356 1788 bewegen.

947 1773 1202 1840 Beweiß.

706 1848 763 1884 Es
784 1849 833 1887 ſey
850 1849 925 1886 zum
939 1842 1097 1889 Exempel
1108 1842 1128 1874 F
1144 1854 1157 1879 1
1175 1834 1239 1887 Pf.
1256 1843 1327 1883 und
1339 1844 1374 1879 G
1389 1855 1409 1888 3
1421 1838 1488 1895 Pf.
1509 1833 1568 1885 Es

657 1898 734 1941 ſeyn
747 1902 849 1937 ferner
866 1900 916 1934 die
930 1885 1305 1936 Directions⸗Linien
1297 1887 1357 1941 der
1364 1893 1484 1941 beyden
1496 1885 1570 1939 Ge⸗

657 1952 772 1988 wichte
793 1951 846 1979 CF
863 1952 936 1983 und
944 1950 1002 1982 AG
1013 1947 1048 1984 in
1058 1944 1088 1981 C
1098 1944 1167 1984 und
1177 1942 1207 1978 A
1216 1933 1278 1989 auf
1281 1944 1343 1981 AC
1361 1942 1571 1992 perpendicu⸗

657 2003 731 2038 lar;
754 2001 787 2044 ſo
792 2005 844 2057 iſt
854 1998 907 2041 BC
907 1998 962 2039 die
976 1991 1198 2049 Entfernung
1201 1993 1262 2042 des
1268 1985 1481 2044 Gewichtes
1461 1987 1487 2044 F
1500 1983 1571 2040 und

1512 2040 1566 2075 AB
