2522 2892
633 366 696 407 176

1352 360 1581 412 Kriegsartikel

723 450 796 480 Art.
814 446 841 479 6.
866 444 974 483 Keiner
990 446 1043 488 ſoll
1057 452 1118 480 von
1142 448 1192 481 der
1210 445 1270 485 ihm
1287 444 1445 487 anbefohl⸗

680 496 738 521 nen
756 489 817 521 und
844 488 1070 530 zukommenden
1093 490 1206 529 Wacht
1226 487 1357 526 bleiben,
1380 489 1446 529 ſon⸗

682 536 752 568 dern
770 533 800 568 in
819 535 935 577 Perſon
957 536 1032 576 dazu
1051 533 1229 573 erſcheinen,
1269 532 1374 575 ſelbige
1396 540 1444 573 ge⸗

682 572 836 617 buͤhrend,
869 577 942 612 nach
966 578 1181 617 Erforderung
1205 575 1295 618 ſeiner
1317 575 1446 617 Charge,

679 623 852 660 verrichten.
898 622 1118 666 Jnſonderheit
1135 622 1205 658 aber
1223 623 1278 665 ſoll
1292 623 1384 658 keiner
1400 622 1444 656 die

682 668 893 709 Schildwacht
906 667 1103 709 verſchlafen,
1126 669 1197 703 oder
1218 674 1273 702 vor
1290 670 1340 702 der
1356 666 1446 704 Abloͤ⸗

680 710 757 750 ſung
776 712 879 743 davon
901 708 1010 749 gehen,
1040 711 1109 744 oder
1133 709 1288 750 dergeſtalt
1319 708 1447 744 trunken

676 757 799 795 darauf
816 757 968 794 kommen,
992 756 1050 795 daß
1066 765 1096 790 er
1113 756 1203 798 ſolche
1219 755 1299 799 nicht
1313 756 1447 797 beſtellen

680 799 798 834 koͤnnte.
844 798 937 835 Denn
958 799 1002 833 die
1024 798 1077 841 ſich
1098 806 1149 841 zur
1162 798 1274 839 Wacht
1292 798 1371 837 nicht
1386 797 1446 832 ein⸗

680 846 794 884 finden,
818 843 906 886 ſollen
939 839 972 885 in
967 846 1060 883 Band
1083 849 1144 879 und
1166 845 1253 886 Eiſen
1275 842 1447 885 geſchlagen

681 889 816 926 werden,
851 888 894 922 die
916 888 1136 929 delinquirende
1152 886 1361 928 Schildwacht
1375 886 1447 920 aber

681 928 743 963 Leib
761 933 822 964 und
839 930 927 965 Leben
943 931 1080 963 verloren
1097 929 1203 967 haben.

723 973 792 1003 Art.
809 980 841 1011 7.
864 971 934 1010 Bey
950 969 1170 1010 vorhabendem
1180 969 1315 1010 Marſch,
1328 961 1392 1010 ſoll
1401 970 1447 1004 ein

680 1023 768 1060 jeder,
793 1021 851 1059 auf
872 1021 1063 1061 geſchehenen
1084 1020 1355 1062 Trompetenſchall
1376 1024 1446 1055 oder

682 1065 951 1105 Trommelſchlag,
988 1065 1040 1106 ſich
1071 1064 1243 1106 ſchleunigſt
1277 1071 1311 1105 zu
1342 1063 1447 1104 ſeinem

681 1107 842 1150 Faͤhnlein,
867 1109 940 1149 dazu
956 1115 985 1140 er
995 1107 1188 1147 geſchworen,
1211 1103 1367 1148 verfuͤgen,
1383 1109 1447 1140 und

681 1152 758 1189 ohne
776 1152 945 1193 wahrhafte
971 1152 1207 1192 Beſcheinigung
1229 1151 1308 1184 einer
1331 1150 1446 1184 Krank⸗

682 1197 751 1233 heit,
779 1196 858 1232 nicht
873 1199 973 1228 davon
983 1196 1211 1233 außenbleiben,
1236 1196 1320 1232 auch,
1344 1196 1447 1234 ſobald

682 1239 732 1273 der
749 1239 872 1279 Marſch
892 1239 1050 1278 fortgehet,
1073 1238 1167 1271 keiner
1180 1245 1242 1271 von
1260 1233 1361 1277 ſeiner
1364 1237 1447 1271 Kom⸗

680 1282 806 1324 pagnie,
837 1284 914 1325 ohne
934 1285 1103 1323 Vorwiſſen
1125 1287 1174 1320 der
1204 1283 1370 1327 Offiziers,
1394 1284 1448 1325 ſich

681 1326 835 1368 abziehen,
860 1329 931 1360 oder
946 1326 1019 1369 nach
1036 1326 1266 1369 Kriegsmanier
1279 1325 1447 1369 deshalben

679 1372 819 1405 geſtrafet
831 1375 959 1405 werden.

723 1417 797 1447 Art.
815 1420 843 1452 8.
867 1414 1026 1456 Vielmehr
1045 1414 1099 1455 ſoll
1124 1413 1170 1449 ein
1190 1415 1269 1457 jeder
1292 1416 1361 1447 treu
1381 1414 1445 1447 und

682 1456 839 1497 ſtandhaft
858 1457 912 1497 bey
931 1457 1036 1497 ſeinem
1051 1454 1201 1499 Faͤhnlein
1218 1456 1329 1497 halten.
1352 1457 1447 1491 Denn

682 1508 744 1533 wer
773 1502 827 1541 ſich
856 1501 1022 1541 heimlicher
1056 1502 1155 1540 Weiſe
1191 1507 1254 1534 von
1284 1501 1448 1540 demſelben

683 1541 846 1580 abſentirt,
874 1540 948 1575 uͤber
967 1541 1070 1580 Nacht
1097 1544 1199 1574 davon
1222 1540 1345 1578 bleibet,
1378 1543 1448 1573 oder

682 1591 739 1625 gar
755 1590 816 1617 von
836 1588 886 1619 der
900 1585 1089 1624 Kompagnie
1105 1583 1255 1625 entlaͤuft,
1280 1583 1449 1624 imgleichen

683 1633 745 1662 wer
760 1627 932 1668 ausreißet,
968 1624 1151 1671 feldfluͤchtig
1173 1627 1268 1666 wird,
1303 1628 1373 1661 oder
1392 1633 1449 1668 gar

682 1680 748 1716 zum
763 1674 872 1717 Feinde
888 1669 1060 1716 uͤberlaͤuft,
1083 1673 1208 1716 derſelbe
1223 1674 1287 1717 ſoll,
1315 1680 1403 1708 wenn
1421 1682 1450 1708 er

682 1725 816 1763 ertappet
839 1721 932 1761 wird,
957 1720 1034 1762 ohne
1059 1721 1115 1756 alle
1131 1721 1242 1759 Gnade
1256 1719 1450 1762 aufgehengt,

682 1771 721 1801 da
738 1777 767 1802 er
793 1768 864 1802 aber
877 1768 955 1807 nicht
970 1767 1012 1811 zu
1032 1768 1191 1809 erlangen,
1215 1765 1362 1810 oͤffentlich
1387 1768 1448 1804 citi⸗

683 1815 748 1848 ret,
781 1818 836 1843 vor
857 1812 1010 1851 vogelfrey
1034 1808 1173 1848 erklaͤret,
1197 1820 1262 1852 zum
1282 1810 1448 1847 Schelmen

681 1854 832 1890 gemacht,
857 1859 920 1886 und
943 1856 1034 1893 deſſen
1059 1855 1160 1887 Name
1181 1863 1223 1886 an
1246 1856 1303 1887 den
1325 1854 1447 1892 Galgen

681 1885 853 1935 geſchlagen
868 1898 997 1927 werden.

726 1940 798 1971 Art.
813 1945 843 1976 9.
867 1937 1003 1978 Welcher
1018 1935 1072 1975 bey
1089 1936 1292 1975 vorfallender
1299 1936 1447 1977 Occaſion

682 1982 756 2024 ſeine
772 1987 983 2017 anvertrauete
999 1983 1083 2025 Poſt,
1106 1983 1226 2022 Wacht,
1250 1985 1319 2016 oder
1340 1984 1447 2015 andere

643 2023 880 2065 anbefohlene
906 2023 1130 2067 Herrendienſte
1151 2020 1304 2064 verlaͤſſet,
1340 2024 1390 2065 ehe
1418 2031 1448 2056 er

660 2069 775 2110 dabey
803 2071 862 2112 ſein
882 2070 1069 2112 moͤglichſtes
1082 2070 1202 2106 Devoir
1222 2069 1384 2110 genugſam
1406 2078 1448 2102 er⸗

680 2113 798 2153 wieſen,
822 2118 872 2148 der
888 2114 939 2155 ſoll
956 2121 1005 2148 vor
1020 2109 1092 2157 Recht
1123 2112 1260 2154 geſtellet,
1283 2114 1357 2150 und,
1373 2113 1446 2154 nach

682 2163 775 2202 deſſen
789 2160 984 2201 Erkenntniß,
1007 2160 1146 2201 geſtrafet
1159 2162 1288 2195 werden.

726 2222 799 2253 Art.
826 2229 873 2253 10.
905 2221 968 2255 Alle
982 2218 1245 2261 Korreſpondenz,
1267 2216 1447 2253 Kommuni⸗

684 2258 787 2291 kation
798 2262 860 2290 und
875 2258 1047 2301 Handlung
1064 2257 1118 2292 mit
1140 2259 1203 2292 dem
1225 2257 1354 2299 Feinde,
1378 2261 1448 2292 oder

686 2296 779 2340 deſſen
800 2301 1022 2341 Zugehoͤrigen,
1053 2301 1091 2342 ſie
1121 2301 1167 2344 ſey
1192 2299 1346 2342 ſchriftlich
1376 2304 1447 2334 oder

686 2337 848 2384 muͤndlich,
873 2345 924 2385 ſoll
947 2346 981 2388 an
1000 2345 1079 2386 Ehre
1103 2347 1165 2379 und
1180 2343 1266 2382 Gut,
1290 2342 1363 2381 auch
1383 2344 1447 2379 Leib

685 2392 747 2425 und
771 2390 858 2423 Leben
882 2391 1019 2429 geſtrafet
1043 2394 1178 2428 werden;
1217 2389 1290 2426 auch
1318 2389 1369 2431 ſoll
1393 2390 1446 2431 ſich

683 2435 794 2473 Keiner
817 2435 1015 2477 unterſtehen,
1048 2434 1124 2475 ohne
1151 2433 1374 2479 ausdruͤckliche
1390 2434 1447 2471 Er⸗

1532 452 1671 497 laubniß,
1695 455 1750 490 des
1764 454 1894 497 Feindes
1906 453 2024 496 Zeichen
2038 462 2074 499 zu
2090 450 2209 499 fuͤhren,
2227 455 2297 488 oder

1532 498 1578 531 die
1594 498 1711 539 darauf
1721 498 1834 539 geſetzte
1850 496 1964 536 Strafe
1979 503 2013 536 zu
2030 502 2181 536 gewarten
2192 496 2296 536 haben.

1574 548 1648 578 Art.
1672 554 1722 578 11.
1750 546 1799 581 Es
1828 545 1899 585 ſoll,
1937 543 2014 580 ohne
2040 543 2212 585 Vorwiſſen
2243 544 2298 578 des

1532 582 1774 625 Oberoffiziers,
1804 581 1882 618 keine
1910 581 2192 627 Zuſammenkunft,
2223 580 2297 621 noch

1532 624 1704 664 Rottirung
1729 630 1963 665 vorgenommen
1992 625 2127 662 werden,
2160 627 2230 658 oder
2253 623 2298 657 die

1532 672 1723 710 Uibertreter,
1744 676 1807 705 und
1827 673 2026 715 inſonderheit
2042 673 2086 708 die
2101 669 2297 715 Raͤdelsfuͤh⸗

1534 723 1600 753 rer,
1642 712 2064 756 Leibes⸗ und Lebensſtrafe
2085 721 2119 757 zu
2144 717 2298 753 gewarten

1534 760 1644 798 haben.

1575 804 1648 835 Art.
1665 809 1715 835 12.
1739 801 1815 837 Wer
1836 802 2007 841 meuterirt,
2027 802 2066 840 es
2088 798 2220 842 geſchehe
2241 798 2301 841 auf

1533 851 1604 886 was
1620 851 1676 885 Art
1690 852 1725 885 es
1740 851 1837 890 wolle,
1862 851 1911 883 der
1929 850 1993 889 ſoll,
2016 850 2092 890 ohne
2105 848 2161 885 alle
2176 850 2297 888 Gnade,

1532 891 1596 929 Leib
1615 894 1677 927 und
1694 891 1784 928 Leben
1811 892 1967 928 verwirket
1986 892 2092 934 haben.

1575 944 1647 975 Art.
1669 949 1714 976 13.
1743 942 1828 977 Alles
1851 941 2028 979 Duelliren,
2050 941 2197 981 Raufen,
2219 939 2297 978 Bal⸗

1532 989 1588 1022 gen
1604 985 1666 1017 und
1677 982 1846 1024 Schlagen,
1869 983 1934 1022 ſoll,
1950 982 2045 1022 Kraft
2059 985 2139 1017 derer
2155 983 2298 1017 vormals

1532 1024 1710 1066 publicirten
1736 1027 1907 1063 Mandate,
1939 1025 2097 1065 nochmals
2119 1025 2196 1061 alles
2219 1027 2297 1062 Ern⸗

1534 1070 1593 1110 ſtes
1618 1069 1672 1111 bey
1702 1073 1796 1104 denen
1829 1072 1858 1104 in
1887 1070 2042 1111 denſelben
2074 1070 2297 1110 angeordneten

1533 1116 1670 1148 Strafen
1693 1116 1837 1148 verboten
1862 1116 1940 1148 ſeyn.

1577 1159 1650 1189 Art.
1676 1164 1725 1194 14.
1762 1157 1960 1197 Maitreſſen,
1997 1155 2197 1192 Konkubinen
2232 1156 2295 1189 und

1534 1204 1649 1234 andres
1664 1200 1870 1240 verdaͤchtiges
1889 1202 2091 1241 Frauenvolk,
2117 1201 2170 1242 ſoll
2178 1200 2297 1237 Keiner,

1534 1244 1630 1274 weder
1655 1241 1871 1281 Oberoffizier,
1902 1241 1975 1279 noch
1999 1241 2143 1280 gemeiner
2165 1241 2298 1278 Soldat,

1534 1284 1588 1326 bey
1605 1284 1658 1325 ſich
1682 1284 1796 1325 haben,
1820 1285 1875 1319 mit
1892 1281 2124 1327 herumfuͤhren,
2149 1286 2217 1318 oder
2242 1284 2297 1325 bey

1533 1331 1584 1364 der
1597 1328 1787 1373 Kompagnie
1803 1328 1857 1372 ſich
1872 1328 2031 1370 aufhalten
2048 1328 2148 1371 laſſen,
2172 1329 2300 1371 ſondern

1533 1374 1675 1417 dieſelben
1696 1370 1825 1418 gaͤnzlich
1843 1374 2024 1418 abſchaffen,
2049 1377 2131 1413 oder,
2154 1375 2183 1408 in
2202 1376 2297 1418 deſſen

1533 1420 1760 1461 Unterlaſſung,
1783 1422 1835 1453 der
1854 1421 1970 1462 darauf
1985 1417 2146 1461 gehoͤrigen
2162 1420 2298 1456 Verord⸗

1534 1467 1620 1497 nung
1636 1468 1671 1497 zu
1683 1465 1839 1497 gewarten
1853 1461 1960 1500 haben.

1577 1504 1650 1533 Art.
1678 1509 1726 1539 15.
1762 1499 1826 1534 Alle
1863 1506 1973 1534 andere
2005 1499 2212 1540 Verbrechen,
2247 1500 2299 1534 als

1527 1547 1652 1584 Mord,
1674 1544 1868 1585 Todtſchlag,
1880 1543 2090 1586 Entleibung,
2114 1543 2299 1588 Nothzucht,

1533 1591 1701 1630 Ehebruch,
1723 1590 1956 1630 Straßenraub,
1978 1591 2108 1630 Brand,
2129 1588 2300 1632 Diebſtahl,

1536 1636 1600 1668 und
1618 1634 1675 1669 alle
1699 1636 1808 1669 andere
1830 1633 1977 1675 gemeine,
2002 1633 2081 1675 nicht
2106 1633 2193 1675 bloße
2211 1636 2300 1672 Mili⸗

1536 1678 1827 1721 tair ⸗ Verbrechen,
1851 1679 1941 1722 ſollen
1959 1678 2032 1718 nach
2050 1682 2099 1715 der
2118 1678 2148 1715 in
2167 1679 2300 1721 Rechten

1534 1726 1679 1767 dießfalls
1709 1723 1879 1768 gemachten
1919 1725 2129 1766 Verordnung
2165 1724 2301 1766 geſtraft,

1535 1773 1597 1804 und
1621 1772 1715 1806 wider
1744 1771 1788 1805 die
1819 1770 2000 1811 Verbrecher
2034 1769 2152 1812 darauf
2167 1761 2301 1807 erkannt

1531 1815 1660 1849 werden.

1577 1861 1650 1892 Art.
1678 1859 1725 1891 16.
1755 1858 1805 1900 Jn
1835 1860 1928 1891 denen
1954 1856 2142 1895 Quartieren
2165 1858 2219 1897 ſoll
2244 1856 2297 1898 ſich

1534 1903 1582 1934 ein
1601 1903 1696 1941 Jeder,
1723 1907 1771 1937 der
1795 1896 1907 1944 Gebuͤhr
1917 1903 2003 1939 nach,
2026 1901 2179 1941 bezeugen,
2203 1904 2299 1935 weder

1533 1951 1626 1983 gegen
1644 1948 1699 1979 den
1716 1946 1838 1985 Wirth,
1861 1945 1935 1984 noch
1950 1945 2043 1987 deſſen
2061 1944 2162 1983 Leute,
2187 1943 2239 1985 ſich
2261 1943 2298 1976 ei⸗

1535 1986 1619 2028 niger
1640 1988 1763 2024 Gewalt
1785 1991 1849 2022 und
1878 1986 2073 2029 Unbefugniß
2103 1985 2300 2029 gebrauchen,

1535 2030 1608 2070 noch
1625 2030 1698 2070 auch
1714 2029 1761 2064 ein
1776 2031 1901 2070 anders,
1924 2030 1977 2065 als
1989 2030 2049 2072 ihm
2069 2028 2196 2069 wirklich
2212 2030 2301 2070 aſſig⸗

1535 2073 1615 2113 nirt,
1646 2069 1858 2115 eigenmaͤchtig
1881 2074 2073 2114 einnehmen,
2096 2068 2169 2112 auch
2188 2075 2302 2113 ſonſten

1536 2119 1589 2161 ſich
1607 2121 1754 2153 darinnen
1771 2119 1926 2160 dergeſtalt
1940 2118 2108 2158 verhalten,
2131 2117 2186 2153 wie
2196 2121 2230 2154 es
2240 2119 2301 2159 ihm

1536 2164 1673 2205 oblieget,
1699 2167 1768 2197 oder
1785 2164 1941 2205 gehoͤriger
1960 2163 2076 2207 Strafe
2093 2161 2300 2206 unnachlaͤſſig

1534 2208 1570 2242 zu
1582 2209 1735 2242 gewarten
1755 2203 1862 2242 haben.

1578 2270 1652 2301 Art.
1672 2276 1721 2305 17.
1745 2268 1813 2303 Auf
1823 2266 2046 2308 Muſterungen
2063 2267 2117 2308 ſoll
2131 2266 2191 2307 kein
2207 2266 2299 2305 Blin⸗

1533 2312 1584 2344 der
1598 2308 1720 2350 paſſiret
1737 2310 1866 2348 werden,
1891 2308 2019 2350 ſondern
2035 2310 2085 2343 der
2101 2308 2231 2351 Officier
2247 2309 2298 2340 da⸗

1532 2351 1586 2393 fuͤr
1600 2361 1653 2393 zur
1669 2352 1938 2392 Verantwortung
1954 2351 2061 2392 ſtehen,
2086 2355 2136 2387 der
2150 2352 2221 2386 aber
2235 2350 2298 2391 alſo

1533 2395 1721 2437 durchgehet,
1746 2400 1808 2431 und
1832 2398 1911 2436 nicht
1924 2395 2027 2437 richtig
2042 2404 2095 2438 zur
2109 2391 2299 2439 Kompagnie

1533 2438 1734 2476 angeworben
1752 2439 1794 2476 iſt,
1817 2439 1954 2476 gehenket
1963 2444 2098 2477 werden.

2209 2488 2300 2523 Art.
