1536 2435
477 539 537 574 Auf
549 542 604 581 den
626 545 724 578 Abend
732 542 874 581 kommen
884 555 954 591 wir,
978 556 1031 586 das
1053 557 1137 594 junge
1151 554 1238 595 Paar
1260 562 1319 592 und

468 596 516 632 ich
524 603 574 623 —
577 599 691 633 komme
714 597 765 631 Er
781 597 852 633 auch
868 615 894 622 —
917 602 973 633 der
994 601 1176 645 Braͤutigam
1197 605 1244 645 ſoll
1268 609 1322 639 den

474 649 562 684 Wein
590 652 752 686 hertragen.
817 643 892 677 Gott
922 646 1004 686 ſegne
1033 647 1094 684 euch
1120 652 1171 682 den
1195 649 1321 691 Mittag,

472 703 606 735 Saaling
623 713 666 728 —
675 703 746 742 mich
774 703 851 744 habt
872 706 917 747 ihr
946 707 1010 747 froh
1035 710 1093 741 und
1119 713 1198 749 guter
1218 711 1320 751 Dinge

469 755 606 790 gemacht.

511 807 713 855 Saaling.
756 815 839 846 Gott
860 809 933 848 Lob!
960 806 1070 854 Reicht
1087 816 1136 850 mir
1160 818 1204 850 die
1218 815 1318 859 Hand,

466 862 517 904 ihr
527 858 629 900 beiden
652 864 729 904 guten
752 868 845 903 Leute.

513 922 695 962 Rechter.
732 925 804 958 Von
827 928 950 973 Herzen.

511 981 662 1022 Schulz.
722 988 846 1030 Warum
862 994 916 1025 das
931 993 1032 1034 nicht?

778 1046 824 1077 Sie
841 1046 939 1078 ſchlagen
955 1048 1022 1082 ein.

507 1102 707 1139 Saaling.
749 1104 848 1139 Wenn
883 1103 952 1130 man
984 1091 1141 1141 zufriedene
1171 1090 1315 1146 Geſichter

462 1151 543 1191 ſieht
566 1155 597 1194 ſo
616 1162 720 1191 vergißt
740 1151 791 1196 ſich
830 1156 908 1189 vieles.

500 1217 684 1259 Rechter.
717 1219 810 1255 Mein
835 1215 928 1244 Seele
944 1226 986 1234 —
1005 1218 1052 1252 ihr
1074 1203 1144 1253 habt
1168 1227 1226 1247 uns
1249 1223 1312 1254 alle,

455 1270 503 1306 die
522 1271 677 1313 Einzelnen
693 1277 756 1306 und
778 1274 826 1309 die
849 1267 1026 1305 Gemeinde,
1050 1269 1115 1307 ſtets
1137 1271 1213 1310 wohl
1236 1272 1312 1305 bera⸗

459 1322 542 1349 then.
580 1323 629 1355 Es
653 1322 759 1367 ſchlaͤgt
780 1326 848 1370 euch
872 1330 941 1363 alles
972 1339 1004 1374 zu
1032 1331 1134 1368 Gluͤck.
1181 1335 1248 1370 Wie
1272 1337 1311 1376 ich

453 1376 596 1414 herkam,
606 1373 709 1408 dachte
716 1375 765 1421 ich
772 1378 849 1421 noch
864 1379 914 1422 bey
938 1384 994 1416 mir
1014 1383 1106 1426 ſelbſt,
1130 1383 1245 1421 dasmal
1262 1388 1312 1428 ſoll

452 1430 488 1457 er
500 1425 572 1463 mich
588 1427 667 1462 nicht
675 1434 738 1475 von
758 1436 862 1469 meiner
878 1433 1031 1473 Meinung
1048 1434 1178 1476 bringen,
1190 1431 1224 1467 er
1240 1444 1309 1477 mag

453 1479 488 1509 es
517 1483 572 1512 auch
588 1482 730 1520 anfangen
749 1486 801 1518 wie
813 1491 853 1515 er
868 1490 923 1515 nur
939 1485 1008 1515 will.
1054 1485 1113 1524 Jch
1136 1487 1243 1526 machte
1264 1477 1314 1528 ein

456 1534 591 1569 graͤmlich
604 1531 710 1578 Geſicht
730 1538 787 1572 und
795 1539 859 1574 fing
877 1536 949 1574 recht
964 1536 1036 1578 rauh
1054 1546 1100 1572 an.
1137 1537 1185 1577 Ja
1197 1547 1258 1573 nun
1262 1552 1309 1567 —

451 1588 496 1614 da
514 1583 578 1620 ſaht
601 1588 651 1623 ihr
671 1586 745 1631 mich
767 1589 793 1631 ſo
820 1586 902 1629 ruhig
928 1591 986 1625 und
1001 1589 1155 1630 freundlich
1172 1600 1230 1632 an,
1250 1597 1308 1627 und

453 1637 567 1673 ſpracht
588 1643 698 1678 obenein
729 1637 756 1688 ſo
784 1640 875 1679 ſinnig
894 1643 952 1676 und
969 1642 1092 1683 rechtlich
1109 1660 1149 1667 —
1163 1651 1223 1685 weg
1249 1651 1310 1679 war

460 1694 507 1721 der
524 1685 652 1733 Aerger!

500 1757 656 1801 Schulz.
698 1762 806 1801 Wohl
828 1764 892 1805 eher
923 1765 995 1806 habe
1024 1768 1065 1806 ich
1093 1770 1148 1800 das
1180 1768 1248 1809 auch
1279 1771 1307 1811 ſo

453 1814 597 1849 erfahren.

503 1878 669 1918 Rechter.
709 1883 767 1924 Ja
784 1888 846 1928 bey
863 1888 970 1920 meiner
991 1886 1102 1927 Seele,
1123 1888 1162 1928 ich
1187 1888 1254 1931 thue
1277 1894 1308 1924 es

456 1931 535 1965 nicht
539 1930 649 1969 anders
661 1943 710 1965 —
716 1934 788 1976 Jhr
807 1938 867 1980 ſeyd
890 1939 996 1973 einmal
1018 1941 1065 1973 ein
1089 1940 1166 1981 Herr
1181 1942 1306 1984 Pfarrer

453 1983 575 2018 geweſen
585 1989 646 2011 —
653 1986 717 2021 he?

498 2053 674 2092 Saaling
699 2061 787 2089 laͤchelt.
