1663 2446
582 402 628 440 46

682 393 837 435 lIRede.
860 383 1081 441 Erklaͤrung
1088 382 1213 439 deſſen,
1230 396 1315 427 was
1332 386 1390 426 die

580 476 727 523 ſtanden,
753 476 818 511 und
835 484 867 509 er
884 470 1010 511 allemal
1024 470 1078 509 als
1097 470 1161 509 eine
1170 466 1379 519 Handlung
1386 470 1438 505 der

582 526 794 573 Redlichkeit,
817 524 870 562 als
893 524 942 560 ein
964 523 1143 573 beſonderes
1169 520 1341 571 Beyſpiel
1353 511 1435 560 und

583 578 798 625 Kennzeichen
835 577 988 624 derſelben
1028 575 1197 618 betrachtet
1238 576 1348 612 werde.
1380 592 1434 599 —

582 633 699 672 Sollte
714 631 803 678 unſer
818 630 950 669 Glaube
976 638 1041 668 uns
1062 628 1198 671 wirklich
1221 637 1275 673 zur
1298 624 1437 665 Unmo⸗

582 683 712 724 ralitaͤt
728 683 861 730 fuͤhren;
886 683 915 727 ſo
931 683 1037 721 wuͤrde
1055 690 1089 719 es
1106 681 1171 718 eine
1193 678 1352 727 Frechheit
1372 683 1437 715 und

582 734 852 782 Gotteslaͤſtrung
870 732 956 779 ſeyn,
981 732 1035 780 ihn
1050 732 1126 768 einen
1148 725 1334 781 goͤttlichen
1328 730 1439 769 Glau⸗

583 780 642 817 ben
662 788 699 823 zu
715 787 854 815 nennen:
880 779 972 815 allein
988 782 1027 814 da
1043 785 1073 812 er
1089 784 1153 812 uns
1163 777 1238 817 nach
1249 777 1316 812 dem
1327 770 1438 822 hoͤch⸗

584 839 658 883 ſten
673 834 817 884 Gipfel,
838 838 913 877 nach
937 840 1005 873 dem
1024 834 1179 881 weiteſten
1204 830 1369 881 Umfange
1387 833 1440 867 der

584 888 717 937 Tugend
731 888 851 936 ſtreben
878 887 994 933 lehret;
1024 886 1054 930 ſo
1073 884 1151 930 muß
1174 884 1281 931 unſere
1300 878 1440 930 Auffuͤh⸗

585 948 688 986 rung,
714 947 806 975 wenn
824 937 859 983 ſie
873 934 1162 985 ausſchweifend
1181 931 1225 979 und
1229 931 1441 982 liederlich

584 992 632 1037 iſt,
651 987 815 1035 nunmehr,
833 997 888 1025 um
904 989 934 1034 ſo
951 988 1014 1025 viel
1035 981 1260 1036 aͤrgerlicher
1280 989 1347 1022 und
1372 992 1442 1021 un⸗

585 1036 935 1088 verantwortlicher
963 1039 1083 1084 ſeyn.
1066 1029 1133 1076 —
1165 1033 1442 1084 Unmoraliſche

582 1086 804 1136 Handlungen
819 1087 909 1134 ſagen
925 1086 1058 1129 deutlich
1073 1088 1139 1124 und
1154 1083 1309 1122 bekennen
1323 1093 1382 1122 vor
1391 1088 1445 1119 der

586 1150 700 1187 ganzen
717 1139 827 1185 Welt,
853 1137 914 1187 daß
931 1141 1085 1176 entweder
1101 1138 1176 1178 nach
1200 1135 1325 1182 unſerer
1340 1135 1442 1182 Mey⸗

585 1201 676 1239 nung
691 1192 783 1238 unſer
797 1189 930 1228 Glaube
944 1197 989 1232 zu
1011 1196 1079 1238 gar
1101 1184 1228 1236 nichts
1250 1186 1354 1224 diene,
1358 1186 1443 1229 und

586 1244 648 1290 daß
665 1253 742 1279 man
766 1241 831 1287 ihm
861 1242 961 1286 ſeinen
988 1236 1221 1287 natuͤrlichen
1233 1234 1391 1285 Einfluß
1409 1237 1444 1275 in

586 1295 693 1338 unſere
714 1290 934 1338 Handlungen
952 1291 1036 1333 nicht
1056 1282 1204 1327 erlauben
1225 1285 1337 1336 muͤſſe;
1362 1289 1444 1332 oder,

587 1346 651 1395 daß
667 1346 729 1384 wir
744 1351 839 1383 unter
854 1354 913 1391 gar
921 1344 1021 1382 keiner
1036 1341 1309 1387 Verbindlichkeit
1331 1340 1444 1391 ſtehen,

588 1404 653 1438 und
671 1404 727 1437 den
744 1395 1018 1448 allerheiligſten
1035 1391 1289 1443 Grundſaͤtzen
1311 1392 1444 1437 wider⸗

589 1448 758 1498 ſprechen
783 1448 917 1497 duͤrfen;
953 1446 1083 1491 welches
1112 1449 1170 1484 den
1197 1444 1447 1492 untruͤglichſten

588 1504 727 1546 Beweis
752 1500 895 1549 abgiebt,
936 1500 996 1547 daß
1019 1500 1112 1538 kaum
1126 1501 1201 1541 noch
1231 1500 1281 1538 ein
1313 1498 1445 1544 Funken

587 1554 696 1600 Ehre
712 1557 783 1591 oder
800 1547 1154 1600 Rechtſchaffenheit
1169 1548 1225 1595 bey
1247 1555 1314 1586 uns
1335 1543 1449 1597 uͤbrig

589 1605 648 1649 ſey.
701 1599 776 1638 Aus
791 1599 864 1637 eben
880 1605 948 1637 dem
964 1599 1118 1643 Grunde,
1133 1606 1189 1632 um
1207 1594 1370 1642 deßwillen
1385 1606 1446 1633 un⸗

589 1659 633 1705 ſer
649 1651 781 1691 Glaube
796 1659 1023 1697 angenommen
1034 1654 1098 1687 und
1108 1648 1236 1695 belohnt
1258 1647 1334 1693 wird,
1350 1656 1446 1687 wenn

589 1721 622 1747 er
636 1708 687 1745 ein
705 1703 855 1755 Zeichen
870 1710 922 1742 der
939 1703 1132 1746 Redlichkeit
1148 1703 1201 1749 iſt,
1226 1700 1305 1748 muß
1318 1701 1447 1747 derſelbe

590 1765 656 1794 von
669 1754 793 1801 unſerm
810 1750 1126 1801 rechtſchaffenem
1141 1752 1206 1785 und
1220 1749 1310 1788 alles
1335 1749 1448 1798 erfor⸗

591 1803 779 1855 ſchendem
789 1801 940 1845 Richter,
965 1801 1017 1837 als
1026 1803 1090 1838 eine
1099 1794 1449 1845 nichtsbedeutende

590 1863 656 1898 und
664 1852 946 1909 unzulaͤngliche
956 1854 1231 1903 Entſchuldigung
1246 1851 1451 1901 nothwendig

591 1910 772 1956 verworfen
788 1906 929 1947 werden,
953 1910 1048 1940 wenn
1064 1913 1096 1939 er
1104 1909 1167 1937 von
1177 1899 1256 1939 einer
1269 1901 1450 1950 offenbaren

590 1959 993 2016 Pflichtvergeſſenheit
1014 1959 1157 2005 begleitet
1180 1960 1227 2007 iſt.
1295 1960 1369 2003 So,
1387 1958 1451 2007 daß

592 2017 653 2048 das
678 2013 800 2058 Geſetz
824 2012 888 2050 der
913 2004 1192 2058 Gerechtigkeit
1222 2004 1339 2051 durch
1379 2007 1451 2044 den

595 2062 791 2107 Glauben,
813 2070 908 2100 wenn
923 2062 985 2101 wir
1007 2063 1065 2097 den
1087 2057 1287 2105 eigentlichen
1307 2057 1452 2099 Grund

1386 2111 1453 2145 und
