1902 2699
330 422 407 488 der
407 422 847 488 Nationalreichthuͤmer.
847 422 888 488 II
888 422 1019 488 Buch.
1019 422 1042 488 I
1042 422 1217 488 Hauptſt.

1244 437 1327 490 417

298 533 357 571 wir
371 535 416 582 oft
431 537 463 574 in
478 538 534 574 den
542 532 633 571 Laͤden
647 535 700 571 der
709 531 894 581 Schmiede,
910 531 1053 580 Tiſchler,
1074 532 1319 581 Goldſchmiede,

297 583 493 633 Juwelirer,
518 585 823 635 Porcellainhaͤndler
840 600 878 626 ꝛc.
903 588 956 634 feil
976 586 1088 633 finden.
1147 587 1227 626 Das
1249 602 1320 624 um⸗

300 642 441 689 laufende
464 640 599 685 Kapital
621 638 746 689 beſtehet
769 640 914 687 demnach
943 643 975 678 in
997 645 1054 676 den
1075 642 1318 689 Lebensmitteln,

298 703 522 745 Materialien,
554 703 618 738 und
642 701 827 741 vollendeten
856 701 1003 740 Arbeiten
1029 702 1102 739 aller
1124 701 1241 747 Arten,
1272 712 1321 742 die

298 757 372 803 noch
386 755 465 799 nicht
480 754 619 804 verkauft
634 756 728 804 ſind,
743 758 807 794 und
825 764 885 793 aus
900 759 969 793 dem
985 758 1104 800 Gelde,
1134 763 1193 791 das
1215 772 1252 801 zu
1274 766 1321 803 ih⸗

296 822 345 848 rer
362 796 552 848 Circulation
567 810 630 845 und
648 808 859 857 Vertheilung
883 821 970 843 unter
986 817 1129 852 diejenige
1146 820 1253 855 noͤthig
1271 824 1322 855 iſt,

296 873 344 910 die
359 871 397 918 ſie
410 867 523 914 endlich
537 867 758 915 verbrauchen,
778 872 848 905 oder
864 871 1020 914 verzehren
1035 876 1134 915 ſollen.

374 951 457 990 Von
477 950 575 1000 dieſen
595 951 660 989 vier
681 948 810 998 Theilen
835 952 954 986 werden
984 950 1075 993 drey,
1114 950 1248 994 naͤmlich
1272 958 1321 991 die

295 1003 523 1049 Lebensmittel,
553 1004 759 1044 Materialien
783 1004 847 1038 und
870 1003 1043 1049 verfertigte
1065 1005 1228 1047 Waaren,
1255 1020 1321 1041 ent⸗

296 1064 395 1100 weder
417 1057 563 1109 jaͤhrlich,
600 1064 671 1100 oder
691 1061 723 1098 in
743 1060 824 1098 einer
847 1058 967 1106 kuͤrzern
990 1061 1061 1097 oder
1083 1061 1210 1106 laͤngern
1233 1066 1318 1109 Zeit,

294 1122 366 1158 dem
387 1118 605 1167 umlaufenden
621 1116 770 1166 Kapitale
794 1115 955 1164 ordentlich
977 1124 1140 1164 entzogen,
1168 1127 1232 1153 und
1255 1134 1320 1157 ent⸗

295 1176 395 1213 weder
408 1172 453 1213 im
467 1161 623 1224 ſtehenden
636 1169 793 1221 Kapital,
826 1175 896 1211 oder
911 1175 956 1212 im
972 1176 1147 1221 Vorrathe,
1178 1185 1230 1209 der
1247 1193 1320 1221 zum

295 1236 535 1279 unmittelbaren
550 1237 754 1285 Verbrauche
769 1236 924 1288 beſtimmt
939 1238 992 1287 iſt,
1021 1246 1230 1284 angewendet.

374 1317 482 1368 Jedes
496 1316 648 1372 ſtehende
660 1314 797 1369 Kapital
812 1319 890 1358 wird
908 1317 1115 1367 urſpruͤnglich
1136 1328 1198 1357 von
1220 1311 1324 1360 einem

296 1374 519 1423 umlaufenden
533 1373 683 1421 Kapitale
699 1372 880 1423 hergeleitet,
895 1375 958 1411 und
975 1376 1053 1419 muß
1066 1373 1141 1417 auch
1158 1379 1217 1411 von
1236 1379 1320 1411 dem⸗

295 1431 393 1482 ſelben
417 1430 573 1479 beſtaͤndig
597 1429 787 1478 unterhalten
812 1433 943 1469 werden.
1000 1430 1071 1469 Alle
1086 1431 1223 1480 nuͤtzliche
1238 1433 1320 1471 Ma⸗

296 1485 413 1539 ſchinen
430 1490 493 1525 und
508 1484 793 1534 Handwerkszeuge
808 1486 959 1531 ſtammen
978 1486 1185 1532 urſpruͤnglich
1200 1495 1261 1524 von
1279 1492 1320 1525 ei⸗

294 1554 367 1581 nem
384 1544 604 1590 umlaufenden
619 1542 771 1589 Kapitale
787 1542 850 1589 her,
871 1545 930 1580 das
945 1545 992 1581 die
1007 1544 1225 1587 Materialien,
1240 1556 1320 1579 wor⸗

294 1606 357 1635 aus
371 1599 410 1644 ſie
424 1596 565 1644 gemacht
580 1599 662 1645 ſind,
689 1601 752 1636 und
769 1601 826 1636 den
845 1598 1009 1644 Unterhalt
1024 1603 1076 1636 der
1090 1598 1233 1636 Arbeiter
1253 1609 1321 1635 ver⸗

295 1649 420 1701 ſchafft,
449 1636 496 1688 die
511 1647 603 1698 ſolche
623 1647 815 1696 verfertigen.
873 1647 962 1693 Auch
978 1642 1094 1697 muͤſſen
1111 1654 1157 1697 ſie
1165 1656 1254 1695 durch
1270 1660 1320 1689 ein

297 1714 434 1763 Kapital
447 1722 509 1753 von
521 1716 572 1754 der
588 1712 758 1762 naͤmlichen
771 1711 845 1761 Art,
873 1715 906 1754 in
922 1712 1078 1762 beſtaͤndig
1090 1719 1197 1761 gutem
1209 1714 1321 1755 Stan⸗

296 1773 334 1810 de
351 1760 486 1821 erhalten
501 1767 633 1813 werden.

379 1850 467 1890 Kein
482 1847 657 1901 ſtehendes
671 1848 807 1897 Kapital
821 1847 901 1888 kann
915 1849 1048 1895 anders,
1076 1848 1128 1887 als
1140 1849 1321 1898 vermittelſt

298 1880 384 1929 eines
404 1895 655 1941 umlaufenden
671 1896 824 1937 Kapitals
841 1901 957 1937 einiges
973 1901 1181 1930 Einkommen
1195 1905 1320 1936 gewaͤh⸗

298 1973 365 2001 ren.
420 1952 490 2005 Die
505 1961 667 2012 nuͤtzlichſte
680 1960 865 2013 Maſchinen
884 1963 945 1999 und
954 1960 1237 2009 Handwerkszeuge
1250 1963 1320 1998 koͤn⸗

299 2023 359 2054 nen
389 2009 467 2059 ohne
490 2015 549 2052 das
573 2010 772 2062 umlaufende
793 2016 945 2059 Kapital,
987 2030 1071 2059 wozu
1096 2020 1134 2058 ſie
1156 2017 1321 2057 gebraucht

299 2077 439 2122 werden,
464 2072 529 2114 und
548 2080 606 2116 den
625 2068 789 2127 Unterhalt
811 2079 862 2115 der
883 2077 1109 2120 Arbeitsleute,
1139 2078 1185 2112 die
1207 2077 1244 2122 ſie
1267 2087 1319 2122 ge⸗

299 2130 472 2181 brauchen,
496 2132 597 2180 nichts
616 2132 865 2183 hervorbringen.
921 2134 1001 2176 Das
1024 2132 1218 2185 fruchtbarſte
1241 2133 1321 2180 Land

299 2185 388 2234 wirft
404 2183 481 2234 ohne
495 2185 544 2224 ein
557 2192 775 2236 umlaufendes
788 2193 943 2234 Kapital,
971 2198 1030 2224 das
1045 2192 1090 2223 die
1104 2189 1247 2225 Arbeiter
1262 2205 1320 2227 un⸗

301 2244 432 2299 terhaͤlt,
466 2235 518 2285 die
541 2236 578 2286 es
603 2244 723 2297 bauen,
751 2255 816 2287 und
842 2251 918 2300 ſeine
948 2247 1077 2292 Fruͤchte
1106 2249 1321 2296 einſammeln,

300 2311 366 2355 kein
381 2307 590 2360 Einkommen
607 2310 660 2351 ab.

346 2385 440 2426 Sm.
440 2385 537 2426 Nat.
537 2385 745 2426 Reichthuͤm.
745 2385 780 2426 I.
780 2385 833 2426 B.

990 2382 1076 2431 Dd

1230 2390 1319 2437 Den
