2615 2906
1027 493 1072 541 ſer
1092 494 1291 544 zuſammen,
1313 503 1402 537 und|
1399 502 1593 550 verwahret
1603 501 1676 550 ſich

1024 547 1144 589 wieder
1164 551 1212 589 die
1229 545 1493 599 Vergeſſenheit.
1520 557 1689 596 Brochm.

1019 598 1123 635 Tom.
1152 601 1193 634 II.
1226 599 1298 644 ſyſt.
1340 601 1458 643 Theol.
1502 616 1536 652 p.
1557 616 1688 651 4021.

1021 653 1161 696 Dannh.
1189 651 1246 687 IV.
1274 651 1374 695 Theil
1398 659 1474 695 Cat.
1503 654 1618 703 Milch
1644 673 1687 713 p.

1024 708 1114 747 118.
1126 703 1189 752 ſeq.
1236 708 1324 748 Will
1340 720 1421 748 man
1438 717 1500 750 den
1518 711 1674 763 Vorſatz,

1018 763 1090 794 von
1108 756 1206 804 dieſer
1226 763 1302 796 oder
1318 762 1408 807 jener
1425 762 1571 807 Suͤnde,
1593 766 1675 809 dazu

1017 815 1100 845 man
1122 815 1188 845 von
1207 807 1328 849 Natur
1348 811 1481 859 geneigt
1496 812 1555 859 iſt,
1579 816 1676 861 durch

1017 862 1069 903 ein
1093 856 1247 897 Geluͤbde
1265 865 1451 915 befeſtigen,
1463 869 1493 916 ſo
1505 867 1584 915 huͤte
1593 881 1672 910 man

1014 915 1075 963 ſich
1094 914 1159 965 fuͤr
1175 916 1450 969 Vermeſſenheit,
1468 923 1536 959 und
1556 930 1672 969 wapne

1014 968 1074 1016 ſich
1112 969 1173 1007 mit
1221 970 1361 1020 Gebeth.
1390 986 1418 1020 5.
1430 973 1528 1021 Moſ.
1545 983 1609 1018 23,
1625 985 1673 1014 21.

1013 1016 1108 1057 Bald.
1128 1016 1184 1057 lib.
1199 1030 1229 1055 2.
1242 1030 1309 1067 cap.
1331 1026 1364 1062 8.
1384 1022 1447 1068 caſ.
1473 1036 1507 1068 5.
1527 1027 1671 1071 Nitſchii

1008 1067 1130 1112 praxis
1151 1070 1277 1115 mortif.
1298 1081 1409 1106 carnis
1420 1081 1458 1118 p.
1483 1076 1598 1120 1053.
1598 1073 1668 1121 ſeq.

1011 1118 1115 1168 Sehr
1133 1119 1226 1168 wohl
1242 1122 1388 1162 erinnert
1398 1130 1439 1162 D.
1456 1125 1667 1165 Bidembach.

1012 1168 1125 1219 Conc.
1141 1182 1199 1215 32.
1217 1176 1262 1209 in
1284 1177 1322 1212 1.
1335 1173 1421 1220 Sam.
1440 1185 1500 1220 14.
1526 1189 1560 1225 p.
1581 1190 1667 1228 137.

1012 1216 1088 1258 Hat
1112 1216 1201 1265 einer
1218 1229 1323 1261 etwas
1340 1226 1442 1267 rechts
1453 1235 1526 1270 vor,
1536 1225 1568 1267 ſo
1579 1219 1673 1270 darff

1012 1282 1065 1315 ers
1085 1276 1171 1323 nicht
1188 1279 1246 1327 erſt
1261 1278 1414 1330 geloben:
1443 1283 1495 1324 Er
1518 1285 1598 1334 hats
1627 1286 1665 1324 in

1008 1335 1064 1372 der
1087 1332 1208 1383 Tauffe
1238 1334 1390 1382 gelobet,
1413 1341 1454 1375 da
1483 1350 1515 1378 er
1548 1341 1587 1388 iſt
1614 1341 1665 1378 ein

1007 1383 1140 1433 Chriſte
1165 1391 1309 1425 worden.
1362 1387 1436 1434 Hat
1457 1401 1490 1428 er
1511 1395 1594 1429 denn
1623 1398 1665 1430 et⸗

981 1440 1085 1472 was
1105 1436 1273 1482 unrechtes
1290 1447 1352 1476 vor
1382 1438 1466 1489 ihm,
1494 1441 1588 1491 darff
1612 1450 1668 1482 ers

1006 1487 1098 1530 nicht
1122 1490 1272 1528 verreden
1294 1500 1333 1538 zu
1357 1491 1561 1534 vermeiden:
1582 1500 1664 1533 denn

1004 1553 1040 1581 er
1063 1544 1101 1592 iſt
1125 1545 1179 1584 ein
1199 1544 1328 1596 Chriſt,
1344 1548 1379 1594 ſo
1395 1548 1457 1596 hat
1471 1557 1526 1588 ers
1546 1551 1580 1589 in
1602 1556 1666 1591 der

1003 1593 1129 1645 Tauffe
1153 1597 1244 1647 ſchon
1274 1603 1422 1644 verredt,
1453 1600 1510 1640 als
1543 1602 1666 1650 vollzu⸗

1002 1646 1172 1693 trincken/
1202 1648 1440 1702 ungebuͤhrlich
1476 1664 1518 1701 zu
1545 1655 1663 1705 ſpielen

1002 1705 1072 1739 und
1089 1701 1295 1752 dergleichen.
1345 1707 1428 1755 Jſts
1454 1708 1531 1746 aber
1553 1715 1662 1749 etwas

1001 1748 1283 1800 mittelmaͤßiges,
1295 1756 1358 1791 das
1378 1756 1414 1793 in
1425 1757 1542 1801 ſeinem
1550 1757 1660 1808 freyen

1000 1799 1130 1838 Willen
1157 1808 1267 1855 ſtehet,
1291 1805 1322 1846 ſo
1340 1805 1399 1846 iſts
1417 1803 1534 1853 beſſer,
1562 1819 1595 1847 er
1611 1813 1661 1855 be⸗

999 1849 1092 1899 halte
1117 1850 1188 1899 ihm
1212 1853 1304 1900 ſelbſt
1331 1854 1380 1892 die
1413 1856 1517 1905 Hand
1550 1863 1659 1915 offen:

997 1910 1055 1945 der
1075 1897 1193 1949 Teufel
1206 1905 1281 1949 ficht
1306 1909 1356 1948 die
1384 1910 1559 1961 ſonderlich
1591 1923 1659 1952 an,

996 1958 1049 1996 die
1067 1963 1141 1999 was
1156 1957 1284 2007 gelobet
1304 1959 1425 2011 haben,
1452 1968 1523 2004 und
1549 1966 1656 2017 wirfft

993 2014 1097 2065 ihnen
1115 2015 1286 2067 allerhand
1309 2020 1343 2061 in
1364 2024 1427 2061 den
1440 2021 1542 2072 Weg.
1566 2025 1657 2067 Soll

992 2070 1078 2106 denn
1104 2067 1193 2107 einer
1217 2070 1314 2115 durch
1346 2071 1427 2119 ſolch
1455 2072 1592 2117 Geluͤbd
1618 2078 1656 2116 in

991 2120 1142 2169 Ungluͤck
1163 2123 1324 2170 kommen,
1342 2125 1373 2173 ſo
1394 2126 1432 2174 iſt
1451 2139 1483 2165 er
1508 2130 1553 2167 an
1584 2130 1654 2169 ihm

993 2159 1084 2221 ſelbſt
1100 2170 1252 2222 ſchuldig.
1308 2173 1396 2216 Soll
1407 2183 1461 2216 ers
1472 2182 1554 2220 denn
1566 2165 1654 2227 nicht

989 2227 1120 2278 halten,
1142 2225 1172 2273 ſo
1190 2226 1228 2274 iſt
1252 2229 1306 2264 der
1342 2227 1482 2278 Nahme
1510 2231 1652 2277 GOttes

989 2279 1214 2329 mißbraucht,
1236 2285 1304 2321 und
1321 2286 1429 2332 macht
1449 2295 1482 2322 er
1495 2288 1552 2335 ſich
1563 2282 1657 2340 ſelbſt

983 2326 1084 2378 leicht
1101 2344 1202 2382 gegen
1223 2340 1277 2377 der
1297 2339 1407 2385 Welt,
1429 2341 1495 2390 daß
1526 2347 1560 2376 er
1586 2342 1650 2392 ſein

985 2385 1093 2425 Wort
1119 2387 1208 2433 nicht
1230 2384 1358 2436 haͤlt.ꝛc.
1393 2389 1480 2432 Add.
1510 2389 1648 2432 Dannh.

985 2436 1027 2476 P.
1031 2432 1066 2482 I.
1077 2442 1116 2477 L.
1126 2441 1165 2477 C.
1177 2441 1285 2478 Conc.
1301 2445 1365 2485 34.

1687 513 1740 559 4.
1766 511 1862 554 Wie
1882 508 1954 562 ſoll
1970 521 2070 555 man
2087 511 2163 566 ſich
2189 517 2233 558 in
2264 515 2405 547 Ceremo-

1750 558 1833 594 nial-
1842 550 2047 605 Geluͤbden
2070 560 2301 604 verhalten,
2327 544 2405 599 daß

1752 615 1850 648 man
1863 607 1976 655 nicht
1992 607 2187 666 ſuͤndige:
2228 616 2403 659 Antwort:

1752 656 1945 702 Adiaphora
1970 669 2039 701 non
2063 661 2136 706 ſunt
2156 673 2292 704 materia
2319 657 2420 696 voti:

1750 715 1865 750 tamen
1884 711 2084 752 quandoque
2101 725 2140 752 de
2162 724 2196 760 re
2212 712 2412 758 indifferen-

1752 768 1784 804 te
1801 760 1890 807 licite
1908 769 2061 810 vovetur.
2087 765 2182 812 Bald.
2204 768 2264 811 I.c.
2280 771 2315 805 p.
2326 772 2407 807 218.

1750 814 1888 854 Bechm.
1906 814 1968 852 caſ.
1984 828 2016 864 p.
2029 823 2119 862 348.
2132 822 2266 862 Dannh.
2275 822 2398 865 Colleg.

1751 872 1855 905 decal.
1866 877 1903 909 p.
1913 869 2002 907 467.
2050 870 2149 915 Man
2167 871 2236 915 ſoll,
2252 880 2327 915 was
2342 866 2400 909 die

1750 920 1933 965 Materie
1976 923 2124 976 betrifft,
2160 928 2258 979 ſolche
2284 924 2397 969 Dinge

1748 968 1898 1017 geloben,
1920 975 1970 1013 die
1996 978 2031 1016 in
2060 976 2189 1025 unſerm
2208 977 2399 1023 Vermoͤgen

1748 1020 1876 1067 ſtehen,
1915 1031 1983 1064 und
2014 1025 2102 1070 nicht
2125 1027 2255 1076 ſtreiten
2288 1028 2404 1070 wieder

1748 1072 1891 1113 GOttes
1908 1074 2024 1119 Wort,
2039 1083 2090 1117 die
2120 1079 2317 1128 Ehrbarkeit
2337 1064 2398 1116 und

1748 1128 1831 1169 Liebe
1841 1137 1898 1170 des
1906 1131 2077 1182 Nechſten.
2115 1135 2211 1177 Man
2222 1139 2296 1184 ſolls
2306 1136 2398 1185 thun,

1746 1183 1823 1215 was
1840 1180 1903 1219 die
1909 1180 2013 1233 Arth
2025 1184 2106 1224 und
2120 1185 2251 1241 Weiſe
2269 1179 2397 1232 betrifft,

1746 1228 1927 1277 freywillig
1944 1234 2006 1276 mit
2016 1240 2130 1280 gutem
2140 1237 2240 1287 Rath
2253 1244 2321 1280 und
2329 1233 2398 1276 Be⸗

1742 1285 1853 1332 dacht.
1896 1284 2000 1330 Man
2020 1288 2095 1335 ſolls
2115 1290 2221 1337 thun,
2230 1298 2320 1331 was
2339 1290 2394 1329 den

1743 1334 1978 1388 Endzweck
1994 1337 2165 1385 belanget,
2189 1348 2248 1388 zur
2268 1332 2399 1385 Danck⸗

1744 1383 1867 1427 barkeit
1884 1397 1986 1437 gegen
2009 1392 2113 1435 GOtt
2124 1394 2180 1446 fuͤr
2191 1397 2240 1435 die
2250 1392 2392 1445 empfan⸗

1745 1439 1824 1481 gene
1854 1440 2109 1487 Wohlthaten,
2135 1448 2203 1491 daß
2233 1462 2312 1492 man
2335 1434 2393 1490 ſich

1746 1485 1836 1540 ſelbſt
1856 1500 1913 1539 zur
1921 1487 2184 1544 Gottſeeligkeit
2201 1506 2267 1540 und
2279 1488 2391 1541 Ubung

1739 1556 1803 1585 des
1813 1544 1996 1589 Glaubens
2007 1557 2200 1594 ermuntere,
2211 1561 2282 1597 dem
2290 1538 2388 1604 Nech⸗

1729 1605 1808 1655 ſten
1830 1609 1923 1648 diene
1940 1613 2010 1653 und
2025 1608 2142 1654 Gutes
2161 1610 2300 1658 erweiſe,
2311 1590 2389 1645 auch

1740 1658 1854 1707 grobe
1866 1660 2000 1704 Suͤnde
2024 1668 2093 1705 und
2120 1664 2305 1714 Untugend
2323 1651 2387 1696 ver⸗

1738 1709 1868 1755 meide;
1892 1712 1982 1760 nicht
1994 1712 2072 1755 aber
2101 1714 2158 1756 als
2185 1717 2293 1759 wollte
2312 1709 2385 1748 man

1738 1763 1833 1803 einen
1863 1764 2116 1818 ſonderbahren
2162 1763 2340 1814 Gottesdienſt

1736 1808 1843 1850 damit
1867 1818 2060 1863 anrichten,
2098 1818 2173 1862 oder
2214 1806 2316 1864 etwas
2331 1795 2385 1836 bey

1738 1866 1845 1901 GOtt
1858 1871 2046 1908 verdienen,
2068 1879 2143 1906 oder
2173 1881 2243 1913 eine
2268 1857 2383 1909 ſonder⸗

1734 1911 1835 1951 bahre
1846 1920 1937 1960 Ehre
1946 1932 1998 1958 der
2009 1926 2191 1968 Heiligkeit
2206 1918 2271 1958 und
2271 1904 2395 1959 Froͤm⸗

1735 1964 1867 2014 migkeit
1898 1981 1956 2009 bey
1984 1973 2045 2015 den
2069 1979 2250 2016 Menſchen
2279 1953 2384 1997 erlan⸗

1734 2024 1810 2065 gen.
1872 2017 1981 2069 Denn
2001 2025 2098 2069 durch
2125 2019 2276 2072 Geluͤbde
2299 1999 2385 2057 wird

1734 2069 1799 2115 der
1806 2068 2055 2126 GOttesdienſt
2083 2083 2170 2129 nicht
2198 2067 2290 2117 beſſer
2318 2056 2385 2097 und

1734 2120 1920 2163 herrlicher,
1962 2127 2018 2170 als
2052 2132 2152 2180 durch
2189 2116 2384 2171 Gehorſam.

1731 2166 1881 2215 Brochm.
1891 2177 1974 2223 Tom.
1986 2182 2029 2226 II.
2029 2185 2104 2236 ſyſt.
2113 2179 2219 2229 Theol.
2223 2183 2259 2219 p.
2270 2167 2382 2213 4017.

1722 2223 1797 2279 ſeq.
1816 2225 1972 2279 Reinescii
1990 2233 2147 2285 Panoplia
2168 2231 2253 2276 Tom.
2273 2220 2331 2257 IV.
2342 2222 2381 2262 p.

1733 2277 1820 2328 340.
1839 2277 1937 2326 Hiſce
1958 2282 2129 2336 ſuppoſitis
2147 2283 2207 2331 kan
2223 2281 2302 2324 man
2328 2270 2377 2314 ge⸗

1726 2330 1827 2372 loben
1845 2329 1939 2377 einen
1957 2335 2031 2392 Tag
2052 2327 2263 2384 woͤchentlich
2278 2329 2313 2370 zu
2329 2315 2378 2365 fa⸗

1728 2379 1794 2422 ſten
1816 2382 1976 2428 Sperling.
1992 2392 2078 2436 Petr.
2088 2392 2189 2433 ſcrup.
2209 2383 2312 2426 Dom.
2321 2377 2376 2414 ln-

1723 2441 1876 2485 vocavit.
