1667 2249
205 344 272 387 mit
287 345 342 390 der
357 345 508 396 Theorie
516 348 721 398 verbinden,
745 354 817 394 und
833 355 888 395 der
903 351 1160 398 liebenswuͤrdi⸗

203 409 243 447 ge
257 398 423 453 Banuſch
440 402 559 447 ſtrebte
573 405 655 450 nach
666 411 792 449 andern
808 403 992 459 Fruͤchten,
1009 414 1062 450 als
1074 411 1158 459 bloß

203 453 286 499 nach
305 461 434 500 denen,
457 455 492 504 ſo
507 455 572 504 auf
582 461 657 503 dem
673 458 824 508 Parnaß
843 460 1005 510 wachſen.
1040 463 1158 513 Flori⸗

201 498 232 544 ſe
258 498 383 550 wehrte
413 503 471 549 ſich
499 505 653 555 anfangs
679 508 758 552 lang
782 509 952 556 dagegen,
979 510 1071 557 mehr
1090 515 1157 552 aus

202 551 554 607 Schamhafftigkeit,
576 560 633 600 als
649 564 716 600 aus
734 549 891 609 Mangel
908 567 962 604 der
976 564 1067 605 Liebe
1081 566 1155 605 und

200 603 437 656 Zaͤrtlichkeit,
465 610 535 650 und
561 604 664 651 wolte
687 611 746 658 ſich
773 622 810 659 zu
830 611 940 661 nichts
967 612 1153 662 verſtehen:

199 660 281 704 dieſe
297 660 518 711 Verſtellung
535 654 663 713 erhitzte
677 663 789 711 unſere
803 671 879 708 drey
898 667 1154 715 neu⸗angehen⸗

199 714 239 751 de
254 712 434 757 Verliebte
445 711 475 761 je
489 711 580 762 mehr
592 719 665 755 und
683 715 789 762 mehr.
839 710 1052 767 Unterdeſſen
1066 720 1156 763 ruck⸗

198 766 231 807 te
250 767 305 805 der
327 767 411 813 Tag
437 767 562 812 heran,
586 766 654 815 auf
670 769 811 817 welchen
833 770 873 819 ſie
888 770 1016 821 Floriſe
1037 786 1073 820 zu
1091 772 1152 821 ſich

196 814 341 861 beſtellet
359 816 480 866 hatte,
514 816 697 874 Jſocrates
716 821 842 870 ſchickte
866 822 984 870 dieſem
1013 823 1155 873 ſchoͤnen

195 858 493 915 Frauenzimmer,
530 875 590 911 um
611 866 694 918 ſeine
714 865 820 919 groſſe
847 869 1057 923 Zuneigung
1081 873 1154 912 und

196 916 451 966 Hochachtung
463 928 502 969 zu
517 921 679 964 erkennen
692 930 729 972 zu
743 921 872 971 geben,
900 926 969 966 eine
987 927 1068 975 nach
1085 931 1150 968 den

197 952 331 1012 Regeln
350 960 541 1015 verfertigte
553 961 680 1012 Karte,
708 966 852 1015 worauf
857 972 922 1011 das
940 977 1049 1020 gantze
1070 970 1150 1021 Fir⸗

196 1019 349 1062 mament
366 1026 466 1066 unter
483 1019 579 1071 dieſer
595 1023 725 1075 groſſen
742 1024 881 1076 Menge
905 1027 1065 1075 Sterne,
1098 1029 1151 1070 die

194 1076 242 1113 an
266 1069 449 1116 demſelben
475 1071 566 1121 ſind,
589 1072 796 1123 vorgeſtellet
822 1085 917 1119 war;
959 1087 1039 1119 man
1071 1077 1148 1128 ſahe

191 1105 360 1161 darunter
386 1114 503 1160 einen,
520 1115 659 1158 welchen
678 1129 712 1158 er
738 1125 802 1161 mit
818 1122 879 1162 den
904 1120 1049 1170 helleſten
1073 1126 1147 1165 und

193 1166 362 1216 ſchoͤnſten
374 1160 513 1219 Farben
528 1170 661 1222 mahlen
678 1172 800 1224 laſſen,
813 1176 884 1218 eine
899 1174 1044 1221 Manns
1054 1176 1147 1228 Per⸗

192 1221 278 1265 ſohn
293 1221 489 1270 betrachtete
499 1224 641 1275 ſolchen
641 1225 709 1275 ſehr
725 1227 978 1278 aufmerckſam,
1006 1240 1065 1272 um
1082 1235 1148 1273 den

194 1267 317 1319 Stern
336 1271 412 1316 aber
429 1273 525 1320 hatte
538 1284 571 1314 er
583 1275 647 1320 mit
660 1276 778 1326 groſen
790 1276 1013 1338 Buchſtaben
1032 1281 1147 1331 ſchrei⸗

195 1323 257 1369 ben
273 1323 393 1375 laſſen;
422 1327 514 1374 Hier
528 1325 575 1376 iſt
591 1330 690 1370 mein
703 1326 1011 1382 Angel⸗Stern/
1038 1332 1146 1383 dieſes

192 1382 267 1417 war
284 1373 394 1423 jedoch
413 1378 496 1427 noch
521 1379 608 1425 nicht
630 1381 732 1425 alles,
754 1379 859 1422 was
851 1376 894 1430 er
906 1381 957 1432 ihr
971 1393 1046 1433 zum
1068 1385 1145 1428 Ge⸗

192 1420 318 1473 ſchenck
330 1426 476 1476 ſchickte,
502 1431 558 1468 der
570 1428 721 1477 zaͤrtliche
739 1430 981 1478 Sterndeuter
1001 1432 1059 1480 hat
1082 1436 1143 1473 da⸗

192 1483 232 1521 zu
246 1478 315 1522 eine
329 1479 396 1523 Art
412 1490 483 1523 von
502 1479 707 1533 Kupferſtich
730 1474 950 1534 beygefuͤget,
984 1495 1041 1527 wo
1058 1496 1142 1528 man

193 1526 256 1575 auf
270 1534 325 1570 der
343 1530 437 1573 einen
458 1528 569 1578 Seite
589 1534 683 1577 einen
703 1532 1027 1589 Brenn ⸗ Spiegel
1047 1535 1141 1585 ſahe,

189 1580 327 1625 welcher
341 1589 444 1631 gegen
454 1583 505 1625 die
514 1580 650 1632 Sonne
650 1587 695 1633 zu
705 1584 846 1635 geſtellet
859 1598 951 1633 war,
965 1579 1036 1630 und
1044 1593 1142 1637 gantz

190 1627 255 1671 wie
267 1627 372 1676 Feuer
390 1628 552 1678 ausſahe,
567 1641 627 1672 um
648 1633 817 1679 denſelben
840 1634 901 1685 laſe
919 1646 1015 1678 man:
1043 1631 1141 1679 Die⸗

190 1675 246 1723 ſes
260 1679 306 1728 iſt
319 1683 394 1723 das
409 1679 645 1729 Sinn⸗Bild
664 1684 803 1726 meiner
814 1686 938 1728 Liebe.
994 1687 1067 1733 Auf
1082 1690 1139 1729 der

189 1735 317 1775 andern
335 1734 444 1782 Seite
460 1745 532 1778 war
552 1736 606 1778 ein
624 1735 787 1787 Compas
810 1739 876 1786 auf
887 1751 992 1782 einem
1009 1741 1138 1782 kleinen

189 1778 319 1833 Schiff
329 1783 361 1824 in
377 1780 497 1827 vollem
512 1782 638 1829 Meer,
660 1794 725 1826 mit
740 1785 843 1832 dieſen
857 1786 1140 1831 nachdencklichen

187 1829 373 1876 Worten;
401 1833 485 1885 Jch
501 1833 610 1885 fuͤhre
624 1844 711 1880 zum
727 1836 867 1886 Hafen.
899 1830 1003 1885 Dieſe
1018 1849 1138 1881 unver⸗

186 1884 368 1933 gleichliche
394 1889 589 1939 Erfindung
616 1889 732 1933 wuͤrde
753 1895 804 1935 die
819 1892 976 1937 Clarinte
998 1898 1069 1935 und
1087 1895 1138 1940 ih⸗

187 1945 220 1983 re
231 1940 458 1995 Geſellſchafft
469 1933 693 1991 vollkommen
702 1944 872 1995 beluſtiget
887 1946 1016 1995 haben,
1031 1960 1138 1991 wann
