1523 2314
449 249 529 285 254

655 250 715 285 VI.
743 247 825 287 Von
842 249 895 283 der
912 250 1017 283 treuen
1034 244 1153 293 Hand,

451 329 508 386 fet
524 327 615 385 hat,
641 331 943 382 veruntreuete,
969 324 1224 385 veraͤnderte,
1243 328 1341 377 oder

454 387 640 445 verthaͤte
656 390 816 440 dieſelbe
844 391 991 443 indeß;
1022 390 1061 438 ſo
1079 389 1226 439 koͤnnte
1244 390 1339 439 doch

453 446 527 494 der
562 438 866 501 Eigenthuͤmer
896 447 1096 499 derſelben
1128 444 1341 498 allenfalls

455 505 499 546 in
515 496 725 546 Concurſu
743 500 848 553 nicht
866 502 1035 559 deßhalb
1051 502 1115 550 ein
1132 500 1341 555 Vorrecht

453 556 769 624 praetendiren,
801 555 1041 615 ſintemalen
1068 557 1114 608 es
1139 558 1244 608 nicht
1269 560 1339 609 da⸗

453 611 525 661 fuͤr
550 622 598 670 zu
623 612 786 667 achten,
825 615 905 669 daß
936 616 998 664 die
1024 614 1166 669 Sache
1192 616 1264 669 bey
1288 608 1344 670 je⸗

454 681 553 717 nem
568 685 616 714 ex
634 671 815 717 depoſito
834 675 1006 717 geweſen
1023 675 1076 727 *).

585 733 660 774 per
683 723 710 758 l.
733 730 762 757 1.
786 719 821 773 §.
834 718 893 765 13.
922 699 1111 775 Depoſiti,
1140 714 1259 775 ſupra
1280 717 1338 773 (§.

583 783 635 838 3.)
656 783 722 824 cit.
745 792 784 825 et
815 784 903 828 add.
924 781 972 825 B.
986 789 1338 828 BRVNNEMAN-

474 852 721 891 NVM,
749 839 791 880 in
819 838 991 896 Proceſſu
1015 837 1226 896 Concurſus
1247 841 1340 884 Cre-

583 900 702 944 ditor.
718 910 802 957 cap.
822 901 863 944 V.
878 897 914 958 §.
933 903 986 951 65.

504 1011 546 1062 *)
573 1002 683 1050 Nach
697 1004 768 1042 dem
785 1010 898 1041 neuen
911 1006 945 1038 in
960 1014 1040 1038 anno
1056 1012 1128 1046 1757.
1142 1000 1340 1054 publicirten

527 1037 820 1111 Roſtockſchen
841 1055 968 1096 Stadt
984 1050 1124 1098 Rechte

683 1127 720 1165 P.
747 1126 806 1164 III.
828 1126 875 1163 T.
904 1136 933 1161 1.
959 1133 987 1159 a.
1010 1130 1074 1168 27.

552 1177 655 1214 findet
671 1174 732 1208 ſich
748 1181 814 1211 per
836 1160 1035 1211 expreſſum
1051 1153 1199 1211 verſehen
1211 1173 1319 1204 vor:

621 1232 743 1281 „Daß
752 1234 797 1285 das
800 1221 1004 1281 Vorrecht
1018 1236 1072 1275 der
1090 1239 1199 1276 treuen
1215 1232 1337 1285 Hand,

623 1285 692 1333 „die
708 1287 803 1334 durch
820 1285 945 1331 Untreu
966 1278 1128 1329 verruͤcket
1144 1286 1200 1336 iſt,
1226 1297 1337 1327 wenn

622 1346 697 1381 „ein
721 1336 913 1375 Mandatum
935 1338 1053 1378 damit
1067 1328 1262 1387 verknuͤpft
1275 1347 1337 1389 ge⸗

623 1393 785 1442 „weſen,
805 1394 889 1444 nicht
902 1394 966 1444 ſtat
983 1391 1097 1446 haben
1106 1393 1221 1444 ſolle.„

560 1461 684 1493 Und

683 1503 721 1541 P.
745 1500 812 1539 III..
827 1499 873 1539 T.
898 1508 928 1544 3.
944 1507 972 1536 a.
988 1507 1031 1538 2.
1042 1497 1129 1538 ibid.

554 1539 626 1604 (als
646 1551 791 1600 woſelbſt
816 1554 866 1594 die
883 1539 1059 1597 Verordn.
1078 1556 1136 1594 des
1153 1551 1338 1596 revidirten

552 1619 709 1674 Luͤbſchen
730 1622 859 1664 Rechts

679 1689 720 1727 L.
745 1689 802 1727 Ill.
824 1689 871 1728 T.
898 1697 929 1733 3.
951 1696 980 1723 a.
1001 1692 1049 1743 2.

553 1752 774 1801 vorkommt:)
800 1750 906 1801 Heißt
921 1757 982 1796 es:

623 1797 783 1848 „Wuͤrde
802 1802 880 1841 aber
894 1803 996 1843 einem
1011 1800 1192 1850 Wahren,
1211 1799 1336 1849 Guth;

622 1856 718 1898 „oder
735 1852 824 1897 Geld
842 1857 1024 1898 vertrauet,
1052 1854 1160 1896 damit
1176 1855 1251 1903 ſein
1274 1853 1335 1898 Be⸗

595 1902 704 1945 „ſtes
715 1909 752 1948 zu
772 1898 883 1948 wiſſen
903 1902 966 1943 mit
985 1901 1124 1948 kaufen,
1144 1894 1384 1951 verkaufen,

1238 1956 1333 2000 „oder
