1541 2422
205 295 278 321 LIS
323 282 576 327 ABERITIVI
610 289 969 335 FRIDERICIANI,
1009 293 1084 333 oder
1115 289 1214 343 eroͤf⸗

206 346 343 392 nenden
361 343 796 401 Friederichs ⸗ Salzes,
832 349 1054 405 gegenwaͤrtig
1077 357 1214 396 bekannt

205 400 361 446 machen,
396 403 464 440 und
495 403 558 442 den
585 397 811 454 vorzuͤglichen
843 403 1018 457 Gebrauch
1060 407 1211 458 deſſelben

206 437 386 507 empfehlen
409 441 548 501 koͤnnen.

305 563 374 616 Jch
393 567 474 620 habe
497 568 573 612 das
594 561 801 621 Vergnuͤgen
826 559 962 624 gehabt,
996 577 1057 609 vor
1082 574 1207 622 einiger

183 611 275 663 Zeit
301 625 339 662 zu
358 610 485 664 finden,
526 617 604 663 daß,
625 618 716 664 nebſt
744 622 818 657 dem
850 620 1072 670 vortreflichen
1102 611 1207 671 Koch⸗

201 666 315 719 Salz,
336 671 478 721 welches
495 673 553 714 die
564 673 771 729 reichhaltige
794 673 909 720 Sole,
934 678 996 725 auf
1015 678 1070 717 der
1089 687 1209 717 neuan⸗

177 724 349 777 gelegten
380 726 513 772 Saline
546 723 861 782 Friederichshall,
887 734 1010 779 liefert,
1053 733 1132 779 auch
1157 735 1211 775 ein

200 781 330 829 wahres
355 779 636 833 Glauberiſches
672 778 946 834 Mittel ⸗ Salz
998 789 1131 836 daſelbſt
1160 789 1209 827 be⸗

177 816 330 872 findlich
353 826 438 877 ſey,
458 827 591 873 welches
616 837 695 866 man
718 831 802 880 ohne
828 831 880 869 die
906 832 1062 876 mindeſte
1084 829 1209 880 Zerſtoͤ⸗

178 883 307 923 rung,
322 868 399 922 oder
413 875 669 924 Veraͤnderung
688 880 798 933 ſeiner
834 881 1103 933 Beſtandtheile,
1142 889 1208 922 aus

178 914 260 967 der
279 916 384 985 Hand
403 930 471 969 der
499 930 618 976 Natur,
646 934 688 971 in
708 930 842 982 reichem
869 934 1009 980 Maas,
1023 930 1142 986 erhaͤlt.

294 1056 363 1104 Jch
390 1057 517 1112 behalte
533 1057 600 1099 mir
620 1064 702 1105 vor,
728 1067 767 1109 zu
791 1059 925 1101 anderer
947 1063 1040 1111 Zeit,
1069 1066 1122 1106 die
1140 1064 1209 1105 Art

196 1103 254 1142 der
284 1104 486 1158 geſchehenen
525 1107 751 1156 Entdeckung,
789 1109 845 1148 der
881 1110 1107 1162 Entſtehung,
1138 1112 1205 1150 und

196 1156 414 1208 Erhaltung,
448 1161 549 1204 dieſes
577 1160 732 1206 Salzes,
757 1162 893 1199 bekannt
916 1172 953 1207 zu
983 1164 1137 1210 machen,
1173 1166 1207 1210 ſo

195 1208 257 1246 wie
286 1209 364 1256 auch
402 1210 453 1247 die
475 1210 676 1257 chymiſchen
707 1212 893 1258 Verſuche,
926 1215 1039 1259 welche
1073 1217 1119 1263 ich
1142 1216 1206 1255 mit

194 1256 371 1307 demſelben
396 1260 591 1310 angeſtellet,
635 1256 696 1308 und
714 1267 777 1301 aus
799 1261 934 1310 welchen
956 1264 1102 1317 erhellet,
1135 1267 1203 1313 daß

195 1318 231 1349 es
251 1312 326 1350 eben
349 1314 399 1354 ein
432 1307 674 1364 natuͤrliches,
714 1313 886 1365 wahres,
923 1315 1205 1369 Glauberiſches

195 1356 507 1415 Wunder ⸗ Salz
530 1368 602 1415 ſey,
627 1370 659 1417 ſo
675 1369 736 1410 wie
760 1369 865 1416 ieder,
892 1373 947 1411 der
967 1374 1025 1420 ſich
1044 1374 1095 1414 die
1116 1370 1206 1415 Muͤ⸗

193 1414 235 1462 he
268 1413 367 1464 geben
397 1418 486 1463 will,
527 1420 597 1458 und
633 1423 708 1460 dem
732 1422 784 1459 die
810 1422 1003 1469 chymiſchen
1027 1423 1205 1475 Vortheile

194 1468 333 1510 bekannt
357 1469 447 1516 ſind,
470 1469 537 1519 ſich
554 1464 625 1513 nun
646 1474 735 1523 ſelbſt
761 1474 873 1513 davon
902 1470 1110 1527 uͤberzeugen
1119 1472 1204 1521 kan.

288 1591 423 1642 Schon
464 1594 521 1635 der
552 1594 685 1640 Anblick
718 1596 819 1646 dieſes
862 1589 964 1637 neuen
1003 1595 1200 1646 Geſchenkes

193 1612 254 1663 des
279 1634 439 1680 Urhebers
461 1639 518 1669 der
537 1639 657 1669 Natur
674 1644 771 1679 zeiget
792 1644 843 1671 die
858 1642 1035 1681 ſchoͤnſten,
1061 1642 1201 1684 groͤſten,

191 1695 260 1732 und
283 1696 437 1743 reinſten,
460 1692 617 1749 laͤnglicht
646 1699 833 1746 viereckten,
854 1693 923 1738 und
948 1703 1046 1754 theils
1070 1704 1200 1749 feinere,

189 1745 371 1795 ſpieſſigte,
411 1747 613 1797 Cryſtallen,
646 1751 759 1796 welche
785 1753 848 1790 mit
869 1754 990 1793 keinem
1013 1751 1200 1804 Schmutz,

189 1795 257 1835 und
287 1796 429 1846 Unrath,
451 1800 514 1838 wie
529 1800 585 1843 bey
602 1802 706 1839 vielen
725 1804 847 1840 andern
862 1803 1079 1849 ſogenannten
1103 1801 1202 1851 Laxir⸗

190 1850 351 1899 Salzen,
406 1853 647 1902 verunreiniget
699 1858 780 1901 ſind.
881 1851 959 1899 Der
1010 1858 1202 1907 Geſchmack

189 1905 247 1942 der
273 1903 366 1952 Salz
391 1903 595 1954 Cryſtallen,
622 1903 685 1956 iſt
699 1904 854 1959 kuͤhlend,
891 1911 959 1949 und
998 1911 1106 1949 indem
1135 1914 1200 1951 das

191 1953 286 2006 Salz
309 1958 374 2004 auf
397 1957 454 1997 der
486 1954 602 2008 Zunge
632 1959 726 2008 leicht
760 1961 937 2011 zerflieſſet,
979 1962 1049 2003 und
1075 1965 1201 2013 ſonſten
