1644 2501
459 355 515 400 34

698 310 1046 385 Unterricht

560 432 630 481 het,
657 433 720 472 und
745 434 794 474 die
818 431 1001 485 Probezahl
1032 441 1039 476 8
1064 434 1231 478 bekommt.
1284 435 1416 489 Endlich

563 491 650 541 heißt
669 498 705 530 es

513 536 553 585 4)
578 541 633 586 bey
654 541 723 585 169
740 541 774 578 in
791 543 831 577 D.
845 541 896 580 als
910 545 978 580 dem
993 540 1103 588 Facit:
1129 545 1177 582 die
1193 540 1275 592 Zahl
1291 545 1343 582 der
1366 538 1415 588 ge⸗

564 602 660 636 raden
676 598 787 637 Stelle
807 601 848 643 6,
873 609 937 637 von
959 602 1011 635 der
1032 606 1092 636 aus
1110 599 1223 646 beyden
1240 601 1466 650 ungeraden

563 648 696 685 Stellen
712 643 885 692 erhaltenen
896 638 1046 685 Summe
1057 657 1109 682 10
1117 647 1315 696 ſubtrahiret,
1332 647 1416 696 giebt

561 703 609 741 die
627 698 803 746 Probezahl
826 709 861 743 4.

494 759 604 797 Hat
617 769 693 788 man
710 769 776 786 nun
792 759 854 796 auf
865 759 940 797 dieſe
956 759 1021 792 Art
1034 763 1087 792 die
1102 762 1274 802 Probezahl
1289 758 1357 793 von
1374 746 1418 793 A.

458 828 498 860 B.
518 826 554 858 C.
579 827 644 862 und
664 826 706 859 D.
725 822 900 870 aufgeſucht
921 827 987 862 und
1001 823 1178 878 gefunden,
1216 825 1245 875 ſo
1275 821 1359 876 heißt
1378 820 1414 867 es

461 874 579 921 ferner:

459 1199 509 1236 die
516 1196 738 1244 Probezahlen
755 1199 818 1238 von
835 1202 870 1233 B.
887 1202 943 1238 C.,
971 1199 1100 1243 nemlich
1110 1212 1137 1249 2
1154 1204 1219 1239 und
1241 1208 1262 1243 8
1279 1200 1338 1239 mit
1354 1201 1417 1241 ein⸗

459 1252 555 1289 ander
572 1250 793 1297 multipliciret,
808 1249 904 1297 geben
921 1262 994 1299 zum
1007 1252 1157 1298 Produkt
1178 1262 1236 1299 16,
1255 1258 1330 1301 dieſe
1343 1258 1417 1294 aber

460 1308 510 1346 die
532 1304 707 1357 Probezahl
733 1316 769 1351 5;
802 1307 1012 1354 multipliciret
1041 1319 1115 1347 man
1139 1318 1204 1347 nun
1227 1313 1274 1348 die
1294 1311 1416 1358 Probe⸗

462 1354 568 1404 zahlen
592 1361 653 1394 von
676 1360 717 1394 A.
737 1362 777 1394 D.
801 1358 861 1398 mit
887 1358 1049 1404 einander,
1074 1359 1104 1406 ſo
1126 1358 1221 1406 geben
1221 1354 1310 1411 dieſe
1328 1358 1418 1402 eben⸗

461 1410 538 1457 falls
551 1419 623 1457 zum
639 1408 785 1458 Produkt
803 1412 867 1458 16,
894 1416 958 1451 und
977 1411 1052 1459 dieſe
1073 1413 1240 1456 wiederum
1265 1415 1313 1453 die
1331 1414 1416 1463 Pro⸗

462 1464 567 1514 bezahl
595 1475 634 1511 5,
662 1464 793 1515 mithin,
821 1470 861 1507 da
883 1469 931 1508 die
957 1466 1131 1518 Probezahl
1153 1478 1216 1507 aus
1239 1472 1279 1506 A.
1302 1473 1340 1506 D.
1363 1477 1416 1511 der

462 1518 640 1567 Probezahl
655 1526 717 1560 aus
735 1524 769 1556 B.
787 1522 821 1556 C.
838 1518 933 1566 gleich
947 1521 1007 1567 iſt,
1028 1520 1056 1565 ſo
1073 1520 1168 1568 zeiget
1181 1521 1274 1566 dieſes
1287 1532 1348 1563 von
1363 1526 1415 1563 der

460 1571 610 1621 richtigen
625 1573 786 1613 Solution
801 1575 894 1621 dieſer
907 1573 1276 1633 Regeldetri ⸗ Aufgabe.

866 1645 899 1689 §.
955 1647 1059 1684 26.

538 1699 689 1746 Befaͤnde
706 1698 762 1747 ſich
779 1698 834 1746 bey
853 1703 905 1738 der
913 1697 1058 1746 Aufgabe
1074 1701 1106 1738 in
1119 1693 1204 1741 einen
1219 1705 1273 1739 der
1288 1712 1309 1744 4
1326 1701 1415 1743 Glie⸗

463 1759 517 1794 der
534 1758 582 1794 ein
595 1757 728 1801 Bruch,
754 1758 784 1804 ſo
799 1758 878 1804 muß
894 1760 955 1795 das
973 1767 1026 1803 zur
1041 1758 1149 1803 Probe
1164 1757 1314 1805 gegebene
1327 1761 1415 1803 Mit⸗

464 1802 556 1849 glied
570 1793 719 1850 ebenfalls
738 1814 775 1850 zu
798 1805 909 1854 ſolchen
931 1804 1064 1854 Theilen
1086 1809 1118 1847 in
1146 1812 1198 1848 der
1227 1805 1334 1851 Probe
1364 1818 1425 1855 ge⸗

463 1849 566 1896 macht
580 1856 712 1891 werden.

540 1917 582 1964 Z.
599 1917 643 1957 E.
666 1918 758 1957 Man
782 1918 867 1966 kauft
890 1931 910 1965 7
937 1917 980 1958 lb.
1005 1923 1063 1959 vor
1086 1929 1129 1967 15
1152 1917 1207 1968 fl.,
1241 1925 1312 1957 was
1333 1920 1415 1968 wird

463 1982 541 2014 man
559 1971 611 2022 fuͤr
630 1971 672 2009 61
693 1971 736 2013 lb.
751 1972 847 2019 geben
861 1972 1016 2027 muͤſſen?

1274 2034 1316 2077 A.
1332 2043 1352 2077 7
1371 2032 1413 2074 lb.
