<?xml version="1.0" encoding="utf-8"?>
<PcGts xmlns="http://schema.primaresearch.org/PAGE/gts/pagecontent/2019-07-15" xmlns:xsi="http://www.w3.org/2001/XMLSchema-instance" pcGtsId="PAGE_01" xsi:schemaLocation="http://schema.primaresearch.org/PAGE/gts/pagecontent/2019-07-15 http://schema.primaresearch.org/PAGE/gts/pagecontent/2019-07-15/pagecontent.xsd">
  <Metadata>
    <Creator>OCR-D DFG Phase III</Creator>
    <Created>2024-01-19T13:10:12Z</Created>
    <LastChange>2024-01-19T13:10:12Z</LastChange>
    <Comments>ODEM: OCR-D extension for mass digitization (2021-2024)</Comments>
  </Metadata>
  <Page imageFilename="https://opendata.uni-halle.de/retrieve/49a377b3-f01a-44b2-bd44-0428d153e6b2/00000254.jpg" imageWidth="1563" imageHeight="2219" type="content" primaryLanguage="German">
    <Border>
      <Coords points="414,123 357,2091 1494,2106 1509,152"/>
    </Border>
    <ReadingOrder>
      <OrderedGroup id="ro_1683624287792" caption="Regions reading order">
        <RegionRefIndexed index="2" regionRef="region_1683624230264_2468"/>
        <RegionRefIndexed index="3" regionRef="TextRegion_1664347255231_471"/>
        <RegionRefIndexed index="4" regionRef="TextRegion_1664347255231_470"/>
        <RegionRefIndexed index="5" regionRef="TextRegion_1664347249070_464"/>
        <RegionRefIndexed index="6" regionRef="region_1683624265189_2494"/>
      </OrderedGroup>
    </ReadingOrder>
    <GraphicRegion id="Graphic_1683624238730_2480" custom="readingOrder {index:0;}">
      <Coords points="1163,222 1391,222 1391,258 1163,258"/>
    </GraphicRegion>
    <GraphicRegion id="Graphic_1683624236288_2477" custom="readingOrder {index:1;}">
      <Coords points="728,204 938,204 938,257 728,257"/>
    </GraphicRegion>
    <TextRegion type="page-number" id="region_1683624230264_2468" custom="readingOrder {index:2;} structure {type:page-number;}">
      <Coords points="1026,221 1026,253 1089,253 1089,221"/>
      <TextLine id="line_1683624230389_2471" custom="readingOrder {index:0;}">
        <Coords points="1026,221 1026,253 1089,253 1089,221"/>
        <Word id="word_1683624230467_2474" custom="readingOrder {index:0;}">
          <Coords points="1026,221 1089,221 1089,253 1026,253"/>
          <TextEquiv>
            <Unicode>238</Unicode>
          </TextEquiv>
        </Word>
        <TextEquiv>
          <Unicode>238</Unicode>
        </TextEquiv>
      </TextLine>
      <TextEquiv>
        <Unicode>238</Unicode>
      </TextEquiv>
    </TextRegion>
    <TextRegion orientation="-1.3909681" readingDirection="left-to-right" id="TextRegion_1664347255231_471" custom="readingOrder {index:3;}">
      <Coords points="574,328 689,272 1510,285 1507,353 1498,880 574,880"/>
      <TextLine id="region0001_line0001" custom="readingOrder {index:0;}">
        <Coords points="1005,279 995,283 962,280 955,284 929,280 922,284 910,282 904,285 864,284 859,280 850,280 840,285 832,281 805,284 749,275 688,275 688,324 918,328 959,330 964,335 972,335 989,330 996,335 1005,335 1010,331 1020,330 1025,335 1038,337 1045,331 1099,332 1104,337 1115,337 1121,333 1127,333 1173,336 1178,341 1187,341 1194,336 1205,340 1227,337 1248,340 1254,344 1274,342 1333,348 1380,341 1450,345 1457,346 1463,352 1472,352 1477,347 1506,349 1507,298 1465,298 1448,302 1442,294 1416,294 1405,300 1376,300 1329,289 1290,290 1270,297 1251,297 1238,295 1232,289 1219,290 1214,287 1205,287 1195,292 1189,287 1177,287 1170,292 1132,292 1121,291 1114,283 1104,283 1097,288 1091,284 1080,284 1074,290 1060,290 1055,287 1042,289 1037,285 1020,286 1013,279"/>
        <Baseline points="688,314 1506,337"/>
        <Word id="region0001_line0001_word0000" custom="readingOrder {index:0;}">
          <Coords points="694,283 784,285 783,320 693,318"/>
          <TextEquiv conf="0.6177677">
            <Unicode>GOtt</Unicode>
          </TextEquiv>
        </Word>
        <Word id="region0001_line0001_word0001" custom="readingOrder {index:1;}">
          <Coords points="793,288 864,289 863,319 792,318"/>
          <TextEquiv conf="0.9302747">
            <Unicode>wird</Unicode>
          </TextEquiv>
        </Word>
        <Word id="region0001_line0001_word0002" custom="readingOrder {index:2;}">
          <Coords points="874,287 988,289 987,327 873,325"/>
          <TextEquiv conf="0.7849972">
            <Unicode>endlich,</Unicode>
          </TextEquiv>
        </Word>
        <Word id="region0001_line0001_word0003" custom="readingOrder {index:3;}">
          <Coords points="997,288 996,328 1069,329 1070,290 1060,290 1058,289 1044,289 1042,289 1042,289"/>
          <TextEquiv conf="0.9295467">
            <Unicode>ſetzte</Unicode>
          </TextEquiv>
        </Word>
        <Word id="region0001_line0001_word0004" custom="readingOrder {index:4;}">
          <Coords points="1080,291 1120,292 1119,329 1079,328"/>
          <TextEquiv conf="0.91955614">
            <Unicode>ich</Unicode>
          </TextEquiv>
        </Word>
        <Word id="region0001_line0001_word0005" custom="readingOrder {index:5;}">
          <Coords points="1129,294 1192,295 1191,332 1128,331"/>
          <TextEquiv conf="0.91955614">
            <Unicode>noch</Unicode>
          </TextEquiv>
        </Word>
        <Word id="region0001_line0001_word0006" custom="readingOrder {index:6;}">
          <Coords points="1211,294 1210,333 1298,335 1299,296 1274,295 1270,297 1251,297 1238,295 1238,295"/>
          <TextEquiv conf="0.9232987">
            <Unicode>hinzu,</Unicode>
          </TextEquiv>
        </Word>
        <Word id="region0001_line0001_word0007" custom="readingOrder {index:7;}">
          <Coords points="1377,300 1376,300 1329,289 1312,289 1312,342 1362,343 1377,341"/>
          <TextEquiv conf="0.7626988">
            <Unicode>Jhren</Unicode>
          </TextEquiv>
        </Word>
        <Word id="region0001_line0001_word0008" custom="readingOrder {index:8;}">
          <Coords points="1411,301 1410,341 1482,342 1483,302 1450,302 1448,302 1448,302"/>
          <TextEquiv>
            <Unicode>kuͤnf⸗</Unicode>
          </TextEquiv>
        </Word>
        <TextEquiv>
          <Unicode>GOtt wird endlich, ſetzte ich noch hinzu, Jhren kuͤnf⸗</Unicode>
        </TextEquiv>
      </TextLine>
      <TextLine id="region0002_line0001" custom="readingOrder {index:1;}">
        <Coords points="1068,331 1046,331 1027,338 994,339 904,336 868,331 864,328 812,331 699,328 653,333 642,333 638,328 622,328 609,333 575,332 574,369 575,373 629,374 634,378 654,378 658,374 668,373 768,374 776,374 780,379 787,380 798,374 886,376 922,381 1009,378 1049,386 1091,389 1103,390 1108,386 1127,382 1309,388 1338,389 1345,394 1356,390 1382,390 1417,391 1423,398 1433,398 1442,393 1447,401 1456,401 1465,394 1484,395 1484,354 1447,352 1438,344 1427,345 1420,350 1390,350 1375,347 1370,343 1357,345 1352,341 1344,341 1333,346 1313,348 1282,346 1271,339 1261,339 1252,344 1205,344 1179,339 1174,342 1132,342 1118,340 1105,334"/>
        <Baseline points="574,363 1484,385"/>
        <Word id="region0002_line0001_word0000" custom="readingOrder {index:0;}">
          <Coords points="613,331 609,332 609,367 689,369 690,333 659,332 653,333 642,333 641,331"/>
          <TextEquiv conf="0.92716">
            <Unicode>tigen</Unicode>
          </TextEquiv>
        </Word>
        <Word id="region0002_line0001_word0001" custom="readingOrder {index:1;}">
          <Coords points="705,331 769,333 768,366 704,364"/>
          <TextEquiv conf="0.9286524">
            <Unicode>Leib</Unicode>
          </TextEquiv>
        </Word>
        <Word id="region0002_line0001_word0002" custom="readingOrder {index:2;}">
          <Coords points="784,335 809,336 808,372 783,371"/>
          <TextEquiv conf="0.9286524">
            <Unicode>ſo</Unicode>
          </TextEquiv>
        </Word>
        <Word id="region0002_line0001_word0003" custom="readingOrder {index:3;}">
          <Coords points="827,335 931,338 930,374 826,371"/>
          <TextEquiv conf="0.916764">
            <Unicode>bilden,</Unicode>
          </TextEquiv>
        </Word>
        <Word id="region0002_line0001_word0004" custom="readingOrder {index:4;}">
          <Coords points="946,344 1000,345 999,369 945,368"/>
          <TextEquiv conf="0.9293599">
            <Unicode>wie</Unicode>
          </TextEquiv>
        </Word>
        <Word id="region0002_line0001_word0005" custom="readingOrder {index:5;}">
          <Coords points="1015,346 1045,346 1044,369 1014,369"/>
          <TextEquiv conf="0.93248117">
            <Unicode>er</Unicode>
          </TextEquiv>
        </Word>
        <Word id="region0002_line0001_word0006" custom="readingOrder {index:6;}">
          <Coords points="1060,339 1059,379 1163,381 1163,342 1132,342 1118,340"/>
          <TextEquiv conf="0.9264979">
            <Unicode>Jhnen</Unicode>
          </TextEquiv>
        </Word>
        <Word id="region0002_line0001_word0007" custom="readingOrder {index:7;}">
          <Coords points="1180,346 1243,347 1242,377 1179,376"/>
          <TextEquiv conf="0.9291427">
            <Unicode>dort</Unicode>
          </TextEquiv>
        </Word>
        <Word id="region0002_line0001_word0008" custom="readingOrder {index:8;}">
          <Coords points="1259,345 1258,381 1407,384 1407,350 1390,350 1376,347 1328,346 1313,348 1282,346 1281,345"/>
          <TextEquiv conf="0.9258754">
            <Unicode>brauchbar</Unicode>
          </TextEquiv>
        </Word>
        <Word id="region0002_line0001_word0009" custom="readingOrder {index:9;}">
          <Coords points="1425,349 1424,389 1480,390 1480,353 1447,352 1444,349"/>
          <TextEquiv conf="0.92407113">
            <Unicode>ſeyn</Unicode>
          </TextEquiv>
        </Word>
        <TextEquiv>
          <Unicode>tigen Leib ſo bilden, wie er Jhnen dort brauchbar ſeyn</Unicode>
        </TextEquiv>
      </TextLine>
      <TextLine id="region0002_line0002" custom="readingOrder {index:2;}">
        <Coords points="994,380 965,387 904,379 871,384 852,381 832,382 827,378 805,382 795,377 784,383 704,382 680,380 675,376 667,376 661,380 637,378 632,381 575,379 575,420 1115,431 1147,434 1151,437 1161,437 1165,434 1230,436 1234,442 1264,436 1348,440 1365,447 1373,442 1387,446 1422,443 1483,447 1483,404 1401,401 1392,400 1388,395 1376,395 1371,391 1358,391 1351,395 1329,390 1323,395 1298,396 1271,396 1264,390 1252,391 1248,388 1208,393 1188,393 1183,389 1172,388 1167,392 1106,392 1055,390 1021,381"/>
        <Baseline points="575,410 1311,427 1483,437"/>
        <Word id="region0002_line0002_word0000" custom="readingOrder {index:0;}">
          <Coords points="608,382 700,384 699,413 607,411"/>
          <TextEquiv conf="0.9124483">
            <Unicode>wird:</Unicode>
          </TextEquiv>
        </Word>
        <Word id="region0002_line0002_word0001" custom="readingOrder {index:1;}">
          <Coords points="718,389 748,390 747,413 717,412"/>
          <TextEquiv conf="0.9300046">
            <Unicode>er</Unicode>
          </TextEquiv>
        </Word>
        <Word id="region0002_line0002_word0002" custom="readingOrder {index:2;}">
          <Coords points="762,384 834,386 833,416 761,414"/>
          <TextEquiv conf="0.9291077">
            <Unicode>wird</Unicode>
          </TextEquiv>
        </Word>
        <Word id="region0002_line0002_word0003" custom="readingOrder {index:3;}">
          <Coords points="844,388 896,390 895,419 843,417"/>
          <TextEquiv conf="0.9242733">
            <Unicode>das</Unicode>
          </TextEquiv>
        </Word>
        <Word id="region0002_line0002_word0004" custom="readingOrder {index:4;}">
          <Coords points="905,386 904,421 1164,427 1165,392 1106,392 1055,390 1052,389"/>
          <TextEquiv conf="0.9006893">
            <Unicode>Unvollkommene,</Unicode>
          </TextEquiv>
        </Word>
        <Word id="region0002_line0002_word0005" custom="readingOrder {index:5;}">
          <Coords points="1174,395 1225,397 1224,425 1173,423"/>
          <TextEquiv conf="0.9287839">
            <Unicode>das</Unicode>
          </TextEquiv>
        </Word>
        <Word id="region0002_line0002_word0006" custom="readingOrder {index:6;}">
          <Coords points="1235,394 1234,433 1296,434 1296,396 1271,396 1269,394"/>
          <TextEquiv conf="0.92959124">
            <Unicode>hier</Unicode>
          </TextEquiv>
        </Word>
        <Word id="region0002_line0002_word0007" custom="readingOrder {index:7;}">
          <Coords points="1317,395 1304,395 1304,435 1405,437 1405,401 1401,401 1392,400 1389,396"/>
          <TextEquiv conf="0.9253869">
            <Unicode>noͤthig</Unicode>
          </TextEquiv>
        </Word>
        <Word id="region0002_line0002_word0008" custom="readingOrder {index:8;}">
          <Coords points="1416,404 1480,406 1480,436 1416,434"/>
          <TextEquiv conf="0.90297407">
            <Unicode>war,</Unicode>
          </TextEquiv>
        </Word>
        <TextEquiv>
          <Unicode>wird: er wird das Unvollkommene, das hier noͤthig war,</Unicode>
        </TextEquiv>
      </TextLine>
      <TextLine id="region0002_line0003" custom="readingOrder {index:3;}">
        <Coords points="925,427 909,428 892,436 841,433 835,428 826,428 819,433 802,432 795,425 780,425 776,429 762,425 755,430 746,431 706,430 702,424 692,423 675,425 668,430 575,430 575,470 680,472 687,479 704,471 771,473 775,478 787,478 793,473 993,478 998,484 1021,481 1035,486 1046,481 1143,481 1155,482 1164,490 1173,491 1185,484 1212,483 1304,488 1316,493 1345,494 1392,489 1483,491 1484,452 1466,447 1457,451 1419,449 1413,445 1404,445 1398,449 1365,448 1347,441 1323,439 1304,443 1264,437 1241,443 1234,443 1230,437 1219,437 1211,443 1166,442 1135,440 1110,432 1003,430 990,431 985,435 966,429"/>
        <Baseline points="575,460 1484,481"/>
        <Word id="region0002_line0003_word0000" custom="readingOrder {index:0;}">
          <Coords points="609,437 664,438 664,463 609,462"/>
          <TextEquiv conf="0.9278351">
            <Unicode>von</Unicode>
          </TextEquiv>
        </Word>
        <Word id="region0002_line0003_word0001" custom="readingOrder {index:1;}">
          <Coords points="675,430 733,432 732,471 674,469"/>
          <TextEquiv conf="0.92890275">
            <Unicode>ihm</Unicode>
          </TextEquiv>
        </Word>
        <Word id="region0002_line0003_word0002" custom="readingOrder {index:2;}">
          <Coords points="743,431 742,468 904,472 905,435 895,435 892,436 853,434 819,433 819,433 815,433"/>
          <TextEquiv conf="0.93080956">
            <Unicode>abſondern.</Unicode>
          </TextEquiv>
        </Word>
        <Word id="region0002_line0003_word0003" custom="readingOrder {index:3;}">
          <Coords points="928,437 980,438 980,470 928,469"/>
          <TextEquiv conf="0.8978704">
            <Unicode>So</Unicode>
          </TextEquiv>
        </Word>
        <Word id="region0002_line0003_word0004" custom="readingOrder {index:4;}">
          <Coords points="1021,479 1022,441 990,440 989,478 993,478 993,478"/>
          <TextEquiv conf="0.9190113">
            <Unicode>iſt</Unicode>
          </TextEquiv>
        </Word>
        <Word id="region0002_line0003_word0005" custom="readingOrder {index:5;}">
          <Coords points="1031,448 1055,449 1054,479 1030,478"/>
          <TextEquiv conf="0.89257383">
            <Unicode>z.</Unicode>
          </TextEquiv>
        </Word>
        <Word id="region0002_line0003_word0006" custom="readingOrder {index:6;}">
          <Coords points="1064,439 1101,440 1101,473 1064,472"/>
          <TextEquiv conf="0.89257383">
            <Unicode>E.</Unicode>
          </TextEquiv>
        </Word>
        <Word id="region0002_line0003_word0007" custom="readingOrder {index:7;}">
          <Coords points="1111,443 1159,444 1159,473 1111,472"/>
          <TextEquiv conf="0.92657393">
            <Unicode>der</Unicode>
          </TextEquiv>
        </Word>
        <Word id="word_1664347406068_487" custom="readingOrder {index:8;}">
          <Coords points="1165,442 1166,442 1211,443 1212,442 1234,443 1239,443 1252,443 1252,483 1164,481"/>
          <TextEquiv>
            <Unicode>grobe</Unicode>
          </TextEquiv>
        </Word>
        <Word id="word_1664347406068_486" custom="readingOrder {index:9;}">
          <Coords points="1252,443 1350,446 1349,486 1252,483"/>
          <TextEquiv>
            <Unicode>Stoff,</Unicode>
          </TextEquiv>
        </Word>
        <Word id="region0002_line0003_word0009" custom="readingOrder {index:10;}">
          <Coords points="1359,451 1414,452 1414,480 1359,479"/>
          <TextEquiv conf="0.9298496">
            <Unicode>aus</Unicode>
          </TextEquiv>
        </Word>
        <Word id="region0002_line0003_word0010" custom="readingOrder {index:11;}">
          <Coords points="1425,451 1480,452 1480,482 1425,481"/>
          <TextEquiv>
            <Unicode>wel⸗</Unicode>
          </TextEquiv>
        </Word>
        <TextEquiv>
          <Unicode>von ihm abſondern. So iſt z. E. der grobe Stoff, aus wel⸗</Unicode>
        </TextEquiv>
      </TextLine>
      <TextLine id="region0002_line0004" custom="readingOrder {index:4;}">
        <Coords points="976,479 964,485 929,487 909,485 895,478 857,477 829,483 819,476 806,476 798,483 729,482 722,476 710,477 700,474 686,481 638,481 632,474 621,474 613,480 574,479 574,520 617,521 632,526 638,522 688,522 694,530 704,530 711,522 729,522 796,523 802,530 809,530 817,525 906,527 909,531 917,533 927,528 963,526 995,527 1002,534 1012,535 1018,529 1036,530 1039,534 1077,535 1083,532 1134,531 1213,533 1220,542 1231,542 1238,535 1260,535 1326,537 1337,543 1348,544 1353,540 1484,544 1484,494 1465,494 1442,499 1416,497 1400,491 1374,491 1350,497 1328,492 1316,494 1310,490 1302,490 1297,495 1260,495 1240,493 1234,486 1222,486 1207,492 1131,491 1125,484 1115,484 1109,490 1062,487 1057,483 1046,482 1035,487 1021,482 990,486 986,481"/>
        <Baseline points="574,510 1484,535"/>
        <Word id="region0002_line0004_word0000" custom="readingOrder {index:0;}">
          <Coords points="610,481 682,483 681,519 609,517"/>
          <TextEquiv conf="0.9249489">
            <Unicode>chem</Unicode>
          </TextEquiv>
        </Word>
        <Word id="region0002_line0004_word0001" custom="readingOrder {index:1;}">
          <Coords points="694,481 693,520 752,521 753,482 729,482 729,482"/>
          <TextEquiv conf="0.92649376">
            <Unicode>hier</Unicode>
          </TextEquiv>
        </Word>
        <Word id="region0002_line0004_word0002" custom="readingOrder {index:2;}">
          <Coords points="763,483 843,484 842,521 762,520"/>
          <TextEquiv conf="0.92539924">
            <Unicode>unſer</Unicode>
          </TextEquiv>
        </Word>
        <Word id="region0002_line0004_word0003" custom="readingOrder {index:3;}">
          <Coords points="851,486 962,488 961,526 850,524"/>
          <TextEquiv conf="0.93089557">
            <Unicode>Koͤrper</Unicode>
          </TextEquiv>
        </Word>
        <Word id="region0002_line0004_word0004" custom="readingOrder {index:4;}">
          <Coords points="1086,530 1087,490 972,488 971,526 995,527 996,528"/>
          <TextEquiv conf="0.92058825">
            <Unicode>beſteht,</Unicode>
          </TextEquiv>
        </Word>
        <Word id="region0002_line0004_word0005" custom="readingOrder {index:5;}">
          <Coords points="1099,492 1160,493 1159,523 1098,522"/>
          <TextEquiv conf="0.92546594">
            <Unicode>eine</Unicode>
          </TextEquiv>
        </Word>
        <Word id="region0002_line0004_word0006" custom="readingOrder {index:6;}">
          <Coords points="1170,492 1169,531 1363,536 1364,497 1351,496 1350,497 1348,496 1286,495 1260,495 1250,494"/>
          <TextEquiv conf="0.9265821">
            <Unicode>nothwendige</Unicode>
          </TextEquiv>
        </Word>
        <Word id="region0002_line0004_word0007" custom="readingOrder {index:7;}">
          <Coords points="1374,497 1373,532 1479,535 1480,500 1442,499 1442,499 1440,499"/>
          <TextEquiv>
            <Unicode>Unvoll⸗</Unicode>
          </TextEquiv>
        </Word>
        <TextEquiv>
          <Unicode>chem hier unſer Koͤrper beſteht, eine nothwendige Unvoll⸗</Unicode>
        </TextEquiv>
      </TextLine>
      <TextLine id="region0002_line0005" custom="readingOrder {index:5;}">
        <Coords points="736,524 727,531 716,531 648,530 626,527 617,522 574,521 574,568 728,573 732,579 742,581 748,580 754,573 799,578 803,576 832,574 874,575 881,567 886,567 893,576 923,577 930,582 955,577 1061,578 1155,581 1180,583 1186,586 1243,583 1342,587 1347,592 1358,592 1363,587 1408,588 1428,590 1436,595 1443,595 1449,590 1484,591 1484,550 1452,548 1444,542 1433,542 1427,546 1421,543 1398,542 1395,545 1376,546 1337,544 1326,538 1303,538 1299,541 1269,543 1258,543 1252,537 1240,537 1233,543 1144,538 1116,539 1083,533 1077,536 1058,534 1037,537 966,537 959,530 946,533 941,529 929,529 917,534 902,534 896,529 888,529 880,534 845,534 824,528 809,531 769,527 763,533 755,532 749,524"/>
        <Baseline points="574,557 1484,581"/>
        <Word id="region0002_line0005_word0000" custom="readingOrder {index:0;}">
          <Coords points="602,528 601,568 803,573 804,533 764,532 763,533 755,532 755,532 723,531 716,531 648,530 640,529"/>
          <TextEquiv conf="0.86951137">
            <Unicode>kommenheit,</Unicode>
          </TextEquiv>
        </Word>
        <Word id="region0002_line0005_word0001" custom="readingOrder {index:1;}">
          <Coords points="814,536 844,537 843,565 813,564"/>
          <TextEquiv conf="0.93094736">
            <Unicode>da</Unicode>
          </TextEquiv>
        </Word>
        <Word id="region0002_line0005_word0002" custom="readingOrder {index:2;}">
          <Coords points="862,537 907,538 906,567 861,566"/>
          <TextEquiv conf="0.9253475">
            <Unicode>wir</Unicode>
          </TextEquiv>
        </Word>
        <Word id="region0002_line0005_word0003" custom="readingOrder {index:3;}">
          <Coords points="928,538 991,539 990,577 927,576"/>
          <TextEquiv conf="0.9259887">
            <Unicode>hier</Unicode>
          </TextEquiv>
        </Word>
        <Word id="region0002_line0005_word0004" custom="readingOrder {index:4;}">
          <Coords points="1012,540 1067,541 1066,572 1011,571"/>
          <TextEquiv conf="0.92839795">
            <Unicode>mit</Unicode>
          </TextEquiv>
        </Word>
        <Word id="region0002_line0005_word0005" custom="readingOrder {index:5;}">
          <Coords points="1083,541 1176,544 1175,575 1082,572"/>
          <TextEquiv conf="0.9280317">
            <Unicode>lauter</Unicode>
          </TextEquiv>
        </Word>
        <Word id="region0002_line0005_word0006" custom="readingOrder {index:6;}">
          <Coords points="1189,545 1291,547 1290,583 1188,581"/>
          <TextEquiv conf="0.93092704">
            <Unicode>groben</Unicode>
          </TextEquiv>
        </Word>
        <Word id="region0002_line0005_word0007" custom="readingOrder {index:7;}">
          <Coords points="1302,546 1477,550 1476,587 1301,583"/>
          <TextEquiv conf="0.9245213">
            <Unicode>koͤrperlichen</Unicode>
          </TextEquiv>
        </Word>
        <TextEquiv>
          <Unicode>kommenheit, da wir hier mit lauter groben koͤrperlichen</Unicode>
        </TextEquiv>
      </TextLine>
      <TextLine id="region0002_line0006" custom="readingOrder {index:6;}">
        <Coords points="884,568 874,576 879,581 873,583 845,583 841,576 832,575 812,583 671,580 644,572 574,569 574,615 575,619 665,620 672,627 686,628 695,620 782,622 790,630 804,630 813,623 887,625 895,632 904,632 910,625 934,625 951,630 989,626 1387,637 1392,641 1408,638 1484,641 1484,599 1439,599 1428,591 1421,592 1417,597 1408,589 1396,590 1389,597 1269,593 1264,589 1254,588 1245,592 1239,586 1226,585 1198,587 1157,586 1153,583 1143,583 1132,589 1085,587 1079,581 1070,581 1063,587 1031,587 1013,585 1006,579 993,582 987,579 975,582 945,580 934,583 910,577 893,579"/>
        <Baseline points="574,609 1484,631"/>
        <Word id="region0002_line0006_word0000" custom="readingOrder {index:0;}">
          <Coords points="603,608 724,611 724,581 671,580 644,572 603,570"/>
          <TextEquiv conf="0.8974057">
            <Unicode>Dingen</Unicode>
          </TextEquiv>
        </Word>
        <Word id="region0002_line0006_word0001" custom="readingOrder {index:1;}">
          <Coords points="875,574 832,575 740,581 740,611 878,614 878,580 879,575"/>
          <TextEquiv conf="0.9297418">
            <Unicode>umgeben</Unicode>
          </TextEquiv>
        </Word>
        <Word id="region0002_line0006_word0002" custom="readingOrder {index:2;}">
          <Coords points="908,577 894,578 894,615 963,616 963,581 945,580 934,583 910,577"/>
          <TextEquiv conf="0.93022203">
            <Unicode>ſind,</Unicode>
          </TextEquiv>
        </Word>
        <Word id="region0002_line0006_word0003" custom="readingOrder {index:3;}">
          <Coords points="986,579 976,581 976,609 1020,610 1020,585 1013,585 1006,579 1003,579 993,582 987,579"/>
          <TextEquiv conf="0.9309229">
            <Unicode>die</Unicode>
          </TextEquiv>
        </Word>
        <Word id="region0002_line0006_word0004" custom="readingOrder {index:4;}">
          <Coords points="1068,582 1063,587 1036,587 1036,611 1093,613 1093,587 1085,587 1080,582"/>
          <TextEquiv conf="0.9280926">
            <Unicode>wir</Unicode>
          </TextEquiv>
        </Word>
        <Word id="region0002_line0006_word0005" custom="readingOrder {index:5;}">
          <Coords points="1141,583 1132,589 1111,588 1111,613 1165,614 1165,586 1157,586 1154,583"/>
          <TextEquiv conf="0.9253162">
            <Unicode>mit</Unicode>
          </TextEquiv>
        </Word>
        <Word id="region0002_line0006_word0006" custom="readingOrder {index:6;}">
          <Coords points="1181,616 1320,619 1320,594 1269,593 1264,589 1254,588 1245,592 1239,586 1226,585 1198,587 1181,586"/>
          <TextEquiv>
            <Unicode>Gliedern</Unicode>
          </TextEquiv>
        </Word>
        <Word id="region0002_line0006_word0007" custom="readingOrder {index:7;}">
          <Coords points="1330,618 1385,620 1385,596 1330,595"/>
          <TextEquiv conf="0.9329207">
            <Unicode>von</Unicode>
          </TextEquiv>
        </Word>
        <Word id="region0002_line0006_word0008" custom="readingOrder {index:8;}">
          <Coords points="1392,625 1476,627 1476,599 1439,599 1428,591 1421,592 1417,597 1408,589 1396,590 1392,593"/>
          <TextEquiv conf="0.5154652">
            <Unicode>feiner</Unicode>
          </TextEquiv>
        </Word>
        <TextEquiv>
          <Unicode>Dingen umgeben ſind, die wir mit Gliedern von feiner</Unicode>
        </TextEquiv>
      </TextLine>
      <TextLine id="region0002_line0007" custom="readingOrder {index:7;}">
        <Coords points="934,626 920,634 870,632 862,625 851,625 843,632 838,627 828,627 822,633 755,632 729,632 722,625 713,624 706,630 670,628 649,623 575,621 575,670 737,671 741,676 751,678 767,672 849,674 854,678 864,678 869,674 985,675 1020,677 1027,682 1044,677 1098,679 1111,686 1116,685 1121,679 1430,687 1437,691 1483,691 1483,650 1418,646 1412,645 1408,640 1325,638 1308,644 1279,643 1250,640 1238,633 1227,633 1223,636 1159,639 1153,633 1126,636 1115,630 1104,630 1096,634 1084,632 1079,635 1055,637 1045,635 1039,629 1028,629 1019,635 991,635 979,634 974,630 950,633 947,628"/>
        <Baseline points="575,659 1483,680"/>
        <Word id="region0002_line0007_word0000" custom="readingOrder {index:0;}">
          <Coords points="604,628 603,661 736,664 736,632 729,632 727,630"/>
          <TextEquiv conf="0.24098198">
            <Unicode>Materie</Unicode>
          </TextEquiv>
        </Word>
        <Word id="region0002_line0007_word0001" custom="readingOrder {index:1;}">
          <Coords points="746,638 796,639 795,669 745,668"/>
          <TextEquiv conf="0.9277684">
            <Unicode>gar</Unicode>
          </TextEquiv>
        </Word>
        <Word id="region0002_line0007_word0002" custom="readingOrder {index:2;}">
          <Coords points="806,668 880,669 881,633 822,632 822,633 806,632"/>
          <TextEquiv conf="0.92398554">
            <Unicode>nicht</Unicode>
          </TextEquiv>
        </Word>
        <Word id="region0002_line0007_word0003" custom="readingOrder {index:3;}">
          <Coords points="922,632 920,634 898,633 898,666 1015,669 1016,635 991,635 979,634"/>
          <TextEquiv conf="0.9213026">
            <Unicode>wuͤrden</Unicode>
          </TextEquiv>
        </Word>
        <Word id="region0002_line0007_word0004" custom="readingOrder {index:4;}">
          <Coords points="1191,641 1027,637 1026,677 1043,677 1044,677 1079,678 1121,679 1121,679 1190,681"/>
          <TextEquiv conf="0.9250242">
            <Unicode>handhaben</Unicode>
          </TextEquiv>
        </Word>
        <Word id="region0002_line0007_word0005" custom="readingOrder {index:5;}">
          <Coords points="1209,641 1208,673 1326,676 1327,644 1309,643 1308,644 1279,643 1276,642"/>
          <TextEquiv conf="0.92523867">
            <Unicode>koͤnnen.</Unicode>
          </TextEquiv>
        </Word>
        <Word id="region0002_line0007_word0006" custom="readingOrder {index:6;}">
          <Coords points="1351,645 1350,682 1477,685 1477,649 1433,646"/>
          <TextEquiv>
            <Unicode>Ueberge⸗</Unicode>
          </TextEquiv>
        </Word>
        <TextEquiv>
          <Unicode>Materie gar nicht wuͤrden handhaben koͤnnen. Ueberge⸗</Unicode>
        </TextEquiv>
      </TextLine>
      <TextLine id="region0002_line0008" custom="readingOrder {index:8;}">
        <Coords points="912,675 905,679 880,681 859,681 846,675 768,673 751,679 731,679 706,671 654,672 639,678 624,676 613,671 575,671 575,716 753,720 764,727 818,725 839,728 873,722 1090,729 1103,732 1110,728 1158,728 1203,731 1214,736 1247,733 1258,739 1269,739 1277,733 1285,732 1329,733 1338,739 1353,738 1359,734 1483,738 1484,698 1466,692 1437,692 1425,688 1409,688 1391,694 1379,694 1374,688 1363,688 1357,693 1299,693 1288,691 1276,684 1260,684 1252,688 1214,683 1192,685 1176,683 1169,687 1158,688 1111,687 1098,680 1044,678 1034,683 1011,679 1004,684 979,684 970,677 943,680"/>
        <Baseline points="575,706 1484,727"/>
        <Word id="region0002_line0008_word0000" custom="readingOrder {index:0;}">
          <Coords points="603,680 655,681 655,712 603,711"/>
          <TextEquiv conf="0.91409963">
            <Unicode>ben</Unicode>
          </TextEquiv>
        </Word>
        <Word id="region0002_line0008_word0001" custom="readingOrder {index:1;}">
          <Coords points="665,680 727,682 727,715 665,713"/>
          <TextEquiv conf="0.9306089">
            <Unicode>Sie</Unicode>
          </TextEquiv>
        </Word>
        <Word id="region0002_line0008_word0002" custom="readingOrder {index:2;}">
          <Coords points="737,682 790,683 790,720 737,719"/>
          <TextEquiv conf="0.9137484">
            <Unicode>alſo</Unicode>
          </TextEquiv>
        </Word>
        <Word id="region0002_line0008_word0003" custom="readingOrder {index:3;}">
          <Coords points="900,686 799,683 798,725 809,725 818,725 823,725 847,726 873,722 899,722"/>
          <TextEquiv conf="0.92155516">
            <Unicode>Jhren</Unicode>
          </TextEquiv>
        </Word>
        <Word id="region0002_line0008_word0004" custom="readingOrder {index:4;}">
          <Coords points="909,686 971,688 971,720 909,718"/>
          <TextEquiv conf="0.92499566">
            <Unicode>Leib</Unicode>
          </TextEquiv>
        </Word>
        <Word id="region0002_line0008_word0005" custom="readingOrder {index:5;}">
          <Coords points="994,690 1034,691 1034,721 994,720"/>
          <TextEquiv conf="0.9295995">
            <Unicode>mit</Unicode>
          </TextEquiv>
        </Word>
        <Word id="region0002_line0008_word0006" custom="readingOrder {index:6;}">
          <Coords points="1125,691 1061,690 1060,728 1090,729 1096,730 1105,730 1110,728 1124,728"/>
          <TextEquiv conf="0.92834234">
            <Unicode>Ruhe</Unicode>
          </TextEquiv>
        </Word>
        <Word id="region0002_line0008_word0007" custom="readingOrder {index:7;}">
          <Coords points="1136,694 1192,695 1192,724 1136,723"/>
          <TextEquiv conf="0.92637336">
            <Unicode>und</Unicode>
          </TextEquiv>
        </Word>
        <Word id="region0002_line0008_word0008" custom="readingOrder {index:8;}">
          <Coords points="1354,737 1355,696 1204,692 1203,731 1207,733 1237,733 1247,733 1249,734 1274,734 1277,733 1285,732 1329,733 1334,736"/>
          <TextEquiv conf="0.9230039">
            <Unicode>Hoffnung</Unicode>
          </TextEquiv>
        </Word>
        <Word id="region0002_line0008_word0009" custom="readingOrder {index:9;}">
          <Coords points="1365,700 1410,701 1409,730 1364,729"/>
          <TextEquiv conf="0.9277191">
            <Unicode>der</Unicode>
          </TextEquiv>
        </Word>
        <Word id="region0002_line0008_word0010" custom="readingOrder {index:10;}">
          <Coords points="1421,699 1475,700 1474,733 1420,732"/>
          <TextEquiv>
            <Unicode>Be⸗</Unicode>
          </TextEquiv>
        </Word>
        <TextEquiv>
          <Unicode>ben Sie alſo Jhren Leib mit Ruhe und Hoffnung der Be⸗</Unicode>
        </TextEquiv>
      </TextLine>
      <TextLine id="region0002_line0009" custom="readingOrder {index:9;}">
        <Coords points="1110,729 1103,733 1067,729 1045,734 1024,729 1016,734 993,734 950,733 946,730 924,728 915,733 879,732 872,725 862,725 855,729 845,727 839,729 818,726 753,730 668,728 662,721 651,721 636,729 574,726 574,767 643,769 647,776 654,777 663,775 668,769 717,770 723,774 739,775 754,770 788,771 820,777 905,772 980,775 987,781 998,782 1009,777 1032,775 1121,779 1128,771 1142,772 1145,780 1152,782 1169,778 1210,779 1253,784 1345,785 1350,789 1375,785 1404,791 1409,787 1484,786 1484,744 1476,745 1471,742 1462,742 1457,745 1440,744 1436,741 1425,741 1421,744 1375,743 1368,736 1338,740 1331,735 1310,734 1281,735 1269,740 1258,740 1247,734 1216,738 1194,735 1190,738 1167,737 1161,730"/>
        <Baseline points="574,757 1484,776"/>
        <Word id="region0002_line0009_word0000" custom="readingOrder {index:0;}">
          <Coords points="640,727 636,729 601,727 600,765 740,768 741,730 668,728 668,727"/>
          <TextEquiv conf="0.92783636">
            <Unicode>wahrung</Unicode>
          </TextEquiv>
        </Word>
        <Word id="region0002_line0009_word0001" custom="readingOrder {index:1;}">
          <Coords points="751,731 807,733 807,762 751,760"/>
          <TextEquiv conf="0.92751396">
            <Unicode>und</Unicode>
          </TextEquiv>
        </Word>
        <Word id="region0002_line0009_word0002" custom="readingOrder {index:2;}">
          <Coords points="1004,775 1005,735 815,731 814,771 893,772 905,772 953,773"/>
          <TextEquiv conf="0.9248657">
            <Unicode>Zubereitung</Unicode>
          </TextEquiv>
        </Word>
        <Word id="region0002_line0009_word0003" custom="readingOrder {index:3;}">
          <Coords points="1023,738 1072,739 1071,768 1022,767"/>
          <TextEquiv conf="0.931484">
            <Unicode>des</Unicode>
          </TextEquiv>
        </Word>
        <Word id="region0002_line0009_word0004" custom="readingOrder {index:4;}">
          <Coords points="1205,777 1206,740 1088,738 1087,775 1123,775 1128,771 1142,772 1143,775"/>
          <TextEquiv conf="0.92976165">
            <Unicode>Weſens</Unicode>
          </TextEquiv>
        </Word>
        <Word id="region0002_line0009_word0005" custom="readingOrder {index:5;}">
          <Coords points="1215,743 1283,744 1282,776 1214,775"/>
          <TextEquiv conf="0.93016404">
            <Unicode>aller</Unicode>
          </TextEquiv>
        </Word>
        <Word id="region0002_line0009_word0006" custom="readingOrder {index:6;}">
          <Coords points="1295,743 1409,745 1408,783 1294,781"/>
          <TextEquiv conf="0.9274341">
            <Unicode>Weſen,</Unicode>
          </TextEquiv>
        </Word>
        <Word id="region0002_line0009_word0007" custom="readingOrder {index:7;}">
          <Coords points="1426,749 1472,750 1471,778 1425,777"/>
          <TextEquiv conf="0.9299372">
            <Unicode>das</Unicode>
          </TextEquiv>
        </Word>
        <TextEquiv>
          <Unicode>wahrung und Zubereitung des Weſens aller Weſen, das</Unicode>
        </TextEquiv>
      </TextLine>
      <TextLine id="region0002_line0010" custom="readingOrder {index:10;}">
        <Coords points="1128,772 1122,778 1122,783 1102,780 1097,784 1080,785 978,785 972,779 962,778 956,783 850,782 831,780 829,777 805,779 800,775 789,773 782,778 771,779 764,772 754,771 747,776 705,771 684,772 654,778 628,772 618,777 613,772 602,772 596,778 574,778 574,820 594,820 600,823 612,819 651,818 737,822 767,820 811,821 816,826 826,826 836,821 873,828 878,825 930,823 1019,825 1064,832 1068,829 1088,828 1112,831 1115,827 1169,828 1228,830 1241,832 1248,838 1283,836 1304,840 1320,834 1344,836 1358,841 1397,842 1419,838 1450,838 1454,841 1484,840 1484,789 1462,789 1432,796 1195,789 1156,785 1146,782 1142,773"/>
        <Baseline points="574,809 1164,817 1484,830"/>
        <Word id="region0002_line0010_word0000" custom="readingOrder {index:0;}">
          <Coords points="602,772 601,806 676,808 677,774 674,773 654,778 631,772 626,772 618,777 613,772"/>
          <TextEquiv conf="0.92281294">
            <Unicode>jedes</Unicode>
          </TextEquiv>
        </Word>
        <Word id="region0002_line0010_word0001" custom="readingOrder {index:1;}">
          <Coords points="702,771 694,772 693,808 877,812 878,782 850,782 831,780 829,777 805,779 800,775 789,773 789,773 782,778 771,779 765,773 752,772 747,776 707,771"/>
          <TextEquiv conf="0.92838424">
            <Unicode>Staͤubchen,</Unicode>
          </TextEquiv>
        </Word>
        <Word id="region0002_line0010_word0002" custom="readingOrder {index:2;}">
          <Coords points="959,780 956,783 899,782 899,807 990,809 990,785 978,785 973,780"/>
          <TextEquiv conf="0.9273232">
            <Unicode>worin</Unicode>
          </TextEquiv>
        </Word>
        <Word id="region0002_line0010_word0003" custom="readingOrder {index:3;}">
          <Coords points="1009,787 1038,787 1037,809 1008,809"/>
          <TextEquiv conf="0.93055207">
            <Unicode>er</Unicode>
          </TextEquiv>
        </Word>
        <Word id="region0002_line0010_word0004" custom="readingOrder {index:4;}">
          <Coords points="1100,781 1097,784 1080,785 1052,785 1052,817 1183,820 1183,787 1156,785 1146,782 1122,781 1122,783 1110,781"/>
          <TextEquiv conf="0.9233586">
            <Unicode>zerfallen</Unicode>
          </TextEquiv>
        </Word>
        <Word id="region0002_line0010_word0005" custom="readingOrder {index:5;}">
          <Coords points="1202,790 1277,792 1276,822 1201,820"/>
          <TextEquiv conf="0.93006825">
            <Unicode>mag,</Unicode>
          </TextEquiv>
        </Word>
        <Word id="region0002_line0010_word0006" custom="readingOrder {index:6;}">
          <Coords points="1299,822 1369,823 1369,794 1299,792"/>
          <TextEquiv conf="0.9278826">
            <Unicode>ganz</Unicode>
          </TextEquiv>
        </Word>
        <Word id="region0002_line0010_word0007" custom="readingOrder {index:7;}">
          <Coords points="1384,824 1470,826 1471,789 1462,789 1432,796 1384,794"/>
          <TextEquiv conf="0.92912364">
            <Unicode>gewiß</Unicode>
          </TextEquiv>
        </Word>
        <TextEquiv>
          <Unicode>jedes Staͤubchen, worin er zerfallen mag, ganz gewiß</Unicode>
        </TextEquiv>
      </TextLine>
      <TextLine id="region0002_line0011" custom="readingOrder {index:11;}">
        <Coords points="930,824 912,825 907,833 872,831 862,826 851,829 844,824 836,823 825,829 802,831 768,829 763,825 724,829 675,826 633,827 620,826 615,821 575,823 574,861 575,867 668,869 681,874 728,870 774,872 779,876 791,876 796,872 823,872 829,877 838,877 843,873 869,872 971,875 977,881 987,881 993,874 1006,875 1012,880 1021,880 1027,875 1069,875 1077,880 1086,880 1091,877 1159,878 1173,880 1179,886 1188,886 1195,880 1209,879 1331,882 1360,878 1444,879 1449,874 1449,855 1445,850 1365,848 1346,841 1325,840 1320,836 1304,841 1283,837 1277,841 1233,840 1195,838 1188,831 1179,831 1169,837 1114,835 1112,832 1095,830 1087,835 1057,835 1029,832 1025,827 1019,826"/>
        <Baseline points="574,857 1449,870"/>
        <Word id="region0002_line0011_word0000" custom="readingOrder {index:0;}">
          <Coords points="600,826 599,859 695,861 696,828 640,826 633,827 627,826"/>
          <TextEquiv conf="0.92871267">
            <Unicode>kennt,</Unicode>
          </TextEquiv>
        </Word>
        <Word id="word_1680271753581_145" custom="readingOrder {index:1;}">
          <Coords points="711,828 724,829 728,828 777,829 777,863 711,862"/>
          <TextEquiv>
            <Unicode>und.</Unicode>
          </TextEquiv>
        </Word>
        <Word id="word_1680271753581_144" custom="readingOrder {index:2;}">
          <Coords points="777,829 790,830 802,831 804,830 813,831 812,865 777,863"/>
          <TextEquiv>
            <Unicode>zu</Unicode>
          </TextEquiv>
        </Word>
        <Word id="region0002_line0011_word0002" custom="readingOrder {index:3;}">
          <Coords points="829,829 828,866 922,869 923,832 907,831 907,833 872,831 870,830"/>
          <TextEquiv conf="0.93001574">
            <Unicode>ſeinen</Unicode>
          </TextEquiv>
        </Word>
        <Word id="region0002_line0011_word0003" custom="readingOrder {index:4;}">
          <Coords points="931,832 930,871 1083,874 1084,835 1057,835 1050,834"/>
          <TextEquiv conf="0.91615415">
            <Unicode>Abſichten</Unicode>
          </TextEquiv>
        </Word>
        <Word id="region0002_line0011_word0004" custom="readingOrder {index:5;}">
          <Coords points="1095,837 1231,840 1230,878 1094,875"/>
          <TextEquiv conf="0.92111796">
            <Unicode>brauchen</Unicode>
          </TextEquiv>
        </Word>
        <Word id="region0002_line0011_word0005" custom="readingOrder {index:6;}">
          <Coords points="1254,843 1337,845 1336,875 1253,873"/>
          <TextEquiv conf="0.91111124">
            <Unicode>wird.</Unicode>
          </TextEquiv>
        </Word>
        <Word id="region0002_line0011_word0006" custom="readingOrder {index:7;}">
          <Coords points="1353,858 1394,859 1394,865 1353,864"/>
          <TextEquiv conf="0.9267155">
            <Unicode>—</Unicode>
          </TextEquiv>
        </Word>
        <TextEquiv>
          <Unicode>kennt, und. zu ſeinen Abſichten brauchen wird. —</Unicode>
        </TextEquiv>
      </TextLine>
      <TextEquiv>
        <Unicode>GOtt wird endlich, ſetzte ich noch hinzu, Jhren kuͤnf⸗
tigen Leib ſo bilden, wie er Jhnen dort brauchbar ſeyn
wird: er wird das Unvollkommene, das hier noͤthig war,
von ihm abſondern. So iſt z. E. der grobe Stoff, aus wel⸗
chem hier unſer Koͤrper beſteht, eine nothwendige Unvoll⸗
kommenheit, da wir hier mit lauter groben koͤrperlichen
Dingen umgeben ſind, die wir mit Gliedern von feiner
Materie gar nicht wuͤrden handhaben koͤnnen. Ueberge⸗
ben Sie alſo Jhren Leib mit Ruhe und Hoffnung der Be⸗
wahrung und Zubereitung des Weſens aller Weſen, das
jedes Staͤubchen, worin er zerfallen mag, ganz gewiß
kennt, und. zu ſeinen Abſichten brauchen wird. —</Unicode>
      </TextEquiv>
    </TextRegion>
    <TextRegion orientation="-1.3909681" readingDirection="left-to-right" id="TextRegion_1664347255231_470" custom="readingOrder {index:4;}">
      <Coords points="574,880 1498,880 1489,1479 574,1479"/>
      <TextLine id="region0002_line0012" custom="readingOrder {index:0;}">
        <Coords points="939,882 931,887 909,882 900,888 883,890 851,889 846,883 835,882 826,888 809,888 782,880 733,885 722,880 705,877 636,876 629,876 624,881 623,908 634,926 664,927 825,930 843,934 845,931 898,931 901,935 911,936 919,931 931,931 937,937 947,937 954,931 1078,934 1087,938 1108,936 1114,943 1123,943 1132,937 1140,936 1165,937 1172,943 1186,939 1216,938 1230,938 1236,943 1244,943 1250,940 1281,940 1297,946 1303,940 1483,943 1483,900 1450,894 1396,893 1377,900 1364,899 1359,894 1347,894 1342,899 1325,899 1304,898 1299,892 1274,892 1268,896 1260,896 1254,891 1241,890 1229,896 1201,891 1195,895 1151,895 1145,887 1118,886 1110,890 1083,886 1075,891 1071,887 1060,887 1052,894 1001,891 998,888 983,891 957,889 947,882"/>
        <Baseline points="629,916 1483,932"/>
        <Word id="region0002_line0012_word0000" custom="readingOrder {index:0;}">
          <Coords points="680,888 746,889 746,921 680,920"/>
          <TextEquiv conf="0.9248359">
            <Unicode>Der</Unicode>
          </TextEquiv>
        </Word>
        <Word id="region0002_line0012_word0001" custom="readingOrder {index:1;}">
          <Coords points="762,889 844,891 844,928 762,926"/>
          <TextEquiv conf="0.9073848">
            <Unicode>Graf</Unicode>
          </TextEquiv>
        </Word>
        <Word id="region0002_line0012_word0002" custom="readingOrder {index:2;}">
          <Coords points="857,928 1013,932 1014,893 885,889 883,890 857,889"/>
          <TextEquiv conf="0.92179644">
            <Unicode>verſicherte</Unicode>
          </TextEquiv>
        </Word>
        <Word id="region0002_line0012_word0003" custom="readingOrder {index:3;}">
          <Coords points="1029,895 1099,897 1098,933 1028,931"/>
          <TextEquiv conf="0.93142426">
            <Unicode>mich</Unicode>
          </TextEquiv>
        </Word>
        <Word id="region0002_line0012_word0004" custom="readingOrder {index:4;}">
          <Coords points="1185,938 1186,898 1114,896 1113,936 1135,937 1140,936 1165,937 1166,937"/>
          <TextEquiv conf="0.9210925">
            <Unicode>hier,</Unicode>
          </TextEquiv>
        </Word>
        <Word id="region0002_line0012_word0005" custom="readingOrder {index:5;}">
          <Coords points="1202,899 1254,901 1253,938 1201,936"/>
          <TextEquiv conf="0.9296826">
            <Unicode>daß</Unicode>
          </TextEquiv>
        </Word>
        <Word id="region0002_line0012_word0006" custom="readingOrder {index:6;}">
          <Coords points="1332,902 1273,901 1272,940 1281,940 1281,940 1302,941 1303,940 1331,940"/>
          <TextEquiv conf="0.93164605">
            <Unicode>ihm</Unicode>
          </TextEquiv>
        </Word>
        <Word id="region0002_line0012_word0007" custom="readingOrder {index:7;}">
          <Coords points="1350,905 1396,906 1396,935 1350,934"/>
          <TextEquiv conf="0.9305489">
            <Unicode>der</Unicode>
          </TextEquiv>
        </Word>
        <Word id="region0002_line0012_word0008" custom="readingOrder {index:8;}">
          <Coords points="1412,904 1469,906 1468,938 1411,936"/>
          <TextEquiv conf="0.9305891">
            <Unicode>Tod</Unicode>
          </TextEquiv>
        </Word>
        <TextEquiv>
          <Unicode>Der Graf verſicherte mich hier, daß ihm der Tod</Unicode>
        </TextEquiv>
      </TextLine>
      <TextLine id="region0002_line0013" custom="readingOrder {index:1;}">
        <Coords points="978,933 969,940 947,940 929,939 922,935 904,937 896,933 869,931 861,939 847,939 844,935 827,932 822,936 816,932 807,932 800,938 795,937 789,931 780,931 773,936 757,936 742,934 736,929 723,929 717,934 712,929 702,929 696,934 687,935 574,932 574,979 604,980 610,977 675,975 720,977 725,982 750,977 758,985 773,985 786,978 810,979 824,980 829,985 841,985 849,988 865,981 907,981 921,988 977,981 1074,983 1084,988 1090,989 1096,984 1151,985 1156,990 1171,986 1196,986 1217,988 1223,993 1231,993 1237,988 1275,989 1280,993 1289,993 1296,989 1362,989 1383,991 1394,997 1400,996 1404,991 1411,991 1413,994 1435,993 1441,999 1451,999 1457,994 1484,994 1484,952 1459,952 1455,948 1440,950 1434,944 1419,944 1415,947 1404,946 1399,943 1340,942 1312,947 1294,947 1281,941 1258,941 1244,944 1220,940 1214,945 1209,941 1199,940 1193,945 1173,945 1165,938 1153,938 1146,944 1124,944 1098,943 1096,939 1081,936 1077,936 1071,942 1047,941 1042,936 1033,936 1028,940 997,940 991,933"/>
        <Baseline points="574,968 674,965 1484,984"/>
        <Word id="region0002_line0013_word0000" custom="readingOrder {index:0;}">
          <Coords points="597,940 656,941 655,974 596,973"/>
          <TextEquiv conf="0.9277807">
            <Unicode>zwar</Unicode>
          </TextEquiv>
        </Word>
        <Word id="region0002_line0013_word0001" custom="readingOrder {index:1;}">
          <Coords points="699,930 696,934 687,935 668,934 668,975 675,975 720,977 723,980 731,980 743,978 743,934 742,934 739,931 720,931 717,934 714,931"/>
          <TextEquiv conf="0.916992">
            <Unicode>nicht</Unicode>
          </TextEquiv>
        </Word>
        <Word id="region0002_line0013_word0002" custom="readingOrder {index:2;}">
          <Coords points="950,982 951,942 761,938 760,978 785,979 786,978 810,979 811,979 902,981 907,981 907,981"/>
          <TextEquiv conf="0.9218605">
            <Unicode>gleichguͤltig,</Unicode>
          </TextEquiv>
        </Word>
        <Word id="region0002_line0013_word0003" custom="readingOrder {index:3;}">
          <Coords points="959,942 1024,944 1023,975 958,973"/>
          <TextEquiv conf="0.9314456">
            <Unicode>aber</Unicode>
          </TextEquiv>
        </Word>
        <Word id="region0002_line0013_word0004" custom="readingOrder {index:4;}">
          <Coords points="1094,984 1095,947 1034,945 1033,982 1046,982 1074,983 1075,983"/>
          <TextEquiv conf="0.9306695">
            <Unicode>doch</Unicode>
          </TextEquiv>
        </Word>
        <Word id="region0002_line0013_word0005" custom="readingOrder {index:5;}">
          <Coords points="1104,947 1170,949 1169,985 1103,983"/>
          <TextEquiv conf="0.9291715">
            <Unicode>auch</Unicode>
          </TextEquiv>
        </Word>
        <Word id="region0002_line0013_word0006" custom="readingOrder {index:6;}">
          <Coords points="1195,943 1193,945 1177,945 1177,986 1196,986 1217,988 1222,992 1231,992 1237,988 1242,988 1243,944 1215,943 1214,945 1212,943"/>
          <TextEquiv conf="0.9250782">
            <Unicode>nicht</Unicode>
          </TextEquiv>
        </Word>
        <Word id="region0002_line0013_word0007" custom="readingOrder {index:7;}">
          <Coords points="1254,945 1253,988 1275,989 1280,993 1289,993 1296,989 1362,989 1383,991 1393,996 1394,996 1400,996 1401,994 1402,948 1316,946 1312,947 1294,947 1291,945"/>
          <TextEquiv conf="0.916828">
            <Unicode>ſchrecklich</Unicode>
          </TextEquiv>
        </Word>
        <Word id="region0002_line0013_word0008" custom="readingOrder {index:8;}">
          <Coords points="1468,955 1419,954 1418,993 1430,993 1435,993 1435,993 1467,994"/>
          <TextEquiv conf="0.7962578">
            <Unicode>ſey.</Unicode>
          </TextEquiv>
        </Word>
        <TextEquiv>
          <Unicode>zwar nicht gleichguͤltig, aber doch auch nicht ſchrecklich ſey.</Unicode>
        </TextEquiv>
      </TextLine>
      <TextLine id="region0002_line0014" custom="readingOrder {index:2;}">
        <Coords points="977,982 973,985 955,983 909,990 884,989 878,982 865,982 849,989 801,987 796,982 785,982 780,986 716,987 688,984 678,978 653,978 647,981 580,979 574,980 574,1025 938,1030 944,1037 953,1037 959,1031 972,1032 977,1037 996,1032 1002,1039 1011,1039 1017,1033 1038,1032 1054,1041 1062,1033 1093,1034 1099,1039 1110,1039 1116,1034 1154,1034 1162,1035 1167,1041 1177,1041 1182,1036 1246,1037 1250,1045 1262,1046 1270,1038 1291,1038 1341,1041 1346,1045 1354,1045 1359,1041 1379,1041 1405,1041 1410,1046 1418,1047 1426,1042 1436,1041 1484,1042 1484,1001 1440,1000 1431,994 1412,995 1408,998 1376,994 1371,996 1335,999 1318,998 1312,992 1302,992 1294,998 1272,997 1270,992 1255,991 1244,995 1213,996 1183,993 1178,988 1169,988 1159,992 1154,989 1143,989 1137,994 1128,994 1118,992 1111,985 1099,985 1090,990 1064,985 1056,992 1038,991 1027,990 1018,983 1006,983 1001,986"/>
        <Baseline points="574,1014 1484,1031"/>
        <Word id="region0002_line0014_word0000" custom="readingOrder {index:0;}">
          <Coords points="594,983 636,984 635,1017 593,1016"/>
          <TextEquiv conf="0.9306705">
            <Unicode>Er</Unicode>
          </TextEquiv>
        </Word>
        <Word id="region0002_line0014_word0001" custom="readingOrder {index:1;}">
          <Coords points="649,984 648,1016 735,1018 735,986 716,987 698,985"/>
          <TextEquiv conf="0.9236521">
            <Unicode>koͤnne</Unicode>
          </TextEquiv>
        </Word>
        <Word id="region0002_line0014_word0002" custom="readingOrder {index:2;}">
          <Coords points="745,988 801,990 800,1019 744,1017"/>
          <TextEquiv conf="0.9317408">
            <Unicode>und</Unicode>
          </TextEquiv>
        </Word>
        <Word id="region0002_line0014_word0003" custom="readingOrder {index:3;}">
          <Coords points="812,988 811,1020 889,1022 890,990 849,989 849,989 846,989"/>
          <TextEquiv conf="0.92404205">
            <Unicode>wolle</Unicode>
          </TextEquiv>
        </Word>
        <Word id="region0002_line0014_word0004" custom="readingOrder {index:4;}">
          <Coords points="906,992 936,993 935,1022 905,1021"/>
          <TextEquiv conf="0.92969483">
            <Unicode>es</Unicode>
          </TextEquiv>
        </Word>
        <Word id="region0002_line0014_word0005" custom="readingOrder {index:5;}">
          <Coords points="946,990 992,991 991,1030 945,1029"/>
          <TextEquiv conf="0.9328573">
            <Unicode>ſich</Unicode>
          </TextEquiv>
        </Word>
        <Word id="region0002_line0014_word0006" custom="readingOrder {index:6;}">
          <Coords points="1113,1035 1114,994 1002,991 1001,1032 1025,1033 1038,1032 1040,1033 1061,1034 1062,1033 1093,1034 1094,1034"/>
          <TextEquiv conf="0.92772436">
            <Unicode>freylich</Unicode>
          </TextEquiv>
        </Word>
        <Word id="region0002_line0014_word0007" custom="readingOrder {index:7;}">
          <Coords points="1128,996 1196,997 1195,1033 1127,1032"/>
          <TextEquiv conf="0.9266821">
            <Unicode>nicht</Unicode>
          </TextEquiv>
        </Word>
        <Word id="region0002_line0014_word0008" custom="readingOrder {index:8;}">
          <Coords points="1232,995 1214,996 1213,1036 1358,1039 1359,998 1349,998 1335,999 1318,998 1317,997 1296,997 1294,998 1272,997 1272,996"/>
          <TextEquiv conf="0.9298857">
            <Unicode>verheelen,</Unicode>
          </TextEquiv>
        </Word>
        <Word id="region0002_line0014_word0009" custom="readingOrder {index:9;}">
          <Coords points="1376,1001 1427,1002 1426,1039 1375,1038"/>
          <TextEquiv conf="0.92901766">
            <Unicode>daß</Unicode>
          </TextEquiv>
        </Word>
        <Word id="region0002_line0014_word0010" custom="readingOrder {index:10;}">
          <Coords points="1440,1010 1466,1011 1465,1034 1439,1033"/>
          <TextEquiv conf="0.92901766">
            <Unicode>er</Unicode>
          </TextEquiv>
        </Word>
        <TextEquiv>
          <Unicode>Er koͤnne und wolle es ſich freylich nicht verheelen, daß er</Unicode>
        </TextEquiv>
      </TextLine>
      <TextLine id="region0002_line0015" custom="readingOrder {index:3;}">
        <Coords points="1458,1042 1437,1048 1405,1048 1399,1043 1389,1043 1383,1048 1292,1048 1220,1046 1209,1038 1197,1037 1188,1044 1126,1045 1102,1043 1095,1037 1085,1037 1079,1042 1052,1042 1036,1034 1023,1036 1014,1041 997,1039 992,1035 944,1038 938,1032 928,1032 920,1033 911,1038 884,1041 867,1040 861,1032 849,1032 841,1039 830,1038 823,1030 813,1030 802,1038 788,1036 781,1029 770,1029 760,1036 754,1035 745,1028 732,1028 726,1031 686,1028 670,1031 647,1028 640,1035 575,1035 575,1083 608,1083 623,1076 663,1075 738,1079 763,1077 778,1081 785,1078 805,1079 810,1086 817,1087 823,1086 830,1079 871,1080 882,1086 892,1081 980,1080 1026,1081 1033,1085 1044,1086 1049,1082 1080,1082 1091,1084 1098,1089 1109,1089 1123,1081 1133,1082 1143,1091 1156,1091 1162,1086 1206,1084 1290,1088 1321,1093 1335,1089 1445,1090 1451,1095 1460,1096 1465,1091 1484,1091 1484,1048 1468,1048 1464,1043"/>
        <Baseline points="575,1069 647,1065 1484,1081"/>
        <Word id="region0002_line0015_word0000" custom="readingOrder {index:0;}">
          <Coords points="645,1030 640,1035 594,1035 593,1068 677,1070 678,1031 671,1031 670,1031 668,1031"/>
          <TextEquiv conf="0.9230078">
            <Unicode>große</Unicode>
          </TextEquiv>
        </Word>
        <Word id="region0002_line0015_word0001" custom="readingOrder {index:1;}">
          <Coords points="686,1031 685,1067 800,1070 800,1037 788,1036 785,1033 764,1033 760,1036 754,1035 751,1032"/>
          <TextEquiv conf="0.92679155">
            <Unicode>Urſache</Unicode>
          </TextEquiv>
        </Word>
        <Word id="region0002_line0015_word0002" custom="readingOrder {index:2;}">
          <Coords points="811,1034 810,1074 890,1076 890,1040 884,1041 867,1040 863,1035 845,1034 841,1039 830,1038 826,1034"/>
          <TextEquiv conf="0.9296085">
            <Unicode>habe,</Unicode>
          </TextEquiv>
        </Word>
        <Word id="region0002_line0015_word0003" custom="readingOrder {index:3;}">
          <Coords points="913,1036 911,1038 898,1039 898,1067 967,1069 968,1038 951,1037 944,1038 943,1037"/>
          <TextEquiv conf="0.9319208">
            <Unicode>alles</Unicode>
          </TextEquiv>
        </Word>
        <Word id="region0002_line0015_word0004" custom="readingOrder {index:4;}">
          <Coords points="983,1038 982,1075 1127,1079 1127,1044 1126,1045 1102,1043 1099,1041 1080,1040 1079,1042 1052,1042 1047,1039 1017,1038 1014,1041 997,1039 996,1038"/>
          <TextEquiv conf="0.91883415">
            <Unicode>dasjenige</Unicode>
          </TextEquiv>
        </Word>
        <Word id="region0002_line0015_word0005" custom="readingOrder {index:5;}">
          <Coords points="1146,1049 1179,1050 1178,1080 1145,1079"/>
          <TextEquiv conf="0.9295475">
            <Unicode>zu</Unicode>
          </TextEquiv>
        </Word>
        <Word id="region0002_line0015_word0006" custom="readingOrder {index:6;}">
          <Coords points="1196,1042 1195,1079 1326,1082 1326,1048 1292,1048 1220,1046 1215,1042"/>
          <TextEquiv conf="0.91627866">
            <Unicode>bereuen,</Unicode>
          </TextEquiv>
        </Word>
        <Word id="region0002_line0015_word0007" custom="readingOrder {index:7;}">
          <Coords points="1384,1047 1383,1048 1343,1048 1342,1083 1463,1086 1464,1049 1424,1048 1405,1048 1404,1048"/>
          <TextEquiv conf="0.9242689">
            <Unicode>wodurch</Unicode>
          </TextEquiv>
        </Word>
        <TextEquiv>
          <Unicode>große Urſache habe, alles dasjenige zu bereuen, wodurch</Unicode>
        </TextEquiv>
      </TextLine>
      <TextLine id="region0002_line0016" custom="readingOrder {index:4;}">
        <Coords points="1123,1082 1117,1091 1100,1091 1091,1085 1082,1084 1075,1090 1065,1091 1033,1086 1026,1082 966,1082 958,1087 948,1089 940,1081 928,1082 920,1088 911,1087 905,1082 892,1082 882,1087 858,1087 835,1081 828,1087 817,1088 783,1085 781,1082 760,1079 726,1080 717,1084 712,1083 707,1078 694,1078 688,1083 670,1083 663,1083 657,1077 633,1078 626,1083 575,1084 575,1121 631,1124 637,1125 643,1133 654,1133 664,1124 698,1124 721,1125 736,1132 743,1125 751,1130 761,1131 767,1126 830,1127 854,1132 867,1129 885,1131 892,1137 901,1137 910,1130 937,1129 1298,1136 1327,1137 1333,1143 1345,1139 1374,1144 1424,1139 1484,1139 1484,1099 1444,1098 1440,1091 1425,1091 1419,1099 1413,1099 1349,1095 1343,1090 1329,1090 1323,1095 1308,1090 1302,1096 1279,1095 1275,1092 1237,1094 1232,1090 1221,1090 1216,1094 1164,1093 1140,1092 1135,1084"/>
        <Baseline points="575,1111 1484,1129"/>
        <Word id="region0002_line0016_word0000" custom="readingOrder {index:0;}">
          <Coords points="595,1088 624,1088 623,1110 594,1110"/>
          <TextEquiv conf="0.92832756">
            <Unicode>er</Unicode>
          </TextEquiv>
        </Word>
        <Word id="region0002_line0016_word0001" custom="readingOrder {index:1;}">
          <Coords points="631,1080 630,1119 682,1121 682,1083 670,1083 663,1083 660,1080"/>
          <TextEquiv conf="0.93155694">
            <Unicode>ihn</Unicode>
          </TextEquiv>
        </Word>
        <Word id="region0002_line0016_word0002" custom="readingOrder {index:2;}">
          <Coords points="695,1081 694,1118 874,1122 874,1087 858,1087 848,1084 831,1084 828,1087 817,1088 783,1085 781,1082 722,1081 717,1084 712,1083 710,1081"/>
          <TextEquiv conf="0.9290926">
            <Unicode>beſchleunigt</Unicode>
          </TextEquiv>
        </Word>
        <Word id="region0002_line0016_word0003" custom="readingOrder {index:3;}">
          <Coords points="890,1085 889,1126 971,1128 972,1087 959,1087 958,1087 948,1089 945,1086 923,1086 920,1088 911,1087 909,1085"/>
          <TextEquiv conf="0.92567015">
            <Unicode>habe.</Unicode>
          </TextEquiv>
        </Word>
        <Word id="region0002_line0016_word0004" custom="readingOrder {index:4;}">
          <Coords points="994,1087 1048,1089 1047,1121 993,1119"/>
          <TextEquiv conf="0.93173635">
            <Unicode>Da</Unicode>
          </TextEquiv>
        </Word>
        <Word id="region0002_line0016_word0005" custom="readingOrder {index:5;}">
          <Coords points="1063,1120 1130,1122 1131,1084 1121,1083 1117,1091 1100,1091 1091,1085 1082,1084 1075,1090 1065,1091 1063,1090"/>
          <TextEquiv conf="0.929781">
            <Unicode>aber</Unicode>
          </TextEquiv>
        </Word>
        <Word id="region0002_line0016_word0006" custom="readingOrder {index:6;}">
          <Coords points="1146,1099 1206,1100 1206,1123 1146,1122"/>
          <TextEquiv conf="0.92996806">
            <Unicode>nun</Unicode>
          </TextEquiv>
        </Word>
        <Word id="region0002_line0016_word0007" custom="readingOrder {index:7;}">
          <Coords points="1224,1096 1275,1097 1274,1124 1223,1123"/>
          <TextEquiv conf="0.90457284">
            <Unicode>das</Unicode>
          </TextEquiv>
        </Word>
        <Word id="region0002_line0016_word0008" custom="readingOrder {index:8;}">
          <Coords points="1305,1093 1302,1096 1288,1095 1287,1131 1361,1133 1362,1096 1349,1095 1349,1095 1324,1094 1323,1095 1320,1094"/>
          <TextEquiv conf="0.9298788">
            <Unicode>nicht</Unicode>
          </TextEquiv>
        </Word>
        <Word id="region0002_line0016_word0009" custom="readingOrder {index:9;}">
          <Coords points="1374,1105 1406,1105 1406,1135 1374,1135"/>
          <TextEquiv conf="0.9323578">
            <Unicode>zu</Unicode>
          </TextEquiv>
        </Word>
        <Word id="region0002_line0016_word0010" custom="readingOrder {index:10;}">
          <Coords points="1422,1097 1421,1129 1464,1130 1465,1099 1444,1098 1444,1098"/>
          <TextEquiv>
            <Unicode>aͤn⸗</Unicode>
          </TextEquiv>
        </Word>
        <TextEquiv>
          <Unicode>er ihn beſchleunigt habe. Da aber nun das nicht zu aͤn⸗</Unicode>
        </TextEquiv>
      </TextLine>
      <TextLine id="region0002_line0017" custom="readingOrder {index:5;}">
        <Coords points="1443,1140 1433,1147 1413,1150 1395,1148 1389,1142 1355,1144 1350,1140 1336,1144 1323,1141 1317,1146 1310,1147 1229,1145 1214,1144 1209,1140 1192,1142 1175,1136 1117,1135 1100,1141 1077,1142 1066,1142 1060,1135 1049,1135 1044,1138 1037,1132 1025,1133 1015,1141 958,1139 953,1132 941,1132 931,1139 892,1138 884,1132 867,1130 855,1133 835,1129 814,1136 798,1136 795,1133 779,1135 737,1134 721,1129 714,1134 629,1133 608,1131 602,1127 575,1127 575,1172 653,1175 660,1180 669,1180 674,1176 711,1174 890,1179 897,1180 904,1186 917,1186 926,1181 934,1180 985,1181 994,1186 1017,1182 1022,1187 1031,1187 1036,1182 1046,1182 1236,1185 1273,1193 1281,1187 1329,1187 1363,1189 1368,1194 1376,1195 1382,1190 1392,1190 1401,1196 1407,1196 1410,1193 1420,1195 1425,1192 1446,1194 1454,1191 1483,1189 1484,1149 1460,1148 1455,1142"/>
        <Baseline points="575,1162 1484,1179"/>
        <Word id="region0002_line0017_word0000" custom="readingOrder {index:0;}">
          <Coords points="594,1132 594,1167 673,1169 673,1134 637,1133 629,1133 627,1132"/>
          <TextEquiv conf="0.92739534">
            <Unicode>dern,</Unicode>
          </TextEquiv>
        </Word>
        <Word id="region0002_line0017_word0001" custom="readingOrder {index:1;}">
          <Coords points="715,1134 714,1134 681,1134 681,1162 738,1163 738,1134 737,1134 737,1134"/>
          <TextEquiv conf="0.9258323">
            <Unicode>und</Unicode>
          </TextEquiv>
        </Word>
        <Word id="region0002_line0017_word0002" custom="readingOrder {index:2;}">
          <Coords points="748,1140 777,1141 777,1165 748,1164"/>
          <TextEquiv conf="0.9292564">
            <Unicode>er</Unicode>
          </TextEquiv>
        </Word>
        <Word id="region0002_line0017_word0003" custom="readingOrder {index:3;}">
          <Coords points="786,1138 833,1139 833,1167 786,1166"/>
          <TextEquiv conf="0.9264559">
            <Unicode>der</Unicode>
          </TextEquiv>
        </Word>
        <Word id="region0002_line0017_word0004" custom="readingOrder {index:4;}">
          <Coords points="841,1135 841,1174 1014,1178 1014,1140 958,1139 957,1137 933,1137 931,1139 892,1138 889,1136"/>
          <TextEquiv conf="0.926828">
            <Unicode>Vergebung</Unicode>
          </TextEquiv>
        </Word>
        <Word id="region0002_line0017_word0005" custom="readingOrder {index:5;}">
          <Coords points="1023,1138 1023,1176 1112,1178 1112,1140 1103,1139 1100,1141 1077,1142 1066,1142 1063,1138"/>
          <TextEquiv conf="0.926784">
            <Unicode>ſeiner</Unicode>
          </TextEquiv>
        </Word>
        <Word id="region0002_line0017_word0006" custom="readingOrder {index:6;}">
          <Coords points="1121,1141 1121,1174 1252,1178 1252,1146 1229,1145 1214,1144 1214,1144"/>
          <TextEquiv conf="0.9257835">
            <Unicode>Suͤnden</Unicode>
          </TextEquiv>
        </Word>
        <Word id="region0002_line0017_word0007" custom="readingOrder {index:7;}">
          <Coords points="1260,1184 1351,1186 1352,1147 1315,1146 1310,1147 1260,1145"/>
          <TextEquiv conf="0.93046355">
            <Unicode>gewiß</Unicode>
          </TextEquiv>
        </Word>
        <Word id="region0002_line0017_word0008" custom="readingOrder {index:8;}">
          <Coords points="1372,1148 1371,1188 1425,1189 1426,1149 1420,1148 1413,1150 1399,1148"/>
          <TextEquiv conf="0.9209766">
            <Unicode>ſey,</Unicode>
          </TextEquiv>
        </Word>
        <Word id="region0002_line0017_word0009" custom="readingOrder {index:9;}">
          <Coords points="1439,1148 1461,1149 1460,1186 1438,1185"/>
          <TextEquiv conf="0.93110746">
            <Unicode>ſo</Unicode>
          </TextEquiv>
        </Word>
        <TextEquiv>
          <Unicode>dern, und er der Vergebung ſeiner Suͤnden gewiß ſey, ſo</Unicode>
        </TextEquiv>
      </TextLine>
      <TextLine id="region0002_line0018" custom="readingOrder {index:6;}">
        <Coords points="1210,1186 1199,1193 1191,1187 1150,1185 1116,1185 1107,1191 1088,1191 1081,1183 1071,1183 1063,1188 1057,1184 1036,1183 1031,1188 1022,1188 1017,1183 1011,1183 1000,1188 949,1189 882,1186 878,1183 852,1184 823,1178 761,1187 720,1185 714,1178 688,1179 682,1184 658,1183 653,1178 642,1178 636,1183 626,1182 621,1177 594,1176 589,1179 574,1177 574,1223 691,1225 698,1233 709,1234 718,1227 743,1231 755,1228 797,1227 802,1231 822,1231 827,1227 878,1227 1063,1231 1070,1238 1079,1238 1087,1232 1276,1234 1328,1238 1373,1238 1376,1241 1388,1241 1397,1237 1484,1238 1484,1199 1401,1197 1392,1191 1382,1191 1374,1197 1363,1196 1352,1190 1329,1188 1305,1189 1288,1195 1266,1194 1253,1189 1246,1193 1227,1193 1220,1186"/>
        <Baseline points="574,1213 1484,1228"/>
        <Word id="region0002_line0018_word0000" custom="readingOrder {index:0;}">
          <Coords points="592,1181 592,1211 674,1213 674,1184 658,1183 658,1183 637,1182 636,1183 626,1182 626,1182"/>
          <TextEquiv conf="0.92821044">
            <Unicode>binde</Unicode>
          </TextEquiv>
        </Word>
        <Word id="region0002_line0018_word0001" custom="readingOrder {index:1;}">
          <Coords points="688,1182 687,1222 748,1223 748,1186 720,1185 717,1182"/>
          <TextEquiv conf="0.92821044">
            <Unicode>ihn,</Unicode>
          </TextEquiv>
        </Word>
        <Word id="region0002_line0018_word0002" custom="readingOrder {index:2;}">
          <Coords points="764,1219 852,1221 853,1185 785,1183 764,1186"/>
          <TextEquiv conf="0.92951226">
            <Unicode>auſſer</Unicode>
          </TextEquiv>
        </Word>
        <Word id="region0002_line0018_word0003" custom="readingOrder {index:3;}">
          <Coords points="869,1188 930,1190 929,1219 868,1217"/>
          <TextEquiv conf="0.9272238">
            <Unicode>dem</Unicode>
          </TextEquiv>
        </Word>
        <Word id="region0002_line0018_word0004" custom="readingOrder {index:4;}">
          <Coords points="1002,1187 1000,1188 949,1189 946,1189 945,1226 1120,1230 1121,1190 1109,1190 1107,1191 1088,1191 1086,1189 1031,1188 1031,1188 1022,1188 1022,1188"/>
          <TextEquiv conf="0.920351">
            <Unicode>natuͤrlichen</Unicode>
          </TextEquiv>
        </Word>
        <Word id="region0002_line0018_word0005" custom="readingOrder {index:5;}">
          <Coords points="1135,1192 1238,1194 1237,1227 1134,1225"/>
          <TextEquiv conf="0.92289186">
            <Unicode>Triebe</Unicode>
          </TextEquiv>
        </Word>
        <Word id="region0002_line0018_word0006" custom="readingOrder {index:6;}">
          <Coords points="1252,1198 1300,1199 1299,1228 1251,1227"/>
          <TextEquiv conf="0.9282509">
            <Unicode>der</Unicode>
          </TextEquiv>
        </Word>
        <Word id="region0002_line0018_word0007" custom="readingOrder {index:7;}">
          <Coords points="1317,1196 1463,1200 1462,1236 1316,1232"/>
          <TextEquiv conf="0.1974392">
            <Unicode>Conſerva⸗</Unicode>
          </TextEquiv>
        </Word>
        <TextEquiv>
          <Unicode>binde ihn, auſſer dem natuͤrlichen Triebe der Conſerva⸗</Unicode>
        </TextEquiv>
      </TextLine>
      <TextLine id="region0002_line0019" custom="readingOrder {index:7;}">
        <Coords points="1428,1239 1415,1241 1409,1244 1389,1241 1369,1244 1361,1244 1353,1239 1344,1239 1337,1244 1327,1238 1309,1238 1304,1242 1295,1243 1266,1239 1260,1244 1253,1245 1224,1243 1217,1236 1209,1236 1197,1242 1176,1242 1168,1236 1155,1235 1146,1242 1125,1243 1106,1241 1100,1236 1069,1241 1005,1240 998,1238 992,1231 945,1230 909,1236 898,1236 892,1231 882,1231 876,1236 865,1236 832,1235 827,1232 798,1234 793,1228 782,1228 774,1233 757,1230 751,1234 676,1236 627,1234 614,1227 606,1227 590,1232 575,1231 574,1271 634,1275 692,1282 704,1276 749,1275 776,1276 778,1279 790,1280 798,1277 996,1279 1022,1282 1027,1287 1036,1287 1043,1283 1075,1282 1146,1284 1158,1287 1167,1284 1188,1286 1200,1283 1253,1285 1316,1290 1345,1286 1422,1288 1438,1291 1445,1287 1484,1287 1484,1247 1445,1246 1438,1239"/>
        <Baseline points="574,1262 1484,1277"/>
        <Word id="region0002_line0019_word0000" custom="readingOrder {index:0;}">
          <Coords points="605,1227 590,1231 590,1263 663,1264 663,1235 627,1234 614,1227"/>
          <TextEquiv conf="0.9258597">
            <Unicode>tion,</Unicode>
          </TextEquiv>
        </Word>
        <Word id="region0002_line0019_word0001" custom="readingOrder {index:1;}">
          <Coords points="677,1236 727,1237 726,1268 676,1267"/>
          <TextEquiv conf="0.9286617">
            <Unicode>gar</Unicode>
          </TextEquiv>
        </Word>
        <Word id="region0002_line0019_word0002" custom="readingOrder {index:2;}">
          <Coords points="756,1230 751,1234 735,1234 735,1268 826,1270 827,1232 798,1234 795,1231 777,1230 774,1233 759,1230"/>
          <TextEquiv conf="0.9212668">
            <Unicode>nichts</Unicode>
          </TextEquiv>
        </Word>
        <Word id="region0002_line0019_word0003" custom="readingOrder {index:3;}">
          <Coords points="837,1241 873,1241 872,1264 836,1264"/>
          <TextEquiv conf="0.9327859">
            <Unicode>an</Unicode>
          </TextEquiv>
        </Word>
        <Word id="region0002_line0019_word0004" custom="readingOrder {index:4;}">
          <Coords points="884,1236 934,1237 933,1266 883,1265"/>
          <TextEquiv conf="0.9298056">
            <Unicode>das</Unicode>
          </TextEquiv>
        </Word>
        <Word id="region0002_line0019_word0005" custom="readingOrder {index:5;}">
          <Coords points="944,1235 943,1273 1041,1276 1041,1240 1005,1240 998,1238 996,1236"/>
          <TextEquiv conf="0.9274365">
            <Unicode>Leben,</Unicode>
          </TextEquiv>
        </Word>
        <Word id="region0002_line0019_word0006" custom="readingOrder {index:6;}">
          <Coords points="1073,1240 1069,1241 1050,1241 1049,1270 1106,1271 1107,1241 1106,1241 1106,1241"/>
          <TextEquiv conf="0.92899823">
            <Unicode>und</Unicode>
          </TextEquiv>
        </Word>
        <Word id="region0002_line0019_word0007" custom="readingOrder {index:7;}">
          <Coords points="1116,1247 1145,1248 1144,1272 1115,1271"/>
          <TextEquiv conf="0.915342">
            <Unicode>er</Unicode>
          </TextEquiv>
        </Word>
        <Word id="region0002_line0019_word0008" custom="readingOrder {index:8;}">
          <Coords points="1153,1241 1152,1279 1194,1280 1195,1242 1176,1242 1175,1242"/>
          <TextEquiv conf="0.91402787">
            <Unicode>ſey</Unicode>
          </TextEquiv>
        </Word>
        <Word id="region0002_line0019_word0009" custom="readingOrder {index:9;}">
          <Coords points="1204,1241 1203,1278 1299,1281 1300,1244 1261,1242 1260,1244 1253,1245 1224,1243 1222,1241"/>
          <TextEquiv conf="0.9280685">
            <Unicode>bereit,</Unicode>
          </TextEquiv>
        </Word>
        <Word id="region0002_line0019_word0010" custom="readingOrder {index:10;}">
          <Coords points="1309,1244 1335,1245 1334,1281 1308,1280"/>
          <TextEquiv conf="0.9280685">
            <Unicode>ſo</Unicode>
          </TextEquiv>
        </Word>
        <Word id="region0002_line0019_word0011" custom="readingOrder {index:11;}">
          <Coords points="1344,1247 1404,1248 1403,1278 1343,1277"/>
          <TextEquiv conf="0.92472625">
            <Unicode>bald</Unicode>
          </TextEquiv>
        </Word>
        <Word id="region0002_line0019_word0012" custom="readingOrder {index:12;}">
          <Coords points="1413,1247 1459,1248 1458,1286 1412,1285"/>
          <TextEquiv conf="0.92472625">
            <Unicode>ihn</Unicode>
          </TextEquiv>
        </Word>
        <TextEquiv>
          <Unicode>tion, gar nichts an das Leben, und er ſey bereit, ſo bald ihn</Unicode>
        </TextEquiv>
      </TextLine>
      <TextLine id="region0002_line0020" custom="readingOrder {index:8;}">
        <Coords points="1445,1288 1438,1292 1418,1289 1400,1295 1373,1297 1307,1295 1300,1290 1289,1289 1268,1288 1260,1292 1250,1292 1245,1286 1227,1288 1206,1285 1188,1287 1167,1285 1135,1292 1122,1290 1112,1284 1090,1284 1074,1287 1057,1284 1046,1290 1028,1290 965,1288 949,1285 944,1281 901,1279 867,1279 856,1284 850,1279 842,1279 835,1284 831,1280 822,1280 817,1284 777,1279 767,1285 758,1280 749,1279 743,1285 735,1284 729,1278 717,1278 708,1283 678,1283 671,1280 634,1276 590,1275 575,1275 574,1312 575,1321 586,1322 772,1326 781,1330 802,1331 845,1327 933,1329 959,1332 965,1336 976,1336 987,1331 1017,1330 1080,1331 1085,1336 1104,1337 1110,1332 1137,1332 1409,1336 1411,1340 1418,1340 1429,1336 1441,1336 1456,1341 1460,1337 1484,1337 1484,1292"/>
        <Baseline points="574,1309 1484,1327"/>
        <Word id="region0002_line0020_word0000" custom="readingOrder {index:0;}">
          <Coords points="591,1279 590,1311 680,1313 680,1283 678,1283 672,1280"/>
          <TextEquiv>
            <Unicode>GOtt</Unicode>
          </TextEquiv>
        </Word>
        <Word id="region0002_line0020_word0001" custom="readingOrder {index:1;}">
          <Coords points="712,1280 708,1283 696,1283 696,1316 812,1319 812,1283 807,1282 772,1281 767,1285 760,1281 746,1281 743,1285 735,1284 731,1280"/>
          <TextEquiv conf="0.9209823">
            <Unicode>abriefe,</Unicode>
          </TextEquiv>
        </Word>
        <Word id="region0002_line0020_word0002" custom="readingOrder {index:2;}">
          <Coords points="823,1283 822,1314 864,1315 865,1284 856,1284 856,1284 856,1284 836,1283 835,1284 834,1283"/>
          <TextEquiv conf="0.93183565">
            <Unicode>die</Unicode>
          </TextEquiv>
        </Word>
        <Word id="region0002_line0020_word0003" custom="readingOrder {index:3;}">
          <Coords points="878,1284 877,1322 959,1321 959,1286 965,1288 950,1285"/>
          <TextEquiv conf="0.9274216">
            <Unicode>Welt</Unicode>
          </TextEquiv>
        </Word>
        <Word id="region0002_line0020_word0004" custom="readingOrder {index:4;}">
          <Coords points="1000,1289 967,1288 967,1330 993,1330 1000,1330"/>
          <TextEquiv conf="0.92890906">
            <Unicode>zu</Unicode>
          </TextEquiv>
        </Word>
        <Word id="region0002_line0020_word0005" custom="readingOrder {index:5;}">
          <Coords points="1048,1288 1046,1290 1028,1290 1004,1289 1004,1324 1151,1327 1152,1291 1140,1290 1135,1292 1124,1290"/>
          <TextEquiv conf="0.9299403">
            <Unicode>verlaſſen.</Unicode>
          </TextEquiv>
        </Word>
        <Word id="region0002_line0020_word0006" custom="readingOrder {index:6;}">
          <Coords points="1174,1292 1216,1293 1215,1325 1173,1324"/>
          <TextEquiv conf="0.9322718">
            <Unicode>Er</Unicode>
          </TextEquiv>
        </Word>
        <Word id="region0002_line0020_word0007" custom="readingOrder {index:7;}">
          <Coords points="1232,1293 1231,1325 1403,1329 1404,1297 1380,1296 1373,1297 1307,1295 1307,1295"/>
          <TextEquiv conf="0.9273447">
            <Unicode>bekuͤmmere</Unicode>
          </TextEquiv>
        </Word>
        <Word id="region0002_line0020_word0008" custom="readingOrder {index:8;}">
          <Coords points="1416,1297 1459,1298 1458,1336 1415,1335"/>
          <TextEquiv conf="0.9278268">
            <Unicode>ſich</Unicode>
          </TextEquiv>
        </Word>
        <TextEquiv>
          <Unicode>GOtt abriefe, die Welt zu verlaſſen. Er bekuͤmmere ſich</Unicode>
        </TextEquiv>
      </TextLine>
      <TextLine id="region0002_line0021" custom="readingOrder {index:9;}">
        <Coords points="1429,1337 1411,1341 1408,1344 1384,1339 1378,1345 1364,1345 1329,1344 1324,1339 1285,1335 1256,1336 1241,1341 1212,1343 1201,1342 1194,1335 1185,1335 1181,1338 1177,1335 1163,1334 1151,1339 1145,1333 1137,1333 1125,1340 1097,1341 1034,1338 1030,1335 997,1337 982,1334 977,1338 855,1336 819,1333 816,1330 781,1331 766,1327 760,1331 744,1327 738,1332 730,1333 663,1332 652,1325 638,1325 631,1331 575,1332 574,1353 575,1371 636,1373 642,1378 650,1378 656,1374 659,1378 671,1379 684,1374 722,1374 763,1375 768,1379 779,1379 784,1375 818,1375 881,1378 911,1382 915,1379 964,1378 1130,1382 1134,1386 1144,1386 1153,1382 1158,1388 1166,1389 1173,1383 1183,1382 1408,1385 1420,1389 1426,1386 1480,1388 1484,1385 1484,1346 1461,1346 1441,1337"/>
        <Baseline points="574,1361 1484,1377"/>
        <Word id="region0002_line0021_word0000" custom="readingOrder {index:0;}">
          <Coords points="637,1325 631,1331 589,1331 589,1361 655,1362 655,1327 653,1325"/>
          <TextEquiv conf="0.9271476">
            <Unicode>auch</Unicode>
          </TextEquiv>
        </Word>
        <Word id="region0002_line0021_word0001" custom="readingOrder {index:1;}">
          <Coords points="665,1333 715,1335 714,1366 664,1364"/>
          <TextEquiv conf="0.9321011">
            <Unicode>gar</Unicode>
          </TextEquiv>
        </Word>
        <Word id="region0002_line0021_word0002" custom="readingOrder {index:2;}">
          <Coords points="742,1328 738,1332 730,1333 722,1332 722,1364 796,1366 796,1330 781,1331 775,1329 762,1329 760,1331 751,1328"/>
          <TextEquiv conf="0.9254701">
            <Unicode>nicht</Unicode>
          </TextEquiv>
        </Word>
        <Word id="region0002_line0021_word0003" custom="readingOrder {index:3;}">
          <Coords points="805,1332 804,1366 915,1368 916,1337 855,1336 819,1333 818,1332"/>
          <TextEquiv conf="0.9157078">
            <Unicode>darum,</Unicode>
          </TextEquiv>
        </Word>
        <Word id="region0002_line0021_word0004" custom="readingOrder {index:4;}">
          <Coords points="930,1363 994,1364 995,1337 978,1336 977,1338 930,1337"/>
          <TextEquiv conf="0.9308989">
            <Unicode>was</Unicode>
          </TextEquiv>
        </Word>
        <Word id="region0002_line0021_word0005" custom="readingOrder {index:5;}">
          <Coords points="1004,1339 1003,1367 1076,1368 1076,1340 1075,1339"/>
          <TextEquiv conf="0.929244">
            <Unicode>etwa</Unicode>
          </TextEquiv>
        </Word>
        <Word id="region0002_line0021_word0006" custom="readingOrder {index:6;}">
          <Coords points="1129,1337 1125,1340 1097,1341 1084,1340 1084,1373 1150,1374 1150,1338 1149,1337"/>
          <TextEquiv conf="0.929244">
            <Unicode>nach</Unicode>
          </TextEquiv>
        </Word>
        <Word id="region0002_line0021_word0007" custom="readingOrder {index:7;}">
          <Coords points="1159,1338 1158,1376 1259,1379 1260,1341 1242,1340 1241,1341 1212,1343 1201,1342 1198,1339"/>
          <TextEquiv conf="0.92890227">
            <Unicode>ſeinem</Unicode>
          </TextEquiv>
        </Word>
        <Word id="region0002_line0021_word0008" custom="readingOrder {index:8;}">
          <Coords points="1268,1341 1267,1374 1346,1376 1346,1344 1329,1344 1327,1342"/>
          <TextEquiv conf="0.93184876">
            <Unicode>Tode</Unicode>
          </TextEquiv>
        </Word>
        <Word id="region0002_line0021_word0009" custom="readingOrder {index:9;}">
          <Coords points="1355,1346 1406,1347 1406,1377 1354,1376"/>
          <TextEquiv conf="0.93013245">
            <Unicode>mit</Unicode>
          </TextEquiv>
        </Word>
        <Word id="region0002_line0021_word0010" custom="readingOrder {index:10;}">
          <Coords points="1416,1344 1457,1345 1456,1382 1415,1381"/>
          <TextEquiv>
            <Unicode>ſei⸗</Unicode>
          </TextEquiv>
        </Word>
        <TextEquiv>
          <Unicode>auch gar nicht darum, was etwa nach ſeinem Tode mit ſei⸗</Unicode>
        </TextEquiv>
      </TextLine>
      <TextLine id="region0002_line0022" custom="readingOrder {index:10;}">
        <Coords points="1427,1387 1420,1390 1326,1385 1315,1387 1307,1393 1289,1393 1283,1388 1273,1388 1268,1392 1143,1391 1135,1390 1130,1384 1118,1382 1110,1386 1092,1383 1052,1382 1033,1388 1018,1388 1003,1387 999,1383 986,1382 979,1386 975,1381 964,1380 953,1388 885,1387 880,1380 870,1379 857,1386 844,1387 740,1385 716,1384 707,1375 696,1375 691,1378 684,1375 671,1380 643,1383 574,1382 574,1421 715,1425 717,1428 723,1428 734,1425 816,1426 839,1432 861,1427 865,1431 873,1433 885,1428 981,1429 988,1435 995,1435 1002,1430 1107,1433 1112,1437 1121,1438 1126,1433 1132,1433 1138,1439 1147,1439 1155,1433 1222,1433 1380,1437 1385,1442 1407,1442 1412,1438 1421,1436 1438,1439 1448,1434 1483,1435 1483,1391"/>
        <Baseline points="574,1411 1483,1425"/>
        <Word id="region0002_line0022_word0000" custom="readingOrder {index:0;}">
          <Coords points="589,1385 653,1386 653,1408 589,1407"/>
          <TextEquiv conf="0.9260981">
            <Unicode>nem</Unicode>
          </TextEquiv>
        </Word>
        <Word id="region0002_line0022_word0001" custom="readingOrder {index:1;}">
          <Coords points="680,1376 671,1380 663,1380 663,1414 772,1417 772,1385 740,1385 716,1384 709,1377 693,1376 691,1378 687,1376"/>
          <TextEquiv conf="0.9319809">
            <Unicode>Koͤrper</Unicode>
          </TextEquiv>
        </Word>
        <Word id="region0002_line0022_word0002" custom="readingOrder {index:2;}">
          <Coords points="863,1382 857,1386 844,1387 781,1385 781,1419 919,1423 919,1387 885,1387 882,1382"/>
          <TextEquiv conf="0.92637724">
            <Unicode>vorgehen</Unicode>
          </TextEquiv>
        </Word>
        <Word id="region0002_line0022_word0003" custom="readingOrder {index:3;}">
          <Coords points="958,1383 953,1388 929,1387 929,1422 1043,1425 1043,1386 1039,1385 1033,1388 1018,1388 1003,1387 1000,1384 981,1384 979,1386 977,1384"/>
          <TextEquiv conf="0.9241861">
            <Unicode>moͤchte.</Unicode>
          </TextEquiv>
        </Word>
        <Word id="region0002_line0022_word0004" custom="readingOrder {index:4;}">
          <Coords points="1065,1387 1106,1388 1106,1420 1065,1419"/>
          <TextEquiv conf="0.92451906">
            <Unicode>Er</Unicode>
          </TextEquiv>
        </Word>
        <Word id="region0002_line0022_word0005" custom="readingOrder {index:5;}">
          <Coords points="1114,1387 1113,1426 1154,1427 1154,1391 1143,1391 1135,1390 1132,1387"/>
          <TextEquiv conf="0.92451906">
            <Unicode>ſey</Unicode>
          </TextEquiv>
        </Word>
        <Word id="region0002_line0022_word0006" custom="readingOrder {index:6;}">
          <Coords points="1175,1395 1258,1397 1258,1425 1175,1423"/>
          <TextEquiv conf="0.9246647">
            <Unicode>unter</Unicode>
          </TextEquiv>
        </Word>
        <Word id="region0002_line0022_word0007" custom="readingOrder {index:7;}">
          <Coords points="1276,1395 1322,1396 1322,1427 1276,1426"/>
          <TextEquiv conf="0.9324616">
            <Unicode>der</Unicode>
          </TextEquiv>
        </Word>
        <Word id="region0002_line0022_word0008" custom="readingOrder {index:8;}">
          <Coords points="1455,1397 1336,1394 1335,1433 1444,1435 1448,1434 1454,1434"/>
          <TextEquiv conf="0.9157682">
            <Unicode>Aufſicht</Unicode>
          </TextEquiv>
        </Word>
        <TextEquiv>
          <Unicode>nem Koͤrper vorgehen moͤchte. Er ſey unter der Aufſicht</Unicode>
        </TextEquiv>
      </TextLine>
      <TextLine id="region0002_line0023" custom="readingOrder {index:11;}">
        <Coords points="1016,1431 1006,1438 989,1437 982,1431 970,1431 962,1438 953,1438 891,1436 884,1430 873,1434 859,1429 839,1433 810,1428 778,1434 760,1434 754,1428 739,1426 718,1429 716,1433 679,1431 647,1425 574,1424 574,1471 778,1474 832,1477 838,1483 848,1483 854,1477 866,1477 871,1482 881,1483 888,1477 933,1478 962,1481 976,1485 1010,1482 1018,1487 1026,1487 1033,1480 1042,1480 1146,1480 1155,1477 1159,1472 1160,1446 1154,1440 1070,1439 1064,1432 1034,1437 1028,1431"/>
        <Baseline points="574,1461 1159,1469"/>
        <Word id="region0002_line0023_word0000" custom="readingOrder {index:0;}">
          <Coords points="588,1433 710,1436 709,1469 587,1466"/>
          <TextEquiv>
            <Unicode>GOttes</Unicode>
          </TextEquiv>
        </Word>
        <Word id="region0002_line0023_word0001" custom="readingOrder {index:1;}">
          <Coords points="721,1434 826,1436 825,1468 720,1466"/>
          <TextEquiv conf="0.9282302">
            <Unicode>uͤberall</Unicode>
          </TextEquiv>
        </Word>
        <Word id="region0002_line0023_word0002" custom="readingOrder {index:2;}">
          <Coords points="918,1440 840,1438 839,1476 888,1477 888,1477 917,1478"/>
          <TextEquiv conf="0.93076235">
            <Unicode>ſicher</Unicode>
          </TextEquiv>
        </Word>
        <Word id="word_1664347249119_468" custom="readingOrder {index:3;}">
          <Coords points="928,1438 1115,1442 1114,1479 984,1479 935,1478 927,1478"/>
          <TextEquiv conf="0.91935015">
            <Unicode>aufgehoben.</Unicode>
          </TextEquiv>
        </Word>
        <TextEquiv>
          <Unicode>GOttes uͤberall ſicher aufgehoben.</Unicode>
        </TextEquiv>
      </TextLine>
      <TextEquiv>
        <Unicode>Der Graf verſicherte mich hier, daß ihm der Tod
zwar nicht gleichguͤltig, aber doch auch nicht ſchrecklich ſey.
Er koͤnne und wolle es ſich freylich nicht verheelen, daß er
große Urſache habe, alles dasjenige zu bereuen, wodurch
er ihn beſchleunigt habe. Da aber nun das nicht zu aͤn⸗
dern, und er der Vergebung ſeiner Suͤnden gewiß ſey, ſo
binde ihn, auſſer dem natuͤrlichen Triebe der Conſerva⸗
tion, gar nichts an das Leben, und er ſey bereit, ſo bald ihn
GOtt abriefe, die Welt zu verlaſſen. Er bekuͤmmere ſich
auch gar nicht darum, was etwa nach ſeinem Tode mit ſei⸗
nem Koͤrper vorgehen moͤchte. Er ſey unter der Aufſicht
GOttes uͤberall ſicher aufgehoben.</Unicode>
      </TextEquiv>
    </TextRegion>
    <TextRegion orientation="-1.3909681" readingDirection="left-to-right" id="TextRegion_1664347249070_464" custom="readingOrder {index:5;}">
      <Coords points="574,1479 1489,1479 1484,1845 1445,1891 572,1891 574,1835"/>
      <TextLine id="region0002_line0024" custom="readingOrder {index:0;}">
        <Coords points="1404,1491 1392,1494 1379,1493 1373,1499 1364,1499 1306,1499 1289,1494 1276,1495 1241,1490 1223,1492 1214,1499 1204,1500 1200,1499 1194,1493 1184,1493 1178,1499 1145,1498 1123,1497 1116,1491 1105,1491 1099,1495 1093,1491 1062,1489 1020,1495 937,1496 930,1492 921,1492 915,1496 895,1495 888,1487 877,1487 867,1493 834,1494 814,1492 807,1485 764,1485 755,1492 722,1491 688,1482 621,1480 616,1485 615,1512 621,1518 621,1529 624,1533 660,1537 728,1539 736,1534 763,1533 768,1533 772,1537 783,1537 787,1533 797,1538 822,1534 844,1539 866,1537 870,1540 894,1537 902,1542 911,1542 923,1536 944,1535 994,1539 1102,1538 1118,1543 1124,1539 1208,1540 1244,1546 1285,1540 1309,1540 1319,1546 1328,1547 1338,1541 1386,1541 1391,1545 1399,1545 1410,1545 1420,1540 1484,1539 1484,1498 1441,1497"/>
        <Baseline points="621,1526 1484,1529"/>
        <Word id="region0002_line0024_word0000" custom="readingOrder {index:0;}">
          <Coords points="669,1483 668,1522 857,1526 857,1493 834,1494 814,1492 807,1485 763,1485 755,1492 722,1491 693,1483"/>
          <TextEquiv conf="0.9181301">
            <Unicode>Jnzwiſchen,</Unicode>
          </TextEquiv>
        </Word>
        <Word id="region0002_line0024_word0001" custom="readingOrder {index:1;}">
          <Coords points="875,1488 871,1490 871,1526 945,1528 945,1495 937,1496 930,1492 921,1492 915,1496 895,1495 889,1488"/>
          <TextEquiv conf="0.9265177">
            <Unicode>ſagte</Unicode>
          </TextEquiv>
        </Word>
        <Word id="region0002_line0024_word0002" custom="readingOrder {index:2;}">
          <Coords points="955,1498 996,1499 995,1527 954,1526"/>
          <TextEquiv conf="0.9310712">
            <Unicode>er,</Unicode>
          </TextEquiv>
        </Word>
        <Word id="region0002_line0024_word0003" custom="readingOrder {index:3;}">
          <Coords points="1010,1524 1070,1525 1071,1493 1037,1492 1020,1495 1010,1495"/>
          <TextEquiv conf="0.9252073">
            <Unicode>will</Unicode>
          </TextEquiv>
        </Word>
        <Word id="region0002_line0024_word0004" custom="readingOrder {index:4;}">
          <Coords points="1084,1496 1122,1497 1121,1532 1083,1531"/>
          <TextEquiv conf="0.9228194">
            <Unicode>ich</Unicode>
          </TextEquiv>
        </Word>
        <Word id="region0002_line0024_word0005" custom="readingOrder {index:5;}">
          <Coords points="1137,1498 1136,1526 1227,1528 1228,1500 1208,1500 1204,1500 1202,1499 1178,1499 1178,1499 1166,1499"/>
          <TextEquiv conf="0.9277256">
            <Unicode>meine</Unicode>
          </TextEquiv>
        </Word>
        <Word id="region0002_line0024_word0006" custom="readingOrder {index:6;}">
          <Coords points="1239,1496 1302,1498 1301,1538 1238,1536"/>
          <TextEquiv conf="0.92958975">
            <Unicode>Zeit</Unicode>
          </TextEquiv>
        </Word>
        <Word id="region0002_line0024_word0007" custom="readingOrder {index:7;}">
          <Coords points="1452,1503 1317,1499 1316,1537 1420,1540 1420,1540 1451,1540"/>
          <TextEquiv>
            <Unicode>gewiſſen⸗</Unicode>
          </TextEquiv>
        </Word>
        <TextEquiv>
          <Unicode>Jnzwiſchen, ſagte er, will ich meine Zeit gewiſſen⸗</Unicode>
        </TextEquiv>
      </TextLine>
      <TextLine id="region0002_line0025" custom="readingOrder {index:1;}">
        <Coords points="1436,1540 1426,1546 1390,1548 1366,1547 1359,1542 1338,1542 1328,1548 1302,1542 1294,1546 1274,1542 1243,1546 1233,1543 1217,1548 1212,1542 1200,1540 1192,1548 1158,1548 1120,1548 1117,1543 1105,1540 1080,1539 1076,1546 1038,1546 1030,1538 1022,1538 1011,1543 981,1539 971,1542 967,1539 956,1539 949,1544 902,1543 894,1538 888,1538 882,1543 873,1544 787,1542 784,1538 771,1537 764,1542 694,1541 645,1537 636,1534 611,1536 599,1530 589,1530 575,1531 575,1580 595,1584 605,1580 629,1584 654,1580 792,1583 827,1587 922,1584 974,1585 979,1590 988,1590 996,1586 1089,1587 1097,1587 1107,1592 1118,1588 1155,1591 1178,1588 1204,1590 1223,1595 1233,1590 1259,1590 1260,1593 1275,1594 1287,1589 1338,1592 1364,1588 1484,1586 1484,1546 1450,1546 1445,1540"/>
        <Baseline points="575,1569 1181,1580 1484,1577"/>
        <Word id="region0002_line0025_word0000" custom="readingOrder {index:0;}">
          <Coords points="580,1566 649,1568 649,1537 645,1537 636,1534 611,1536 599,1530 589,1530 580,1530"/>
          <TextEquiv conf="0.9125382">
            <Unicode>haft</Unicode>
          </TextEquiv>
        </Word>
        <Word id="region0002_line0025_word0001" custom="readingOrder {index:1;}">
          <Coords points="667,1567 834,1571 834,1543 787,1542 784,1538 771,1537 764,1542 694,1541 667,1538"/>
          <TextEquiv conf="0.92444503">
            <Unicode>anwenden,</Unicode>
          </TextEquiv>
        </Word>
        <Word id="region0002_line0025_word0002" custom="readingOrder {index:2;}">
          <Coords points="846,1565 904,1566 904,1543 902,1543 894,1538 888,1538 882,1543 873,1544 846,1543"/>
          <TextEquiv conf="0.93057907">
            <Unicode>und</Unicode>
          </TextEquiv>
        </Word>
        <Word id="region0002_line0025_word0003" custom="readingOrder {index:3;}">
          <Coords points="925,1572 994,1573 994,1540 981,1539 971,1542 967,1539 956,1539 949,1544 925,1543"/>
          <TextEquiv conf="0.9225821">
            <Unicode>mich</Unicode>
          </TextEquiv>
        </Word>
        <Word id="region0002_line0025_word0004" custom="readingOrder {index:4;}">
          <Coords points="1016,1577 1164,1581 1164,1548 1158,1548 1120,1548 1117,1543 1105,1540 1080,1539 1076,1546 1038,1546 1030,1538 1022,1538 1016,1540"/>
          <TextEquiv conf="0.90533304">
            <Unicode>bemuͤhen,</Unicode>
          </TextEquiv>
        </Word>
        <Word id="region0002_line0025_word0005" custom="readingOrder {index:5;}">
          <Coords points="1198,1542 1192,1548 1180,1548 1179,1580 1279,1582 1280,1544 1261,1544 1243,1546 1233,1543 1233,1543 1217,1548 1213,1543"/>
          <TextEquiv conf="0.9300139">
            <Unicode>taͤglich</Unicode>
          </TextEquiv>
        </Word>
        <Word id="region0002_line0025_word0006" custom="readingOrder {index:6;}">
          <Coords points="1300,1547 1299,1582 1382,1584 1383,1549 1329,1548 1328,1548 1326,1548"/>
          <TextEquiv conf="0.929491">
            <Unicode>beſſer</Unicode>
          </TextEquiv>
        </Word>
        <Word id="region0002_line0025_word0007" custom="readingOrder {index:7;}">
          <Coords points="1396,1578 1451,1580 1452,1549 1403,1547 1396,1547"/>
          <TextEquiv conf="0.92785126">
            <Unicode>und</Unicode>
          </TextEquiv>
        </Word>
        <TextEquiv>
          <Unicode>haft anwenden, und mich bemuͤhen, taͤglich beſſer und</Unicode>
        </TextEquiv>
      </TextLine>
      <TextLine id="region0002_line0026" custom="readingOrder {index:2;}">
        <Coords points="1413,1589 1407,1592 1317,1590 1308,1597 1304,1591 1287,1590 1282,1592 1280,1598 1274,1594 1257,1596 1253,1593 1244,1593 1235,1596 1220,1596 1204,1592 1198,1597 1193,1590 1187,1589 1178,1589 1168,1595 1163,1592 1138,1590 1118,1589 1106,1593 1097,1588 1089,1588 1070,1588 1052,1594 1026,1593 1022,1589 1011,1589 1005,1593 996,1594 905,1593 860,1592 855,1586 826,1588 795,1585 784,1592 760,1591 740,1583 729,1584 719,1590 704,1590 640,1582 629,1585 605,1581 594,1585 575,1581 574,1628 721,1632 727,1638 735,1639 744,1634 750,1635 755,1639 770,1635 802,1638 805,1634 834,1633 846,1633 864,1640 876,1634 888,1633 925,1638 927,1635 1031,1634 1062,1641 1107,1643 1161,1637 1167,1637 1173,1643 1182,1643 1188,1637 1215,1636 1281,1637 1289,1644 1302,1638 1375,1639 1381,1645 1402,1637 1416,1641 1427,1638 1483,1639 1484,1607 1480,1595"/>
        <Baseline points="574,1617 1108,1631 1484,1631"/>
        <Word id="region0002_line0026_word0000" custom="readingOrder {index:0;}">
          <Coords points="584,1613 675,1615 675,1586 640,1582 629,1585 605,1581 594,1585 584,1583"/>
          <TextEquiv>
            <Unicode>GOtt</Unicode>
          </TextEquiv>
        </Word>
        <Word id="region0002_line0026_word0001" custom="readingOrder {index:1;}">
          <Coords points="682,1621 903,1626 903,1592 860,1592 855,1586 826,1588 795,1585 784,1592 760,1591 740,1583 729,1584 719,1590 704,1590 682,1587"/>
          <TextEquiv>
            <Unicode>wohlgefaͤlliger</Unicode>
          </TextEquiv>
        </Word>
        <Word id="region0002_line0026_word0002" custom="readingOrder {index:2;}">
          <Coords points="911,1594 943,1595 943,1625 911,1624"/>
          <TextEquiv conf="0.9196694">
            <Unicode>zu</Unicode>
          </TextEquiv>
        </Word>
        <Word id="region0002_line0026_word0003" custom="readingOrder {index:3;}">
          <Coords points="1008,1590 1005,1593 996,1594 951,1593 951,1619 1074,1622 1074,1592 1059,1591 1052,1594 1026,1593 1023,1590"/>
          <TextEquiv conf="0.9170363">
            <Unicode>werden.</Unicode>
          </TextEquiv>
        </Word>
        <Word id="region0002_line0026_word0004" custom="readingOrder {index:4;}">
          <Coords points="1083,1590 1082,1629 1140,1630 1141,1591 1113,1590 1106,1593 1101,1590"/>
          <TextEquiv conf="0.92661536">
            <Unicode>Jch</Unicode>
          </TextEquiv>
        </Word>
        <Word id="region0002_line0026_word0005" custom="readingOrder {index:5;}">
          <Coords points="1150,1591 1149,1630 1198,1631 1198,1597 1194,1592 1174,1591 1168,1595 1163,1592 1151,1591"/>
          <TextEquiv conf="0.92751074">
            <Unicode>leſe</Unicode>
          </TextEquiv>
        </Word>
        <Word id="region0002_line0026_word0006" custom="readingOrder {index:6;}">
          <Coords points="1206,1596 1236,1596 1236,1626 1206,1626"/>
          <TextEquiv conf="0.9325817">
            <Unicode>in</Unicode>
          </TextEquiv>
        </Word>
        <Word id="region0002_line0026_word0007" custom="readingOrder {index:7;}">
          <Coords points="1243,1594 1243,1633 1328,1635 1328,1596 1309,1595 1308,1597 1307,1595 1281,1594 1280,1598 1275,1594 1268,1594 1257,1596 1254,1594"/>
          <TextEquiv conf="0.9291853">
            <Unicode>dieſer</Unicode>
          </TextEquiv>
        </Word>
        <Word id="region0002_line0026_word0008" custom="readingOrder {index:8;}">
          <Coords points="1449,1599 1336,1596 1335,1637 1397,1638 1402,1637 1408,1638 1422,1639 1427,1638 1448,1638"/>
          <TextEquiv conf="0.92491615">
            <Unicode>Abſicht,</Unicode>
          </TextEquiv>
        </Word>
        <TextEquiv>
          <Unicode>GOtt wohlgefaͤlliger zu werden. Jch leſe in dieſer Abſicht,</Unicode>
        </TextEquiv>
      </TextLine>
      <TextLine id="region0002_line0027" custom="readingOrder {index:3;}">
        <Coords points="1402,1638 1379,1647 1354,1648 1344,1647 1338,1641 1327,1641 1323,1643 1299,1641 1288,1646 1262,1641 1254,1646 1226,1646 1223,1638 1215,1637 1207,1639 1202,1647 1171,1647 1167,1647 1161,1641 1150,1640 1142,1646 1106,1646 1034,1644 1028,1638 1017,1638 1011,1644 927,1642 925,1639 888,1634 883,1640 875,1642 864,1641 846,1635 837,1641 826,1641 789,1638 780,1639 777,1636 755,1640 750,1636 744,1635 733,1641 707,1640 697,1632 686,1632 678,1637 660,1638 651,1632 638,1633 634,1636 623,1635 620,1632 603,1632 598,1636 594,1633 582,1632 574,1638 574,1678 601,1680 605,1684 615,1685 625,1680 671,1680 677,1681 683,1688 690,1689 696,1688 701,1682 713,1686 723,1682 757,1683 764,1688 772,1688 779,1682 819,1681 867,1684 910,1682 1137,1686 1152,1687 1160,1694 1169,1694 1185,1687 1302,1688 1308,1693 1320,1694 1329,1689 1337,1695 1347,1695 1359,1688 1401,1694 1431,1688 1474,1686 1481,1682 1484,1643 1416,1642"/>
        <Baseline points="574,1668 1404,1680 1482,1673"/>
        <Word id="region0002_line0027_word0000" custom="readingOrder {index:0;}">
          <Coords points="582,1665 621,1666 621,1633 620,1632 603,1632 598,1636 594,1633 582,1632"/>
          <TextEquiv conf="0.9316957">
            <Unicode>ich</Unicode>
          </TextEquiv>
        </Word>
        <Word id="region0002_line0027_word0001" custom="readingOrder {index:1;}">
          <Coords points="638,1670 726,1672 726,1640 707,1640 697,1632 686,1632 678,1637 660,1638 651,1632 638,1632"/>
          <TextEquiv conf="0.93063295">
            <Unicode>bethe,</Unicode>
          </TextEquiv>
        </Word>
        <Word id="region0002_line0027_word0002" custom="readingOrder {index:2;}">
          <Coords points="738,1669 778,1670 778,1637 777,1636 755,1640 750,1636 744,1635 738,1637"/>
          <TextEquiv conf="0.93113637">
            <Unicode>ich</Unicode>
          </TextEquiv>
        </Word>
        <Word id="region0002_line0027_word0003" custom="readingOrder {index:3;}">
          <Coords points="844,1636 837,1641 826,1641 789,1638 789,1667 872,1669 872,1641 864,1641 850,1636"/>
          <TextEquiv conf="0.9251681">
            <Unicode>denke</Unicode>
          </TextEquiv>
        </Word>
        <Word id="region0002_line0027_word0004" custom="readingOrder {index:4;}">
          <Coords points="886,1666 954,1668 954,1642 927,1642 925,1639 888,1634 886,1636"/>
          <TextEquiv conf="0.92904615">
            <Unicode>uͤber</Unicode>
          </TextEquiv>
        </Word>
        <Word id="region0002_line0027_word0005" custom="readingOrder {index:5;}">
          <Coords points="1014,1640 1011,1644 969,1643 969,1669 1083,1672 1083,1645 1034,1644 1030,1640"/>
          <TextEquiv conf="0.93114775">
            <Unicode>meinen</Unicode>
          </TextEquiv>
        </Word>
        <Word id="region0002_line0027_word0006" custom="readingOrder {index:6;}">
          <Coords points="1093,1685 1218,1687 1218,1647 1171,1647 1167,1647 1161,1641 1150,1640 1142,1646 1106,1646 1093,1645"/>
          <TextEquiv conf="0.91643786">
            <Unicode>vorigen</Unicode>
          </TextEquiv>
        </Word>
        <Word id="region0002_line0027_word0007" custom="readingOrder {index:7;}">
          <Coords points="1278,1643 1254,1646 1226,1646 1223,1638 1217,1637 1217,1687 1278,1688"/>
          <TextEquiv conf="0.91643786">
            <Unicode>und</Unicode>
          </TextEquiv>
        </Word>
        <Word id="region0002_line0027_word0008" custom="readingOrder {index:8;}">
          <Coords points="1293,1646 1292,1683 1388,1685 1389,1648 1365,1647 1354,1648 1344,1647"/>
          <TextEquiv conf="0.92829543">
            <Unicode>itzigen</Unicode>
          </TextEquiv>
        </Word>
        <Word id="region0002_line0027_word0009" custom="readingOrder {index:9;}">
          <Coords points="1397,1645 1448,1647 1447,1686 1396,1684"/>
          <TextEquiv>
            <Unicode>Zu⸗</Unicode>
          </TextEquiv>
        </Word>
        <TextEquiv>
          <Unicode>ich bethe, ich denke uͤber meinen vorigen und itzigen Zu⸗</Unicode>
        </TextEquiv>
      </TextLine>
      <TextLine id="region0002_line0028" custom="readingOrder {index:4;}">
        <Coords points="1431,1689 1420,1694 1401,1695 1369,1696 1364,1691 1356,1691 1347,1696 1316,1696 1306,1695 1299,1689 1286,1689 1281,1693 1276,1689 1268,1689 1261,1694 1257,1689 1245,1689 1240,1695 1235,1696 1205,1696 1199,1690 1191,1690 1183,1695 1135,1695 1129,1689 1121,1689 1110,1695 1090,1695 1074,1689 1063,1689 1057,1694 1012,1693 1005,1686 990,1685 980,1692 955,1693 949,1685 937,1685 929,1690 923,1686 915,1686 908,1692 902,1692 897,1687 886,1687 879,1693 841,1693 810,1691 804,1685 795,1685 787,1690 768,1691 737,1689 730,1683 690,1690 658,1688 653,1683 643,1683 636,1688 616,1687 605,1685 601,1681 589,1680 575,1682 574,1722 575,1730 580,1733 594,1734 598,1729 671,1729 711,1732 734,1737 741,1737 746,1733 774,1732 860,1733 868,1740 878,1741 890,1734 924,1733 932,1733 937,1738 954,1734 977,1734 983,1738 997,1739 1003,1734 1021,1733 1206,1737 1242,1743 1246,1740 1268,1737 1369,1739 1393,1736 1422,1740 1427,1736 1484,1737 1484,1693 1450,1694"/>
        <Baseline points="574,1719 1484,1727"/>
        <Word id="region0002_line0028_word0000" custom="readingOrder {index:0;}">
          <Coords points="581,1715 658,1717 659,1688 658,1688 653,1683 643,1683 636,1688 616,1687 605,1685 601,1681 589,1680 582,1681"/>
          <TextEquiv conf="0.9308677">
            <Unicode>ſtand</Unicode>
          </TextEquiv>
        </Word>
        <Word id="region0002_line0028_word0001" custom="readingOrder {index:1;}">
          <Coords points="667,1716 744,1717 744,1689 737,1689 730,1683 690,1690 667,1688"/>
          <TextEquiv conf="0.9298444">
            <Unicode>nach,</Unicode>
          </TextEquiv>
        </Word>
        <Word id="region0002_line0028_word0002" custom="readingOrder {index:2;}">
          <Coords points="751,1713 809,1714 809,1690 804,1685 795,1685 787,1690 768,1691 751,1689"/>
          <TextEquiv conf="0.93198454">
            <Unicode>und</Unicode>
          </TextEquiv>
        </Word>
        <Word id="region0002_line0028_word0003" custom="readingOrder {index:3;}">
          <Coords points="936,1685 929,1690 923,1686 915,1686 908,1692 902,1692 897,1687 886,1687 879,1693 841,1693 817,1691 817,1721 967,1725 967,1692 955,1693 949,1685"/>
          <TextEquiv conf="0.9205729">
            <Unicode>vergleiche</Unicode>
          </TextEquiv>
        </Word>
        <Word id="region0002_line0028_word0004" custom="readingOrder {index:4;}">
          <Coords points="988,1686 984,1688 984,1724 1017,1725 1017,1693 1012,1693 1005,1686"/>
          <TextEquiv conf="0.9295071">
            <Unicode>ſie</Unicode>
          </TextEquiv>
        </Word>
        <Word id="region0002_line0028_word0005" custom="readingOrder {index:5;}">
          <Coords points="1060,1691 1057,1694 1032,1693 1032,1719 1087,1721 1087,1694 1081,1691"/>
          <TextEquiv conf="0.9324493">
            <Unicode>mit</Unicode>
          </TextEquiv>
        </Word>
        <Word id="region0002_line0028_word0006" custom="readingOrder {index:6;}">
          <Coords points="1190,1690 1183,1695 1135,1695 1129,1689 1121,1689 1110,1695 1101,1695 1101,1726 1252,1730 1253,1692 1242,1691 1240,1695 1235,1696 1205,1696 1199,1690"/>
          <TextEquiv conf="0.93041945">
            <Unicode>einander,</Unicode>
          </TextEquiv>
        </Word>
        <Word id="region0002_line0028_word0007" custom="readingOrder {index:7;}">
          <Coords points="1266,1693 1304,1694 1303,1730 1265,1729"/>
          <TextEquiv conf="0.9311827">
            <Unicode>ich</Unicode>
          </TextEquiv>
        </Word>
        <Word id="region0002_line0028_word0008" custom="readingOrder {index:8;}">
          <Coords points="1322,1697 1384,1699 1383,1729 1321,1727"/>
          <TextEquiv conf="0.9317601">
            <Unicode>rede</Unicode>
          </TextEquiv>
        </Word>
        <Word id="region0002_line0028_word0009" custom="readingOrder {index:9;}">
          <Coords points="1396,1730 1447,1732 1448,1697 1398,1695 1396,1695"/>
          <TextEquiv conf="0.92922765">
            <Unicode>mit</Unicode>
          </TextEquiv>
        </Word>
        <TextEquiv>
          <Unicode>ſtand nach, und vergleiche ſie mit einander, ich rede mit</Unicode>
        </TextEquiv>
      </TextLine>
      <TextLine id="region0002_line0029" custom="readingOrder {index:5;}">
        <Coords points="1401,1739 1386,1745 1358,1745 1326,1739 1268,1738 1236,1744 1209,1746 1183,1744 1178,1740 1169,1740 1163,1745 1153,1738 1136,1740 1125,1737 1112,1742 1107,1738 1087,1738 1079,1745 1068,1745 1054,1745 1046,1737 1038,1737 1030,1743 1016,1742 1011,1737 983,1739 975,1735 961,1735 945,1738 941,1742 916,1742 910,1735 900,1735 890,1741 853,1742 844,1742 838,1736 826,1735 817,1741 783,1739 777,1735 765,1735 758,1740 736,1740 729,1735 648,1731 620,1736 575,1733 574,1763 575,1776 584,1778 691,1783 702,1780 753,1781 770,1782 775,1787 785,1787 791,1783 892,1782 906,1788 916,1784 924,1784 962,1792 970,1788 1012,1784 1060,1785 1065,1789 1074,1790 1088,1786 1130,1788 1241,1786 1300,1787 1320,1794 1331,1788 1409,1787 1420,1777 1425,1777 1435,1785 1484,1784 1484,1743 1417,1744 1412,1740"/>
        <Baseline points="574,1767 977,1776 1484,1775"/>
        <Word id="region0002_line0029_word0000" custom="readingOrder {index:0;}">
          <Coords points="580,1761 633,1763 634,1735 627,1734 620,1736 580,1733"/>
          <TextEquiv conf="0.9282584">
            <Unicode>den</Unicode>
          </TextEquiv>
        </Word>
        <Word id="region0002_line0029_word0001" custom="readingOrder {index:1;}">
          <Coords points="642,1732 642,1732 641,1768 790,1772 791,1739 783,1739 778,1736 765,1735 758,1740 736,1740 729,1735 700,1734"/>
          <TextEquiv conf="0.92405534">
            <Unicode>Officiers,</Unicode>
          </TextEquiv>
        </Word>
        <Word id="region0002_line0029_word0002" custom="readingOrder {index:2;}">
          <Coords points="822,1737 817,1741 804,1740 804,1768 870,1770 870,1741 853,1742 844,1742 840,1738"/>
          <TextEquiv conf="0.9305802">
            <Unicode>aber</Unicode>
          </TextEquiv>
        </Word>
        <Word id="region0002_line0029_word0003" custom="readingOrder {index:3;}">
          <Coords points="894,1738 890,1741 879,1741 879,1777 947,1778 948,1739 944,1738 941,1742 916,1742 912,1738"/>
          <TextEquiv conf="0.92897874">
            <Unicode>ohne</Unicode>
          </TextEquiv>
        </Word>
        <Word id="region0002_line0029_word0004" custom="readingOrder {index:4;}">
          <Coords points="957,1738 956,1780 1191,1785 1191,1744 1183,1744 1181,1742 1166,1742 1163,1745 1159,1742 1113,1741 1112,1742 1111,1741 1083,1740 1079,1745 1068,1745 1054,1745 1048,1739 1034,1739 1030,1743 1016,1742 1013,1739 987,1738 983,1739 982,1738"/>
          <TextEquiv conf="0.926226">
            <Unicode>Zudringlichkeit</Unicode>
          </TextEquiv>
        </Word>
        <Word id="region0002_line0029_word0005" custom="readingOrder {index:5;}">
          <Coords points="1207,1748 1263,1749 1262,1778 1206,1777"/>
          <TextEquiv conf="0.926226">
            <Unicode>und</Unicode>
          </TextEquiv>
        </Word>
        <Word id="region0002_line0029_word0006" custom="readingOrder {index:6;}">
          <Coords points="1446,1750 1277,1746 1276,1786 1350,1787 1409,1787 1420,1777 1425,1777 1435,1785 1445,1784"/>
          <TextEquiv conf="0.9252633">
            <Unicode>Affectation</Unicode>
          </TextEquiv>
        </Word>
        <TextEquiv>
          <Unicode>den Officiers, aber ohne Zudringlichkeit und Affectation</Unicode>
        </TextEquiv>
      </TextLine>
      <TextLine id="region0002_line0030" custom="readingOrder {index:6;}">
        <Coords points="1420,1778 1410,1787 1411,1792 1405,1794 1351,1788 1332,1790 1316,1795 1296,1788 1291,1789 1285,1796 1276,1789 1267,1789 1261,1793 1256,1789 1248,1789 1240,1793 1229,1794 1225,1794 1219,1788 1209,1788 1202,1795 1178,1795 1174,1792 1165,1792 1146,1795 1139,1795 1135,1788 1118,1788 1113,1791 1088,1787 1074,1791 1065,1790 1060,1786 1022,1785 1010,1789 994,1788 989,1791 946,1792 925,1786 915,1786 906,1789 892,1784 872,1785 844,1791 792,1792 774,1791 767,1784 757,1784 750,1792 742,1790 736,1784 724,1783 660,1781 622,1787 616,1781 585,1779 575,1787 575,1828 729,1831 736,1838 749,1839 760,1832 932,1835 939,1841 950,1841 961,1835 971,1834 1001,1835 1020,1840 1076,1842 1096,1841 1110,1837 1114,1841 1123,1842 1135,1836 1143,1843 1151,1843 1159,1842 1166,1836 1276,1835 1287,1837 1291,1841 1313,1839 1332,1843 1369,1837 1382,1837 1383,1845 1399,1845 1419,1835 1484,1833 1484,1792 1434,1791 1432,1783"/>
        <Baseline points="575,1818 1057,1831 1484,1823"/>
        <Word id="region0002_line0030_word0000" custom="readingOrder {index:0;}">
          <Coords points="580,1801 649,1803 649,1782 622,1787 616,1781 585,1779 580,1782"/>
          <TextEquiv conf="0.9307226">
            <Unicode>uͤber</Unicode>
          </TextEquiv>
        </Word>
        <Word id="region0002_line0030_word0001" custom="readingOrder {index:1;}">
          <Coords points="665,1810 804,1813 804,1791 792,1792 774,1791 767,1784 757,1784 750,1792 742,1790 736,1784 724,1783 665,1781"/>
          <TextEquiv conf="0.9264724">
            <Unicode>Religion</Unicode>
          </TextEquiv>
        </Word>
        <Word id="region0002_line0030_word0002" custom="readingOrder {index:2;}">
          <Coords points="819,1807 877,1809 877,1784 872,1785 844,1791 819,1791"/>
          <TextEquiv conf="0.9264724">
            <Unicode>und</Unicode>
          </TextEquiv>
        </Word>
        <Word id="region0002_line0030_word0003" custom="readingOrder {index:3;}">
          <Coords points="890,1815 1021,1818 1021,1785 1010,1789 994,1788 989,1791 946,1792 925,1786 915,1786 906,1789 892,1784 890,1784"/>
          <TextEquiv conf="0.9259591">
            <Unicode>Tugend.</Unicode>
          </TextEquiv>
        </Word>
        <Word id="region0002_line0030_word0004" custom="readingOrder {index:4;}">
          <Coords points="1044,1818 1102,1819 1102,1789 1088,1787 1074,1791 1065,1790 1060,1786 1044,1785"/>
          <TextEquiv conf="0.9288103">
            <Unicode>Jch</Unicode>
          </TextEquiv>
        </Word>
        <Word id="region0002_line0030_word0005" custom="readingOrder {index:5;}">
          <Coords points="1114,1820 1190,1822 1190,1795 1178,1795 1174,1792 1165,1792 1146,1795 1139,1795 1135,1788 1118,1788 1114,1789"/>
          <TextEquiv conf="0.9300237">
            <Unicode>ſagte</Unicode>
          </TextEquiv>
        </Word>
        <Word id="region0002_line0030_word0006" custom="readingOrder {index:6;}">
          <Coords points="1207,1816 1239,1816 1239,1793 1229,1794 1225,1794 1219,1788 1209,1788 1207,1789"/>
          <TextEquiv conf="0.9283813">
            <Unicode>in</Unicode>
          </TextEquiv>
        </Word>
        <Word id="region0002_line0030_word0007" custom="readingOrder {index:7;}">
          <Coords points="1247,1823 1337,1825 1338,1789 1332,1790 1316,1795 1296,1788 1291,1789 1285,1796 1276,1789 1267,1789 1261,1793 1256,1789 1248,1789 1248,1789"/>
          <TextEquiv conf="0.9302961">
            <Unicode>dieſen</Unicode>
          </TextEquiv>
        </Word>
        <Word id="region0002_line0030_word0008" custom="readingOrder {index:8;}">
          <Coords points="1345,1831 1444,1833 1444,1791 1434,1791 1432,1783 1420,1778 1410,1787 1411,1792 1405,1794 1351,1788 1345,1788"/>
          <TextEquiv conf="0.92869973">
            <Unicode>Tagen</Unicode>
          </TextEquiv>
        </Word>
        <TextEquiv>
          <Unicode>uͤber Religion und Tugend. Jch ſagte in dieſen Tagen</Unicode>
        </TextEquiv>
      </TextLine>
      <TextLine id="region0003_line0001" custom="readingOrder {index:7;}">
        <Coords points="1411,1835 1403,1841 1386,1840 1375,1843 1299,1845 1270,1845 1264,1840 1254,1839 1246,1844 1240,1838 1232,1838 1224,1844 1218,1843 1210,1837 1152,1836 1119,1842 1110,1842 1106,1839 1083,1841 1059,1837 1052,1842 1043,1843 948,1841 941,1836 929,1835 922,1840 905,1840 900,1836 892,1836 884,1840 860,1841 812,1840 809,1836 782,1835 773,1839 736,1839 592,1835 590,1838 575,1838 574,1877 775,1882 786,1884 793,1891 804,1891 812,1883 855,1885 861,1890 870,1890 876,1885 917,1884 924,1891 934,1892 943,1885 1139,1889 1240,1887 1269,1890 1396,1884 1407,1884 1410,1888 1420,1889 1431,1884 1446,1883 1447,1840"/>
        <Baseline points="574,1867 1168,1878 1446,1873"/>
        <Word id="region0003_line0001_word0000" custom="readingOrder {index:0;}">
          <Coords points="579,1857 672,1859 672,1837 592,1835 590,1838 579,1838"/>
          <TextEquiv conf="0.9304317">
            <Unicode>einem</Unicode>
          </TextEquiv>
        </Word>
        <Word id="region0003_line0001_word0001" custom="readingOrder {index:1;}">
          <Coords points="679,1859 761,1861 761,1839 736,1839 679,1837"/>
          <TextEquiv conf="0.9265685">
            <Unicode>unter</Unicode>
          </TextEquiv>
        </Word>
        <Word id="region0003_line0001_word0002" custom="readingOrder {index:2;}">
          <Coords points="777,1870 875,1872 875,1840 860,1841 812,1840 809,1836 782,1835 777,1836"/>
          <TextEquiv conf="0.92635506">
            <Unicode>ihnen,</Unicode>
          </TextEquiv>
        </Word>
        <Word id="region0003_line0001_word0003" custom="readingOrder {index:3;}">
          <Coords points="889,1870 942,1872 942,1837 941,1836 929,1835 922,1840 905,1840 900,1836 892,1836 889,1837"/>
          <TextEquiv conf="0.9187699">
            <Unicode>daß</Unicode>
          </TextEquiv>
        </Word>
        <Word id="region0003_line0001_word0004" custom="readingOrder {index:4;}">
          <Coords points="951,1866 1018,1868 1018,1842 951,1841"/>
          <TextEquiv conf="0.92339045">
            <Unicode>man</Unicode>
          </TextEquiv>
        </Word>
        <Word id="region0003_line0001_word0005" custom="readingOrder {index:5;}">
          <Coords points="1027,1869 1081,1870 1081,1840 1059,1837 1052,1842 1043,1843 1027,1842"/>
          <TextEquiv conf="0.927978">
            <Unicode>mit</Unicode>
          </TextEquiv>
        </Word>
        <Word id="region0003_line0001_word0006" custom="readingOrder {index:6;}">
          <Coords points="1095,1871 1141,1873 1142,1840 1132,1839 1119,1842 1110,1842 1106,1839 1095,1839"/>
          <TextEquiv conf="0.92049044">
            <Unicode>der</Unicode>
          </TextEquiv>
        </Word>
        <Word id="region0003_line0001_word0007" custom="readingOrder {index:7;}">
          <Coords points="1149,1838 1148,1872 1240,1874 1241,1840 1229,1839 1224,1844 1218,1843 1213,1839"/>
          <TextEquiv conf="0.92049044">
            <Unicode>Bibel</Unicode>
          </TextEquiv>
        </Word>
        <Word id="region0003_line0001_word0008" custom="readingOrder {index:8;}">
          <Coords points="1254,1842 1253,1875 1353,1878 1354,1845 1328,1844 1299,1845 1270,1845 1266,1842"/>
          <TextEquiv conf="0.9169194">
            <Unicode>immer</Unicode>
          </TextEquiv>
        </Word>
        <Word id="region0003_line0001_word0009" custom="readingOrder {index:9;}">
          <Coords points="1384,1840 1375,1843 1369,1843 1368,1880 1442,1882 1443,1842 1403,1841 1403,1841 1400,1841"/>
          <TextEquiv conf="0.34039596">
            <Unicode>mehr</Unicode>
          </TextEquiv>
        </Word>
        <TextEquiv>
          <Unicode>einem unter ihnen, daß man mit der Bibel immer mehr</Unicode>
        </TextEquiv>
      </TextLine>
      <TextEquiv>
        <Unicode>Jnzwiſchen, ſagte er, will ich meine Zeit gewiſſen⸗
haft anwenden, und mich bemuͤhen, taͤglich beſſer und
GOtt wohlgefaͤlliger zu werden. Jch leſe in dieſer Abſicht,
ich bethe, ich denke uͤber meinen vorigen und itzigen Zu⸗
ſtand nach, und vergleiche ſie mit einander, ich rede mit
den Officiers, aber ohne Zudringlichkeit und Affectation
uͤber Religion und Tugend. Jch ſagte in dieſen Tagen
einem unter ihnen, daß man mit der Bibel immer mehr</Unicode>
      </TextEquiv>
    </TextRegion>
    <TextRegion type="catch-word" id="region_1683624265189_2494" custom="readingOrder {index:6;} structure {type:catch-word;}">
      <Coords points="1314,1900 1314,1932 1439,1932 1439,1900"/>
      <TextLine id="line_1683624265294_2497" custom="readingOrder {index:0;}">
        <Coords points="1314,1900 1314,1932 1439,1932 1439,1900"/>
        <Word id="word_1683624265377_2500" custom="readingOrder {index:0;}">
          <Coords points="1314,1932 1439,1932 1439,1900 1314,1900"/>
          <TextEquiv>
            <Unicode>bekannt</Unicode>
          </TextEquiv>
        </Word>
        <TextEquiv>
          <Unicode>bekannt</Unicode>
        </TextEquiv>
      </TextLine>
      <TextEquiv>
        <Unicode>bekannt</Unicode>
      </TextEquiv>
    </TextRegion>
  </Page>
</PcGts>
