1227 1967
121 389 294 430 reinenſeye
304 389 390 432 alles
405 386 487 432 rein:
497 386 574 432 Sie
586 381 736 433 moͤchten
749 386 811 432 ſich
833 390 869 429 in

125 433 204 478 allen
216 436 350 484 luſtigen
371 436 607 484 geſellſchafften
627 440 691 480 mit
706 443 867 484 einfinden

126 486 187 521 und
197 487 419 531 mitmachen:
434 485 508 529 Sie
518 485 663 531 moͤchten
675 486 740 531 ihre
752 489 812 531 luſt
819 499 866 530 an

122 534 256 581 kleidern
268 549 335 580 und
349 545 465 581 andern
474 535 591 585 pracht
602 534 743 584 haben:
792 537 868 582 Sie

124 584 263 633 moͤchten
263 588 333 633 ihre
341 589 445 628 freude
454 592 496 622 an
508 582 694 631 comoͤdien/
703 584 869 629 balletten/

117 640 251 685 tantzen/
265 637 368 683 ſpielen
377 637 442 674 und
447 636 644 685 dergleichen
654 633 774 686 ſuchen/
785 631 870 689 u.ſ.f.

119 692 202 733 dann
202 695 267 736 den
279 694 382 734 reinen
393 692 459 734 ſeye
470 690 546 732 alles
560 696 638 731 rein.

162 739 249 776 Aber
264 740 328 774 wir
343 736 466 782 muͤſſen
484 735 595 783 wiſſen
619 755 648 775 1.
674 739 753 781 viele
770 739 866 786 dinge

116 782 184 835 haͤlt
193 791 241 825 die
255 791 333 826 welt
348 792 435 832 nicht
455 795 515 827 vor
538 788 720 835 eigentliche
741 786 865 835 ſuͤnden

113 841 158 886 an
158 839 222 889 ſich
236 839 339 887 ſelbs/
364 843 414 879 die
439 840 477 887 es
472 841 553 887 doch
568 840 651 886 ſind.
691 844 772 887 Der
786 844 864 886 liebe

114 889 248 931 Apoſtel
257 891 330 935 gibt
345 891 416 929 uns
423 891 470 932 die
486 893 586 936 rechte
593 891 691 936 lehr/
701 904 713 928 1.
721 893 862 936 Joh.2/

114 937 165 976 16.
168 937 282 981 Alles
296 946 390 979 was
400 938 517 981 inder
520 939 597 987 welt
617 934 696 988 iſt/
696 940 865 988 nemlich

110 992 178 1027 des
186 987 363 1036 fleiſches
374 989 477 1036 luſt/
476 994 557 1036 und
563 996 627 1034 der
634 993 866 1038 augenluſt/

113 1041 192 1080 und
207 1037 447 1089 hoffaͤrtiges
467 1043 584 1087 leben/
599 1046 656 1086 iſt
659 1049 758 1086 nicht
764 1056 861 1086 vom

109 1095 295 1135 Vatter/
308 1087 462 1133 ſondern
487 1092 551 1137 von
569 1087 637 1136 der
639 1086 755 1128 welt:
778 1084 859 1133 Und

108 1142 173 1187 alſo
183 1142 264 1184 nach
279 1141 353 1179 dem
362 1140 581 1188 vorgehenden
597 1141 762 1187 verſicul/
788 1144 858 1185 bey

104 1192 207 1232 wem
207 1190 336 1234 ſolche
336 1190 440 1234 liebe
447 1190 511 1230 der
519 1189 618 1231 welt
618 1186 694 1232 iſt/
701 1192 757 1232 bey
769 1194 858 1233 dem

107 1236 161 1286 iſt
161 1240 276 1284 nicht
293 1241 456 1279 dieliebe
466 1243 539 1287 deß
552 1241 761 1283 Vatters:
785 1241 859 1287 So

109 1289 174 1330 ſind
182 1291 220 1338 ſie
238 1291 304 1340 alſo
315 1291 511 1339 warhafftig
518 1293 656 1339 ſuͤnden:
665 1294 765 1339 Dieſe
772 1298 857 1339 regel

107 1340 288 1393 Johannis
302 1343 389 1390 ſorge
401 1345 487 1393 ich/
500 1350 604 1388 werde
615 1350 700 1389 einen
714 1349 855 1391 ſtarcken

105 1394 198 1441 ſtrich
206 1392 338 1440 machen
352 1395 453 1442 durch
467 1397 518 1439 die
531 1398 713 1441 allermeiſte
728 1402 854 1440 dinge/

105 1444 221 1486 welche
232 1445 310 1477 man
315 1443 378 1485 jetzt
386 1443 419 1479 in
440 1444 479 1481 der
486 1444 562 1485 welt
579 1444 629 1488 vor
645 1444 727 1485 keine
734 1441 853 1487 ſuͤnde/

107 1494 229 1535 ſondern
229 1495 298 1537 vor
309 1490 450 1527 erlaubte
467 1492 680 1537 mittel⸗dinge
694 1495 763 1530 und
781 1490 848 1534 froͤ⸗

108 1539 261 1585 lichkeiten
276 1537 375 1593 haͤlt.
383 1539 464 1588 Alſo
481 1545 614 1587 bleibets
630 1544 745 1594 dabey/
768 1548 851 1587 alles

103 1593 169 1632 was
183 1594 249 1627 eine
257 1588 518 1633 welt⸗mittelkeit
531 1593 589 1637 iſt/
608 1595 652 1634 da
662 1595 716 1633 der
730 1590 849 1640 menſch

100 1636 160 1681 ſein
166 1642 349 1691 vergnuͤgen
363 1643 463 1691 darinn
481 1640 610 1691 ſuchet/
631 1647 685 1689 die
695 1649 747 1692 ihm
754 1648 847 1693 Gott

98 1704 138 1739 zu
156 1690 299 1744 beſſerem
312 1697 419 1746 nutzen
439 1694 596 1748 gegebene
619 1700 676 1748 zeit
690 1699 845 1748 liederlich
