1825 2640
506 349 685 410 Pallaſt
685 349 919 410 Borgheſe.

1113 357 1207 408 289

308 460 379 502 Die
391 459 587 510 mahleriſche
604 458 807 507 Anordnung
825 459 862 505 iſt
876 460 921 498 im
930 459 1064 506 Ganzen
1083 458 1202 498 keines⸗

223 517 328 558 weges
360 520 398 558 zu
432 510 571 560 billigen.
642 512 714 553 Die
736 514 896 558 Gruppen
921 510 1020 561 haben
1050 510 1131 557 nicht
1151 513 1202 549 die

221 566 440 614 Verbindung
458 569 519 604 mit
535 566 695 612 einander,
726 568 776 604 die
790 571 851 603 das
868 565 1049 616 Gemaͤhlde
1071 565 1125 603 als
1150 559 1254 603 ein

219 627 352 676 Ganzes
370 626 452 665 beim
480 628 576 673 erſten
594 629 740 665 Anblicke
762 628 922 671 darſtellen
947 629 1041 673 ſollte.
1109 622 1198 672 Auch

219 683 285 727 ſind
303 691 341 727 zu
357 681 420 718 viel
434 679 577 728 Figuren
592 681 654 724 auf
667 684 738 721 dem
753 680 877 721 Bilde:
914 680 959 717 im
982 680 1198 727 Hintergrun⸗

221 747 258 779 de
276 743 311 787 iſt
327 739 481 790 Gewuͤhl.
537 739 625 779 Aber
640 739 777 787 einzelne
792 739 950 785 Gruppen
965 739 1030 785 ſind
1053 739 1200 787 vortreff⸗

218 798 275 844 lich
292 796 482 843 componirt.

300 863 383 905 Von
400 866 472 904 dem
495 860 661 904 Ausdruck
680 860 760 903 habe
783 862 827 909 ich
853 861 969 902 bereits
990 861 1133 908 geredet;
1165 872 1199 899 er

220 918 258 967 iſt
273 919 474 967 vortrefflich.
520 918 612 958 Man
628 905 726 966 findet
742 917 850 967 Koͤpfe
868 926 930 955 von
943 917 1056 964 großer
1067 916 1199 963 Schoͤn⸗

220 984 295 1033 heit.
353 982 424 1023 Die
439 982 618 1032 Zeichnung
641 982 679 1028 iſt
701 982 785 1031 fein,
819 981 902 1020 aber
915 981 996 1027 nicht
1014 990 1096 1028 ganz
1119 978 1199 1029 ohne

219 1038 501 1086 Jncorrektionen.
567 1038 640 1080 Die
656 1037 841 1079 Gewaͤnder
855 1039 919 1086 ſind
935 1038 1066 1085 ſchlecht.
1116 1037 1199 1077 Das

221 1094 350 1134 Colorit
377 1093 414 1139 iſt
435 1086 632 1141 angenehm,
661 1091 739 1130 aber
758 1091 844 1137 nicht
865 1092 980 1130 immer
1003 1092 1112 1139 wahr;
1148 1093 1199 1130 die

220 1148 445 1196 Beleuchtung
463 1148 518 1197 hin
533 1149 599 1187 und
615 1149 733 1186 wieder
748 1147 893 1195 gluͤcklich
914 1148 1057 1195 geleitet:
1091 1140 1199 1190 Allein

218 1206 265 1243 im
283 1204 421 1247 Ganzen
437 1201 581 1249 mangelt
593 1203 634 1239 es
645 1198 719 1247 doch
759 1201 801 1251 an
797 1200 996 1250 Harmonie,
1032 1203 1099 1239 und
1121 1200 1197 1240 eben

220 1263 288 1301 dies
304 1261 386 1299 kann
404 1271 481 1298 man
497 1260 571 1307 noch
584 1263 656 1300 dem
672 1259 800 1302 Colorit
814 1261 1000 1309 vorwerfen.
1045 1258 1133 1308 Auch
1147 1261 1197 1300 die

219 1323 456 1374 Luftperſpektiv
471 1325 510 1375 iſt
525 1321 773 1372 vernachlaͤßigt.

394 1509 667 1556 Drittes
734 1507 1033 1558 Zimmer.

307 1585 470 1640 †Zwei
495 1579 694 1639 Portraits
715 1583 786 1638 auf
802 1585 913 1628 einem
936 1585 1067 1637 Bilde,
1105 1584 1197 1636 halbe

222 1648 378 1697 Figuren.
453 1647 523 1688 Die
551 1648 619 1684 eine
640 1647 746 1690 Figur
767 1649 828 1687 mit
851 1651 927 1684 dem
945 1648 1066 1693 Siegel
1088 1646 1121 1684 in
1142 1647 1195 1682 der

223 1698 323 1745 Hand
339 1695 449 1744 ſcheint
464 1699 522 1735 den
546 1694 612 1742 Fra
629 1694 829 1742 Sebaſtiano
854 1697 904 1734 del
919 1694 1062 1742 Piombo
1086 1699 1195 1738 vorzu⸗

222 1752 344 1799 ſtellen,
379 1751 429 1788 die
443 1752 558 1789 andere
582 1749 658 1788 aber
678 1752 739 1788 den
761 1749 917 1790 Cardinal
940 1748 1139 1798 Hippolytus
1164 1751 1198 1790 di

222 1799 444 1861 Medices.

308 1879 400 1920 Man
424 1877 480 1926 hat
502 1878 572 1917 dies
593 1877 701 1925 Bild,
731 1876 828 1924 ſeiner
848 1872 1117 1924 Vortrefflichkeit
1139 1886 1200 1914 we⸗

222 1935 294 1987 gen,
331 1942 378 1990 oft
394 1944 466 1980 dem
489 1938 642 1988 Raphael
663 1938 902 1986 zugeſchrieben.
965 1939 1069 1980 Allein
1092 1947 1128 1979 es
1162 1940 1200 1988 iſt

223 1992 505 2040 wahrſcheinlicher
529 2001 604 2030 vom
634 1982 702 2038 Fra
729 1990 933 2040 Sebaſtiano
962 1986 1013 2030 del
1043 1985 1201 2039 Piombo.

225 2055 310 2095 Das
326 2051 448 2096 Siegel
466 2052 500 2090 in
521 2053 578 2088 der
601 2041 702 2099 Hand
727 2048 807 2096 zeigt
827 2049 888 2097 ſein
911 2048 992 2089 Amt
1016 2053 1081 2089 und
1098 2051 1200 2098 ſeinen

225 2109 438 2158 Beinahmen
454 2118 508 2147 an.
558 2107 772 2157 Hippolytus,
801 2107 901 2157 deſſen
912 2107 1045 2156 Nahme
1058 2107 1120 2155 auf
1132 2111 1204 2146 dem

227 2150 336 2203 Bilde
351 2160 440 2209 ſteht,
463 2171 533 2199 war
548 2163 605 2199 des
623 2160 825 2209 Sebaſtiano
839 2160 987 2199 Goͤnner.
1029 2163 1110 2201 Wir
1133 2159 1204 2207 wiſ⸗

227 2224 289 2272 ſen,
316 2223 371 2271 daß
385 2216 490 2277 dieſer
513 2221 568 2272 ihn
591 2214 723 2276 gemahlt
734 2220 808 2270 hat,
839 2224 904 2262 und
920 2223 984 2272 daß
1003 2233 1038 2264 er
1050 2224 1084 2263 in
1097 2222 1204 2262 Bild⸗

1216 1586 1271 1625 Fra
1285 1589 1428 1628 Sebaſtia⸗

1209 1635 1252 1653 no
1285 1630 1349 1657 und
1379 1627 1433 1654 der

1216 1665 1348 1700 Cardinal
1360 1665 1430 1704 Hip⸗

1213 1706 1321 1740 polytus
1331 1708 1355 1732 di
1363 1707 1432 1733 Me⸗

1217 1751 1305 1787 dices,
1335 1753 1431 1792 gemei⸗

1201 1804 1312 1842 niglich
1321 1804 1432 1843 Borgia

1201 1839 1272 1873 und
1304 1841 1436 1880 Machia⸗

1217 1880 1270 1912 vell
1284 1884 1412 1917 genannt.

267 2290 394 2331 Erſter
394 2290 510 2331 Theil.

785 2280 821 2325 T

1104 2280 1210 2325 niſſen
