<PcGts xmlns="http://schema.primaresearch.org/PAGE/gts/pagecontent/2019-07-15" xmlns:xsi="http://www.w3.org/2001/XMLSchema-instance" xsi:schemaLocation="http://schema.primaresearch.org/PAGE/gts/pagecontent/2019-07-15 http://schema.primaresearch.org/PAGE/gts/pagecontent/2019-07-15/pagecontent.xsd" pcGtsId="OCR-D-GT-FULLTEXT-REPAIR-908">
  <Metadata>
    <Creator>OCR-D DFG Phase III</Creator>
    <Created>2024-01-19T13:10:21Z</Created>
    <LastChange>2024-01-19T13:10:21Z</LastChange>
    <Comments>ODEM: OCR-D extension for mass digitization (2021-2024)</Comments>
    <MetadataItem type="processingStep" name="layout/segmentation/region" value="ocrd-segment-repair">
      <Labels externalModel="ocrd-tool" externalId="parameters">
        <Label value="False" type="sanitize"/>
        <Label value="5" type="sanitize_padding"/>
        <Label value="0" type="simplify"/>
        <Label value="False" type="plausibilize"/>
        <Label value="0.9" type="plausibilize_merge_min_overlap"/>
        <Label value="0" type="spread"/>
        <Label value="region" type="spread_level"/>
      </Labels>
      <Labels externalModel="ocrd-tool" externalId="version">
        <Label value="0.1.24" type="ocrd-segment-repair"/>
        <Label value="2.65.0" type="ocrd/core"/>
      </Labels>
    </MetadataItem>
  </Metadata>
  <Page imageFilename="https://opendata.uni-halle.de/retrieve/3b9af353-30f1-4b06-acbf-8239ad98e594/00000366.jpg" imageWidth="1524" imageHeight="2192" type="content" primaryLanguage="German">
    <Border>
      <Coords points="367,233 330,2084 1457,2093 1459,243"/>
    </Border>
    <ReadingOrder>
      <OrderedGroup id="ro_1655201386885" caption="Regions reading order">
        <RegionRefIndexed index="0" regionRef="region0005"/>
      </OrderedGroup>
    </ReadingOrder>
    <TextRegion id="region0005" custom="readingOrder {index:0;}" orientation="-0.12277187" readingDirection="left-to-right">
      <Coords points="706,410 1440,410 1440,1788 706,1788"/>
      <TextLine id="region0005_line0002" custom="readingOrder {index:0;}">
        <Coords points="1413,419 1409,422 1407,430 1383,429 1378,425 1368,425 1364,428 1330,427 1322,435 1314,437 1267,436 1261,426 1250,426 1236,436 1143,435 1135,421 1124,422 1117,433 1086,432 1081,428 1072,428 1066,432 1041,434 981,434 965,424 953,425 948,433 936,432 921,426 883,424 856,426 845,432 829,434 813,434 807,426 796,426 788,433 772,434 768,428 757,423 746,423 741,427 707,428 707,475 797,476 807,484 820,484 830,476 844,476 860,484 908,484 925,480 930,484 941,484 947,477 1102,475 1180,477 1191,484 1226,486 1246,482 1257,483 1267,479 1333,478 1339,484 1348,484 1354,478 1440,472 1440,429 1432,429 1423,419"/>
        <Baseline points="707,465 1236,471 1440,462"/>
        <Word id="region0005_line0002_word0000" custom="readingOrder {index:0;}">
          <Coords points="742,426 741,427 718,427 718,470 862,471 862,427 854,426 845,432 829,434 813,434 807,426 795,426 788,433 772,434 768,428 764,426"/>
          <TextEquiv conf="0.92707855">
            <Unicode>baͤrtigen</Unicode>
          </TextEquiv>
        </Word>
        <Word id="region0005_line0002_word0001" custom="readingOrder {index:1;}">
          <Coords points="881,427 881,470 1012,470 1012,434 981,434 969,427 951,427 948,433 936,432 923,427"/>
          <TextEquiv conf="0.92987394">
            <Unicode>Jupiter</Unicode>
          </TextEquiv>
        </Word>
        <Word id="region0005_line0002_word0002" custom="readingOrder {index:2;}">
          <Coords points="1067,431 1066,432 1041,434 1027,434 1027,463 1092,463 1092,432 1086,432 1084,431"/>
          <TextEquiv conf="0.92344475">
            <Unicode>und</Unicode>
          </TextEquiv>
        </Word>
        <Word id="region0005_line0002_word0003" custom="readingOrder {index:3;}">
          <Coords points="1122,424 1117,433 1109,432 1109,462 1188,462 1188,435 1143,435 1136,424"/>
          <TextEquiv conf="0.930775">
            <Unicode>einer</Unicode>
          </TextEquiv>
        </Word>
        <Word id="region0005_line0002_word0004" custom="readingOrder {index:4;}">
          <Coords points="1368,425 1364,428 1330,427 1322,435 1314,437 1267,436 1261,426 1250,426 1236,436 1210,435 1210,471 1434,471 1434,429 1432,429 1428,425 1408,425 1407,430 1383,429 1378,425"/>
          <TextEquiv conf="0.9120033">
            <Unicode>geharniſchten</Unicode>
          </TextEquiv>
        </Word>
        <TextEquiv conf="0.9246351">
          <Unicode>baͤrtigen Jupiter und einer geharniſchten</Unicode>
        </TextEquiv>
      </TextLine>
      <TextLine id="region0005_line0003" custom="readingOrder {index:1;}">
        <Coords points="1410,484 1404,490 1354,489 1336,494 1305,491 1261,496 1194,492 1190,489 1149,493 1112,487 1091,487 1085,484 1075,484 1052,492 1045,492 1040,487 1030,487 1020,493 1010,493 1000,487 985,484 913,485 900,487 888,493 871,494 806,494 784,485 707,485 707,536 785,534 913,537 1059,534 1064,538 1073,538 1078,534 1176,534 1243,538 1257,540 1262,545 1271,545 1277,540 1339,538 1345,545 1354,545 1372,537 1440,532 1440,491 1427,490 1421,484"/>
        <Baseline points="707,526 1303,529 1440,522"/>
        <Word id="region0005_line0003_word0000" custom="readingOrder {index:0;}">
          <Coords points="719,493 719,526 886,527 886,494 872,493 871,494 806,494 804,493"/>
          <TextEquiv conf="0.9186838">
            <Unicode>Minerva.</Unicode>
          </TextEquiv>
        </Word>
        <Word id="region0005_line0003_word0001" custom="readingOrder {index:1;}">
          <Coords points="936,492 936,529 1091,529 1091,492 1052,492 1045,492 1021,492 1020,493 1010,493 1008,492"/>
          <TextEquiv conf="0.84595335">
            <Unicode>Glaubeſt</Unicode>
          </TextEquiv>
        </Word>
        <Word id="region0005_line0003_word0002" custom="readingOrder {index:2;}">
          <Coords points="1111,497 1154,497 1154,525 1111,525"/>
          <TextEquiv conf="0.93212044">
            <Unicode>du</Unicode>
          </TextEquiv>
        </Word>
        <Word id="region0005_line0003_word0003" custom="readingOrder {index:3;}">
          <Coords points="1181,496 1275,497 1275,534 1181,533"/>
          <TextEquiv conf="0.9290222">
            <Unicode>denn,</Unicode>
          </TextEquiv>
        </Word>
        <Word id="region0005_line0003_word0004" custom="readingOrder {index:4;}">
          <Coords points="1304,496 1367,496 1367,535 1304,535"/>
          <TextEquiv conf="0.9314366">
            <Unicode>daß</Unicode>
          </TextEquiv>
        </Word>
        <Word id="region0005_line0003_word0005" custom="readingOrder {index:5;}">
          <Coords points="1388,493 1433,493 1433,526 1388,526"/>
          <TextEquiv conf="0.92885035">
            <Unicode>die</Unicode>
          </TextEquiv>
        </Word>
        <TextEquiv conf="0.9143445">
          <Unicode>Minerva. Glaubeſt du denn, daß die</Unicode>
        </TextEquiv>
      </TextLine>
      <TextLine id="region0005_line0004" custom="readingOrder {index:2;}">
        <Coords points="765,543 707,543 707,594 842,595 848,600 857,600 863,595 884,594 890,594 896,600 906,600 912,594 955,593 988,596 1182,595 1197,602 1225,605 1256,604 1262,599 1271,598 1386,597 1440,593 1440,551 1428,550 1422,544 1412,544 1407,549 1396,548 1391,551 1354,556 1336,553 1311,555 1299,548 1289,548 1282,554 1273,554 1267,549 1251,549 1243,555 1190,554 1173,552 1167,545 1152,547 1127,544 1085,544 1064,548 1051,545 1001,544 929,551 916,546 903,546 895,553 875,551 868,545 857,545 842,552 787,553 782,552 774,543"/>
        <Baseline points="707,584 1240,590 1440,583"/>
        <Word id="region0005_line0004_word0000" custom="readingOrder {index:0;}">
          <Coords points="719,553 835,554 835,589 719,588"/>
          <TextEquiv conf="0.8956961">
            <Unicode>Goͤtter</Unicode>
          </TextEquiv>
        </Word>
        <Word id="region0005_line0004_word0001" custom="readingOrder {index:1;}">
          <Coords points="850,556 879,556 879,594 850,594"/>
          <TextEquiv conf="0.929784">
            <Unicode>ſo</Unicode>
          </TextEquiv>
        </Word>
        <Word id="region0005_line0004_word0002" custom="readingOrder {index:2;}">
          <Coords points="983,594 983,557 897,557 897,594 912,594 955,593 966,594"/>
          <TextEquiv conf="0.92121035">
            <Unicode>ſind?</Unicode>
          </TextEquiv>
        </Word>
        <Word id="region0005_line0004_word0003" custom="readingOrder {index:3;}">
          <Coords points="1012,556 1072,556 1072,589 1012,589"/>
          <TextEquiv conf="0.92591494">
            <Unicode>Die</Unicode>
          </TextEquiv>
        </Word>
        <Word id="region0005_line0004_word0004" custom="readingOrder {index:4;}">
          <Coords points="1093,555 1193,555 1193,589 1093,589"/>
          <TextEquiv conf="0.93152815">
            <Unicode>Maler</Unicode>
          </TextEquiv>
        </Word>
        <Word id="region0005_line0004_word0005" custom="readingOrder {index:5;}">
          <Coords points="1216,556 1370,556 1370,596 1216,596"/>
          <TextEquiv conf="0.92922425">
            <Unicode>geſtalteten</Unicode>
          </TextEquiv>
        </Word>
        <Word id="region0005_line0004_word0006" custom="readingOrder {index:6;}">
          <Coords points="1397,554 1434,554 1434,587 1397,587"/>
          <TextEquiv conf="0.93065715">
            <Unicode>die</Unicode>
          </TextEquiv>
        </Word>
        <TextEquiv conf="0.9234307">
          <Unicode>Goͤtter ſo ſind? Die Maler geſtalteten die</Unicode>
        </TextEquiv>
      </TextLine>
      <TextLine id="region0005_line0005" custom="readingOrder {index:3;}">
        <Coords points="982,603 964,611 950,610 945,606 931,609 896,606 890,611 879,612 785,612 776,610 770,604 760,604 756,607 738,603 706,605 706,653 873,653 893,654 899,660 907,660 915,654 942,653 1018,653 1071,659 1075,656 1132,652 1168,654 1174,660 1184,660 1189,655 1197,655 1228,658 1235,663 1245,663 1251,658 1397,655 1439,651 1439,610 1431,609 1399,611 1395,608 1385,608 1380,611 1338,614 1334,607 1322,606 1309,607 1302,615 1237,615 1210,613 1189,605 1146,611 1140,604 1130,604 1124,611 1111,611 1060,610 1032,603"/>
        <Baseline points="706,643 1255,648 1439,641"/>
        <Word id="region0005_line0005_word0000" custom="readingOrder {index:0;}">
          <Coords points="719,611 719,644 826,645 826,612 785,612 783,611"/>
          <TextEquiv>
            <Unicode>Goͤtter</Unicode>
          </TextEquiv>
        </Word>
        <Word id="region0005_line0005_word0001" custom="readingOrder {index:1;}">
          <Coords points="849,614 913,614 913,651 849,651"/>
          <TextEquiv conf="0.9327705">
            <Unicode>nach</Unicode>
          </TextEquiv>
        </Word>
        <Word id="region0005_line0005_word0002" custom="readingOrder {index:2;}">
          <Coords points="936,614 980,614 980,644 936,644"/>
          <TextEquiv conf="0.9236363">
            <Unicode>der</Unicode>
          </TextEquiv>
        </Word>
        <Word id="region0005_line0005_word0003" custom="readingOrder {index:3;}">
          <Coords points="1002,611 1074,611 1074,650 1002,650"/>
          <TextEquiv conf="0.92970216">
            <Unicode>Art,</Unicode>
          </TextEquiv>
        </Word>
        <Word id="region0005_line0005_word0004" custom="readingOrder {index:4;}">
          <Coords points="1102,612 1153,612 1153,643 1102,643"/>
          <TextEquiv conf="0.92375755">
            <Unicode>wie</Unicode>
          </TextEquiv>
        </Word>
        <Word id="region0005_line0005_word0005" custom="readingOrder {index:5;}">
          <Coords points="1175,612 1209,613 1209,651 1175,650"/>
          <TextEquiv conf="0.9245951">
            <Unicode>ſie</Unicode>
          </TextEquiv>
        </Word>
        <Word id="region0005_line0005_word0006" custom="readingOrder {index:6;}">
          <Coords points="1303,613 1302,615 1237,615 1235,614 1235,652 1363,652 1363,613 1352,613 1338,614 1337,613"/>
          <TextEquiv conf="0.93170226">
            <Unicode>zuweilen</Unicode>
          </TextEquiv>
        </Word>
        <Word id="region0005_line0005_word0007" custom="readingOrder {index:7;}">
          <Coords points="1385,616 1432,616 1432,646 1385,646"/>
          <TextEquiv conf="0.92675644">
            <Unicode>den</Unicode>
          </TextEquiv>
        </Word>
        <TextEquiv>
          <Unicode>Goͤtter nach der Art, wie ſie zuweilen den</Unicode>
        </TextEquiv>
      </TextLine>
      <TextLine id="region0005_line0006" custom="readingOrder {index:4;}">
        <Coords points="1411,663 1406,667 1375,672 1343,671 1337,664 1327,664 1320,669 1296,666 1265,672 1258,666 1248,666 1242,671 1214,670 1205,666 1181,670 1172,670 1167,666 1158,666 1152,670 1111,670 1104,663 1094,663 1084,670 1061,671 970,670 964,663 917,664 909,669 888,671 843,671 836,670 830,664 801,665 791,670 766,664 706,662 706,714 792,713 798,719 806,719 812,713 820,718 830,718 836,713 887,712 909,713 915,718 924,718 933,713 938,718 947,718 956,712 1003,711 1034,715 1074,712 1160,713 1186,715 1192,721 1201,721 1208,716 1234,715 1403,714 1408,718 1417,718 1424,711 1439,709 1439,666"/>
        <Baseline points="706,704 1439,700"/>
        <Word id="region0005_line0006_word0000" custom="readingOrder {index:0;}">
          <Coords points="716,672 869,673 869,711 716,710"/>
          <TextEquiv conf="0.92551255">
            <Unicode>Menſchen</Unicode>
          </TextEquiv>
        </Word>
        <Word id="region0005_line0006_word0001" custom="readingOrder {index:1;}">
          <Coords points="886,672 1045,672 1045,710 886,710"/>
          <TextEquiv conf="0.9285526">
            <Unicode>erſchienen;</Unicode>
          </TextEquiv>
        </Word>
        <Word id="region0005_line0006_word0002" custom="readingOrder {index:2;}">
          <Coords points="1073,672 1137,672 1137,704 1073,704"/>
          <TextEquiv conf="0.93176496">
            <Unicode>aber</Unicode>
          </TextEquiv>
        </Word>
        <Word id="region0005_line0006_word0003" custom="readingOrder {index:3;}">
          <Coords points="1209,714 1209,676 1158,675 1158,713 1160,713 1161,713"/>
          <TextEquiv conf="0.9312245">
            <Unicode>daß</Unicode>
          </TextEquiv>
        </Word>
        <Word id="region0005_line0006_word0004" custom="readingOrder {index:4;}">
          <Coords points="1229,675 1272,675 1272,707 1229,707"/>
          <TextEquiv conf="0.9273639">
            <Unicode>die</Unicode>
          </TextEquiv>
        </Word>
        <Word id="region0005_line0006_word0005" custom="readingOrder {index:5;}">
          <Coords points="1286,673 1393,673 1393,708 1286,708"/>
          <TextEquiv conf="0.9240706">
            <Unicode>Goͤtter</Unicode>
          </TextEquiv>
        </Word>
        <Word id="region0005_line0006_word0006" custom="readingOrder {index:6;}">
          <Coords points="1432,673 1409,673 1409,711 1424,711 1432,709"/>
          <TextEquiv conf="0.92966783">
            <Unicode>ſo</Unicode>
          </TextEquiv>
        </Word>
        <TextEquiv conf="0.9283081">
          <Unicode>Menſchen erſchienen; aber daß die Goͤtter ſo</Unicode>
        </TextEquiv>
      </TextLine>
      <TextLine id="region0005_line0007" custom="readingOrder {index:5;}">
        <Coords points="1397,720 1383,731 1325,731 1320,724 1310,723 1299,732 1283,733 1202,730 1196,726 1164,731 1077,731 1067,730 1060,722 1015,723 1005,728 977,731 955,731 951,725 940,723 931,723 922,730 908,731 901,731 895,724 884,724 878,730 763,731 759,724 748,723 742,730 706,729 706,770 784,772 809,774 815,779 823,779 828,775 870,771 921,772 927,779 935,779 942,772 1004,772 1011,779 1020,779 1026,772 1033,776 1044,776 1049,772 1168,772 1212,775 1220,776 1226,781 1238,781 1252,775 1374,774 1439,769 1439,729 1414,729 1410,721"/>
        <Baseline points="706,760 1269,765 1439,759"/>
        <Word id="region0005_line0007_word0000" custom="readingOrder {index:0;}">
          <Coords points="745,726 742,730 717,729 717,765 827,766 827,730 763,731 760,726"/>
          <TextEquiv conf="0.9206982">
            <Unicode>waͤren,</Unicode>
          </TextEquiv>
        </Word>
        <Word id="region0005_line0007_word0001" custom="readingOrder {index:1;}">
          <Coords points="880,728 878,730 856,730 856,758 908,758 908,731 901,731 898,728"/>
          <TextEquiv conf="0.9301564">
            <Unicode>wie</Unicode>
          </TextEquiv>
        </Word>
        <Word id="region0005_line0007_word0002" custom="readingOrder {index:2;}">
          <Coords points="928,727 928,766 960,766 960,731 955,731 952,727"/>
          <TextEquiv conf="0.93167275">
            <Unicode>ſie</Unicode>
          </TextEquiv>
        </Word>
        <Word id="region0005_line0007_word0003" custom="readingOrder {index:3;}">
          <Coords points="1009,726 1005,728 982,730 982,767 1127,767 1127,731 1077,731 1067,730 1063,726"/>
          <TextEquiv conf="0.9284677">
            <Unicode>erſchienen</Unicode>
          </TextEquiv>
        </Word>
        <Word id="region0005_line0007_word0004" custom="readingOrder {index:4;}">
          <Coords points="1176,729 1164,731 1148,731 1148,758 1203,758 1203,730 1202,730 1200,729"/>
          <TextEquiv conf="0.9249505">
            <Unicode>und</Unicode>
          </TextEquiv>
        </Word>
        <Word id="region0005_line0007_word0005" custom="readingOrder {index:5;}">
          <Coords points="1306,726 1299,732 1283,733 1227,730 1227,767 1343,767 1343,731 1325,731 1321,726"/>
          <TextEquiv conf="0.92616916">
            <Unicode>gemalet</Unicode>
          </TextEquiv>
        </Word>
        <Word id="region0005_line0007_word0006" custom="readingOrder {index:6;}">
          <Coords points="1390,725 1383,731 1362,731 1362,761 1433,761 1433,729 1414,729 1412,725"/>
          <TextEquiv>
            <Unicode>wuͤr⸗</Unicode>
          </TextEquiv>
        </Word>
        <TextEquiv>
          <Unicode>waͤren, wie ſie erſchienen und gemalet wuͤr⸗</Unicode>
        </TextEquiv>
      </TextLine>
      <TextLine id="region0005_line0008" custom="readingOrder {index:6;}">
        <Coords points="820,781 788,784 777,789 745,788 729,782 706,784 706,829 766,833 774,837 783,837 787,834 826,837 833,831 841,830 1029,830 1124,832 1130,838 1139,838 1146,832 1166,832 1173,833 1179,839 1188,839 1196,833 1226,834 1233,840 1246,840 1255,834 1270,833 1375,834 1439,828 1439,786 1357,783 1337,784 1322,790 1316,783 1306,783 1298,792 1200,791 1193,784 1184,784 1178,790 1156,790 1147,783 1126,786 1089,781 1052,788 1044,782 1034,782 1030,785 1017,783 1011,787 995,788 972,788 967,784 956,784 945,789 878,789 872,788 866,782 854,782 846,787 830,781"/>
        <Baseline points="706,819 1439,819"/>
        <Word id="region0005_line0008_word0000" custom="readingOrder {index:0;}">
          <Coords points="718,790 786,791 786,828 718,827"/>
          <TextEquiv conf="0.9269513">
            <Unicode>den,</Unicode>
          </TextEquiv>
        </Word>
        <Word id="region0005_line0008_word0001" custom="readingOrder {index:1;}">
          <Coords points="816,789 902,789 902,828 816,828"/>
          <TextEquiv conf="0.92876226">
            <Unicode>haben</Unicode>
          </TextEquiv>
        </Word>
        <Word id="region0005_line0008_word0002" custom="readingOrder {index:2;}">
          <Coords points="916,793 1003,793 1003,822 916,822"/>
          <TextEquiv conf="0.92328227">
            <Unicode>weder</Unicode>
          </TextEquiv>
        </Word>
        <Word id="region0005_line0008_word0003" custom="readingOrder {index:3;}">
          <Coords points="1018,791 1058,791 1058,823 1018,823"/>
          <TextEquiv conf="0.9324249">
            <Unicode>die</Unicode>
          </TextEquiv>
        </Word>
        <Word id="region0005_line0008_word0004" custom="readingOrder {index:4;}">
          <Coords points="1079,790 1079,829 1285,830 1285,792 1200,791 1200,791"/>
          <TextEquiv conf="0.9167635">
            <Unicode>Gaßenjungen</Unicode>
          </TextEquiv>
        </Word>
        <Word id="region0005_line0008_word0005" custom="readingOrder {index:5;}">
          <Coords points="1305,791 1335,791 1335,824 1305,824"/>
          <TextEquiv conf="0.92964524">
            <Unicode>in</Unicode>
          </TextEquiv>
        </Word>
        <Word id="region0005_line0008_word0006" custom="readingOrder {index:6;}">
          <Coords points="1354,792 1431,792 1431,826 1354,826"/>
          <TextEquiv conf="0.9178208">
            <Unicode>Rom</Unicode>
          </TextEquiv>
        </Word>
        <TextEquiv conf="0.9250929">
          <Unicode>den, haben weder die Gaßenjungen in Rom</Unicode>
        </TextEquiv>
      </TextLine>
      <TextLine id="region0005_line0009" custom="readingOrder {index:7;}">
        <Coords points="1000,837 995,840 936,839 916,846 899,846 884,839 875,839 867,846 848,847 831,847 824,840 816,840 811,844 798,842 793,845 784,845 778,840 767,840 758,846 734,847 715,844 706,846 707,887 765,889 770,894 780,894 786,889 813,888 1058,890 1072,897 1104,890 1130,892 1136,897 1148,897 1154,892 1166,891 1213,892 1220,899 1228,899 1236,892 1273,892 1279,899 1288,899 1298,892 1318,891 1386,891 1394,898 1403,898 1411,896 1418,889 1440,886 1439,848 1434,848 1426,839 1415,840 1410,849 1372,847 1366,842 1356,842 1348,848 1306,850 1300,850 1294,844 1283,844 1277,850 1271,851 1241,849 1233,843 1187,840 1161,841 1142,849 1041,847 1018,845 1009,837"/>
        <Baseline points="707,877 1440,878"/>
        <Word id="region0005_line0009_word0000" custom="readingOrder {index:0;}">
          <Coords points="717,847 784,848 784,885 717,884"/>
          <TextEquiv conf="0.9243277">
            <Unicode>noch</Unicode>
          </TextEquiv>
        </Word>
        <Word id="region0005_line0009_word0001" custom="readingOrder {index:1;}">
          <Coords points="799,848 839,848 839,879 799,879"/>
          <TextEquiv conf="0.93267846">
            <Unicode>die</Unicode>
          </TextEquiv>
        </Word>
        <Word id="region0005_line0009_word0002" custom="readingOrder {index:2;}">
          <Coords points="856,847 931,847 931,880 856,880"/>
          <TextEquiv conf="0.92938644">
            <Unicode>alten</Unicode>
          </TextEquiv>
        </Word>
        <Word id="region0005_line0009_word0003" custom="readingOrder {index:3;}">
          <Coords points="949,845 949,886 1121,886 1121,848 1041,847 1018,845"/>
          <TextEquiv conf="0.9243722">
            <Unicode>Muͤttergen</Unicode>
          </TextEquiv>
        </Word>
        <Word id="region0005_line0009_word0004" custom="readingOrder {index:4;}">
          <Coords points="1137,855 1168,855 1168,886 1137,886"/>
          <TextEquiv conf="0.92851716">
            <Unicode>zu</Unicode>
          </TextEquiv>
        </Word>
        <Word id="region0005_line0009_word0005" custom="readingOrder {index:5;}">
          <Coords points="1177,846 1177,887 1269,888 1269,850 1241,849 1237,846"/>
          <TextEquiv conf="0.92992395">
            <Unicode>Athen</Unicode>
          </TextEquiv>
        </Word>
        <Word id="region0005_line0009_word0006" custom="readingOrder {index:6;}">
          <Coords points="1283,848 1283,888 1381,888 1381,848 1348,848 1306,850 1300,850 1298,848"/>
          <TextEquiv conf="0.92710406">
            <Unicode>jemals</Unicode>
          </TextEquiv>
        </Word>
        <Word id="region0005_line0009_word0007" custom="readingOrder {index:7;}">
          <Coords points="1412,845 1410,849 1396,848 1396,887 1433,887 1433,887 1433,847 1431,845"/>
          <TextEquiv conf="0.86674917">
            <Unicode>ge⸗</Unicode>
          </TextEquiv>
        </Word>
        <TextEquiv conf="0.9203824">
          <Unicode>noch die alten Muͤttergen zu Athen jemals ge⸗</Unicode>
        </TextEquiv>
      </TextLine>
      <TextLine id="region0005_line0010" custom="readingOrder {index:8;}">
        <Coords points="1052,896 1041,906 1008,905 1001,899 987,899 980,905 968,905 963,901 954,901 949,905 927,905 888,898 839,899 816,903 785,899 776,905 754,906 749,898 739,896 728,905 707,906 707,954 737,953 753,947 823,946 959,947 979,948 985,954 993,954 1000,948 1264,950 1304,951 1310,957 1319,957 1325,951 1360,950 1367,957 1376,957 1385,950 1440,947 1440,904 1429,904 1423,898 1411,898 1406,903 1371,902 1353,906 1331,903 1327,906 1304,905 1281,909 1243,909 1235,901 1226,901 1219,909 1207,909 1202,898 1189,897 1184,901 1182,908 1175,908 1157,907 1152,903 1141,903 1136,907 1090,907 1080,900"/>
        <Baseline points="707,940 1440,937"/>
        <Word id="region0005_line0010_word0000" custom="readingOrder {index:0;}">
          <Coords points="731,902 728,905 714,905 714,942 843,943 843,903 817,902 816,903 814,902 779,902 776,905 754,906 751,902"/>
          <TextEquiv conf="0.921467">
            <Unicode>glaubet:</Unicode>
          </TextEquiv>
        </Word>
        <Word id="region0005_line0010_word0001" custom="readingOrder {index:1;}">
          <Coords points="866,905 866,944 1035,944 1035,905 1008,905 980,905 968,905 949,905 927,905"/>
          <TextEquiv conf="0.9261872">
            <Unicode>Unterdeßen</Unicode>
          </TextEquiv>
        </Word>
        <Word id="region0005_line0010_word0002" custom="readingOrder {index:2;}">
          <Coords points="1047,902 1047,938 1250,939 1250,909 1243,909 1236,902 1224,902 1219,909 1207,909 1204,902 1183,902 1182,908 1175,908 1157,907 1152,903 1141,903 1136,907 1090,907 1083,902"/>
          <TextEquiv conf="0.42520976">
            <Unicode>uͤberreden</Unicode>
          </TextEquiv>
        </Word>
        <Word id="region0005_line0010_word0003" custom="readingOrder {index:3;}">
          <Coords points="1200,898 1200,949 1236,949 1246,949 1246,909 1243,909 1235,901 1226,901 1219,909 1207,909 1202,898"/>
          <TextEquiv conf="0.42520976">
            <Unicode>wir</Unicode>
          </TextEquiv>
        </Word>
        <Word id="region0005_line0010_word0004" custom="readingOrder {index:4;}">
          <Coords points="1259,910 1322,910 1322,945 1259,945"/>
          <TextEquiv conf="0.93105215">
            <Unicode>uns,</Unicode>
          </TextEquiv>
        </Word>
        <Word id="region0005_line0010_word0005" custom="readingOrder {index:5;}">
          <Coords points="1333,908 1384,908 1384,946 1333,946"/>
          <TextEquiv conf="0.9322517">
            <Unicode>daß</Unicode>
          </TextEquiv>
        </Word>
        <Word id="region0005_line0010_word0006" custom="readingOrder {index:6;}">
          <Coords points="1395,905 1434,905 1434,938 1395,938"/>
          <TextEquiv conf="0.93117404">
            <Unicode>die</Unicode>
          </TextEquiv>
        </Word>
        <TextEquiv conf="0.7846502">
          <Unicode>glaubet: Unterdeßen uͤberreden wir uns, daß die</Unicode>
        </TextEquiv>
      </TextLine>
      <TextLine id="region0005_line0011" custom="readingOrder {index:9;}">
        <Coords points="1419,954 1408,965 1402,965 1396,959 1384,959 1373,966 1365,967 1338,966 1324,960 1313,960 1307,966 1299,965 1293,960 1281,960 1272,964 1239,959 1207,963 1200,958 1188,958 1183,962 1148,963 1139,955 1112,959 1059,957 1010,963 955,956 907,956 883,962 877,956 867,956 862,961 847,959 842,963 824,964 798,964 792,959 764,963 732,956 707,958 707,1006 724,1006 731,1011 761,1007 766,1012 777,1012 783,1006 865,1004 885,1004 891,1010 901,1010 906,1005 1027,1005 1032,1010 1043,1010 1048,1005 1077,1005 1086,1011 1095,1011 1100,1006 1122,1010 1127,1006 1199,1005 1268,1007 1278,1008 1283,1013 1292,1013 1299,1008 1325,1008 1344,1011 1349,1015 1365,1015 1370,1011 1392,1015 1402,1008 1440,1004 1440,965 1434,964 1430,955"/>
        <Baseline points="707,997 1440,995"/>
        <Word id="region0005_line0011_word0000" custom="readingOrder {index:0;}">
          <Coords points="717,963 717,1001 832,1002 832,964 825,964 824,964 798,964 798,964"/>
          <TextEquiv conf="0.9300289">
            <Unicode>Heyden</Unicode>
          </TextEquiv>
        </Word>
        <Word id="region0005_line0011_word0001" custom="readingOrder {index:1;}">
          <Coords points="850,964 915,964 915,1001 850,1001"/>
          <TextEquiv conf="0.92400134">
            <Unicode>dieſe</Unicode>
          </TextEquiv>
        </Word>
        <Word id="region0005_line0011_word0002" custom="readingOrder {index:2;}">
          <Coords points="922,964 1024,964 1024,996 922,996"/>
          <TextEquiv conf="0.92400134">
            <Unicode>Bilder</Unicode>
          </TextEquiv>
        </Word>
        <Word id="region0005_line0011_word0003" custom="readingOrder {index:3;}">
          <Coords points="1034,965 1106,965 1106,1002 1034,1002"/>
          <TextEquiv conf="0.92687476">
            <Unicode>ſelbſt</Unicode>
          </TextEquiv>
        </Word>
        <Word id="region0005_line0011_word0004" custom="readingOrder {index:4;}">
          <Coords points="1113,963 1158,963 1158,1001 1113,1001"/>
          <TextEquiv conf="0.9206947">
            <Unicode>fuͤr</Unicode>
          </TextEquiv>
        </Word>
        <Word id="region0005_line0011_word0005" custom="readingOrder {index:5;}">
          <Coords points="1224,960 1207,963 1200,958 1188,958 1184,961 1184,1005 1199,1005 1224,1005"/>
          <TextEquiv conf="0.928926">
            <Unicode>die</Unicode>
          </TextEquiv>
        </Word>
        <Word id="region0005_line0011_word0006" custom="readingOrder {index:6;}">
          <Coords points="1219,966 1337,966 1337,1002 1219,1002"/>
          <TextEquiv conf="0.928926">
            <Unicode>Gotheit</Unicode>
          </TextEquiv>
        </Word>
        <Word id="region0005_line0011_word0007" custom="readingOrder {index:7;}">
          <Coords points="1382,960 1373,966 1365,967 1350,966 1350,1004 1435,1004 1435,964 1434,964 1432,960 1413,960 1408,965 1402,965 1397,960"/>
          <TextEquiv conf="0.6871469">
            <Unicode>gehal⸗</Unicode>
          </TextEquiv>
        </Word>
        <TextEquiv conf="0.896325">
          <Unicode>Heyden dieſe Bilder ſelbſt fuͤr die Gotheit gehal⸗</Unicode>
        </TextEquiv>
      </TextLine>
      <TextLine id="region0005_line0012" custom="readingOrder {index:10;}">
        <Coords points="1418,1010 1409,1023 1386,1025 1339,1023 1318,1016 1296,1014 1232,1014 1220,1016 1206,1022 1193,1020 1187,1014 1166,1012 1145,1015 1132,1013 1116,1020 1069,1017 987,1020 981,1012 968,1013 963,1010 953,1010 944,1019 891,1019 885,1013 875,1013 870,1017 864,1012 856,1012 846,1020 831,1022 758,1023 721,1019 707,1021 707,1062 767,1066 771,1070 780,1070 786,1066 807,1066 836,1061 870,1061 875,1066 886,1066 892,1061 984,1060 1175,1063 1183,1070 1332,1065 1410,1067 1414,1072 1424,1072 1431,1067 1440,1066 1440,1012"/>
        <Baseline points="707,1052 1440,1056"/>
        <Word id="region0005_line0012_word0000" custom="readingOrder {index:0;}">
          <Coords points="718,1023 784,1024 784,1057 718,1056"/>
          <TextEquiv conf="0.93109834">
            <Unicode>ten,</Unicode>
          </TextEquiv>
        </Word>
        <Word id="region0005_line0012_word0001" custom="readingOrder {index:1;}">
          <Coords points="848,1018 846,1020 831,1022 812,1022 812,1056 921,1056 921,1019 891,1019 890,1018"/>
          <TextEquiv conf="0.93061477">
            <Unicode>welches</Unicode>
          </TextEquiv>
        </Word>
        <Word id="region0005_line0012_word0002" custom="readingOrder {index:2;}">
          <Coords points="949,1017 949,1051 1068,1051 1068,1017 987,1020 984,1017"/>
          <TextEquiv conf="0.9206309">
            <Unicode>uͤberaus</Unicode>
          </TextEquiv>
        </Word>
        <Word id="region0005_line0012_word0003" custom="readingOrder {index:3;}">
          <Coords points="1120,1018 1116,1020 1089,1018 1089,1059 1213,1060 1213,1019 1206,1022 1193,1020 1191,1018"/>
          <TextEquiv>
            <Unicode>unbillig.</Unicode>
          </TextEquiv>
        </Word>
        <Word id="region0005_line0012_word0004" custom="readingOrder {index:4;}">
          <Coords points="1263,1019 1263,1054 1345,1054 1345,1023 1339,1023 1327,1019"/>
          <TextEquiv conf="0.9214499">
            <Unicode>Man</Unicode>
          </TextEquiv>
        </Word>
        <Word id="region0005_line0012_word0005" custom="readingOrder {index:5;}">
          <Coords points="1368,1059 1433,1059 1433,1014 1415,1014 1409,1023 1386,1025 1368,1024"/>
          <TextEquiv conf="0.9268938">
            <Unicode>muß</Unicode>
          </TextEquiv>
        </Word>
        <TextEquiv>
          <Unicode>ten, welches uͤberaus unbillig. Man muß</Unicode>
        </TextEquiv>
      </TextLine>
      <TextLine id="region0005_line0013" custom="readingOrder {index:11;}">
        <Coords points="849,1070 843,1073 770,1072 753,1078 725,1072 706,1074 706,1120 829,1123 905,1120 937,1121 943,1127 952,1127 958,1122 1110,1123 1159,1125 1165,1131 1174,1131 1182,1125 1232,1126 1241,1134 1253,1134 1262,1127 1397,1127 1439,1123 1439,1084 1239,1085 1232,1084 1225,1075 1215,1075 1205,1082 1199,1082 1186,1074 1151,1072 1123,1073 1109,1079 1092,1080 1081,1079 1073,1074 1043,1078 1030,1071 1022,1071 1014,1079 1010,1079 958,1076 952,1070 941,1070 934,1075 929,1071 920,1071 913,1078 871,1078 863,1077 857,1070"/>
        <Baseline points="706,1110 1439,1113"/>
        <Word id="region0005_line0013_word0000" custom="readingOrder {index:0;}">
          <Coords points="713,1081 768,1082 768,1114 713,1113"/>
          <TextEquiv conf="0.92528254">
            <Unicode>den</Unicode>
          </TextEquiv>
        </Word>
        <Word id="region0005_line0013_word0001" custom="readingOrder {index:1;}">
          <Coords points="783,1079 884,1079 884,1114 783,1114"/>
          <TextEquiv conf="0.9252623">
            <Unicode>Maler</Unicode>
          </TextEquiv>
        </Word>
        <Word id="region0005_line0013_word0002" custom="readingOrder {index:2;}">
          <Coords points="900,1079 970,1079 970,1119 900,1119"/>
          <TextEquiv conf="0.93091756">
            <Unicode>nicht</Unicode>
          </TextEquiv>
        </Word>
        <Word id="region0005_line0013_word0003" custom="readingOrder {index:3;}">
          <Coords points="991,1079 1044,1079 1044,1114 991,1114"/>
          <TextEquiv conf="0.92841446">
            <Unicode>mit</Unicode>
          </TextEquiv>
        </Word>
        <Word id="region0005_line0013_word0004" custom="readingOrder {index:4;}">
          <Coords points="1064,1082 1123,1082 1123,1114 1064,1114"/>
          <TextEquiv conf="0.92670214">
            <Unicode>dem</Unicode>
          </TextEquiv>
        </Word>
        <Word id="region0005_line0013_word0005" custom="readingOrder {index:5;}">
          <Coords points="1136,1078 1136,1120 1291,1121 1291,1084 1239,1085 1232,1084 1227,1078 1210,1078 1205,1082 1199,1082 1193,1078"/>
          <TextEquiv conf="0.9194294">
            <Unicode>Theologen</Unicode>
          </TextEquiv>
        </Word>
        <Word id="region0005_line0013_word0006" custom="readingOrder {index:6;}">
          <Coords points="1314,1086 1434,1086 1434,1113 1314,1113"/>
          <TextEquiv conf="0.92423165">
            <Unicode>vermen⸗</Unicode>
          </TextEquiv>
        </Word>
        <TextEquiv conf="0.9257486">
          <Unicode>den Maler nicht mit dem Theologen vermen⸗</Unicode>
        </TextEquiv>
      </TextLine>
      <TextLine id="region0005_line0014" custom="readingOrder {index:12;}">
        <Coords points="837,1130 796,1132 778,1140 706,1140 706,1188 729,1188 751,1183 782,1181 865,1182 871,1187 880,1187 885,1182 905,1181 1095,1182 1142,1185 1439,1183 1439,1139 1427,1139 1421,1133 1411,1133 1405,1139 1287,1144 1256,1142 1250,1137 1237,1137 1229,1142 1195,1142 1190,1138 1177,1139 1150,1133 1120,1135 1099,1140 1088,1140 1081,1133 1072,1133 1066,1139 1054,1139 1048,1133 1035,1133 1028,1139 1012,1140 973,1139 966,1131 956,1131 946,1139 895,1137 889,1132 875,1132 870,1135"/>
        <Baseline points="706,1175 1439,1173"/>
        <Word id="region0005_line0014_word0000" custom="readingOrder {index:0;}">
          <Coords points="715,1144 777,1145 777,1176 715,1175"/>
          <TextEquiv conf="0.9099551">
            <Unicode>gen.</Unicode>
          </TextEquiv>
        </Word>
        <Word id="region0005_line0014_word0001" custom="readingOrder {index:1;}">
          <Coords points="834,1137 834,1177 915,1177 915,1137 895,1137"/>
          <TextEquiv conf="0.92977905">
            <Unicode>Laßet</Unicode>
          </TextEquiv>
        </Word>
        <Word id="region0005_line0014_word0002" custom="readingOrder {index:2;}">
          <Coords points="947,1138 946,1139 942,1138 942,1172 1045,1172 1045,1138 1029,1138 1028,1139 1012,1140 973,1139 972,1138"/>
          <TextEquiv conf="0.92801994">
            <Unicode>einmal</Unicode>
          </TextEquiv>
        </Word>
        <Word id="region0005_line0014_word0003" custom="readingOrder {index:3;}">
          <Coords points="1073,1139 1073,1171 1101,1171 1101,1139 1099,1140 1088,1140 1087,1139"/>
          <TextEquiv conf="0.92801994">
            <Unicode>in</Unicode>
          </TextEquiv>
        </Word>
        <Word id="region0005_line0014_word0004" custom="readingOrder {index:4;}">
          <Coords points="1130,1139 1130,1174 1281,1175 1281,1143 1256,1142 1253,1139 1232,1139 1229,1142 1195,1142 1191,1139"/>
          <TextEquiv conf="0.9270413">
            <Unicode>Gedanken</Unicode>
          </TextEquiv>
        </Word>
        <Word id="region0005_line0014_word0005" custom="readingOrder {index:5;}">
          <Coords points="1306,1146 1361,1146 1361,1173 1306,1173"/>
          <TextEquiv conf="0.92813194">
            <Unicode>uns</Unicode>
          </TextEquiv>
        </Word>
        <Word id="region0005_line0014_word0006" custom="readingOrder {index:6;}">
          <Coords points="1405,1139 1394,1139 1394,1173 1434,1173 1434,1139 1427,1139"/>
          <TextEquiv conf="0.93250626">
            <Unicode>die</Unicode>
          </TextEquiv>
        </Word>
        <TextEquiv conf="0.92620766">
          <Unicode>gen. Laßet einmal in Gedanken uns die</Unicode>
        </TextEquiv>
      </TextLine>
      <TextLine id="region0005_line0015" custom="readingOrder {index:13;}">
        <Coords points="845,1190 838,1198 829,1192 806,1195 790,1191 706,1190 706,1241 783,1240 811,1241 816,1246 835,1246 840,1241 877,1239 912,1242 917,1247 927,1247 932,1243 974,1240 1013,1241 1018,1246 1028,1246 1034,1241 1080,1241 1129,1245 1135,1250 1145,1250 1152,1245 1181,1243 1187,1249 1197,1249 1204,1243 1240,1243 1325,1245 1331,1249 1345,1242 1376,1250 1383,1244 1439,1240 1439,1199 1398,1200 1393,1196 1384,1196 1377,1201 1345,1196 1295,1199 1290,1195 1282,1195 1277,1199 1265,1196 1258,1200 1221,1202 1207,1201 1200,1193 1189,1193 1179,1198 1173,1193 1163,1193 1157,1199 1151,1200 1106,1200 1100,1193 1090,1193 1084,1199 1041,1199 1033,1198 1027,1192 1016,1192 1011,1195 996,1192 987,1199 969,1200 888,1198 881,1190 872,1190 862,1198 855,1190"/>
        <Baseline points="706,1230 1439,1230"/>
        <Word id="region0005_line0015_word0000" custom="readingOrder {index:0;}">
          <Coords points="716,1200 802,1201 802,1235 716,1234"/>
          <TextEquiv conf="0.9252752">
            <Unicode>Rolle</Unicode>
          </TextEquiv>
        </Word>
        <Word id="region0005_line0015_word0001" custom="readingOrder {index:1;}">
          <Coords points="817,1199 817,1239 877,1239 930,1239 930,1199 928,1199"/>
          <TextEquiv conf="0.9273028">
            <Unicode>ſpielen,</Unicode>
          </TextEquiv>
        </Word>
        <Word id="region0005_line0015_word0002" custom="readingOrder {index:2;}">
          <Coords points="952,1200 1046,1200 1046,1237 952,1237"/>
          <TextEquiv conf="0.9273053">
            <Unicode>welche</Unicode>
          </TextEquiv>
        </Word>
        <Word id="region0005_line0015_word0003" custom="readingOrder {index:3;}">
          <Coords points="1061,1200 1114,1200 1114,1232 1061,1232"/>
          <TextEquiv conf="0.93239737">
            <Unicode>wir</Unicode>
          </TextEquiv>
        </Word>
        <Word id="region0005_line0015_word0004" custom="readingOrder {index:4;}">
          <Coords points="1155,1199 1151,1200 1135,1200 1135,1240 1248,1241 1248,1200 1221,1202 1207,1201 1205,1199"/>
          <TextEquiv conf="0.92862564">
            <Unicode>zeithero</Unicode>
          </TextEquiv>
        </Word>
        <Word id="region0005_line0015_word0005" custom="readingOrder {index:5;}">
          <Coords points="1264,1201 1305,1201 1305,1233 1264,1233"/>
          <TextEquiv conf="0.9294054">
            <Unicode>die</Unicode>
          </TextEquiv>
        </Word>
        <Word id="region0005_line0015_word0006" custom="readingOrder {index:6;}">
          <Coords points="1319,1203 1433,1203 1433,1240 1319,1240"/>
          <TextEquiv conf="0.9306951">
            <Unicode>Heyden</Unicode>
          </TextEquiv>
        </Word>
        <TextEquiv conf="0.9287152">
          <Unicode>Rolle ſpielen, welche wir zeithero die Heyden</Unicode>
        </TextEquiv>
      </TextLine>
      <TextLine id="region0005_line0016" custom="readingOrder {index:14;}">
        <Coords points="1345,1243 1332,1249 1330,1254 1320,1253 1312,1259 1285,1260 1277,1253 1268,1253 1260,1262 1231,1259 1225,1254 1210,1254 1204,1258 1173,1254 1168,1257 1118,1259 1102,1258 1093,1252 1081,1252 1075,1257 1053,1258 1018,1250 942,1250 926,1256 902,1257 890,1256 884,1250 869,1250 864,1254 855,1254 850,1249 840,1249 833,1254 789,1258 782,1249 773,1249 764,1257 758,1250 747,1250 741,1255 730,1249 720,1249 706,1252 706,1300 711,1300 716,1305 737,1305 743,1300 755,1299 859,1298 865,1305 874,1305 882,1298 931,1299 942,1302 1053,1300 1072,1302 1078,1308 1086,1308 1091,1304 1101,1308 1112,1308 1116,1305 1142,1307 1200,1302 1206,1309 1216,1309 1222,1304 1310,1303 1316,1309 1325,1309 1332,1302 1398,1302 1439,1298 1437,1253 1423,1251 1411,1257 1401,1258 1395,1254 1386,1254 1379,1259 1353,1259 1353,1246"/>
        <Baseline points="706,1289 1156,1294 1439,1288"/>
        <Word id="region0005_line0016_word0000" custom="readingOrder {index:0;}">
          <Coords points="715,1251 715,1291 813,1292 813,1255 789,1258 784,1251 770,1251 764,1257 759,1251 745,1251 741,1255 734,1251"/>
          <TextEquiv conf="0.92933726">
            <Unicode>ſpielen</Unicode>
          </TextEquiv>
        </Word>
        <Word id="region0005_line0016_word0001" custom="readingOrder {index:1;}">
          <Coords points="838,1252 838,1291 926,1291 926,1256 902,1257 890,1256 886,1252 866,1252 864,1254 855,1254 853,1252"/>
          <TextEquiv conf="0.9283892">
            <Unicode>laßen.</Unicode>
          </TextEquiv>
        </Word>
        <Word id="region0005_line0016_word0002" custom="readingOrder {index:2;}">
          <Coords points="976,1253 976,1287 1056,1287 1056,1257 1053,1258 1031,1253"/>
          <TextEquiv conf="0.9246331">
            <Unicode>Man</Unicode>
          </TextEquiv>
        </Word>
        <Word id="region0005_line0016_word0003" custom="readingOrder {index:3;}">
          <Coords points="1079,1253 1078,1254 1078,1292 1145,1292 1145,1257 1118,1259 1102,1258 1094,1253"/>
          <TextEquiv conf="0.92002875">
            <Unicode>ſeze,</Unicode>
          </TextEquiv>
        </Word>
        <Word id="region0005_line0016_word0004" custom="readingOrder {index:4;}">
          <Coords points="1173,1292 1224,1293 1224,1255 1208,1254 1204,1258 1173,1254"/>
          <TextEquiv conf="0.9222849">
            <Unicode>daß</Unicode>
          </TextEquiv>
        </Word>
        <Word id="region0005_line0016_word0005" custom="readingOrder {index:5;}">
          <Coords points="1267,1254 1260,1262 1254,1261 1254,1288 1296,1288 1296,1259 1285,1260 1278,1254"/>
          <TextEquiv conf="0.9307393">
            <Unicode>ein</Unicode>
          </TextEquiv>
        </Word>
        <Word id="region0005_line0016_word0006" custom="readingOrder {index:6;}">
          <Coords points="1316,1294 1433,1294 1433,1252 1423,1251 1411,1257 1401,1258 1395,1254 1386,1254 1379,1259 1353,1259 1353,1246 1345,1243 1332,1249 1330,1254 1320,1253 1316,1256"/>
          <TextEquiv conf="0.9244846">
            <Unicode>fremdes</Unicode>
          </TextEquiv>
        </Word>
        <TextEquiv conf="0.9256996">
          <Unicode>ſpielen laßen. Man ſeze, daß ein fremdes</Unicode>
        </TextEquiv>
      </TextLine>
      <TextLine id="region0005_line0017" custom="readingOrder {index:15;}">
        <Coords points="1045,1306 1039,1310 1014,1311 995,1316 945,1315 915,1308 856,1308 848,1314 828,1316 779,1308 706,1306 707,1356 853,1357 859,1363 867,1363 874,1358 955,1357 962,1358 969,1364 977,1364 983,1358 1036,1358 1096,1361 1106,1366 1116,1366 1121,1362 1160,1359 1203,1360 1209,1367 1219,1367 1226,1361 1397,1362 1440,1358 1437,1316 1334,1320 1328,1314 1317,1314 1311,1319 1258,1319 1254,1316 1237,1319 1226,1318 1218,1311 1203,1313 1188,1310 1179,1317 1172,1318 1096,1318 1069,1316 1054,1306"/>
        <Baseline points="707,1346 1439,1348"/>
        <Word id="region0005_line0017_word0000" custom="readingOrder {index:0;}">
          <Coords points="716,1316 791,1317 791,1351 716,1350"/>
          <TextEquiv conf="0.91635805">
            <Unicode>Volk</Unicode>
          </TextEquiv>
        </Word>
        <Word id="region0005_line0017_word0001" custom="readingOrder {index:1;}">
          <Coords points="806,1316 872,1316 872,1354 806,1354"/>
          <TextEquiv conf="0.9256854">
            <Unicode>nach</Unicode>
          </TextEquiv>
        </Word>
        <Word id="region0005_line0017_word0002" custom="readingOrder {index:2;}">
          <Coords points="891,1315 891,1354 1005,1354 1005,1315 998,1315 995,1316 945,1315"/>
          <TextEquiv conf="0.92444783">
            <Unicode>Europa</Unicode>
          </TextEquiv>
        </Word>
        <Word id="region0005_line0017_word0003" custom="readingOrder {index:3;}">
          <Coords points="1026,1312 1026,1354 1119,1354 1119,1318 1096,1318 1069,1316 1063,1312"/>
          <TextEquiv conf="0.92908597">
            <Unicode>kaͤme,</Unicode>
          </TextEquiv>
        </Word>
        <Word id="region0005_line0017_word0004" custom="readingOrder {index:4;}">
          <Coords points="1181,1315 1179,1317 1172,1318 1145,1318 1145,1354 1255,1355 1255,1316 1254,1316 1237,1319 1226,1318 1223,1315"/>
          <TextEquiv conf="0.9273576">
            <Unicode>welches</Unicode>
          </TextEquiv>
        </Word>
        <Word id="region0005_line0017_word0005" custom="readingOrder {index:5;}">
          <Coords points="1312,1318 1311,1319 1275,1319 1275,1349 1364,1349 1364,1318 1334,1320 1332,1318"/>
          <TextEquiv conf="0.92469645">
            <Unicode>weder</Unicode>
          </TextEquiv>
        </Word>
        <Word id="region0005_line0017_word0006" custom="readingOrder {index:6;}">
          <Coords points="1383,1320 1435,1320 1435,1349 1383,1349"/>
          <TextEquiv conf="0.92578715">
            <Unicode>un⸗</Unicode>
          </TextEquiv>
        </Word>
        <TextEquiv conf="0.92477405">
          <Unicode>Volk nach Europa kaͤme, welches weder un⸗</Unicode>
        </TextEquiv>
      </TextLine>
      <TextLine id="region0005_line0018" custom="readingOrder {index:16;}">
        <Coords points="992,1365 952,1366 944,1372 923,1374 859,1373 832,1367 810,1366 776,1367 758,1373 731,1366 707,1367 707,1416 717,1421 725,1421 732,1415 751,1415 829,1417 937,1414 949,1415 954,1420 964,1420 972,1415 1015,1416 1020,1421 1029,1421 1041,1415 1074,1415 1084,1422 1093,1422 1100,1416 1167,1419 1174,1425 1182,1425 1188,1420 1218,1423 1223,1427 1233,1427 1238,1423 1287,1421 1291,1427 1301,1428 1309,1420 1377,1421 1383,1427 1391,1427 1398,1420 1440,1417 1440,1376 1434,1375 1405,1376 1397,1371 1388,1371 1379,1377 1345,1379 1311,1372 1285,1371 1277,1375 1238,1379 1188,1370 1176,1371 1169,1366 1158,1367 1148,1374 1109,1375 1101,1374 1094,1367 1084,1367 1074,1374 1065,1374 1043,1372 1023,1366"/>
        <Baseline points="707,1405 1083,1405 1228,1413 1440,1407"/>
        <Word id="region0005_line0018_word0000" custom="readingOrder {index:0;}">
          <Coords points="717,1376 771,1377 771,1415 717,1414"/>
          <TextEquiv conf="0.9277472">
            <Unicode>ſere</Unicode>
          </TextEquiv>
        </Word>
        <Word id="region0005_line0018_word0001" custom="readingOrder {index:1;}">
          <Coords points="786,1376 890,1376 890,1409 786,1409"/>
          <TextEquiv conf="0.9266238">
            <Unicode>Sitten</Unicode>
          </TextEquiv>
        </Word>
        <Word id="region0005_line0018_word0002" custom="readingOrder {index:2;}">
          <Coords points="903,1376 968,1376 968,1413 903,1413"/>
          <TextEquiv conf="0.9268105">
            <Unicode>noch</Unicode>
          </TextEquiv>
        </Word>
        <Word id="region0005_line0018_word0003" custom="readingOrder {index:3;}">
          <Coords points="985,1375 1114,1375 1114,1413 985,1413"/>
          <TextEquiv conf="0.929164">
            <Unicode>Sprache</Unicode>
          </TextEquiv>
        </Word>
        <Word id="region0005_line0018_word0004" custom="readingOrder {index:4;}">
          <Coords points="1149,1373 1148,1374 1126,1374 1126,1414 1236,1415 1236,1378 1208,1373"/>
          <TextEquiv conf="0.92781395">
            <Unicode>wuͤßte,</Unicode>
          </TextEquiv>
        </Word>
        <Word id="region0005_line0018_word0005" custom="readingOrder {index:5;}">
          <Coords points="1265,1416 1320,1416 1320,1376 1267,1376 1265,1376"/>
          <TextEquiv conf="0.93282926">
            <Unicode>alſo</Unicode>
          </TextEquiv>
        </Word>
        <Word id="region0005_line0018_word0006" custom="readingOrder {index:6;}">
          <Coords points="1343,1416 1435,1416 1435,1377 1379,1377 1345,1379 1343,1378"/>
          <TextEquiv conf="0.9299565">
            <Unicode>unſere</Unicode>
          </TextEquiv>
        </Word>
        <TextEquiv conf="0.92870647">
          <Unicode>ſere Sitten noch Sprache wuͤßte, alſo unſere</Unicode>
        </TextEquiv>
      </TextLine>
      <TextLine id="region0005_line0019" custom="readingOrder {index:17;}">
        <Coords points="751,1424 741,1431 707,1430 707,1480 735,1479 745,1476 750,1480 759,1480 767,1473 805,1474 813,1480 826,1480 835,1474 862,1473 940,1475 944,1478 964,1474 979,1476 984,1480 993,1480 999,1475 1006,1474 1063,1473 1113,1477 1118,1481 1129,1481 1136,1477 1174,1476 1180,1482 1190,1482 1195,1477 1200,1482 1210,1483 1216,1478 1367,1480 1440,1474 1440,1435 1420,1435 1414,1428 1404,1428 1395,1435 1373,1437 1356,1437 1350,1432 1340,1432 1333,1437 1249,1437 1243,1433 1221,1436 1214,1429 1200,1428 1191,1434 1181,1434 1141,1425 1119,1425 1081,1431 1071,1431 1066,1426 1055,1426 1049,1431 1023,1431 984,1424 974,1424 968,1429 957,1428 952,1424 905,1424 884,1425 856,1432 820,1432 813,1425 782,1425 773,1432 764,1424"/>
        <Baseline points="707,1466 1440,1464"/>
        <Word id="region0005_line0019_word0000" custom="readingOrder {index:0;}">
          <Coords points="715,1432 877,1433 877,1473 715,1472"/>
          <TextEquiv conf="0.9256234">
            <Unicode>geheiligten</Unicode>
          </TextEquiv>
        </Word>
        <Word id="region0005_line0019_word0001" custom="readingOrder {index:1;}">
          <Coords points="895,1434 1042,1434 1042,1473 895,1473"/>
          <TextEquiv conf="0.92850244">
            <Unicode>Schriften</Unicode>
          </TextEquiv>
        </Word>
        <Word id="region0005_line0019_word0002" custom="readingOrder {index:2;}">
          <Coords points="1057,1436 1102,1436 1102,1467 1057,1467"/>
          <TextEquiv conf="0.9254854">
            <Unicode>der</Unicode>
          </TextEquiv>
        </Word>
        <Word id="region0005_line0019_word0003" custom="readingOrder {index:3;}">
          <Coords points="1114,1434 1114,1473 1276,1474 1276,1437 1249,1437 1245,1434 1230,1434 1221,1436 1219,1434"/>
          <TextEquiv conf="0.9281012">
            <Unicode>Propheten</Unicode>
          </TextEquiv>
        </Word>
        <Word id="region0005_line0019_word0004" custom="readingOrder {index:4;}">
          <Coords points="1297,1438 1386,1438 1386,1469 1297,1469"/>
          <TextEquiv conf="0.9262854">
            <Unicode>weder</Unicode>
          </TextEquiv>
        </Word>
        <Word id="region0005_line0019_word0005" custom="readingOrder {index:5;}">
          <Coords points="1402,1435 1436,1435 1436,1467 1402,1467"/>
          <TextEquiv conf="0.91654104">
            <Unicode>le⸗</Unicode>
          </TextEquiv>
        </Word>
        <TextEquiv conf="0.92508984">
          <Unicode>geheiligten Schriften der Propheten weder le⸗</Unicode>
        </TextEquiv>
      </TextLine>
      <TextLine id="region0005_line0020" custom="readingOrder {index:18;}">
        <Coords points="1027,1482 1022,1485 1009,1484 1000,1490 982,1491 962,1491 955,1483 942,1483 934,1488 920,1483 908,1483 901,1488 869,1491 844,1490 838,1484 827,1484 817,1491 797,1492 750,1491 730,1484 707,1486 706,1536 713,1540 723,1540 729,1535 739,1534 823,1534 827,1539 838,1539 845,1534 876,1533 897,1534 902,1540 912,1540 919,1534 933,1534 940,1541 948,1541 958,1534 1005,1534 1187,1538 1193,1544 1202,1544 1208,1539 1246,1539 1258,1547 1267,1547 1273,1540 1283,1539 1440,1535 1440,1493 1344,1496 1339,1491 1328,1491 1322,1496 1287,1496 1276,1490 1217,1494 1208,1488 1179,1485 1103,1485 1086,1492 1072,1492 1068,1489 1045,1492 1039,1484"/>
        <Baseline points="707,1525 1440,1525"/>
        <Word id="region0005_line0020_word0000" custom="readingOrder {index:0;}">
          <Coords points="714,1493 759,1494 759,1533 714,1532"/>
          <TextEquiv conf="0.9321823">
            <Unicode>ſen</Unicode>
          </TextEquiv>
        </Word>
        <Word id="region0005_line0020_word0001" custom="readingOrder {index:1;}">
          <Coords points="777,1493 842,1493 842,1531 777,1531"/>
          <TextEquiv conf="0.93006927">
            <Unicode>noch</Unicode>
          </TextEquiv>
        </Word>
        <Word id="region0005_line0020_word0002" custom="readingOrder {index:2;}">
          <Coords points="857,1492 990,1492 990,1533 857,1533"/>
          <TextEquiv conf="0.9213173">
            <Unicode>verſtehen</Unicode>
          </TextEquiv>
        </Word>
        <Word id="region0005_line0020_word0003" custom="readingOrder {index:3;}">
          <Coords points="1007,1491 1007,1527 1091,1527 1091,1491 1088,1491 1086,1492 1072,1492 1070,1491 1052,1491 1045,1492 1044,1491"/>
          <TextEquiv conf="0.91052514">
            <Unicode>koͤnte.</Unicode>
          </TextEquiv>
        </Word>
        <Word id="region0005_line0020_word0004" custom="readingOrder {index:4;}">
          <Coords points="1134,1492 1134,1534 1236,1535 1236,1493 1232,1492 1217,1494 1215,1492"/>
          <TextEquiv conf="0.93032646">
            <Unicode>Dieſes</Unicode>
          </TextEquiv>
        </Word>
        <Word id="region0005_line0020_word0005" custom="readingOrder {index:5;}">
          <Coords points="1259,1496 1360,1496 1359,1536 1258,1536"/>
          <TextEquiv conf="0.92695355">
            <Unicode>fremde</Unicode>
          </TextEquiv>
        </Word>
        <Word id="region0005_line0020_word0006" custom="readingOrder {index:6;}">
          <Coords points="1380,1498 1434,1498 1434,1526 1380,1526"/>
          <TextEquiv conf="0.92766607">
            <Unicode>von</Unicode>
          </TextEquiv>
        </Word>
        <TextEquiv conf="0.92557716">
          <Unicode>ſen noch verſtehen koͤnte. Dieſes fremde von</Unicode>
        </TextEquiv>
      </TextLine>
      <TextLine id="region0005_line0021" custom="readingOrder {index:19;}">
        <Coords points="849,1544 844,1549 830,1548 825,1552 805,1553 767,1552 761,1551 755,1545 746,1545 740,1551 706,1550 706,1592 867,1594 873,1599 883,1599 888,1594 913,1593 1020,1594 1063,1597 1069,1603 1080,1603 1089,1597 1099,1597 1105,1603 1114,1603 1120,1598 1146,1599 1151,1603 1160,1603 1165,1599 1206,1598 1219,1599 1227,1605 1236,1605 1243,1600 1299,1598 1392,1598 1398,1604 1408,1604 1415,1597 1439,1595 1439,1551 1425,1551 1420,1547 1389,1548 1382,1555 1363,1557 1289,1555 1281,1551 1251,1553 1242,1549 1230,1550 1225,1554 1210,1554 1202,1549 1187,1552 1128,1553 1118,1545 1094,1547 949,1544 933,1550 906,1551 887,1550 882,1545 869,1545 865,1548 860,1544"/>
        <Baseline points="706,1581 1149,1589 1439,1586"/>
        <Word id="region0005_line0021_word0000" custom="readingOrder {index:0;}">
          <Coords points="714,1555 769,1556 769,1587 714,1586"/>
          <TextEquiv conf="0.9307399">
            <Unicode>mir</Unicode>
          </TextEquiv>
        </Word>
        <Word id="region0005_line0021_word0001" custom="readingOrder {index:1;}">
          <Coords points="799,1555 941,1555 941,1593 799,1593"/>
          <TextEquiv conf="0.927721">
            <Unicode>erdichtete</Unicode>
          </TextEquiv>
        </Word>
        <Word id="region0005_line0021_word0002" custom="readingOrder {index:2;}">
          <Coords points="967,1556 1042,1556 1042,1590 967,1590"/>
          <TextEquiv conf="0.93063813">
            <Unicode>Volk</Unicode>
          </TextEquiv>
        </Word>
        <Word id="region0005_line0021_word0003" custom="readingOrder {index:3;}">
          <Coords points="1070,1554 1164,1554 1164,1596 1070,1596"/>
          <TextEquiv conf="0.9238595">
            <Unicode>ſiehet,</Unicode>
          </TextEquiv>
        </Word>
        <Word id="region0005_line0021_word0004" custom="readingOrder {index:4;}">
          <Coords points="1193,1555 1244,1556 1244,1595 1193,1594"/>
          <TextEquiv conf="0.9308181">
            <Unicode>daß</Unicode>
          </TextEquiv>
        </Word>
        <Word id="region0005_line0021_word0005" custom="readingOrder {index:5;}">
          <Coords points="1273,1558 1318,1558 1318,1589 1273,1589"/>
          <TextEquiv conf="0.92814916">
            <Unicode>der</Unicode>
          </TextEquiv>
        </Word>
        <Word id="region0005_line0021_word0006" custom="readingOrder {index:6;}">
          <Coords points="1433,1556 1372,1556 1363,1557 1344,1556 1344,1596 1427,1596 1433,1595"/>
          <TextEquiv conf="0.9266858">
            <Unicode>meiſte</Unicode>
          </TextEquiv>
        </Word>
        <TextEquiv conf="0.9283731">
          <Unicode>mir erdichtete Volk ſiehet, daß der meiſte</Unicode>
        </TextEquiv>
      </TextLine>
      <TextLine id="region0005_line0022" custom="readingOrder {index:20;}">
        <Coords points="706,1600 706,1652 735,1653 740,1658 750,1658 758,1653 823,1651 939,1653 945,1658 954,1658 962,1653 992,1653 1000,1654 1007,1660 1021,1660 1030,1654 1084,1654 1117,1656 1123,1662 1132,1662 1138,1657 1224,1658 1232,1664 1246,1664 1253,1659 1296,1664 1300,1661 1338,1657 1410,1656 1439,1652 1439,1613 1433,1613 1426,1603 1413,1604 1406,1614 1240,1616 1234,1609 1223,1609 1218,1613 1201,1605 1151,1607 1131,1613 1089,1612 1083,1607 1074,1607 1067,1612 1019,1612 1007,1604 978,1604 971,1610 966,1610 959,1602 948,1602 931,1610 888,1610 883,1606 871,1606 866,1610 814,1611 802,1610 796,1603"/>
        <Baseline points="706,1642 1305,1650 1439,1642"/>
        <Word id="region0005_line0022_word0000" custom="readingOrder {index:0;}">
          <Coords points="711,1610 793,1611 793,1651 711,1650"/>
          <TextEquiv conf="0.93249345">
            <Unicode>Theil</Unicode>
          </TextEquiv>
        </Word>
        <Word id="region0005_line0022_word0001" custom="readingOrder {index:1;}">
          <Coords points="807,1620 857,1620 857,1644 807,1644"/>
          <TextEquiv conf="0.93201584">
            <Unicode>vor</Unicode>
          </TextEquiv>
        </Word>
        <Word id="region0005_line0022_word0002" custom="readingOrder {index:2;}">
          <Coords points="873,1614 923,1614 923,1644 873,1644"/>
          <TextEquiv conf="0.9327108">
            <Unicode>den</Unicode>
          </TextEquiv>
        </Word>
        <Word id="region0005_line0022_word0003" custom="readingOrder {index:3;}">
          <Coords points="945,1609 945,1650 1058,1650 1058,1612 1019,1612 1014,1609 972,1609 971,1610 966,1610 965,1609"/>
          <TextEquiv conf="0.9280471">
            <Unicode>heiligen</Unicode>
          </TextEquiv>
        </Word>
        <Word id="region0005_line0022_word0004" custom="readingOrder {index:4;}">
          <Coords points="1074,1613 1137,1613 1137,1650 1074,1650"/>
          <TextEquiv conf="0.92737424">
            <Unicode>drey</Unicode>
          </TextEquiv>
        </Word>
        <Word id="region0005_line0022_word0005" custom="readingOrder {index:5;}">
          <Coords points="1156,1609 1156,1649 1299,1650 1299,1615 1240,1616 1234,1609 1222,1609 1218,1613 1210,1609"/>
          <TextEquiv conf="0.9193443">
            <Unicode>Koͤnigen,</Unicode>
          </TextEquiv>
        </Word>
        <Word id="region0005_line0022_word0006" custom="readingOrder {index:6;}">
          <Coords points="1328,1619 1379,1619 1379,1645 1328,1645"/>
          <TextEquiv conf="0.93146044">
            <Unicode>vor</Unicode>
          </TextEquiv>
        </Word>
        <Word id="region0005_line0022_word0007" custom="readingOrder {index:7;}">
          <Coords points="1409,1609 1406,1614 1401,1614 1401,1645 1434,1645 1434,1613 1433,1613 1430,1609"/>
          <TextEquiv conf="0.7390449">
            <Unicode>ei⸗</Unicode>
          </TextEquiv>
        </Word>
        <TextEquiv conf="0.9053114">
          <Unicode>Theil vor den heiligen drey Koͤnigen, vor ei⸗</Unicode>
        </TextEquiv>
      </TextLine>
      <TextLine id="region0005_line0023" custom="readingOrder {index:21;}">
        <Coords points="848,1660 843,1663 793,1663 763,1669 706,1669 706,1709 800,1711 805,1715 824,1711 830,1716 838,1716 845,1711 896,1711 950,1717 1017,1712 1046,1714 1053,1720 1065,1720 1072,1714 1096,1713 1256,1716 1279,1717 1285,1723 1296,1723 1305,1716 1323,1716 1331,1723 1343,1723 1354,1716 1397,1715 1439,1710 1439,1669 1431,1668 1402,1671 1384,1668 1375,1673 1340,1675 1325,1673 1316,1665 1254,1672 1243,1672 1237,1667 1229,1667 1222,1674 1207,1675 1084,1672 1079,1665 1068,1664 1061,1672 1018,1672 991,1670 972,1662 951,1661 924,1662 909,1670 889,1671 868,1670 862,1661"/>
        <Baseline points="706,1699 1439,1701"/>
        <Word id="region0005_line0023_word0000" custom="readingOrder {index:0;}">
          <Coords points="712,1675 775,1676 775,1700 712,1699"/>
          <TextEquiv conf="0.926978">
            <Unicode>nem</Unicode>
          </TextEquiv>
        </Word>
        <Word id="region0005_line0023_word0001" custom="readingOrder {index:1;}">
          <Coords points="806,1667 806,1706 915,1706 915,1667 915,1667 909,1670 889,1671 868,1670 866,1667"/>
          <TextEquiv conf="0.9250067">
            <Unicode>ſchoͤnen</Unicode>
          </TextEquiv>
        </Word>
        <Word id="region0005_line0023_word0002" custom="readingOrder {index:2;}">
          <Coords points="944,1667 944,1707 1164,1707 1164,1673 1084,1672 1080,1667 1065,1667 1061,1672 1018,1672 991,1670 983,1667"/>
          <TextEquiv conf="0.92953855">
            <Unicode>Frauenzimmer</Unicode>
          </TextEquiv>
        </Word>
        <Word id="region0005_line0023_word0003" custom="readingOrder {index:3;}">
          <Coords points="1226,1669 1222,1674 1207,1675 1198,1674 1198,1701 1250,1702 1250,1672 1243,1672 1240,1669"/>
          <TextEquiv conf="0.9328138">
            <Unicode>mit</Unicode>
          </TextEquiv>
        </Word>
        <Word id="region0005_line0023_word0004" custom="readingOrder {index:4;}">
          <Coords points="1286,1669 1286,1710 1433,1710 1433,1669 1421,1669 1402,1671 1390,1669 1382,1669 1375,1673 1340,1675 1325,1673 1320,1669"/>
          <TextEquiv conf="0.9252269">
            <Unicode>fliegenden</Unicode>
          </TextEquiv>
        </Word>
        <TextEquiv conf="0.9279128">
          <Unicode>nem ſchoͤnen Frauenzimmer mit fliegenden</Unicode>
        </TextEquiv>
      </TextLine>
      <TextLine id="region0005_line0024" custom="readingOrder {index:22;}">
        <Coords points="723,1719 706,1721 706,1770 717,1770 724,1775 734,1775 741,1771 796,1770 826,1773 832,1778 840,1778 845,1774 871,1774 883,1777 890,1771 914,1770 1193,1776 1200,1783 1208,1784 1215,1777 1225,1777 1233,1783 1241,1783 1247,1777 1278,1777 1284,1784 1295,1784 1303,1776 1329,1778 1334,1783 1344,1783 1350,1778 1372,1778 1391,1773 1439,1769 1439,1725 1433,1725 1428,1721 1416,1721 1410,1726 1376,1731 1305,1731 1299,1725 1285,1725 1277,1731 1264,1732 1256,1732 1248,1726 1235,1726 1226,1731 1209,1726 1174,1724 1135,1725 1114,1731 1097,1731 1090,1723 1081,1723 1075,1729 1066,1729 1059,1724 1041,1728 1030,1722 1011,1721 954,1728 946,1720 934,1721 929,1729 904,1728 890,1722 834,1728 767,1728"/>
        <Baseline points="706,1760 1347,1768 1439,1759"/>
        <Word id="region0005_line0024_word0000" custom="readingOrder {index:0;}">
          <Coords points="844,1771 844,1731 711,1730 711,1770 717,1770 717,1770 771,1770 796,1770 803,1771"/>
          <TextEquiv conf="0.9238198">
            <Unicode>Haaren,</Unicode>
          </TextEquiv>
        </Word>
        <Word id="region0005_line0024_word0001" custom="readingOrder {index:1;}">
          <Coords points="875,1732 901,1732 901,1770 875,1770"/>
          <TextEquiv conf="0.9313144">
            <Unicode>ſo</Unicode>
          </TextEquiv>
        </Word>
        <Word id="region0005_line0024_word0002" custom="readingOrder {index:2;}">
          <Coords points="922,1730 966,1730 966,1765 922,1765"/>
          <TextEquiv conf="0.93154657">
            <Unicode>ein</Unicode>
          </TextEquiv>
        </Word>
        <Word id="region0005_line0024_word0003" custom="readingOrder {index:3;}">
          <Coords points="989,1731 1067,1731 1067,1767 989,1767"/>
          <TextEquiv conf="0.92860276">
            <Unicode>Kind</Unicode>
          </TextEquiv>
        </Word>
        <Word id="region0005_line0024_word0004" custom="readingOrder {index:4;}">
          <Coords points="1081,1732 1120,1732 1120,1766 1081,1766"/>
          <TextEquiv conf="0.9295021">
            <Unicode>im</Unicode>
          </TextEquiv>
        </Word>
        <Word id="region0005_line0024_word0005" custom="readingOrder {index:5;}">
          <Coords points="1150,1732 1264,1733 1264,1775 1150,1774"/>
          <TextEquiv conf="0.91284484">
            <Unicode>Schoße</Unicode>
          </TextEquiv>
        </Word>
        <Word id="region0005_line0024_word0006" custom="readingOrder {index:6;}">
          <Coords points="1284,1732 1348,1732 1348,1774 1284,1774"/>
          <TextEquiv conf="0.9219241">
            <Unicode>hat,</Unicode>
          </TextEquiv>
        </Word>
        <Word id="region0005_line0024_word0007" custom="readingOrder {index:7;}">
          <Coords points="1378,1731 1434,1731 1434,1766 1378,1766"/>
          <TextEquiv conf="0.9304627">
            <Unicode>und</Unicode>
          </TextEquiv>
        </Word>
        <TextEquiv conf="0.9262522">
          <Unicode>Haaren, ſo ein Kind im Schoße hat, und</Unicode>
        </TextEquiv>
      </TextLine>
      <TextEquiv>
        <Unicode>baͤrtigen Jupiter und einer geharniſchten
Minerva. Glaubeſt du denn, daß die
Goͤtter ſo ſind? Die Maler geſtalteten die
Goͤtter nach der Art, wie ſie zuweilen den
Menſchen erſchienen; aber daß die Goͤtter ſo
waͤren, wie ſie erſchienen und gemalet wuͤr⸗
den, haben weder die Gaßenjungen in Rom
noch die alten Muͤttergen zu Athen jemals ge⸗
glaubet: Unterdeßen uͤberreden wir uns, daß die
Heyden dieſe Bilder ſelbſt fuͤr die Gotheit gehal⸗
ten, welches uͤberaus unbillig. Man muß
den Maler nicht mit dem Theologen vermen⸗
gen. Laßet einmal in Gedanken uns die
Rolle ſpielen, welche wir zeithero die Heyden
ſpielen laßen. Man ſeze, daß ein fremdes
Volk nach Europa kaͤme, welches weder un⸗
ſere Sitten noch Sprache wuͤßte, alſo unſere
geheiligten Schriften der Propheten weder le⸗
ſen noch verſtehen koͤnte. Dieſes fremde von
mir erdichtete Volk ſiehet, daß der meiſte
Theil vor den heiligen drey Koͤnigen, vor ei⸗
nem ſchoͤnen Frauenzimmer mit fliegenden
Haaren, ſo ein Kind im Schoße hat, und</Unicode>
      </TextEquiv>
    </TextRegion>
  </Page>
</PcGts>
