1805 2810
555 517 622 560 gen
633 505 1031 561 Religionspartheyen
1045 507 1209 561 gehoͤren.
1236 507 1470 558 Natuͤrlicher
1479 511 1604 565 Weiſe

555 565 643 613 muß
661 567 743 617 euch
761 575 857 619 zwar
873 568 1038 614 zuweilen
1051 574 1114 611 der
1133 568 1308 616 Gedanke
1325 569 1503 621 einfallen,
1529 568 1601 620 daß

553 620 725 665 vielleicht
750 630 827 662 iene
875 623 918 672 in
916 621 1087 668 manchen
1110 621 1287 677 Punkten
1313 632 1409 665 irren
1441 620 1599 673 moͤgten.

551 684 623 733 Da
642 689 681 729 es
697 687 782 732 aber
798 685 883 727 eben
902 682 935 738 ſo
957 683 1133 736 natuͤrlich
1151 687 1203 740 iſt,
1225 687 1295 738 daß
1314 686 1369 738 ihr
1385 689 1469 732 eben
1488 688 1598 742 dieſes

553 751 627 785 von
646 744 728 790 euch
747 739 842 792 ſelbſt
859 737 988 787 denken
1012 731 1121 793 koͤnt;
1156 733 1231 785 und
1258 749 1304 787 da
1322 744 1379 793 ihr
1393 744 1597 797 unleugbar

553 802 651 848 nicht
667 802 721 845 die
739 798 907 853 noͤthigen
925 790 1127 853 Einſichten
1144 806 1219 851 und
1235 802 1516 857 Gelehrſamkeit
1537 812 1599 857 zur

551 857 802 910 Beurteilung
818 862 877 901 der
894 869 1026 915 ganzen
1036 860 1164 911 Sache
1174 862 1285 917 habt:
1300 861 1336 913 ſo
1352 863 1391 914 iſt
1416 866 1470 908 wol
1489 865 1600 907 nichts

550 922 705 973 billiger,
730 922 789 964 als
807 918 877 973 daß
896 920 962 973 ihr
962 920 1054 973 euch
1066 922 1157 966 alles
1166 909 1444 979 entſcheidenden
1455 923 1596 968 Urteils

547 986 748 1040 enthaltet;
772 995 847 1032 und
870 986 951 1041 alſo
970 983 1052 1047 noch
1074 982 1218 1047 weniger
1238 992 1305 1034 mit
1322 1001 1416 1034 einer
1434 989 1600 1044 gewiſſen

551 1032 656 1098 Hitze
671 1043 869 1097 dieienigen
883 1044 1068 1098 verachtet,
1085 1045 1263 1099 verketzert
1279 1049 1356 1088 und
1369 1049 1603 1098 verdammet,

551 1111 607 1158 die
629 1114 696 1162 hie
720 1117 779 1158 und
811 1118 856 1154 da
877 1107 1012 1164 anders
1035 1142 1184 1168 denken,
1212 1115 1272 1157 als
1303 1114 1389 1166 ihr.
1419 1114 1604 1162 Wandelt

550 1183 632 1220 nur
640 1165 735 1225 ſelbſt
753 1168 837 1229 nach
855 1176 928 1218 dem
965 1164 1057 1230 Maaß
1088 1184 1190 1219 eurer
1206 1174 1404 1226 Erkentniß
1422 1177 1489 1218 mit
1509 1176 1602 1227 Ehr⸗

548 1224 685 1272 lichkeit
704 1230 784 1281 und
804 1224 924 1272 Treue
944 1220 1018 1274 vor
1043 1217 1148 1274 Gott,
1174 1228 1238 1286 und
1264 1215 1385 1287 bringt
1412 1224 1492 1279 alſo
1515 1239 1600 1272 eure

549 1287 728 1342 Religion
752 1279 838 1344 nach
860 1277 995 1348 beſtem
996 1289 1212 1345 Vermoͤgen
1231 1300 1291 1346 zur
1309 1288 1547 1345 Ausuͤbung:
1567 1290 1603 1347 ſo

548 1349 637 1401 habt
662 1349 717 1401 ihr
734 1344 939 1403 zuverlaͤßig
951 1349 1139 1400 dasienige
1154 1348 1307 1403 gethan,
1333 1340 1418 1394 was
1430 1351 1531 1397 Gott
1548 1359 1604 1405 zu⸗

546 1413 613 1464 erſt
644 1422 703 1454 von
717 1407 809 1468 euch
820 1417 904 1463 und
919 1421 981 1457 von
1000 1412 1099 1456 allen
1119 1414 1285 1464 Chriſten
1298 1415 1478 1464 verlangt.

599 1457 774 1521 Doch
789 1478 915 1524 genug
915 1478 1002 1524 von
1013 1470 1138 1525 dieſem
1153 1471 1287 1530 erſten
1297 1462 1466 1530 Punkt.
1523 1476 1601 1523 Ein

545 1535 632 1581 eben
652 1532 687 1586 ſo
705 1535 896 1588 unzeitiger
912 1535 1015 1585 Eifer
1033 1536 1075 1588 iſt
1093 1532 1132 1587 es
1153 1538 1368 1591 zweytens
1385 1547 1492 1582 wenn
1511 1547 1601 1580 man

545 1581 630 1643 bloß
656 1594 734 1655 bey
760 1582 1067 1652 Nebenſachen
1089 1585 1136 1644 in
1159 1597 1239 1647 der
1253 1595 1461 1655 Religion
1486 1595 1601 1656 ſtehn

547 1649 702 1709 bleibt,
747 1661 822 1701 und
848 1651 1003 1698 daruͤber
1028 1657 1114 1698 eben
1138 1657 1172 1707 ſo
1190 1650 1368 1707 entruͤſtet
1389 1660 1502 1707 wird,
1538 1658 1601 1701 als

545 1717 652 1751 wenn
675 1712 715 1750 es
731 1708 789 1749 die
808 1697 1048 1762 Hauptſache
1059 1698 1158 1760 ſelbſt
1182 1706 1332 1763 betraͤfe.
1391 1697 1505 1759 Was
1529 1712 1599 1756 kan

543 1772 727 1824 trauriger
760 1769 856 1826 ſeyn,
885 1775 948 1816 als
957 1785 1064 1822 wenn
1082 1784 1170 1818 man
1185 1773 1275 1825 ſehn
1284 1772 1385 1830 muß,
1401 1776 1472 1829 daß
1488 1776 1598 1829 Chri⸗

543 1832 616 1887 ſten
634 1833 747 1876 wider
763 1833 934 1876 einander
951 1844 1014 1877 um
1034 1833 1155 1884 bloßer
1173 1832 1311 1881 Worte
1326 1839 1405 1885 und
1420 1835 1597 1890 Formeln

545 1891 667 1938 willen
686 1893 723 1937 in
745 1887 850 1945 Eifer
865 1890 1059 1946 gerathen;
1099 1896 1183 1936 oder
1204 1902 1312 1937 wenn
1334 1896 1422 1944 eben
1447 1897 1518 1938 das
1536 1904 1602 1938 um

543 1953 700 2007 gewißer
718 1951 931 2005 aͤuſerlichen
951 1952 1165 2008 Gebraͤuche
1183 1955 1328 2003 willen,
1346 1961 1401 2002 die
1417 1957 1503 2005 doch
1521 1957 1600 2004 voͤl⸗

543 2021 596 2071 lig
614 2025 673 2062 der
692 2017 901 2074 chriſtlichen
927 2014 1079 2078 Freyheit
1095 2014 1287 2076 uͤberlaſſen
1305 2019 1392 2075 ſind,
1408 2020 1599 2075 geſchieht?

543 2080 630 2122 Und
655 2088 762 2122 wenn
787 2081 828 2121 es
852 2077 954 2128 auch
967 2079 1120 2134 wirklich
1139 2075 1318 2136 Sachen
1334 2088 1419 2126 oder
1435 2076 1598 2138 Lehren

543 2137 704 2194 betraͤfe;
721 2139 756 2197 ſo
775 2140 859 2195 ſieht
870 2143 904 2186 ia
916 2140 1006 2185 ieder
1016 2139 1246 2196 vernuͤnftige
1256 2143 1406 2196 Menſch
1417 2143 1517 2195 leicht
1526 2145 1599 2196 ein,

545 2199 619 2250 daß
646 2203 739 2250 nicht
762 2203 871 2250 alles,
908 2204 992 2244 was
1008 2210 1069 2255 zur
1096 2201 1392 2254 Glaubenslehre
1417 2202 1599 2255 gerechnet

544 2263 659 2307 wird,
689 2263 794 2311 gleich
820 2264 962 2315 wichtig
988 2261 1069 2317 ſeyn
1094 2263 1219 2308 koͤnne.
1282 2265 1341 2310 Es
1359 2266 1435 2317 gibt
1452 2264 1601 2314 unleug⸗

542 2321 630 2368 bare
643 2314 814 2381 Haupt⸗
830 2326 905 2367 und
913 2307 1355 2378 Grundwahrheiten,
1371 2323 1499 2377 welche
1509 2323 1603 2372 nicht
