3117 4748
1058 470 1159 520 504

1744 463 2170 514 PASSION.

1066 548 1172 595 dieſen
1182 546 1320 596 Greuel
1317 556 1368 604 zu
1371 550 1483 606 thun?
1493 550 1621 604 Suche
1630 555 1677 599 im
1684 552 1844 610 Regiſter
1851 557 1931 603 Be⸗

1062 605 1273 663 ſtraffung
1278 614 1369 652 oder
1371 619 1549 657 Straffe.

1105 664 1259 711 HErr/
1262 668 1454 709 gedencke
1462 671 1588 712 mein/
1596 677 1716 709 wenn
1719 671 1784 709 du
1790 674 1839 709 in
1845 679 1929 709 dein

1065 712 1197 769 Reich
1218 723 1399 756 kommeſt.
1464 720 1563 767 Der
1570 712 1717 777 Glaube
1730 712 1836 779 ſiehet
1842 718 1932 764 hier/

1066 765 1148 814 was
1157 770 1193 811 er
1202 763 1287 812 nicht
1299 764 1419 814 ſiehet/
1414 767 1481 817 der
1490 766 1675 823 Schaͤcher
1686 769 1785 820 ſiehet
1802 770 1925 809 nichts/

1064 816 1122 855 als
1146 817 1210 855 den
1234 819 1467 869 gecreutzigten
1481 820 1664 875 JEſum;
1701 821 1768 879 Der
1785 821 1912 880 Glaube

1062 873 1146 918 aber
1182 874 1283 927 ſiehet
1311 878 1362 921 die
1389 880 1521 929 Gnade
1554 883 1854 937 GOTTES/
1872 887 1924 933 die

1060 919 1286 976 Vergebung
1311 924 1415 978 ſeiner
1438 927 1643 979 Suͤnden/
1663 936 1718 981 die
1741 931 1922 989 Kuͤnfftige

1059 976 1376 1036 uͤberſchwengliche
1414 984 1638 1041 Herrlichkeit
1661 995 1735 1035 und
1772 993 1919 1043 Freude.

1058 1029 1186 1074 Drum
1201 1030 1238 1080 iſt
1264 1036 1323 1077 der
1341 1032 1487 1085 Glaube
1510 1038 1565 1085 die
1601 1038 1773 1092 allerbeſte
1787 1036 1912 1096 Kunſt.

1060 1088 1103 1126 II.
1115 1090 1192 1137 220
1192 1091 1277 1141 5.
1244 1085 1280 1143 P.
1286 1095 1315 1136 5.

1103 1132 1184 1192 Der
1203 1134 1343 1193 Glaube
1339 1135 1392 1198 iſt
1392 1137 1446 1197 ein
1437 1137 1599 1202 Kampff.
1601 1143 1791 1200 V.1043⸗31.
1808 1149 1857 1202 P.
1859 1154 1911 1196 10.

1103 1186 1183 1245 Der
1199 1187 1345 1247 Glaube
1351 1198 1391 1248 iſt
1400 1201 1452 1244 die
1464 1197 1616 1251 Tugend
1623 1195 1703 1256 aller
1706 1196 1905 1260 Tugenden.

1058 1236 1098 1288 II.
1107 1251 1231 1285 240⸗6.
1245 1240 1298 1290 P.
1312 1244 1348 1288 6.
1363 1248 1399 1292 a.

1108 1299 1190 1344 Und
1205 1297 1290 1348 muß
1301 1310 1385 1345 man
1396 1300 1547 1354 glauben
1566 1307 1673 1355 wider
1680 1312 1752 1356 das
1759 1308 1908 1359 Sehen/

1053 1344 1190 1402 Fuͤhlen
1197 1356 1269 1395 und
1271 1348 1453 1402 Duͤncken/
1463 1358 1523 1398 IV.
1537 1359 1675 1411 512⸗44.
1686 1354 1727 1417 P.
1741 1366 1857 1407 14.m.

1104 1399 1292 1458 Chriſtus
1305 1408 1532 1459 antwortet
1537 1405 1657 1467 ihm/
1673 1417 1755 1458 und
1769 1411 1907 1467 ſaget:

1049 1460 1178 1496 Heute
1190 1454 1300 1510 wirſt
1311 1460 1366 1502 du
1377 1461 1455 1504 mit
1462 1464 1539 1506 mir
1537 1462 1602 1516 im
1622 1459 1798 1523 Paradies
1814 1464 1904 1522 ſeyn.

1046 1494 1176 1567 JEſus
1181 1502 1294 1564 ruͤcket
1310 1515 1381 1564 ihm
1388 1513 1477 1568 ſeine
1477 1514 1640 1570 Suͤnden
1649 1522 1739 1569 nicht
1751 1524 1825 1569 auf:
1833 1528 1905 1573 ſon⸗

1047 1563 1131 1605 dern
1141 1560 1176 1613 ſo
1191 1560 1274 1607 bald
1282 1574 1311 1607 er
1326 1561 1378 1622 ſie
1374 1564 1538 1620 bereuet/
1562 1574 1634 1615 und
1647 1580 1687 1623 zu
1695 1569 1832 1627 Chriſto
1837 1569 1912 1631 ſich

1044 1619 1181 1663 wendet
1195 1619 1267 1671 ſind
1276 1620 1318 1674 ſie
1337 1615 1397 1677 ihm
1407 1615 1548 1677 alleſamt
1573 1618 1723 1685 gaͤntzlich
1726 1628 1906 1682 vergeben.

1045 1668 1124 1715 Die
1136 1669 1365 1723 Vergebung
1387 1678 1449 1719 der
1474 1674 1643 1726 Suͤnden
1668 1679 1707 1730 iſt
1730 1683 1826 1732 gantz
1850 1689 1905 1732 ge⸗

1044 1721 1127 1771 wiß.
1137 1725 1285 1771 II.290⸗5.
1293 1730 1335 1773 P.
1344 1735 1428 1769 8.m.

1096 1776 1177 1823 Die
1188 1774 1410 1831 Vergebung
1429 1774 1492 1829 der
1506 1781 1638 1834 Suͤnden
1652 1779 1704 1835 iſt
1713 1780 1788 1842 auch
1806 1782 1901 1844 allge⸗

1042 1825 1134 1870 mein
1146 1830 1219 1872 und
1226 1828 1464 1879 vollkommen/
1470 1833 1647 1886 II.294⸗14.
1654 1834 1708 1889 P.
1720 1846 1750 1882 8.

1094 1870 1176 1909 Sie
1198 1873 1235 1913 iſt
1261 1876 1464 1913 unverruͤckt
1495 1885 1569 1912 und
1592 1890 1687 1923 gantz
1711 1881 1927 1929 beſtaͤndig/

1039 1931 1126 1977 ibid.
1136 1940 1183 1978 m.

1087 1980 1182 2029 Und
1197 1983 1251 2029 da
1261 1993 1304 2027 es
1316 1995 1385 2031 um
1403 1988 1465 2032 die
1476 1986 1779 2045 ſechſteStunde
1792 1994 1920 2040 kam/

1040 2041 1157 2084 ward
1188 2043 1269 2086 eine
1289 2039 1516 2102 Finſterniß
1540 2049 1636 2095 uͤber
1660 2053 1739 2094 das
1761 2061 1920 2108 gantze

1035 2092 1172 2138 Land/
1179 2094 1249 2149 biß
1260 2107 1330 2139 um
1346 2100 1408 2141 die
1416 2096 1591 2153 neundte
1600 2103 1766 2150 Stunde
1810 2106 1895 2150 und

1031 2148 1095 2188 die
1095 2139 1245 2200 Sonne
1267 2149 1429 2204 verlohr
1453 2155 1566 2207 ihren
1575 2157 1745 2204 Schein.
1796 2159 1927 2207 Und

1033 2208 1094 2242 um
1101 2193 1168 2246 die
1179 2203 1346 2248 neundte
1344 2197 1532 2259 Stunde
1531 2207 1634 2267 rieff
1637 2209 1791 2268 JEſus
1794 2218 1898 2259 laut

1030 2252 1116 2296 und
1131 2250 1286 2308 ſprach:
1297 2257 1409 2302 Eli/
1414 2262 1528 2310 Eli/
1529 2262 1638 2307 lama
1662 2264 1889 2322 aſapthani.

1029 2306 1124 2351 Das
1144 2304 1194 2359 iſt
1238 2310 1578 2367 verdolmetſchet:
1590 2311 1713 2370 Mein
1749 2323 1889 2368 GOtt/

1031 2359 1135 2402 mein
1142 2358 1306 2408 GOtt/
1324 2366 1483 2408 warum
1511 2364 1603 2422 haſt
1613 2368 1667 2423 du
1675 2368 1771 2426 mich
1804 2382 1891 2417 ver⸗

1030 2400 1174 2462 laſſen?

1080 2460 1153 2509 Hie
1167 2463 1341 2514 geſchehen
1363 2469 1476 2524 groſſe
1499 2473 1687 2518 Wunder.
1733 2470 1814 2520 Daß
1838 2472 1914 2519 die

1026 2505 1227 2554 Creaturen
1241 2515 1296 2554 die
1304 2512 1465 2559 Suͤnder
1478 2519 1568 2568 nicht
1579 2518 1734 2569 alſofort
1754 2519 1889 2574 auffrei⸗

1027 2556 1113 2615 ben/
1116 2559 1164 2616 iſt
1164 2560 1216 2617 ein
1240 2563 1372 2619 groſſes
1399 2567 1593 2621 Wunder/
1625 2565 1665 2625 II.
1676 2576 1806 2621 116⸗10.
1831 2573 1884 2630 P.

1026 2630 1108 2665 I.m.

1076 2673 1158 2723 Sie
1182 2674 1301 2723 dienen
1322 2677 1431 2728 denen
1449 2679 1637 2736 Gottloſen
1663 2687 1727 2732 mit
1746 2685 1879 2742 Seuff⸗

1020 2727 1102 2777 zen/
1103 2722 1163 2781 wie
1196 2730 1248 2775 die
1258 2723 1406 2787 Sonne
1410 2730 1493 2794 auch
1522 2736 1623 2790 thut/
1636 2734 1704 2788 daß
1725 2737 1769 2791 ſie
1793 2743 1878 2791 auch

1018 2781 1260 2843 dieſerwegen/
1268 2780 1330 2842 daß
1359 2794 1411 2843 die
1425 2785 1614 2852 Gottloſen
1617 2788 1772 2850 JEſum
1772 2795 1905 2846 ihren

1017 2830 1211 2896 Schoͤpffer
1228 2835 1405 2899 getoͤdtet/
1431 2849 1483 2893 die
1489 2839 1632 2902 Trauer
1662 2849 1878 2903 angeleget/)

1015 2897 1127 2943 denen
1150 2896 1341 2951 Frommen
1353 2902 1437 2951 aber
1458 2908 1524 2954 mit
1541 2906 1626 2958 Luſt.
1693 2911 1733 2953 II.
1754 2907 1872 2949 337⸗14

1014 2947 1070 3000 P.
1085 2959 1137 2987 20.
1153 2959 1187 2992 a.

1062 2994 1233 3049 Chriſtus
1264 2999 1408 3050 ſpricht:
1422 2997 1535 3048 Mein
1561 3003 1717 3049 GOtt/
1737 3015 1909 3055 warum

1011 3049 1086 3097 haſt
1108 3051 1147 3098 du
1157 3051 1242 3102 mich
1255 3052 1444 3105 verlaſſen?
1460 3057 1590 3104 Damit
1615 3062 1679 3106 hat
1691 3055 1729 3105 er
1742 3051 1794 3107 fuͤr
1803 3061 1877 3110 uns

1012 3100 1164 3151 bezahlet
1187 3107 1204 3143 t
1228 3100 1297 3152 daß
1321 3115 1386 3150 wir
1401 3106 1520 3156 GOtt
1556 3107 1720 3164 verlaſſen
1742 3112 1876 3163 hatten.

1011 3147 1229 3203 Nunmehrs
1256 3153 1338 3202 aber
1359 3155 1424 3205 kan
1440 3158 1562 3209 GOtt
1585 3164 1639 3209 die
1677 3153 1862 3221 Glaͤubigen

1007 3207 1095 3260 nicht
1112 3206 1299 3264 verlaſſen/
1312 3210 1356 3266 ſie
1371 3217 1507 3265 werden
1517 3212 1706 3270 vonGOtt
1715 3215 1867 3274 geliebet/

1008 3266 1059 3309 IlI.
1074 3275 1205 3318 479⸗25.
1223 3265 1266 3321 P
1290 3283 1317 3319 5.
1333 3279 1380 3314 m.

1056 3313 1136 3359 Und
1145 3324 1238 3367 zwar
1250 3318 1352 3367 liebet
1361 3319 1404 3374 ſie
1416 3321 1540 3373 GOtt
1558 3320 1748 3380 beſtaͤndig/
1757 3328 1874 3379 II.325⸗

1005 3367 1058 3424 26.
1073 3370 1121 3424 P.
1127 3376 1164 3426 9.
1177 3373 1223 3416 m.
1232 3367 1269 3416 ll.
1272 3382 1395 3423 330⸗36.
1412 3368 1466 3432 P.
1483 3377 1541 3420 10.
1557 3382 1606 3418 m.

1046 3399 1126 3462 Die
1151 3419 1326 3477 Frommen
1347 3424 1454 3479 haben
1466 3423 1629 3473 GOttes
1654 3423 1760 3481 Hertz
1760 3425 1801 3482 in
1822 3428 1870 3480 ih-

1001 3481 1064 3521 rer
1068 3482 1195 3533 Hand
1198 3482 1241 3526 II.
1250 3488 1357 3535 358⸗15.
1364 3488 1414 3524 P.
1427 3491 1478 3530 II.
1485 3490 1539 3533 m.

1048 3527 1143 3582 Daß
1169 3530 1290 3586 GOtt
1312 3543 1416 3585 unſer
1436 3536 1521 3584 iſt/
1534 3545 1585 3585 iſt
1584 3547 1645 3586 der
1662 3534 1869 3582 Glaͤubigen

1001 3580 1145 3638 hoͤchſter
1153 3584 1259 3641 Troſt
1274 3592 1346 3637 und
1359 3588 1629 3651 Gluͤckſeligkeit.
1646 3599 1693 3642 V.
1709 3604 1864 3643 1032⸗26.

1003 3634 1043 3671 P
1051 3631 1149 3684 9.m.

1047 3693 1173 3735 Ihnen
1187 3704 1285 3746 wird
1285 3698 1341 3742 die
1349 3701 1472 3741 Liebe/
1478 3701 1604 3751 Treue
1612 3706 1697 3756 und
1712 3704 1862 3749 Suͤßig⸗

996 3744 1066 3803 keit
1066 3744 1186 3806 JEſu
1186 3744 1320 3807 Chriſti
1326 3744 1395 3806 ins
1395 3744 1504 3812 Hertz
1504 3744 1738 3815 geſchrieben/
1741 3759 1782 3805 II.
1783 3744 1868 3817 375⸗

1001 3803 1059 3836 20.
1068 3791 1119 3839 P.
1134 3811 1183 3840 12.
1194 3814 1244 3852 m.

1045 3842 1158 3899 Zwar
1166 3855 1305 3900 meynen
1313 3853 1367 3898 die
1377 3852 1520 3909 geiſtlich
1534 3857 1617 3910 hoch
1630 3857 1857 3917 Angefochte⸗

996 3916 1085 3950 nen/
1113 3901 1156 3957 ſie
1176 3897 1242 3964 ſeyn
1251 3907 1323 3969 von
1331 3906 1455 3974 GOtt
1463 3914 1637 3970 verlaſſen,
1647 3923 1710 3968 IV.
1720 3923 1853 3975 386⸗19.

991 3958 1046 4013 P.
1059 3971 1107 4001 12.
1124 3967 1161 4006 a.

2032 546 2094 616 Es
2087 549 2143 616 iſt
2135 548 2242 614 aber
2256 554 2381 620 nicht/
2392 569 2513 620 GOtt
2527 567 2680 624 verlaͤſſet
2692 576 2735 628 ſie
2749 575 2850 630 nicht,

1976 613 2330 658 V.861.26.P.4.a.

2256 729 2576 776 ADDIT.

2032 788 2105 827 Es
2120 787 2209 829 war
2212 780 2324 835 deine
2332 772 2570 838 Finſterniß.
2601 793 2709 839 Dieſe
2728 803 2848 841 bedeu⸗

1978 837 2027 877 tet
2037 838 2100 877 wie
2118 838 2180 893 die
2177 836 2371 881 Creaturen
2395 844 2451 884 ſich
2463 843 2667 893 betruͤben/
2691 846 2758 895 daß
2787 850 2845 890 der

1980 892 2139 948 gottloſen
2158 890 2250 949 Leute
2255 899 2307 949 ihr
2323 899 2507 953 Verſtand
2525 906 2597 949 und
2610 906 2710 959 Hertz
2723 907 2757 957 ſo
2771 917 2846 952 ver⸗

1973 941 2099 997 finſtert
2107 949 2200 988 war/
2205 946 2269 990 und
2277 947 2404 993 wollen
2415 949 2503 997 nicht
2509 953 2670 1001 erkennen
2680 958 2743 999 den
2753 954 2841 1003 Va⸗

1968 999 2020 1052 ter
2043 998 2095 1050 des
2107 1000 2224 1051 Lichts.
2278 1004 2354 1051 Die
2368 1006 2570 1059 verfinſterte
2580 1011 2721 1060 Sonne
2741 1014 2844 1067 zeiget

1968 1053 2032 1104 an/
2038 1054 2119 1095 was
2132 1055 2185 1096 die
2214 1047 2344 1108 Suͤnden
2364 1055 2418 1109 fuͤr
2428 1049 2551 1111 GOtt
2558 1054 2649 1118 ſeyn:
2663 1062 2745 1109 Sie
2745 1063 2843 1112 blen⸗

1976 1101 2032 1158 den
2052 1103 2120 1158 den
2113 1107 2317 1160 Menſchen/
2317 1111 2344 1159 I.
2355 1124 2445 1162 12.4.
2459 1113 2513 1167 P.
2523 1127 2554 1157 2.

2019 1160 2097 1206 Die
2107 1158 2271 1210 Suͤnden
2279 1162 2350 1214 ſind
2365 1168 2417 1209 ein
2427 1166 2561 1215 Greuel
2583 1166 2641 1221 fuͤr
2649 1170 2778 1220 GOtt.
2812 1178 2841 1216 I.

1965 1224 2074 1266 70⸗11.
2084 1213 2136 1266 P.
2152 1223 2173 1254 6.

2013 1257 2119 1304 Dieſe
2130 1261 2404 1306 Verfinſterung
2422 1266 2536 1301 deutet
2554 1265 2660 1314 dieſen
2678 1265 2842 1322 Kindern

1961 1322 2023 1362 der
2034 1315 2224 1375 Finſterniß
2233 1331 2287 1365 an/
2295 1319 2380 1374 daß/
2384 1328 2428 1372 wo
2440 1319 2492 1382 ſie
2493 1325 2554 1379 ſich
2563 1327 2649 1382 nicht
2660 1329 2838 1381 bekehren/

1959 1369 2005 1422 ſie
2012 1369 2095 1415 bald
2106 1381 2146 1416 in
2161 1373 2214 1419 die
2223 1374 2327 1418 ewige
2339 1373 2530 1429 Finſterniß
2538 1382 2674 1424 werden
2687 1383 2838 1434 geworf⸗

1961 1421 2016 1474 fen
2039 1426 2186 1469 werden.
2285 1419 2403 1475 Denn
2426 1440 2484 1482 zur
2501 1421 2768 1487 Verdammniß
2799 1438 2838 1489 iſt

1959 1472 2041 1522 auch
2049 1474 2120 1519 eine
2128 1476 2257 1529 eintzige
2270 1485 2383 1529 genug
2394 1480 2592 1536 geſchweige
2607 1477 2644 1537 ſo
2657 1487 2776 1534 viel/
2775 1492 2837 1534 als

1958 1528 2044 1580 dieſe
2044 1530 2184 1583 gethan.
2200 1534 2221 1575 I.
2237 1539 2348 1579 91⸗26.
2365 1537 2446 1582 P.7.
2454 1548 2502 1582 m.

2006 1582 2133 1629 Mein
2156 1584 2330 1634 GOtt/
2350 1596 2509 1633 warum
2532 1588 2622 1645 haſt
2645 1593 2703 1639 du
2725 1593 2831 1641 mich

1956 1637 2183 1695 verlaſſen?
2217 1641 2323 1697 Dieſe
2361 1646 2537 1692 Redens⸗
2563 1651 2673 1696 Art:
2704 1656 2833 1697 Mein

1956 1689 2094 1736 GOtt
2113 1689 2240 1743 muͤſſen
2249 1696 2313 1736 wir
2329 1704 2401 1740 von
2410 1697 2522 1751 JEſu
2522 1699 2655 1751 lernen.
2722 1703 2833 1752 Was

1956 1741 1998 1791 es
1998 1740 2098 1793 heiſſe
2108 1746 2234 1792 Mein
2242 1749 2400 1796 GOtt?
2411 1756 2471 1795 IV.
2482 1763 2540 1800 153⸗
2554 1757 2625 1802 46.
2645 1755 2698 1808 P.
2711 1762 2746 1799 6.
2754 1767 2804 1800 m.

2002 1790 2080 1849 Die
2094 1790 2291 1858 Zueignung
2317 1794 2435 1860 Chriſti
2435 1796 2478 1860 iſt
2490 1804 2563 1857 ſehr
2569 1805 2731 1858 ſchwer/
2785 1814 2829 1855 II.

1932 1834 2103 1896 249⸗25.
2114 1853 2197 1888 P.6.

2004 1893 2086 1941 Die
2109 1868 2317 1949 Zueignung
2344 1895 2380 1946 in
2409 1897 2527 1943 dieſem
2545 1899 2654 1956 Leben
2684 1902 2724 1947 iſt
2756 1905 2829 1949 ſehr

1950 1942 2111 2009 ſchwach.
2125 1945 2161 2002 V.
2175 1962 2323 2002 1022⸗26.
2336 1959 2420 2008 P.9.

1987 1999 2170 2058 Exempel
2171 2005 2302 2057 hievon.
2318 2008 2370 2050 IIl.
2382 2013 2514 2056 642⸗16.
2525 2011 2567 2057 P.
2583 2021 2686 2061 13.m.

1997 2055 2165 2116 Etliche
2177 2059 2267 2116 aber
2269 2064 2337 2120 die
2343 2064 2387 2126 da
2395 2063 2597 2122 ſtunden/
2620 2069 2669 2122 da
2667 2072 2737 2126 ſie
2745 2073 2826 2127 das

1946 2108 2110 2170 hoͤreten
2135 2113 2320 2174 ſprachen
2333 2119 2422 2171 ſie:
2426 2121 2507 2167 Der
2515 2122 2641 2179 ruffet
2659 2129 2747 2171 dem
2763 2128 2827 2172 E⸗

1946 2168 2038 2211 lias.
2104 2167 2295 2219 Darnach
2305 2175 2371 2217 als
2403 2174 2532 2231 JEſus
2543 2174 2733 2239 wuſte/
2740 2182 2825 2237 daß

1944 2218 2059 2274 ſchon
2088 2221 2188 2265 alles
2231 2225 2461 2274 vollbracht
2488 2240 2616 2275 war/
2656 2235 2737 2287 daß
2760 2238 2824 2279 die

1941 2271 2132 2331 Schriſft
2142 2276 2297 2332 erfuͤllet
2307 2281 2442 2326 wuͤrde
2454 2278 2603 2339 ſpricht
2610 2298 2684 2327 er:
2693 2288 2825 2335 Mich

1943 2324 2111 2382 duͤrſtet.
2168 2330 2215 2376 Da
2234 2330 2352 2383 ſtund
2366 2347 2429 2378 ein
2439 2335 2588 2391 Gefaͤß
2595 2333 2681 2386 voll
2688 2333 2825 2396 Eßig/

1927 2369 2026 2423 und
2054 2380 2152 2423 bald
2190 2382 2286 2433 lieff
2310 2390 2412 2426 einer
2439 2396 2558 2430 unter
2585 2390 2706 2439 ihnen
2732 2396 2821 2444 hin/

1940 2428 2065 2473 nahm
2079 2433 2190 2469 einen
2203 2431 2493 2481 Schwamm/
2510 2438 2593 2480 und
2609 2437 2727 2492 fuͤllet
2748 2442 2821 2498 ihn

1940 2488 2021 2523 mit
2031 2483 2155 2545 Eßig
2170 2488 2253 2527 und
2276 2486 2467 2545 Jſopen/
2507 2496 2590 2536 und
2613 2494 2722 2550 ſteckt
2746 2506 2819 2544 ihn

1938 2524 2038 2581 auff
2043 2539 2103 2571 ein
2119 2530 2259 2580 Rohr/
2288 2537 2369 2577 und
2385 2533 2507 2590 hielts
2526 2538 2611 2593 ihm
2632 2545 2705 2583 dar
2725 2553 2818 2594 zum

1934 2583 2102 2631 Munde
2141 2588 2223 2630 und
2235 2587 2601 2647 traͤncket
2430 2591 2512 2653 ihn/
2523 2596 2596 2652 und
2617 2596 2756 2655 ſprach
2767 2608 2818 2660 zu

1935 2644 2009 2686 den
2026 2648 2204 2692 andern:
2228 2650 2331 2694 Halt
2352 2652 2422 2705 laß
2443 2652 2581 2708 ſehen/
2611 2661 2665 2701 ob
2682 2660 2815 2705 Elias

1930 2696 2115 2744 komme/
2131 2698 2214 2742 und
2230 2688 2304 2752 ihn
2327 2697 2453 2756 herab
2480 2702 2634 2766 nehme.
2648 2706 2717 2754 Da
2730 2717 2817 2753 nun

1931 2746 2087 2803 JEſus
2087 2752 2142 2804 ꝛc.

1984 2807 2092 2856 Dieſe
2114 2811 2213 2857 Leute
2232 2812 2367 2866 ſpotten
2383 2817 2443 2861 der
2466 2816 2650 2873 ſehnlichen
2671 2823 2814 2874 Worte

1929 2853 1998 2914 des
2005 2844 2143 2914 HErrn
2158 2855 2271 2923 JEſu.
2327 2864 2389 2919 Jn
2402 2865 2580 2921 Dingen/
2580 2869 2635 2926 die
2648 2875 2703 2925 zur
2712 2874 2812 2926 Ehre

1928 2917 2091 2965 GOttes
2098 2918 2321 2972 gereichen/
2334 2923 2420 2974 muß
2432 2934 2519 2971 man
2538 2929 2628 2979 nicht
2642 2931 2811 2983 ſchertzen/

1933 2962 1973 3011 III.
1983 2971 2113 3015 601⸗28.
2123 2970 2180 3023 P.
2187 2983 2231 3014 II.
2245 2981 2295 3014 m.

1992 3008 2086 3068 Den
2106 3013 2234 3072 HErrn
2256 3012 2383 3077 JEſum
2414 3021 2589 3077 duͤrſtet/
2622 3027 2724 3076 weiln
2733 3030 2809 3079 kein

1926 3067 2065 3122 Durſt/
2084 3070 2177 3125 Hitze/
2186 3065 2295 3128 Eyfer
2310 3080 2386 3121 und
2399 3075 2614 3131 Verlangen
2628 3082 2711 3135 nach
2730 3085 2802 3135 ihm

1933 3111 1993 3175 bey
2004 3117 2064 3170 uns
2073 3115 2136 3176 iſt.
2179 3124 2267 3173 Der
2293 3117 2406 3183 Durſt
2427 3123 2485 3180 und
2502 3132 2570 3178 das
2586 3131 2804 3188 Verlangen

1928 3166 1961 3224 in
1978 3165 2163 3235 geiſtlichen
2165 3169 2216 3236 iſt
2222 3170 2337 3232 GOtt
2336 3178 2557 3243 angenehm/
2590 3187 2651 3229 IV.
2667 3197 2803 3239 179-24.

1925 3227 2020 3282 P.7.
2034 3238 2085 3273 m.

1972 3285 2274 3337 Auffmunterung
2282 3289 2426 3349 dazu/II.
2434 3292 2618 3348 230⸗21.P.
2632 3308 2657 3349 5.
2674 3301 2717 3358 m.

1975 3335 2108 3388 Deſſen
2118 3334 2397 3393 Eigenſchafften/
2409 3342 2446 3389 II.
2455 3345 2628 3402 226⸗15.
2583 3347 2693 3407 P.5.

1971 3377 2068 3427 Das
2080 3379 2295 3441 Verlangen
2304 3389 2341 3446 iſt
2352 3403 2455 3446 gleich
2467 3399 2548 3452 dem
2556 3403 2713 3469 Hunger
2725 3399 2801 3452 und

1920 3431 2053 3485 Durſt.
2084 3434 2124 3478 II.
2150 3447 2253 3485 221⸗7.
2273 3440 2345 3493 P.5.
2362 3455 2409 3499 m.
2425 3453 2513 3508 item
2528 3459 2568 3504 II.
2591 3470 2679 3512 222⸗
2693 3466 2729 3512 9.
2738 3456 2793 3518 P.

1914 3493 1948 3545 5.

1990 3533 2187 3598 Verlangen
2199 3544 2294 3601 ſollen
2308 3555 2372 3606 wir
2382 3555 2493 3614 haben
2499 3559 2585 3622 nach
2602 3565 2681 3614 dem
2697 3559 2794 3616 Ewi⸗

1924 3597 1977 3660 gen
1989 3599 2107 3652 Leben/
2114 3611 2161 3653 V.
2170 3610 2371 3670 1008-32.
2350 3610 2425 3673 P.8.

1960 3644 2126 3702 Chriſtus
2145 3653 2280 3716 JEſus
2292 3667 2472 3716 befiehlet
2506 3664 2613 3729 ſeinen
2630 3668 2732 3728 Geiſt
2755 3666 2792 3720 in

1921 3710 2015 3750 ſeines
2024 3713 2171 3757 Vaters
2183 3719 2326 3762 Haͤnde/
2334 3728 2402 3772 und
2407 3733 2512 3765 damit
2519 3734 2720 3775 verſcheidet
2732 3737 2786 3768 er.

1913 3759 2007 3801 Wir
2016 3768 2125 3809 ſollen
2139 3772 2225 3821 auch
2231 3780 2264 3834 ſo
2266 3786 2411 3822 leben/
2426 3781 2499 3815 daß
2511 3789 2578 3828 wir
2590 3798 2644 3827 an
2650 3781 2788 3819 unſerm

1908 3818 2011 3867 Ende
2024 3815 2154 3873 koͤnnen
2166 3827 2285 3883 unſere
2294 3826 2413 3878 Seele
2436 3832 2471 3877 in
2479 3833 2641 3889 GOttes
2655 3826 2789 3889 Haͤnde

1906 3859 2202 3918 uͤberantworten.
2254 3878 2346 3926 Bey
2357 3883 2465 3920 einem
2474 3886 2614 3937 ſeeligen
2631 3881 2733 3932 Tode
2747 3876 2786 3929 iſt

1901 3920 2013 3977 groſſe
2018 3924 2292 3992 Gluͤckſeligkeit/
2302 3933 2333 3974 I.
2345 3941 2429 3988 12⸗5.
2458 3936 2510 3992 P.
2518 3942 2592 3990 2,II.
2602 3990 2697 3993 353⸗3.
2602 3946 2707 3990 353⸗3.
2726 3935 2782 3990 P.
2734 3990 2750 3991 P.

1880 3972 2002 4030 II.m.

2696 3999 2780 4032 Der
