1599 2346
200 479 376 527 uͤberhaupt
398 478 564 527 betreffen;
589 473 779 522 beſondere,
810 482 902 511 wenn
923 474 963 510 ſie
985 485 1044 510 nur

202 536 233 571 in
250 532 425 576 Beziehung
446 529 501 569 auf
522 528 637 572 gewiſſe
652 529 807 573 Perſonen
833 529 903 562 oder
919 526 1046 563 Sachen

203 581 287 617 eines
300 576 552 624 kriegfuͤhrenden
561 578 684 614 Staats
695 575 905 619 abgeſchloſſen
914 574 1048 609 werden.

186 626 378 675 Beſondere
395 627 647 674 Kriegsvertraͤge
662 619 778 663 koͤnnen
796 637 855 663 von
874 626 1048 667 feindlichen

204 687 456 732 Befehlshabern
468 684 680 728 eingegangen
694 684 816 719 werden
831 682 877 723 (§.
890 691 910 723 7
919 678 1001 720 14.).

203 735 420 784 Anmerkung.
463 725 605 779 Cartelle.

555 829 584 869 §.
623 837 709 872 727.

282 886 385 921 Wenn
406 884 455 919 die
477 874 732 923 Kriegsvertraͤge
763 875 944 922 gegenſeitig
970 876 1055 916 ſind;

210 941 242 982 ſo
259 940 316 982 gilt
332 947 392 974 von
419 937 530 981 ihnen,
550 938 620 974 was
644 932 820 980 uͤberhaupt
844 940 904 967 von
933 933 989 967 den
1009 940 1057 975 ge⸗

212 992 394 1039 genſeitigen
411 987 589 1035 Vertraͤgen
606 989 672 1035 gilt.
703 989 826 1034 Mithin
845 997 934 1024 wenn
957 987 995 1030 ſie
1012 994 1061 1030 ge⸗

213 1040 355 1085 genſeitig
381 1038 463 1081 ſind,
490 1035 528 1079 1)
544 1040 573 1080 ſo
598 1035 711 1077 muͤſſen
725 1036 772 1078 ſie
795 1043 856 1071 von
882 1038 950 1069 dem
975 1034 1060 1069 einen

211 1094 466 1140 kriegfuͤhrenden
488 1094 593 1136 Theile
617 1091 723 1134 erfuͤllt
747 1094 889 1133 werden,
920 1098 1008 1124 wenn
1025 1091 1062 1129 ſie

213 1154 275 1182 von
298 1148 364 1179 dem
390 1144 507 1180 andern
529 1139 634 1184 erfuͤllt
657 1142 739 1186 ſind;
775 1139 810 1179 2)
827 1147 916 1173 wenn
941 1138 978 1181 ſie
1002 1147 1064 1173 von

214 1208 283 1242 dem
309 1202 394 1240 einen
410 1200 515 1248 Theile
538 1200 611 1243 noch
635 1200 715 1243 nicht
737 1195 841 1242 erfuͤllt
863 1197 947 1239 ſind,
973 1200 1010 1235 ob
1027 1196 1065 1240 ſie

218 1254 309 1301 gleich
327 1255 376 1292 bis
395 1254 489 1297 dahin
516 1250 623 1296 haͤtten
640 1259 701 1290 von
720 1252 782 1295 ihm
799 1249 905 1293 erfuͤllt
923 1251 992 1294 ſeyn
1011 1250 1068 1291 ſol⸗

219 1309 287 1346 len;
306 1304 338 1346 ſo
360 1293 429 1348 ſind
439 1303 479 1346 ſie
500 1302 574 1344 auch
597 1297 651 1342 fuͤr
675 1301 733 1337 den
759 1300 878 1335 andern
899 1298 979 1340 nicht
1002 1295 1069 1334 ver⸗

220 1357 374 1407 bindlich.

574 1415 616 1449 §.
640 1417 724 1449 728.

298 1455 345 1489 Zu
361 1449 419 1479 den
434 1440 710 1486 Kriegsvertraͤgen
726 1449 837 1483 gehoͤrt
857 1449 892 1483 1)
903 1441 955 1476 der
965 1449 1073 1484 Waf⸗

221 1511 582 1563 fenſtillſtandsvertrag
614 1513 688 1548 oder
710 1512 763 1546 der
785 1509 945 1551 Vertrag,
982 1508 1073 1545 durch

221 1566 353 1607 welchen
369 1565 464 1606 beyde
472 1560 714 1607 kriegfuͤhrende
729 1559 834 1604 Theile
849 1560 902 1602 ſich
920 1558 1075 1602 verpflich⸗

224 1621 295 1656 ten,
321 1615 381 1649 alle
395 1611 663 1658 Feindſeligkeiten
685 1607 870 1655 gegenſeitig
897 1616 992 1650 gegen
1017 1607 1078 1642 ein⸗

226 1667 323 1703 ander
349 1654 405 1705 auf
428 1664 494 1699 eine
515 1662 632 1705 gewiſſe
655 1662 723 1709 Zeit
749 1660 952 1703 einzuſtellen;
981 1657 1015 1701 2)
1026 1661 1078 1694 der

215 1713 631 1765 Sauvegardenvertrag,
658 1717 712 1752 der
726 1714 878 1756 Vertrag,
902 1714 992 1756 durch
1008 1714 1081 1747 wel⸗

229 1769 299 1809 chen
317 1768 453 1812 gewiſſen
479 1766 654 1809 feindlichen
673 1765 828 1811 Perſonen
853 1764 925 1799 oder
941 1762 1080 1802 Sachen,

230 1808 410 1865 Sicherheit
422 1825 479 1853 vor
497 1815 577 1850 allen
592 1815 771 1856 feindlichen
779 1813 1000 1857 Verletzungen
1015 1818 1082 1844 ver⸗

219 1874 373 1917 ſprochen
398 1872 495 1915 wird;
528 1871 566 1913 3)
582 1866 762 1913 Vertraͤge,
798 1868 905 1908 welche
937 1866 1012 1904 uͤber
1035 1867 1082 1901 die

232 1925 488 1972 Auswechſelung
497 1923 574 1961 und
600 1922 779 1967 Ausloͤſung
803 1924 856 1958 der
879 1920 1085 1965 Gefangenen
