1644 2333
208 464 413 519 Sebitzen/
419 467 473 509 (q)
482 467 549 506 und
558 457 737 516 Voglern
747 469 791 507 (r)
803 467 953 507 vollends
977 467 1109 513 nachſu⸗

208 512 296 561 chen.
323 518 412 564 Ein
423 505 561 564 Storch
584 523 681 557 unter
697 519 769 556 dem
789 516 946 565 Himmel
957 519 1043 567 weiß
1054 515 1109 567 ſei⸗

210 575 248 606 ne
258 568 351 617 Zeit/
365 569 417 616 eine
428 566 685 615 Turteltaube/
702 570 824 619 Kranich
833 575 900 613 und
911 571 1109 616 Schwalbe

207 619 353 663 mercken
362 622 431 669 ihre
440 620 535 663 Zeit/
549 628 647 660 wenn
654 621 696 667 ſie
703 621 827 663 wieder
837 623 988 662 kommen
1000 623 1111 676 ſollen/

207 667 289 713 aber
302 673 394 712 mein
400 669 521 712 Volck
532 670 601 716 will
610 674 675 715 das
685 671 795 720 Recht
805 674 865 715 des
874 673 1009 722 HErrn
1019 675 1106 724 nicht

205 725 331 771 wiſſen.
347 727 393 767 (s)

539 827 762 867 XXVIII.

204 868 297 935 Ob/
296 872 377 932 und
389 883 463 928 wie
506 874 623 938 Saul
629 881 749 938 durch
773 883 834 930 die
863 886 970 939 Muſic
986 892 1105 933 curirt

548 955 749 1001 worden?

210 1007 330 1142 D

336 1015 436 1066 Jeſer
444 1025 522 1058 war
530 1017 610 1060 eben
621 1023 688 1059 aus
697 1017 820 1060 keinem
832 1020 1032 1069 vornehmen
1044 1021 1106 1074 Ed⸗

363 1077 430 1116 lem
451 1076 661 1128 Geſchlecht/
684 1082 826 1122 wartete
847 1076 1009 1127 Anfangs
1042 1080 1102 1121 des

334 1117 641 1163 Hauß⸗Weſens
654 1126 754 1167 ſeines
775 1121 914 1172 Vaters/
930 1128 971 1175 wie
990 1137 1021 1166 er
1032 1128 1104 1173 her⸗

202 1157 273 1216 nach
293 1151 504 1212 hingeſchickt
521 1168 653 1206 ward/
678 1170 782 1214 deſſen
800 1176 972 1212 verlohrne
990 1178 1102 1215 Eſelin

203 1223 451 1275 auffzuſuchen/
460 1223 562 1273 ſalbte
571 1226 629 1278 ihn
639 1225 822 1270 Samuel/
831 1227 914 1277 auff
921 1229 1102 1277 goͤttlichen

201 1263 350 1320 Befehl/
366 1275 420 1323 zum
438 1269 581 1322 Fuͤrſten
589 1269 672 1313 uͤber
680 1273 830 1328 Jſrael/
836 1278 880 1313 da
891 1281 989 1312 ward
998 1286 1031 1314 er
1046 1284 1099 1315 ein

201 1330 315 1370 ander
341 1322 456 1375 Mann/
464 1331 532 1372 und
542 1327 656 1375 GOtt
665 1338 742 1370 war
751 1330 814 1372 mit
824 1331 906 1380 ihm.
930 1330 1019 1373 Der
1029 1333 1098 1382 gab

203 1364 275 1417 ihm
285 1373 370 1422 auch
385 1375 438 1418 ein
453 1377 557 1421 ander
568 1373 697 1429 Hertz/
712 1375 777 1424 daß
788 1385 822 1418 er
845 1379 895 1418 mit
913 1380 966 1418 den
976 1380 1102 1429 Profe⸗

199 1433 258 1468 ten
273 1424 454 1478 weiſſagte.
500 1427 572 1473 Da
583 1429 735 1479 ſprachen
753 1429 794 1481 ſie
810 1433 872 1472 alle
889 1435 1101 1474 untereinan⸗

202 1480 283 1521 der:
307 1478 413 1524 Was
421 1481 461 1528 iſt
471 1484 544 1521 dem
560 1479 674 1529 Sohn
685 1481 755 1528 Kiß
764 1482 930 1536 geſchehn/
941 1485 980 1532 iſt
991 1486 1100 1527 Saul

201 1529 287 1579 auch
302 1536 397 1573 unter
418 1531 471 1571 den
478 1531 671 1580 Profeten?
688 1537 736 1580 (t)
786 1534 854 1574 Als
878 1534 929 1574 die
954 1537 1100 1576 Ammo⸗

203 1580 288 1624 niter
297 1580 418 1633 Jabes
427 1574 463 1628 in
468 1582 599 1627 Gilead
610 1584 834 1631 belagerten/
853 1587 925 1624 und
939 1587 1024 1638 allen
1043 1590 1100 1627 das

206 1635 309 1683 rechte
320 1636 402 1685 Aug
418 1633 608 1685 ausſtechen
622 1635 772 1677 wolten/
800 1637 864 1685 ließ
879 1638 977 1687 ihnen
989 1638 1105 1682 Saul

203 1689 428 1733 zuentbieten:
455 1690 603 1740 Mrrgen
617 1688 671 1740 ſoll
686 1689 762 1740 euch
776 1688 900 1741 Huͤlffe
915 1690 1115 1744 geſchehen/

204 1736 304 1783 wenn
311 1737 364 1779 die
398 1731 496 1788 Sonne
526 1734 659 1785 beginnt
668 1735 734 1785 heiß
751 1747 786 1785 zu
796 1734 950 1785 ſcheinen.
962 1741 1016 1785 (u)
1051 1743 1099 1791 A⸗

185 1779 261 1825 ber
272 1794 347 1830 war
360 1785 459 1834 dieſer
472 1786 576 1836 groſſe
583 1786 699 1835 Koͤnig
709 1788 744 1828 in
754 1787 871 1837 Jſrael
880 1788 955 1829 dem
964 1790 1102 1838 HErrn

185 1838 286 1889 auch
294 1839 489 1886 danckbar?
513 1840 582 1885 Ein
592 1841 777 1892 ernſtlicher
786 1839 931 1894 Befehl/
933 1843 985 1893 die
991 1846 1104 1891 Ama⸗

668 1888 715 1943 N

1040 1907 1106 1950 le⸗

253 1996 318 2049 (q)
327 2000 372 2046 L.
380 2000 431 2040 Ill.
441 1999 487 2038 de
497 1998 666 2041 Aliment.
678 2008 794 2050 p.822.
808 1996 880 2050 ſeq.
933 2000 1106 2051 (r)l.a.p.

293 2061 366 2094 199.
414 2051 471 2097 (s)
488 2054 557 2100 Jer.
569 2055 665 2100 VIII,
691 2051 732 2105 7.
768 2055 832 2101 (t)
858 2065 877 2089 1.
901 2057 985 2092 Sam.
999 2058 1089 2096 X,11.

297 2104 373 2142 (u)
388 2103 652 2150 1.Sam.XI,9.
682 2101 780 2144 conf.
804 2115 881 2156 cap.
898 2105 962 2146 IX.
998 2108 1018 2148 X.
1037 2106 1103 2150 XI.

291 2159 385 2195 XII.
406 2153 536 2201 XIV.
