1498 2293
571 404 816 458 Norwegen
840 402 929 452 und
967 402 1228 452 Daͤnemark.

785 485 1009 535 Gold ⸗ Erze.

445 558 503 588 No.
520 564 547 587 1.
571 549 744 601 Hochgelber
759 550 934 602 Kupferkieß,
941 550 1056 600 welcher
1067 556 1242 599 Goldhaltig
1243 553 1299 599 iſt,
1301 557 1356 592 mit

484 596 593 641 weißen
611 598 832 641 durchſichtigen
854 600 981 642 Spath;
1004 601 1062 638 aus
1080 599 1248 642 Norwegen
1270 601 1355 641 3½Lt.

781 650 1033 693 Silber ⸗ Erze.

443 697 472 723 1.
492 686 589 730 Aeſtig
610 689 745 729 gediegen
759 692 867 728 Silber
881 688 935 735 mit
933 690 1113 733 lichtgelber
1134 694 1191 727 und
1216 692 1354 732 ſchwarz⸗

483 739 591 773 grauer
606 732 660 766 mit
676 733 805 774 Glaserz
820 735 1000 773 vermiſchter
1014 736 1125 772 Blende
1140 740 1170 772 in
1187 735 1363 775 Kalkſpath;

482 785 542 811 von
556 781 604 810 der
614 776 879 821 Neuen⸗Hoffnung
889 779 1070 820 Fundgrube
1084 787 1117 821 zu
1133 779 1309 819 Kongsberg
1323 780 1354 813 in

485 818 663 863 Norwegen.
1165 834 1182 855 1
1201 824 1248 863 Pf.
1262 820 1355 862 4½Lt.

439 867 471 892 2.
494 860 663 902 Haarſilber
684 862 738 897 mit
761 859 1083 906 Glaserz ⸗ Schwaͤrze
1101 865 1159 904 auf
1176 864 1281 903 weißen
1296 865 1355 899 und

483 906 711 949 fleiſchfarbenen
745 907 870 950 Spath;
913 915 973 942 von
998 908 1078 949 Rehe
1113 907 1288 948 Fundgrube
1319 916 1362 947 zu

482 944 671 993 Kongsberg.
1277 963 1294 993 5
1312 954 1352 988 Lt.

439 998 469 1031 3.
491 988 668 1032 Angeflogen
684 991 793 1028 Silber
810 996 869 1029 und
885 992 1012 1037 Glaserz
1035 992 1092 1033 auf
1111 993 1354 1037 fleiſchfarbigten

485 1036 605 1076 Spath,
625 1037 681 1069 mit
693 1040 789 1070 etwas
804 1038 911 1078 weißen
930 1038 1043 1075 Letten;
1064 1038 1234 1077 ebendaher.
1258 1040 1303 1079 9½
1311 1040 1354 1072 Lt.

438 1084 467 1118 4.
489 1076 550 1112 Ein
567 1079 673 1117 großer
689 1079 874 1119 Silberzahn
892 1082 946 1121 mit
964 1082 1140 1120 dergleichen
1156 1083 1278 1115 kleinern
1293 1083 1360 1114 und

481 1119 658 1157 Leberſchlag
673 1119 703 1151 in
732 1120 839 1160 weißen
870 1125 929 1154 und
955 1117 1067 1161 gruͤnen
1095 1123 1273 1163 Kalkſpath;
1294 1130 1354 1156 von

478 1155 669 1204 Kongsberg.
1274 1169 1292 1198 6
1310 1167 1351 1201 Lt.

437 1211 467 1246 5.
488 1202 547 1239 Ein
568 1204 673 1246 großer
700 1204 886 1248 Silberzahn
912 1204 967 1239 mit
987 1205 1160 1249 dergleichen
1182 1205 1307 1243 kleinern
1321 1207 1355 1243 in

482 1250 590 1290 weißen
609 1250 900 1292 halbdurchſichtigen
916 1252 1093 1292 Kalkſpath;
1115 1262 1175 1288 von
1192 1256 1241 1290 der
1251 1254 1355 1290 Grube

477 1293 594 1331 Gottes
610 1292 703 1334 Huͤlfe
718 1295 747 1329 in
762 1297 812 1328 der
827 1294 920 1334 Noth,
938 1295 966 1328 in
986 1295 1173 1334 Kongsberg.
1261 1297 1303 1335 3¼
1311 1295 1351 1329 Lt.

438 1332 470 1365 6.
491 1331 614 1365 Derbes
629 1329 800 1371 gediegenes
812 1331 920 1368 Silber
938 1332 968 1364 in
987 1331 1055 1371 weiß
1075 1330 1128 1369 und
1140 1340 1251 1373 grauen
1259 1332 1357 1375 Spie⸗

477 1374 610 1417 gelſpath
626 1378 681 1410 mit
700 1377 795 1412 etwas
812 1371 926 1416 gruͤnen
944 1377 1127 1420 Flußſpath;
1156 1387 1215 1413 von
1229 1380 1353 1418 Kongs⸗

476 1433 557 1465 berg.
1254 1428 1297 1463 2½
1310 1426 1350 1460 Lt.

434 1467 465 1502 7.
485 1459 607 1496 Derbes
624 1461 684 1492 und
700 1459 851 1502 zackichtes
867 1459 1034 1502 gediegenes
1048 1463 1155 1500 Silber
1170 1464 1200 1497 in
1211 1462 1354 1505 Spiegel⸗

478 1503 580 1546 ſpath;
608 1504 778 1543 ebendaher.
1248 1508 1352 1548 3¼Lt.

435 1547 465 1581 8.
487 1544 608 1580 Derbes
623 1545 691 1579 und
706 1543 846 1585 zackigtes
867 1545 1036 1586 gediegenes
1052 1548 1167 1585 Silber
1181 1547 1235 1581 mit
1251 1549 1352 1583 etwas

474 1586 584 1629 Spath
609 1586 638 1620 in
665 1585 779 1628 Quarz,
796 1586 829 1620 in
851 1587 982 1623 welchem
1002 1588 1126 1629 zugleich
1148 1587 1243 1623 etwas
1266 1589 1369 1629 rothe

475 1631 591 1668 Blende
609 1629 809 1672 eingeſprengt
815 1626 867 1675 iſt,
868 1631 996 1674 zwiſchen
1005 1632 1171 1674 quarzigter
1186 1634 1240 1670 mit
1251 1635 1353 1671 Glim⸗

475 1679 539 1706 mer
551 1676 733 1712 vermengter
759 1672 927 1711 Gang⸗Art;
967 1672 1132 1711 ebendaher.
1257 1675 1297 1717 3¼
1307 1673 1349 1709 Lt.

433 1720 465 1754 9.
480 1716 607 1751 Derbes
620 1712 788 1754 gediegenes
802 1714 914 1753 Silber
928 1716 982 1748 mit
997 1715 1095 1750 etwas
1115 1715 1234 1758 ſproͤden
1253 1719 1351 1755 Glas⸗

477 1769 532 1802 erz,
549 1760 714 1803 Bleyglanz
730 1765 788 1797 und
804 1762 979 1803 Kalkſpath;
1016 1763 1186 1802 ebendaher.
1257 1767 1293 1807 1¾
1309 1764 1351 1799 Lt.

435 1808 486 1834 10.
508 1802 691 1843 Angeflogen
719 1802 827 1838 Silber
853 1803 908 1836 mit
935 1802 1033 1838 etwas
1059 1799 1269 1846 Eiſen ⸗ Ocher
1294 1805 1353 1844 auf

477 1844 603 1887 Quarz;
638 1844 806 1887 ebendaher.
1256 1847 1350 1892 2⅜Lt.

433 1894 486 1925 11.
509 1884 637 1930 Aeſtiges
661 1889 716 1929 faſt
736 1889 790 1924 wie
814 1887 940 1932 geſtrickt
965 1888 1159 1930 ausſehendes
1181 1889 1349 1932 gediegenes

473 1934 583 1978 Silber
604 1936 636 1970 in
651 1934 818 1980 gelblichten
849 1933 1009 1979 hornigten
1030 1934 1144 1982 Quarz;
1179 1937 1346 1978 ebendaher.

1244 1985 1294 2024 2½
1305 1983 1348 2024 Lt.

1286 2027 1350 2068 No.
