1564 2412
193 534 226 563 er
242 523 336 572 ſelber
353 523 415 565 den
437 522 540 571 Weg
560 519 646 567 nicht
671 518 775 568 wiſſe,
805 519 869 567 auf
882 517 1035 567 welchem

194 584 230 613 er
254 571 449 621 diejenigen,
474 573 525 615 die
551 572 619 614 ihm
650 575 861 612 anvertrauet
887 571 1037 616 worden,

195 621 314 672 fuͤhren
331 623 407 675 ſoll;
427 625 460 674 ſo
479 623 639 670 verachtet
656 631 735 661 man
753 622 808 664 ihn
829 622 897 661 und
912 616 968 667 laͤſt
981 622 1038 669 ihn

194 675 321 723 fahren.
374 679 497 729 Dieſes
528 677 622 723 ſiehet
654 685 734 717 man
761 670 863 723 oͤfters
887 672 950 721 auf
971 677 1034 714 den

194 726 386 783 Doͤrffern;
417 731 545 777 (davon
563 735 645 766 man
664 726 747 773 ohne
747 726 888 775 Urſache
904 723 1033 772 meinet,

196 785 263 831 daß
285 779 448 834 einfaͤltige
467 780 630 831 Prediger
644 784 703 827 gut
725 789 856 828 genung
873 779 954 826 dazu
965 774 1037 820 waͤ⸗

195 829 299 880 ren,)
331 840 418 874 wenn
451 832 499 872 die
526 828 675 873 Bauren
704 818 762 878 erſt
789 819 880 874 ihren
911 826 1035 877 Predi⸗

192 896 250 939 ger
276 895 334 929 um
357 889 412 930 der
436 898 479 929 an
500 885 568 934 ihm
592 883 787 929 bemerckten
808 882 1036 934 Unwiſſenheit

167 937 323 985 willen,
347 932 536 986 veraͤchtlich
570 935 698 984 halten;
725 934 756 984 ſo
781 931 902 983 fangen
928 934 969 982 ſie
994 941 1038 973 an

192 992 248 1037 ihn
276 986 419 1042 ſpoͤttiſch
453 986 727 1039 herumzuholen;
755 987 794 1037 ſie
824 983 924 1037 hoͤren
957 986 1038 1035 ſeine

191 1045 376 1097 Predigten
395 1043 558 1086 entweder
575 1041 636 1084 mit
655 1039 755 1082 einem
769 1040 950 1090 heimlichen
962 1041 1039 1084 Ge⸗

194 1092 314 1146 laͤchter
341 1105 405 1143 an,
438 1096 517 1140 oder
540 1092 692 1143 beweiſen
720 1092 788 1134 eine
815 1092 914 1142 ſolche
940 1094 1038 1135 Kalt⸗

188 1152 358 1199 ſinnigkeit
397 1154 466 1195 und
501 1151 597 1195 Eckel
624 1149 789 1197 dagegen,
815 1147 864 1187 die
890 1145 950 1195 ſich
976 1156 1038 1194 gar

191 1200 278 1244 nicht
305 1211 342 1248 zu
368 1199 454 1241 einer
475 1198 603 1247 ſolchen
630 1198 777 1248 Faſſung
793 1198 854 1237 des
874 1196 1038 1245 Hertzens

190 1251 349 1302 ſchicken,
373 1250 406 1291 in
432 1250 585 1296 welchem
608 1250 673 1293 das
693 1239 904 1299 verkuͤndigte
920 1248 1037 1293 Wort

191 1310 322 1345 Nutzen
348 1306 485 1345 ſchaffen
500 1306 571 1345 ſoll.

535 1364 572 1402 §.
622 1362 682 1399 XI.

247 1409 361 1460 Fehlet
384 1411 421 1452 es
448 1407 523 1451 aber
550 1409 612 1448 den
637 1406 773 1454 Lehrern
804 1404 889 1453 nicht
916 1414 960 1446 an
982 1404 1040 1447 der

195 1461 401 1512 Erkenntniß
428 1465 483 1505 der
501 1459 709 1510 Warheiten
731 1458 820 1507 ihres
843 1457 1041 1505 Glaubens,

195 1520 265 1560 und
291 1520 416 1563 andern
440 1517 541 1567 dahin
561 1516 719 1567 zielenden
738 1514 1039 1566 Wiſſenſchaften;

195 1568 230 1619 ſo
248 1563 352 1619 aͤuſert
369 1567 429 1621 ſich
448 1567 512 1619 auf
524 1569 580 1608 der
597 1567 721 1609 andern
734 1565 839 1608 Seite
849 1568 908 1607 der
924 1564 1043 1607 Man⸗

198 1625 249 1672 gel
273 1626 357 1666 einer
397 1624 465 1675 ſehr
496 1619 652 1673 noͤthigen
688 1625 787 1670 guten
820 1620 1045 1670 Eigenſchaft.

200 1677 276 1719 Sie
290 1675 400 1727 wiſſen
421 1674 555 1723 nemlich
574 1672 679 1719 nicht,
705 1674 765 1713 wie
777 1673 816 1722 ſie
826 1674 885 1722 ſich
897 1671 1045 1723 geſchickt

197 1725 232 1771 in
257 1726 360 1776 ihrem
374 1724 541 1775 Vortrag
558 1721 761 1768 ausdruͤcken
782 1723 891 1772 ſollen.
945 1722 1045 1764 Eini⸗

199 1787 239 1820 ge
254 1777 369 1829 ſteigen
389 1779 449 1822 mit
466 1778 556 1827 ihren
576 1776 842 1822 Redens⸗Arten
862 1776 915 1824 biß
932 1786 975 1815 an
996 1776 1047 1820 die

202 1827 392 1879 Wolcken,
422 1830 491 1873 und
524 1828 624 1876 durch
661 1825 728 1876 ihre
763 1820 1047 1874 ungewoͤhnliche,

202 1883 447 1935 unnatuͤrliche,
469 1881 656 1932 kuͤnſtliche,
681 1883 751 1923 und
770 1883 848 1923 weit
865 1882 1051 1929 hergeholte

203 1930 398 1978 Ausdruͤcke
424 1931 528 1983 ziehen
553 1931 595 1980 ſie
619 1938 679 1972 um
705 1928 795 1970 ihren
818 1929 985 1976 Vortrag
1008 1928 1051 1967 ei⸗

205 1994 269 2030 nen
295 1984 499 2035 Vorhang,
524 1983 590 2033 daß
620 1982 676 2022 der
695 1970 840 2030 gemeine
863 1972 994 2033 Hauffe
1009 1981 1052 2029 ſie

205 2037 293 2087 nicht
317 2039 416 2092 faſſen
441 2042 516 2084 kan.
569 2035 677 2084 Nicht
699 2047 736 2085 zu
760 2036 956 2085 gedencken,
982 2035 1050 2084 daß

204 2087 300 2139 Leute
325 2098 392 2135 von
422 2094 537 2142 gutem
572 2086 753 2140 Verſtand
779 2089 869 2139 leicht
891 2087 1050 2134 mercken,
