1594 2347
437 387 642 442 geſtaͤrckte
668 391 842 436 Glaube.

1059 401 1111 438 45

179 465 306 514 gete?
363 465 427 515 Es
452 463 589 524 heiſſet
613 474 697 515 von
726 465 813 524 ihm
837 465 882 518 in
905 468 978 517 der
1001 470 1112 522 Apo⸗

179 502 248 564 ſtel
280 495 481 571 Geſchicht
517 525 605 570 cap.
626 527 673 567 9,
700 527 738 566 9.
784 516 863 568 daß
896 527 939 564 er
939 515 981 577 in
1044 518 1112 577 ſol⸗

180 578 286 632 chem
322 581 530 646 Zuſtande
568 588 617 632 in
646 586 807 646 dreyen
830 583 991 644 Tagen
1020 597 1112 634 we⸗

178 638 256 687 der
282 639 454 701 Speiſe
487 643 603 702 noch
637 643 814 694 Tranck
844 657 901 702 zu
935 640 1019 703 ſich
1043 654 1110 703 ge⸗

177 702 390 744 nommen
420 685 551 755 habe.
640 699 784 754 Sehet
818 710 875 749 an
917 700 979 749 die
1010 703 1112 759 drey

178 758 346 813 tauſend
372 760 566 813 Seelen,
600 761 662 811 die
696 763 816 817 durch
843 764 905 813 die
930 763 1111 821 Predigt

176 813 249 862 des
272 816 462 876 Apoſtels
478 817 605 878 Petri
630 831 702 867 am
718 818 1031 880 Pfingſt ⸗ Tage
1047 822 1111 871 be⸗

176 870 309 926 kehret
350 874 537 923 wurden.
626 877 795 929 Wurde
836 878 942 932 nicht
982 878 1111 936 dieſen

174 927 327 981 Leuten
351 932 431 981 das
447 932 565 995 Hertz
583 931 641 983 im
657 934 774 986 Leibe
798 934 1000 993 beweget,
1024 937 1112 985 und

174 984 289 1039 fielen
324 990 376 1046 ſie
410 988 546 1046 nicht,
581 989 620 1046 ſo
655 1001 703 1048 zu
731 989 882 1047 ſagen,
913 994 1110 1050 zappelnd

175 1056 224 1097 zu
261 1041 327 1098 den
364 1049 513 1107 Fuͤſſen
547 1058 617 1104 der
650 1053 844 1109 Apoſtel,
882 1057 967 1104 und
1001 1056 1108 1109 ſpra⸗

175 1090 309 1153 chen:
347 1103 446 1158 Jhr
470 1102 700 1157 Maͤnner,
728 1104 863 1152 lieben
886 1104 1107 1162 Bruͤder,

173 1149 269 1210 was
303 1140 469 1219 ſollen
473 1159 573 1204 wir
596 1157 764 1213 thun?
807 1160 951 1215 Apoſt.
967 1162 1107 1218 Geſch.

172 1224 223 1266 2,
248 1225 311 1263 37.
340 1224 391 1271 zu
405 1215 548 1264 einem
565 1221 702 1267 klaren
719 1218 928 1275 Zeugniß,
955 1221 1035 1277 daß
1052 1223 1107 1280 ſie

172 1273 279 1326 nicht
302 1273 421 1331 gleich
446 1272 601 1332 muͤſſen
625 1276 791 1335 gedacht
815 1278 985 1333 haben:
1021 1285 1106 1331 uns

170 1332 258 1382 ſind
282 1332 423 1383 unſere
444 1333 635 1385 Suͤnden
656 1335 884 1393 vergeben!
914 1338 1105 1396 ſondern,

171 1393 252 1442 daß
276 1393 470 1447 vielmehr
498 1394 563 1453 ihr
579 1394 697 1456 Hertz
723 1395 768 1445 in
785 1396 935 1460 groſſer
954 1398 1106 1458 Furcht

168 1453 257 1501 und
280 1450 507 1509 Schrecken
530 1454 709 1514 geweſen
730 1454 811 1514 ſey.

281 1566 417 1625 Nun,
444 1567 484 1629 ſo
512 1566 614 1620 bitte
648 1570 706 1627 ich
741 1570 833 1628 euch
859 1565 968 1624 denn
995 1573 1107 1631 noch⸗

170 1619 313 1680 mals,
349 1624 488 1682 fraget
523 1626 615 1681 euch
643 1625 893 1685 aufrichtig,
931 1629 996 1676 als
1024 1638 1108 1679 vor

169 1677 331 1734 GOtt:
357 1681 478 1739 Habe
505 1680 562 1740 ich
589 1682 695 1732 denn
725 1676 823 1738 auch
857 1686 993 1733 etwas
1019 1693 1105 1737 von

168 1729 311 1794 dieſem
340 1736 508 1795 Kampf
531 1740 764 1799 erfahren?
790 1741 895 1795 weiß
916 1740 971 1795 ich
998 1742 1102 1799 mich

168 1799 279 1853 wohl
302 1811 353 1860 zu
378 1799 593 1861 beſinnen,
619 1805 699 1856 wie
716 1803 884 1855 Glaube
912 1806 998 1855 und
1016 1809 1102 1859 Un⸗

166 1850 314 1907 glaube
331 1855 408 1921 bey
426 1854 508 1904 mir
524 1866 755 1916 gerungen,
781 1857 866 1906 und
882 1859 962 1909 wie
980 1870 1100 1910 man⸗

168 1911 253 1962 cher
277 1916 452 1974 Zweifel
485 1918 617 1968 meine
641 1912 859 1977 Hoffnung
896 1922 983 1970 und
1012 1920 1097 1977 Zu⸗

167 1968 334 2038 verſicht
363 1971 616 2033 beſtuͤrmet,
647 1976 718 2033 ehe
748 1975 804 2036 ich
834 1966 944 2035 habe
974 1979 1097 2033 ſagen

1005 2033 1096 2090 koͤn⸗
