1690 2399
587 421 644 457 12.

657 416 704 459 ſen
723 413 819 450 leeren
836 415 899 450 und
917 411 1056 451 trocknen
1071 408 1249 457 Blaͤschen.
1300 407 1399 454 Doch
1410 413 1474 446 ent⸗

657 467 767 515 hielten
783 466 818 513 ſie
835 464 890 509 bey
909 465 1007 506 einem
1024 465 1142 500 andern
1158 463 1204 499 ein
1220 461 1321 501 klares
1332 459 1477 508 Waſſer:

658 522 706 559 die
721 517 831 568 Roͤthe
846 521 933 557 ward
960 518 992 553 in
1015 515 1124 560 dieſem
1142 513 1259 566 letztern
1280 510 1372 558 Falle
1400 509 1477 558 nach

660 582 707 617 24
723 566 883 609 Stunden
899 565 1113 615 bleyfaͤrbicht.

707 620 786 663 Bey
810 619 923 665 dreyen
944 611 1095 653 Kranken
1119 612 1250 660 giengen
1280 617 1371 649 unter
1395 611 1480 650 einer

659 673 863 721 allgemeinen
878 670 1078 719 Abſchaͤlung
1093 669 1169 716 auch
1189 658 1237 709 die
1246 667 1357 716 Naͤgel
1377 663 1453 711 fort.

713 728 787 768 Mit
810 725 1014 765 eintretender
1039 721 1137 762 Kaͤlte
1163 725 1252 760 ward
1278 723 1331 759 der
1353 717 1480 767 Schar⸗

660 778 726 824 lach
741 777 865 822 ſeltener
881 777 946 812 und
955 771 1126 822 fluͤchtiger.
1176 770 1307 819 Oefters
1321 771 1482 818 mangelte

659 839 693 866 er
707 825 853 875 gaͤnzlich,
870 826 1013 873 zuweilen
1028 822 1177 865 bemerkte
1195 833 1271 862 man
1288 832 1349 860 nur
1363 831 1405 859 an
1421 824 1481 858 den

661 890 782 935 zartern
799 882 933 923 Stellen
958 884 1011 919 der
1026 879 1119 925 Haut
1138 889 1218 927 ganz
1240 879 1334 917 kleine
1357 875 1484 922 Finnen

661 946 723 975 mit
742 937 846 975 klaren
866 933 986 981 weißen
1012 931 1177 980 Blaͤschen
1197 936 1231 971 in
1252 935 1312 969 den
1335 928 1484 979 Spitzen.

663 993 739 1033 Der
764 990 851 1037 Hals
886 997 954 1026 war
979 985 1135 1034 inwendig
1184 983 1251 1034 ſehr
1275 981 1486 1030 geſchwollen,

661 1043 860 1094 ſchmerzend,
888 1039 1085 1084 misfaͤrbicht
1104 1036 1194 1088 roth,
1218 1037 1366 1086 zuweilen
1395 1037 1484 1076 livid.

661 1099 753 1142 Dieß
756 1092 864 1149 ſchien
881 1091 953 1147 ſich
958 1097 1012 1142 bey
1028 1092 1166 1141 Einigen
1188 1092 1237 1131 bis
1259 1094 1293 1130 in
1319 1096 1390 1137 den
1400 1091 1488 1131 Ma⸗

662 1156 722 1193 gen
732 1145 828 1193 hinab
838 1156 873 1191 zu
889 1142 1056 1190 erſtrecken,
1070 1147 1154 1181 denn
1161 1149 1196 1179 es
1204 1151 1273 1180 war
1288 1143 1338 1178 ein
1344 1140 1489 1186 ſchmerz⸗

664 1203 757 1244 liches
774 1197 926 1243 Wuͤrgen
941 1195 1039 1240 dabey:
1073 1196 1219 1240 zuweilen
1236 1190 1292 1238 lief
1306 1200 1340 1232 es
1350 1194 1397 1232 die
1405 1190 1488 1237 Luft⸗

664 1259 749 1294 wege
774 1246 921 1296 hinunter
944 1246 1002 1284 wie
1023 1246 1071 1283 die
1092 1241 1225 1292 Zufaͤlle
1243 1242 1327 1282 einer
1353 1240 1489 1287 Lungen⸗

664 1295 867 1345 entzuͤndung
882 1297 1016 1344 lehrten:
1044 1294 1103 1339 bey
1118 1294 1253 1333 Andern
1273 1291 1413 1334 verrieth
1435 1291 1492 1341 ein

665 1353 802 1402 ſcharfes
816 1351 961 1402 Ohrweh
976 1353 1024 1389 die
1042 1348 1293 1397 Theilnehmung
1311 1349 1364 1385 der
1373 1339 1489 1386 Trom⸗

665 1413 743 1452 pete.
770 1404 864 1454 Roth
879 1414 988 1443 waren
1002 1404 1051 1441 die
1071 1398 1192 1449 Augen
1207 1400 1288 1445 nicht
1307 1396 1492 1448 ſonderlich,

667 1456 780 1506 hatten
794 1454 868 1492 aber
896 1457 956 1492 das
981 1449 1145 1500 glaͤnzende
1171 1450 1323 1499 Waͤſſern
1348 1451 1407 1488 mit
1435 1451 1492 1487 der

665 1503 898 1549 Unleidlichkeit
931 1490 983 1551 des
980 1490 1107 1547 Lichts,
1131 1499 1166 1546 ſo
1175 1508 1254 1537 man
1272 1499 1334 1547 bey
1348 1498 1490 1544 Maſern

667 1561 883 1609 wahrnimmt.
937 1555 1135 1606 Schmerzen
1166 1552 1287 1596 uͤberall
1314 1557 1389 1595 oder
1414 1551 1493 1599 doch

670 1614 828 1663 lebhaftes
844 1612 970 1659 Reiſſen
988 1614 1022 1650 in
1045 1617 1104 1653 den
1122 1608 1282 1651 Gelenken
1297 1612 1351 1648 der
1377 1606 1494 1649 Glied⸗

671 1664 824 1710 maaßen,
843 1662 989 1710 zuweilen
1006 1672 1065 1709 gar
1083 1663 1142 1702 mit
1155 1657 1360 1709 Geſchwulſt,
1384 1663 1493 1698 waren

669 1729 764 1770 gerne
778 1728 921 1767 zugegen.
956 1719 1033 1758 Der
1051 1718 1140 1764 Puls
1163 1715 1259 1762 gieng
1277 1713 1420 1763 meiſtens
1440 1712 1497 1764 auf

672 1780 746 1818 140
763 1770 794 1807 in
809 1773 863 1807 der
878 1769 1029 1814 Minute,
1051 1764 1117 1804 und
1138 1773 1212 1805 war
1230 1763 1409 1811 manchmal
1432 1761 1494 1810 bey

667 1826 763 1875 ſeiner
779 1821 941 1872 Kleinheit
956 1822 990 1866 ſo
1001 1821 1086 1870 hart,
1109 1816 1171 1864 daß
1193 1828 1270 1859 man
1291 1817 1382 1859 Blut
1399 1814 1492 1864 laſſen

669 1876 795 1925 mußte:
821 1875 889 1913 dies
921 1882 989 1912 war
1030 1882 1123 1920 gerne
1148 1872 1228 1918 dicht
1273 1875 1339 1911 und
1370 1868 1494 1918 fellicht.

669 1931 752 1980 Viel
767 1926 856 1982 zaͤher
872 1922 1023 1976 Schleim
1040 1923 1132 1972 ward
1146 1931 1206 1966 aus
1225 1925 1296 1968 dem
1306 1921 1408 1973 Halſe
1422 1925 1497 1963 oder
