2557 2919
582 743 801 801 Hebr.12,1.2.3.

809 597 868 641 Er
884 605 1002 639 zuvor
1016 593 1060 643 iſt
1076 598 1256 630 hinunter
1264 585 1444 641 gefahren
1453 589 1494 627 in
1502 587 1558 626 die
1567 582 1751 637 unterſten
1760 582 1899 627 Oerter
1908 585 1970 623 der
1981 580 2100 623 Erde.
2133 581 2218 621 Der

812 656 989 689 hinunter
996 645 1176 687 gefahren
1196 639 1265 689 iſt/
1268 651 1333 686 der
1346 642 1390 687 iſt
1404 638 1632 695 derſelbige/
1636 641 1701 681 der
1716 640 1767 679 da
1779 636 2044 691 auffgefahren
2061 634 2105 686 iſt
2128 634 2223 675 uͤber

811 700 887 744 alle
895 699 1077 749 Himmel.
1129 698 1221 746 Auff
1232 697 1335 746 dieſen
1349 693 1441 742 Text
1454 693 1547 741 giebt
1557 697 1629 734 uns
1644 701 1703 741 zur
1713 690 1916 742 Nachfolge
1930 692 2001 731 eine
2018 689 2104 739 feine
2121 688 2223 733 Ver⸗

817 747 999 798 mahnung
1015 747 1065 789 die
1083 744 1210 797 Epiſtel
1220 753 1264 787 an
1280 745 1331 786 die
1348 738 1510 792 Hebraͤer
1527 738 1621 790 Cap.
1629 745 1681 793 12/
1686 751 1711 778 1.
1725 748 1787 782 2.3.
1838 745 1968 786 Laſſet
1988 762 2066 785 uns
2082 740 2225 787 lauffen

817 805 936 848 durch
951 801 1096 845 Gedult
1110 804 1151 843 in
1167 803 1254 844 dem
1269 791 1481 849 Kampffe/
1494 788 1556 841 der
1568 803 1645 835 uns
1658 797 1863 836 verordnet
1876 788 1936 842 iſt/
1942 796 2023 833 und
2037 794 2226 843 auffſehen

816 859 899 911 auff
911 853 1093 912 JEſum/
1103 861 1176 900 den
1184 852 1382 907 Anfaͤnger
1391 855 1472 896 und
1478 849 1690 895 Vollender
1697 855 1767 892 des
1778 849 1996 893 Glaubens.
2030 848 2230 902 Welcher/

817 914 870 954 da
882 910 944 953 Er
958 907 1067 959 wohl
1078 905 1181 957 haͤtte
1191 902 1330 957 moͤgen
1339 901 1482 955 Freude
1492 898 1646 951 haben/
1657 898 1845 943 erduldete
1853 899 1915 941 Er
1922 901 1995 939 das
2002 900 2149 943 Creutz/
2147 901 2227 950 und

814 961 959 1008 achtete
973 963 1038 1004 der
1059 958 1249 1005 Schande
1271 950 1407 1002 nicht/
1425 956 1507 995 und
1520 951 1566 1004 iſt
1587 949 1742 1006 geſeſſen
1764 961 1830 998 zur
1841 950 2012 999 Rechten
2029 952 2120 1001 auff
2140 954 2228 990 dem

815 1014 962 1061 Stuele
982 1011 1198 1058 GOTTes.
1253 1006 1466 1052 Gedencket
1488 1015 1540 1046 an
1554 1007 1653 1047 den/
1667 1006 1734 1043 der
1745 1007 1804 1042 ein
1820 1001 1962 1051 ſolches
1975 1005 2230 1052 Wiederſpre⸗

814 1064 909 1107 chen
925 1070 1009 1102 von
1024 1062 1144 1101 denen
1160 1050 1338 1111 Suͤndern
1357 1055 1477 1096 wieder
1504 1052 1581 1104 ſich
1589 1049 1761 1094 erduldet
1769 1050 1854 1106 hat/
1857 1053 1934 1102 daß
1942 1056 2001 1099 ihr
2010 1057 2113 1092 nicht
2120 1059 2159 1088 in
2168 1063 2230 1086 eu⸗

817 1129 897 1161 rem
912 1117 1066 1166 Muthe
1081 1122 1179 1156 matt
1195 1104 1336 1158 werdet
1348 1103 1411 1156 und
1433 1105 1604 1162 ablaſſet.
1643 1107 1716 1154 So
1725 1107 1764 1158 iſt
1772 1107 1843 1149 und
1851 1106 1987 1154 verhaͤlt
1997 1109 2057 1154 ſich
2068 1112 2119 1146 die
2127 1109 2234 1148 Ord⸗

817 1180 917 1220 nung
927 1171 975 1212 im
983 1168 1110 1218 Reiche
1124 1164 1342 1214 GOTTes/
1361 1154 1471 1210 wollen
1487 1163 1544 1205 wir
1552 1156 1694 1211 erhoͤhet
1707 1159 1867 1214 werden/
1881 1160 1915 1214 ſo
1917 1160 2043 1208 muͤſſen
2051 1164 2118 1198 wir
2125 1164 2233 1205 zuvor

822 1228 888 1269 mit
906 1223 1065 1275 CHriſto
1082 1220 1157 1268 tieff
1167 1220 1324 1268 hinunter
1335 1214 1476 1268 fahren:
1498 1215 1569 1262 Da
1586 1214 1754 1264 hergegen
1770 1213 1804 1263 ſo
1825 1214 1892 1254 wir
1910 1214 1989 1253 dem
2008 1213 2234 1257 natuͤrlichem

816 1278 946 1329 Triebe
963 1277 1085 1327 unſers
1101 1274 1265 1326 Fleiſches
1275 1268 1417 1319 folgen/
1427 1270 1539 1318 kehret
1554 1270 1680 1322 ſolches
1698 1269 1779 1319 dieſe
1797 1269 1892 1319 weiſe
1915 1265 2100 1316 Ordnung
2114 1264 2234 1310 GOt⸗

820 1334 876 1373 tes
892 1328 1017 1377 gerade
1035 1324 1119 1372 um/
1136 1329 1208 1368 und
1226 1325 1334 1376 ſuchet
1347 1324 1400 1364 die
1423 1317 1625 1370 Erhoͤhung
1638 1327 1707 1363 vor
1720 1322 1780 1361 der
1793 1317 2072 1366 Erniedrigung.
2123 1315 2238 1357 Allein

819 1385 899 1428 weil
917 1385 982 1426 wir
1000 1381 1145 1426 Glieder
1162 1380 1232 1426 ſind
1248 1388 1294 1420 an
1310 1379 1386 1418 dem
1400 1373 1491 1419 Leibe
1500 1374 1614 1425 JEſu
1629 1369 1811 1424 CHriſti/
1822 1369 1857 1422 ſo
1872 1367 2041 1421 gebuͤhret
2055 1368 2159 1417 uns/
2167 1365 2236 1417 daß

818 1435 887 1478 wir
901 1433 983 1475 eben
998 1429 1171 1481 denſelben
1199 1419 1263 1476 Weg
1288 1435 1347 1473 zur
1364 1423 1592 1474 himmliſchen
1600 1421 1811 1472 Herrligkeit
1829 1420 1866 1472 zu
1864 1419 2033 1469 gelangen
2047 1412 2240 1470 erwaͤhlen/

821 1485 964 1534 welcher
978 1481 1114 1530 unſerm
1128 1479 1276 1532 Haupte
1292 1479 1430 1522 beliebet
1450 1477 1526 1524 hat.
1575 1474 1761 1526 CHriſtus
1777 1473 1884 1523 muſte
1891 1481 1953 1514 um
1967 1471 2102 1522 unſerer
2123 1467 2241 1519 Suͤn⸗

823 1540 889 1581 den
904 1535 1015 1578 willen
1031 1528 1178 1583 leyden/
1179 1522 1328 1577 Creutz/
1339 1523 1490 1578 Hohn/
1490 1525 1674 1577 Schmach
1696 1526 1769 1568 und
1793 1521 1923 1576 Spott
1945 1522 2160 1576 ausſtehen/
2168 1523 2241 1563 und

824 1589 896 1641 alſo
911 1589 947 1632 in
962 1587 999 1630 in
1014 1587 1068 1630 die
1082 1582 1293 1635 Herrligkeit
1300 1574 1484 1631 eingehen/
1498 1573 1564 1623 Luc.
1571 1573 1649 1627 24/
1649 1581 1709 1621 26.
1751 1575 1881 1629 Durch
1891 1577 1975 1629 dieſe
1983 1574 2112 1626 Thuͤre
2112 1575 2243 1624 muͤſſen

826 1642 898 1686 wir
913 1637 1049 1689 unſerm
1063 1634 1195 1690 Haupt
1209 1637 1283 1679 und
1296 1629 1435 1685 Fuͤhrer
1450 1629 1599 1682 folgen/
1621 1631 1699 1675 weil
1720 1627 1791 1674 kein
1812 1630 1956 1673 anderer
1976 1628 2079 1678 Weg
2094 1628 2244 1676 fuͤrhan⸗

825 1696 906 1739 den.
957 1690 1038 1735 Und
1056 1693 1103 1734 da
1114 1694 1153 1733 es
1162 1689 1258 1737 leicht
1271 1684 1445 1739 geſchehen
1465 1676 1596 1733 koͤnte/
1598 1681 1666 1733 daß
1680 1683 1745 1727 wir
1754 1679 1973 1735 ſtrauchelten
1985 1686 2057 1724 und
2073 1684 2135 1723 des
2150 1681 2243 1724 We⸗

822 1754 888 1799 ges
903 1740 1120 1796 verfehlten/
1128 1744 1207 1795 ach!
1221 1744 1257 1789 ſo
1278 1736 1406 1791 muͤſſen
1425 1742 1492 1783 wir
1507 1737 1603 1790 ſehen
1619 1736 1701 1791 auff
1716 1740 1780 1782 den
1799 1734 1943 1789 HErrn
1965 1735 2151 1792 JEſum/
2172 1730 2244 1780 daß

826 1802 897 1845 wir
913 1799 1003 1846 nicht
1022 1792 1062 1844 in
1060 1797 1195 1848 unſerm
1205 1793 1344 1844 Muthe
1354 1781 1445 1840 matt
1450 1786 1605 1838 werden/
1612 1792 1686 1834 und
1701 1788 1862 1841 ablaſſen.
1912 1786 2042 1841 Dieſer
2050 1788 2150 1839 unſer
2157 1790 2243 1826 wer⸗

824 1853 947 1904 theſter
959 1849 1128 1900 Heyland
1147 1850 1186 1895 iſt
1193 1855 1263 1894 aus
1277 1846 1370 1892 Liebe
1384 1850 1444 1890 der
1456 1841 1750 1894 Allerverachteſte
1756 1845 1829 1885 und
1837 1839 2069 1890 Unwertheſte
2083 1836 2242 1882 worden/

824 1906 933 1952 durch
945 1905 1000 1946 die
1013 1900 1225 1952 Herrligkeit
1237 1904 1300 1944 des
1324 1898 1475 1944 Vaters
1489 1897 1572 1940 aber
1587 1895 1660 1946 ſehr
1676 1894 1759 1943 hoch
1775 1891 1939 1943 erhoben.
1990 1892 2066 1938 So
2087 1892 2172 1935 auch
2188 1890 2244 1931 ein

826 1953 968 2004 Chriſt/
977 1953 1036 1993 der
1044 1951 1146 1999 durch
1153 1950 1244 1993 Liebe
1250 1946 1311 1997 ſich
1318 1945 1524 1994 erniedriget
1530 1934 1604 1987 und
1613 1939 1825 1993 demuͤtiget/
1833 1943 1924 1983 wird
1932 1942 2036 1990 durch
2044 1947 2109 1983 den
2124 1944 2244 1983 Glau⸗

832 2010 899 2054 ben
913 2003 1054 2055 erhoͤhet
1078 2009 1151 2048 und
1177 2001 1339 2052 erhaben.
1389 1999 1483 2048 Daß
1505 2000 1573 2040 wir
1592 2001 1665 2039 uns
1679 2005 1753 2038 nun
1769 2006 1817 2038 an
1834 1998 1898 2038 den
1913 1992 2014 2044 Halß
2022 1995 2142 2045 unſers
2151 1995 2248 2041 Sie⸗

930 2047 1158 2107 ges⸗Fuͤrſten
1177 2045 1333 2102 hangen/
1335 2052 1407 2092 und
1413 2048 1452 2099 ſo
1478 2049 1533 2089 mit
1544 2045 1634 2097 Jhm
1651 2052 1718 2094 gen
1725 2042 1885 2093 Himmel
1896 2039 2054 2099 fahren/
2048 2043 2148 2094 helffe

1239 2110 1314 2156 uns
1330 2107 1420 2154 dazu
1436 2105 1498 2146 der
1510 2109 1650 2151 getreue
1666 2100 1853 2154 GOTT/

1479 2152 1614 2194 Amen!
