1566 2325
340 308 604 368 Erkaͤnntniß
604 308 803 368 GOttes.

964 326 1024 377 49

259 404 882 461 Erklaͤrungs⸗Fragen.

131 461 212 506 nicht
224 462 408 512 verſtehet?
436 463 532 512 Muß
543 476 576 502 er
584 464 685 503 GOtt
694 474 749 502 um
765 472 813 502 die
831 467 951 505 Gnade
963 468 1016 514 ſei⸗

131 524 188 556 nes
204 517 334 569 Geiſtes
353 520 511 567 anrufen,
544 521 613 569 ihm
632 526 691 559 den
712 525 830 570 rechten
851 524 1017 572 Verſtand

130 573 181 609 der
207 574 344 623 heiligen
362 576 496 623 Schrift
532 586 572 630 zu
568 579 696 625 geben?
734 580 848 618 Wenn
869 585 943 617 aber
961 589 1015 619 der

130 624 264 677 Menſch
281 632 395 677 ſolches
404 635 612 679 unterlaͤßet?
647 633 827 678 Befordert
826 648 857 685 er
887 642 966 678 ſeine
977 647 1017 671 ei⸗

129 698 205 736 gene
229 695 500 746 Verdammniß?
538 696 611 743 Hat
634 697 702 745 ihm
725 701 807 736 denn
832 697 940 740 GOtt
966 704 1015 739 die

128 737 261 793 Schrift
280 749 375 792 darzu
392 750 540 791 gegeben,
559 752 621 791 daß
644 758 676 781 er
695 750 769 792 ſelig
789 758 913 785 werden
927 753 1014 797 ſoll?

128 794 212 838 Wer
241 802 279 850 iſt
306 806 371 847 alſo
398 814 442 838 an
467 806 566 847 ſeiner
605 808 737 848 eigenen
770 806 1017 854 Verdammniß

127 854 284 907 Schuld?
311 858 427 900 Antw.
456 860 541 897 Wer
535 860 583 912 die
585 861 720 908 heilige
738 860 872 908 Schrift
890 870 1015 909 verach⸗

127 918 180 957 tet.
207 920 349 959 Koͤnnen
361 921 439 966 auch
453 927 562 967 wegen
576 924 628 959 der
645 918 1011 972 Glaubens⸗Wahrhei⸗

127 979 176 1017 ten
197 978 443 1029 Streitigkeiten
469 979 653 1030 entſtehen?
702 980 839 1031 Muͤßen
860 984 1012 1030 dieſelben

125 1035 202 1081 auch
213 1036 290 1084 nach
305 1039 358 1075 der
367 1035 500 1085 Schrift
517 1037 706 1086 entſchieden
716 1038 868 1077 werden?
897 1040 1007 1078 Kann

125 1086 175 1125 ein
188 1089 324 1137 Menſch
339 1091 497 1130 darinnen
511 1091 681 1136 ſprechen?
716 1092 814 1131 Sind
831 1097 891 1132 alle
910 1097 1015 1133 Men⸗

127 1134 209 1184 ſchen
221 1147 273 1182 der
282 1144 419 1194 heiligen
436 1146 571 1192 Schrift
588 1148 830 1192 unterworfen?
869 1152 954 1187 Wer
971 1156 1012 1197 iſt

125 1199 188 1245 alſo
212 1208 264 1244 der
279 1204 412 1250 Richter
451 1206 494 1255 in
490 1203 859 1251 Glaubens⸗Sachen?
894 1207 1014 1245 Antw.

124 1248 195 1293 Die
204 1257 316 1307 heilige
330 1260 476 1306 Schrift.
536 1260 661 1298 Wollet
678 1262 728 1307 ihr
746 1265 811 1306 alſo
833 1267 881 1297 die
897 1265 1012 1308 heilige

120 1304 252 1369 Schrift
264 1317 380 1370 fleißig
384 1318 490 1364 leſen?
520 1319 645 1363 Wollet
652 1320 700 1371 ihr
712 1331 775 1355 aus
795 1324 947 1367 derſelben
961 1329 1011 1357 die

125 1362 328 1421 Erkaͤnntniß
340 1371 432 1412 eurer
439 1373 606 1422 Seligkeit
616 1379 757 1421 ſuchen?
792 1380 859 1419 Ja,
876 1382 948 1422 thut
960 1383 1011 1417 es,

124 1421 176 1470 ihr
186 1433 303 1469 werdet
312 1433 354 1478 ſie
362 1436 396 1469 in
406 1433 559 1477 derſelben
571 1445 652 1478 ganz
665 1437 771 1478 gewiß
787 1439 907 1478 finden.

291 1496 396 1529 Ueber
411 1495 462 1529 die
480 1496 613 1534 zehende
626 1497 835 1536 Lehr⸗Frage.

178 1531 250 1578 Hat
267 1539 326 1585 ſich
338 1540 403 1586 alſo
425 1537 527 1579 GOtt
538 1540 584 1577 in
595 1542 648 1576 der
662 1537 796 1587 heiligen
817 1539 951 1587 Schrift
961 1551 1012 1589 ge⸗

123 1580 342 1634 offenbahret?
370 1587 484 1633 Hat
443 1596 478 1639 er
495 1587 552 1633 ſich
572 1591 826 1635 geoffenbahret,
848 1594 908 1623 wie
927 1604 960 1625 er
972 1598 1012 1627 in

123 1632 235 1678 ſeinem
252 1641 371 1689 Weſen
385 1645 464 1689 ſey?
510 1645 624 1680 Antw.
664 1646 730 1687 Ja.
778 1649 858 1681 Wie
879 1650 935 1692 hat
951 1650 1015 1691 ſich

122 1695 205 1735 denn
232 1698 336 1737 GOtt
359 1702 474 1748 ſeinem
500 1703 620 1746 Weſen
647 1706 725 1744 nach
751 1708 1014 1750 geoffenbahret?

121 1745 237 1785 Antw.
278 1751 343 1787 Als
352 1760 443 1789 einen
453 1761 578 1799 einigen
590 1759 705 1791 GOtt.
766 1763 836 1791 Wo
852 1764 945 1801 ſtehet
960 1770 1015 1791 der

120 1802 261 1845 Beweis
272 1809 407 1848 davon?
435 1813 549 1849 Antw.
573 1817 784 1848 Deuteron.
794 1819 856 1847 VI.
894 1820 939 1862 4.
953 1820 1019 1853 Zu

121 1873 205 1906 wem
217 1872 299 1907 redet
307 1867 410 1909 GOtt
421 1874 498 1920 dieſe
509 1874 654 1912 Worte?
690 1875 796 1911 Redet
806 1886 838 1911 er
854 1879 893 1916 ſie
900 1884 937 1918 zu
949 1881 1021 1907 den

121 1911 259 1973 Kindern
277 1912 400 1974 Jſrael,
419 1927 468 1958 die
488 1938 521 1959 er
539 1939 604 1960 aus
624 1932 853 1971 Egyptenland
866 1929 1012 1969 gefuͤhret

121 1970 237 2021 hatte?
281 1976 373 2019 War
388 1979 486 2027 dieſes
507 1988 601 2021 Volk
616 1995 656 2030 zu
674 1991 728 2019 der
747 1989 939 2029 Abgoͤtterey
959 1995 1010 2025 ge⸗

564 2054 615 2093 D

882 2053 1011 2100 neigt?
