1679 2547
159 372 287 425 ſolchen
306 369 440 422 ſchlecht
453 364 660 423 befeſtigtem
675 370 772 416 Orte
793 369 939 424 Meiſter
960 376 999 420 zu
1039 366 1182 420 machen;

162 424 264 463 allein
281 418 385 467 dieſes
401 427 476 461 war
490 429 557 470 gar
572 419 658 471 ſeine
675 420 854 467 Meinung
872 416 983 468 nicht,
1007 418 1085 459 weil
1110 417 1182 466 ihm

160 475 233 514 kein
244 470 461 521 ſonderlicher
470 471 622 518 Vorteil
632 471 806 521 zuwuchs,
821 477 929 510 wann
939 478 972 509 er
983 471 1067 518 auch
1075 471 1182 518 gleich

160 522 316 569 anfangs
328 520 378 564 die
388 511 514 571 Stadt
525 529 807 570 weggenommen
818 521 921 569 haͤtte.
953 523 1075 566 Seine
1083 526 1183 568 wah⸗

162 585 199 616 re
214 572 350 628 Abſicht
365 574 417 619 bei
425 575 657 625 Belagerung
675 574 781 626 dieſes
797 575 934 615 elenden
945 576 1085 625 Platzes
1095 577 1182 621 ging

163 636 229 669 nur
253 626 380 682 dahin,
409 628 476 669 wie
502 638 538 671 er
567 627 632 669 den
655 626 768 677 Feind
791 625 996 677 aufhalten,
1025 629 1095 667 und
1127 630 1184 670 die

161 676 366 732 Schwaͤche
398 679 502 730 ſeiner
526 680 656 723 Armee
683 684 747 720 vor
780 677 967 730 demſelben
997 678 1184 727 verbergen

161 735 301 790 moͤchte.
361 738 478 784 Denn
494 740 539 778 da
558 738 630 785 ihm
646 732 863 787 ohnmoͤglich
880 736 951 788 fiel,
965 736 1029 778 mit
1043 736 1133 778 einer
1149 735 1186 786 ſo

160 792 322 842 geringen
340 791 490 839 Macht,
519 790 586 832 wie
608 793 662 833 die
684 790 806 840 ſeinige
825 798 923 838 war,
954 791 989 830 in
1008 790 1185 839 Rußland

160 837 407 890 einzubrechen,
423 838 457 889 ſo
472 839 576 882 wolte
592 851 626 882 er
642 837 725 889 noch
741 839 806 880 viel
821 839 972 887 weniger
987 837 1113 881 wieder
1130 848 1185 888 zu⸗

159 893 220 939 ruͤk
235 893 459 944 marſchiren,
475 890 619 945 ſondern
638 890 709 942 hier
724 893 778 936 die
794 893 1024 946 Huͤlfsvoͤlker
1041 893 1184 936 abwar⸗

160 952 239 998 ten,
268 949 321 987 die
346 944 419 995 ihm
439 946 497 987 der
522 932 640 995 Koͤnig
664 944 897 992 Stanislaus
917 954 964 987 an
978 944 1036 986 der
1053 943 1185 995 Spitze

160 1003 219 1042 der
240 1000 458 1045 Cronarmee
480 999 551 1041 und
575 1000 634 1042 der
656 997 933 1051 Generalmajor
953 996 1106 1049 Craſſau
1129 1007 1186 1047 zu⸗

161 1051 285 1101 fuͤhren
304 1049 459 1093 wuͤrden.
523 1048 683 1102 Hiermit
705 1048 926 1101 ſchmeichelte
950 1060 984 1093 er
1006 1049 1068 1100 ſich
1091 1048 1187 1100 deſto

161 1100 279 1152 mehr,
293 1100 373 1142 weil
388 1110 422 1141 er
437 1100 472 1141 in
490 1100 628 1152 etlichen
644 1101 825 1146 Monaten
840 1099 933 1141 keine
949 1098 1098 1151 Zeitung
1114 1105 1187 1139 von

159 1151 265 1201 ihnen
285 1147 434 1202 gehabt,
464 1153 534 1194 und
557 1151 663 1201 daher
685 1150 943 1201 muhtmaſſete,
973 1152 1029 1202 ſie
1039 1149 1187 1193 wuͤrden

161 1204 260 1257 ſchon
276 1209 375 1247 unter
389 1208 504 1252 weges
520 1202 611 1255 ſeyn,
626 1212 687 1245 um
701 1212 739 1252 zu
756 1201 827 1252 ihm
843 1213 880 1252 zu
896 1204 1025 1255 ſtoſſen.
1067 1203 1186 1247 Allein

162 1261 216 1302 die
232 1261 343 1311 Folge
360 1261 418 1303 der
432 1260 509 1308 Zeit
523 1262 585 1310 hat
597 1259 782 1312 gewieſen,
804 1261 871 1302 wie
894 1260 965 1311 ſehr
990 1262 1047 1303 der
1064 1258 1186 1308 Koͤnig

163 1310 226 1362 ſich
244 1315 280 1356 in
296 1312 399 1362 ſeiner
416 1310 612 1363 Rechnung
630 1307 791 1359 betrogen
809 1308 907 1358 habe.
967 1310 1079 1362 Doch
1096 1309 1187 1359 muͤſ⸗

162 1362 217 1412 ſen
233 1367 298 1407 alle
312 1363 524 1416 diejenigen,
536 1363 570 1414 ſo
586 1370 656 1404 von
672 1364 731 1406 der
744 1362 1023 1415 Beſchaffenheit
1036 1363 1096 1403 der
1109 1362 1188 1409 pol⸗

165 1419 296 1468 niſchen
312 1418 622 1466 Angelegenheiten
643 1418 752 1467 einige
767 1417 1018 1468 Wiſſenſchaft
1039 1416 1187 1467 beſitzen,

164 1466 338 1518 geſtehen,
362 1468 431 1516 daß
447 1471 504 1510 der
519 1466 637 1516 Koͤnig
653 1465 688 1516 ſo
705 1476 770 1516 gar
787 1466 924 1517 unrecht
940 1465 1029 1515 nicht
1045 1462 1187 1516 gehabt,

164 1525 266 1561 wenn
290 1530 325 1561 er
348 1517 409 1562 ſich
435 1519 544 1564 einige
557 1515 734 1568 Hofnung
759 1516 826 1567 auf
845 1517 952 1571 dieſen
975 1505 1106 1568 Entſatz
1127 1524 1187 1565 ge⸗

164 1569 291 1620 macht.
348 1569 466 1614 Denn
482 1568 601 1618 Polen
618 1577 695 1614 war
711 1569 770 1621 ſeit
787 1569 845 1610 der
860 1568 959 1621 Zeit,
983 1567 1051 1619 daß
1068 1577 1102 1609 er
1119 1567 1186 1608 mit

164 1619 267 1668 ſeiner
283 1618 411 1666 Armee
426 1612 553 1667 heraus
568 1625 733 1668 gezogen,
756 1624 826 1659 von
848 1618 955 1661 denen
971 1618 1106 1670 Ruſſen
1129 1617 1187 1660 be⸗

164 1672 282 1727 freiet,
302 1674 373 1716 und
397 1672 468 1720 alſo
489 1675 587 1727 ſtand
613 1676 671 1717 der
694 1671 812 1723 Koͤnig
828 1680 898 1716 von
915 1671 1123 1724 Schweden
1146 1674 1186 1716 in

166 1727 274 1772 denen
289 1726 505 1777 Gedanken,
528 1726 587 1770 der
607 1724 724 1777 Koͤnig
742 1726 973 1773 Stanislaus
995 1723 1115 1769 wuͤrde
1131 1725 1186 1768 in⸗

166 1781 322 1833 zwiſchen
339 1782 392 1825 die
407 1779 674 1832 Confoͤderirten
691 1780 755 1822 mit
768 1785 867 1828 guter
877 1780 996 1832 Muſſe
1012 1778 1081 1820 und
1096 1785 1187 1826 ganz

167 1831 371 1885 gemaͤchlich
394 1829 505 1883 haben
527 1839 566 1880 zu
587 1838 720 1879 paaren
743 1830 871 1875 treiben
887 1833 958 1873 und
978 1832 1042 1872 mit
1060 1828 1187 1881 ſeinem

166 1879 342 1929 Anhange
355 1882 480 1924 wieder
495 1870 687 1929 vereinigen
700 1875 845 1922 koͤnnen.

225 1933 440 1983 Diejenigen
456 1935 544 1976 irren
560 1932 720 1984 vielleicht
734 1942 793 1973 am
810 1928 994 1983 wenigſten,
1046 1932 1100 1974 die
1115 1932 1183 1974 alle

167 1981 315 2035 Schuld
337 1983 404 2031 auf
421 1985 485 2025 den
507 1982 666 2029 General
690 1978 841 2032 Craſſau
862 1981 1012 2032 werfen,
1041 1981 1098 2020 als
1123 1982 1184 2021 der

167 2037 268 2088 durch
284 2034 370 2089 ſeine
383 2036 606 2089 wunderliche
621 2035 691 2078 und
701 2033 947 2089 unertraͤgliche
956 2034 1183 2086 Auffuͤhrung

166 2091 230 2142 ſich
252 2099 357 2140 gegen
373 2090 438 2132 den
451 2091 568 2144 Koͤnig
589 2086 841 2140 Stanislaus,
866 2091 931 2134 den
956 2089 1186 2133 Woiwoden

167 2148 237 2185 von
246 2144 365 2191 Kiow,
382 2142 419 2188 ja
435 2142 488 2182 die
501 2150 604 2194 ganze
620 2139 786 2194 polniſche
802 2143 945 2188 Nation
961 2144 1026 2183 alle
1042 2139 1186 2193 Augen⸗

166 2189 234 2237 blik
248 2202 313 2247 gar
329 2187 580 2246 widerſpenſtig
599 2187 752 2243 erzeigte,
768 2194 839 2233 und
856 2189 1005 2241 dadurch
1024 2190 1088 2233 alle
1103 2195 1186 2240 gute

1198 377 1276 414 1709
