1903 2872
700 424 803 468 258

1043 412 1449 490 Gab — Gal

807 517 1144 574 Gabel ⸗ Anker,
1170 525 1206 569 iſt
1221 527 1268 564 ein
1291 527 1414 574 eiſerner
1432 525 1530 567 Anker
1555 516 1586 568 in
1603 516 1703 570 einem
1718 532 1786 570 Ge⸗

721 583 850 628 baͤude,
893 584 989 631 deſſen
1018 586 1130 637 Theile
1157 588 1343 636 vermittelſt
1372 591 1456 630 einer
1484 590 1591 630 Gabel
1611 595 1675 630 und
1699 594 1783 631 einer

723 638 815 678 durch
841 635 964 680 dieſelbe
988 640 1145 688 gehenden
1168 639 1322 690 Schließe
1347 654 1387 678 an
1411 644 1558 681 einander
1577 642 1686 691 gefuͤgt
1705 646 1782 695 ſind.

723 690 773 733 Er
791 689 874 738 heißt
892 693 966 737 auch
983 679 1275 746 Schließanker,
1278 693 1525 745 Schlauder.

815 764 1158 821 Gabel ⸗ Roͤhre,
1193 771 1228 814 iſt
1246 771 1301 815 bey
1318 772 1540 814 Druckwerken
1562 774 1627 812 eine
1647 775 1785 818 doppelte

722 815 853 866 Roͤhre,
877 819 983 863 welche
1005 818 1064 864 auf
1077 820 1125 859 die
1142 820 1267 871 Gurgel
1290 824 1362 860 oder
1377 826 1435 861 den
1451 812 1565 876 Kropf
1582 825 1642 864 mit
1653 822 1784 869 Lappen

723 876 788 909 und
803 871 995 919 Schrauben
1009 874 1150 922 befeſtigt
1166 877 1215 922 iſt.
1266 866 1421 925 Zwiſchen
1435 877 1535 920 dieſen
1548 878 1663 925 beyden
1688 880 1784 931 Roͤh⸗

721 931 775 960 ren
797 921 931 971 befindet
955 926 1010 970 ſich
1034 927 1082 963 ein
1107 917 1247 972 Ventil,
1274 930 1350 966 und
1368 928 1450 970 laͤuft
1462 928 1518 975 bey
1534 931 1694 976 doppelten
1710 940 1784 970 oder

721 981 902 1030 dreyfachen
922 983 1460 1034 Kunſt⸗ oder Brunnenwerken,
1495 987 1547 1026 bis
1563 999 1618 1037 zur
1633 989 1785 1030 Vereini⸗

721 1043 806 1082 gung
827 1040 879 1074 der
906 1037 1392 1091 Steig ⸗ oder Aufſatzroͤhre,
1428 1042 1487 1081 wie
1507 1044 1575 1084 eine
1601 1042 1706 1084 Gabel
1730 1053 1785 1094 zu⸗

721 1087 879 1137 ſammen.

773 1146 986 1195 Gaden,
1025 1150 1108 1199 heißt
1139 1149 1171 1187 in
1200 1145 1267 1198 der
1272 1153 1427 1198 gemeinen
1456 1154 1642 1202 Mundart,
1684 1155 1797 1202 beſon⸗

722 1207 795 1246 ders
813 1208 846 1244 in
874 1201 1197 1258 Ober⸗Deutſchland,
1226 1210 1274 1247 ein
1290 1210 1492 1258 Stockwerk,
1519 1209 1614 1262 daher
1635 1212 1711 1258 auch
1737 1213 1788 1254 die

720 1261 913 1308 Beywoͤrter
936 1261 1164 1312 zweygadig,
1191 1263 1403 1315 dreygadig,
1427 1266 1585 1306 kommen.

800 1311 982 1354 Bisweilen
1001 1314 1079 1351 wird
1099 1313 1177 1359 dieſe
1190 1311 1399 1361 Benennung
1414 1315 1490 1362 auch
1513 1327 1575 1354 von
1596 1316 1697 1357 einem
1712 1319 1785 1359 klei⸗

721 1376 781 1406 nen
796 1363 923 1414 Hauſe,
946 1373 1018 1407 oder
1041 1371 1125 1409 einer
1139 1367 1242 1417 Huͤtte
1263 1371 1437 1421 gebraucht.
1490 1372 1583 1415 Eben
1598 1373 1628 1419 ſo
1649 1374 1783 1425 verſteht

720 1431 799 1459 man
815 1420 891 1465 auch
907 1433 966 1460 nur
985 1425 1034 1461 ein
1055 1422 1221 1471 Zimmer,
1255 1427 1327 1463 oder
1341 1429 1390 1467 ein
1413 1426 1598 1479 Behaͤltniß
1621 1430 1784 1470 darunter.

722 1476 777 1525 Jn
805 1484 858 1516 der
889 1476 1045 1527 Schweitz
1067 1482 1106 1527 iſt
1135 1478 1381 1529 Milchgaden
1416 1484 1535 1532 anſtatt
1569 1484 1782 1534 Milchkeller,

720 1504 946 1572 Viehgaden
970 1524 1092 1569 anſtatt
1113 1521 1263 1573 Kuhſtall
1281 1524 1484 1579 gewoͤhnlich.

809 1590 1138 1649 Gaͤnſe ⸗ Stall,
1171 1599 1192 1646 ſ.
1218 1588 1355 1643 Stall.

807 1659 1045 1717 Gaͤrberey,
1068 1664 1123 1714 iſt
1155 1668 1206 1708 die
1230 1665 1402 1719 Werkſtatt
1430 1668 1515 1710 eines
1546 1666 1784 1713 Lederbereiters.

720 1716 759 1781 ſ.
759 1716 1068 1777 Lederbereiter.

763 1787 1231 1847 Gaͤrbe ⸗ Kammer,
1259 1783 1298 1839 iſt
1315 1798 1346 1835 in
1367 1797 1485 1845 einigen
1499 1800 1668 1845 Gegenden
1682 1797 1784 1843 Ober⸗

720 1856 786 1893 und
805 1851 1193 1902 Nieder ⸗ Deutſchlands
1209 1859 1275 1896 eine
1288 1854 1499 1904 Benennung
1518 1861 1571 1897 der
1594 1858 1783 1909 Sacriſtey,

718 1908 828 1949 welche
840 1906 937 1956 daher
948 1909 1078 1957 kommt,
1105 1912 1174 1950 weil
1187 1912 1237 1952 die
1247 1913 1392 1961 Prieſter
1406 1911 1496 1953 darin
1512 1911 1569 1964 ſich
1583 1924 1621 1963 zu
1632 1909 1784 1965 gaͤrben,

719 1964 779 2000 das
795 1961 846 2008 iſt,
884 1961 1082 2011 anzukleiden
1097 1967 1162 2002 und
1178 1974 1216 2014 zu
1233 1967 1304 2005 dem
1320 1965 1556 2017 Gottesdienſte
1568 1965 1784 2017 zuzubereiten

719 2017 855 2067 pflegen.

807 2069 994 2127 Galerie,
1023 2079 1078 2119 iſt
1108 2080 1156 2117 ein
1179 2076 1343 2127 Zimmer,
1382 2079 1508 2124 welches
1529 2082 1594 2132 ſehr
1616 2083 1690 2129 lang
1716 2085 1783 2123 und

718 2133 851 2187 ſchmahl
873 2137 931 2186 iſt,
966 2136 996 2182 ſo
1018 2140 1083 2187 daß
1110 2138 1188 2184 ſeine
1211 2139 1329 2186 Breite
1354 2130 1541 2190 wenigſtens
1564 2147 1639 2193 drey
1662 2141 1782 2193 Mahl,

717 2200 781 2234 und
799 2200 873 2243 aufs
889 2200 1005 2247 hoͤchſte
1021 2199 1138 2249 vierzig
1154 2201 1205 2242 bis
1221 2201 1343 2253 funfzig
1357 2204 1461 2253 Mahl
1476 2205 1511 2242 in
1528 2208 1581 2244 der
1596 2205 1691 2252 Laͤnge
1711 2211 1781 2245 ent⸗

717 2245 822 2294 halten
833 2251 884 2294 iſt.
934 2250 1050 2295 Durch
1064 2250 1161 2291 dieſes
1175 2251 1374 2302 Verhaͤltniß
1395 2252 1479 2292 wird
1498 2248 1565 2302 eine
1566 2254 1700 2297 Galerie
1714 2266 1782 2296 von

716 2298 818 2337 einem
836 2292 945 2340 Saale
960 2292 1199 2349 unterſchieden,
1226 2302 1255 2348 ſo
1270 2302 1327 2344 wie
1345 2305 1383 2353 ſie
1401 2304 1456 2354 ſich
1471 2312 1535 2344 von
1559 2306 1663 2345 einem
1680 2306 1791 2350 Saͤu⸗

717 2350 883 2397 lengange,
904 2356 975 2389 oder
990 2356 1074 2391 einer
1089 2354 1304 2404 Bogenlaube
1326 2359 1461 2402 dadurch
1484 2356 1691 2405 auszeichnet,
1714 2360 1782 2409 daß

712 2390 792 2447 diefe
807 2401 882 2443 nach
898 2405 950 2438 der
961 2407 1096 2442 vordern
1104 2407 1231 2453 Anſicht
1246 2409 1327 2454 offen
1345 2409 1397 2454 iſt,
1421 2411 1470 2447 die
1487 2406 1618 2447 Galerie
1634 2411 1707 2448 aber
1722 2411 1784 2457 auf

713 2460 796 2500 allen
812 2459 880 2500 vier
893 2456 1016 2501 Seiten
1029 2460 1188 2508 Mauern,
1212 2467 1275 2503 und
1290 2464 1441 2504 entweder
1464 2462 1679 2518 ringsherum,
1707 2468 1782 2504 oder

1710 2540 1778 2570 nur
