1618 2370
540 462 670 496 Exitum
694 462 715 495 ſ.
732 462 898 499 fortunam
927 462 1000 499 belli
1032 476 1102 500 non
1121 467 1244 514 ſemper
1262 468 1296 503 in
1322 478 1420 506 unam

540 513 744 553 eandemque
753 519 871 556 partem
880 511 1042 556 inclinare,
1052 511 1103 550 ſed
1111 513 1304 565 promiſcue,
1314 519 1420 555 modo

537 566 601 599 illi,
625 575 692 598 nunc
708 566 775 599 huic
793 563 908 604 favere,
919 565 974 601 vel
986 565 1152 611 adverſari,
1174 569 1206 609 d.
1218 568 1241 610 i.
1274 564 1328 617 der
1343 570 1418 614 Aus⸗

536 621 642 660 gang,
652 615 725 656 oder
736 616 804 658 das
815 616 925 663 Gluͤck
939 618 986 661 im
994 618 1123 668 Kriege,
1134 621 1239 670 wiege
1252 625 1311 672 ſich
1328 626 1415 670 nicht

533 670 614 713 ſtets
634 666 697 712 auf
710 666 780 710 eine
800 666 918 715 Seite,
942 667 1080 717 ſondern
1096 669 1201 723 huͤlffe
1220 675 1289 717 und
1306 671 1416 724 ſtuͤrtze

535 719 617 757 bald
641 717 744 763 dieſen
772 717 851 760 bald
881 718 974 768 jenen
998 720 1080 768 ohne
1095 721 1315 771 Unterſcheid.
1350 728 1414 765 vid.

532 769 625 804 Tact
657 766 745 818 Wie
746 766 896 811 ſtehets
910 765 954 818 in
960 769 1126 816 Bender?
1154 772 1265 822 Was
1287 773 1416 823 macht

531 820 600 858 der
613 817 739 865 Koͤnig
750 831 787 859 in
802 823 1039 869 Schweden?
1067 834 1132 867 800.
1150 838 1218 865 1711.

607 869 673 912 Als
682 869 732 905 die
743 865 955 915 ungluͤckliche
966 871 1136 920 Schlacht
1148 877 1205 919 der
1214 875 1414 923 Schweden

527 918 589 961 bey
603 922 747 956 Pultawa
759 920 912 964 ruchtbar
930 924 1053 967 wurde,
1064 919 1225 972 erſuchten
1238 927 1290 967 die
1301 927 1416 980 Pohl⸗

526 973 654 1013 niſchen
666 971 838 1016 Magnaten
853 969 948 1016 Jhro
963 970 1098 1017 Koͤnigl.
1112 969 1282 1022 Maieſtaͤt
1298 983 1414 1025 Augu-

525 1025 609 1056 ſtum
619 1027 682 1063 gar
690 1015 1042 1068 vielfaͤltig,wiederum
1061 1012 1139 1070 nach
1154 1024 1270 1074 Pohlen
1282 1035 1319 1072 zu
1327 1028 1417 1068 kom⸗

526 1068 603 1109 men
624 1072 692 1111 und
700 1069 752 1112 die
773 1068 854 1118 Jhm
866 1071 1013 1121 einmahl
1028 1073 1212 1127 aufgeſetzte
1220 1074 1334 1122 Crone
1348 1079 1414 1123 wi⸗

523 1126 582 1164 der
590 1122 682 1163 einen
693 1121 845 1169 ſchnoͤden
855 1122 1082 1177 Uſurpatorem
1097 1133 1134 1174 zu
1147 1129 1371 1173 mainteniren.

601 1173 730 1218 Schon
744 1177 839 1208 Anno
853 1183 945 1219 1707.
962 1172 1073 1229 hatten
1082 1174 1134 1215 die
1150 1183 1300 1225 getreuen
1310 1178 1411 1231 Poh⸗

524 1225 594 1270 len
594 1228 631 1272 in
635 1231 739 1263 einem
750 1233 785 1267 zu
794 1222 948 1269 Lemberg
968 1227 1010 1271 im
1014 1227 1168 1277 Monath
1183 1231 1274 1271 Febr.
1293 1231 1409 1278 gehal⸗

518 1282 616 1314 tenen
627 1279 757 1308 Senatus
768 1274 910 1315 Conſilio
919 1277 981 1317 den
998 1274 1186 1324 einhelligen
1195 1277 1338 1327 Schluß
1351 1290 1409 1329 ge⸗

521 1325 652 1367 macht:
683 1323 764 1368 Der
775 1323 971 1377 Pohlniſche
986 1326 1109 1376 Thron
1123 1320 1229 1378 waͤre,
1245 1330 1409 1378 ungeacht

518 1379 577 1412 der
609 1375 792 1418 einſeitigen
818 1376 1056 1415 Renunciation
1080 1375 1214 1424 Koͤnigs
1248 1379 1406 1429 Auguſti,

515 1428 604 1464 nicht
619 1431 741 1457 vacant.
791 1422 919 1473 Dieſes
936 1424 1114 1476 deſtomehr
1128 1437 1165 1477 zu
1179 1425 1409 1481 bekraͤfftigen,

517 1476 723 1525 proteſtirten
748 1474 799 1518 die
838 1479 1085 1525 verſammleten
1108 1482 1276 1523 Senatores
1301 1490 1410 1529 gegen

517 1528 602 1554 alles
618 1525 696 1555 das,
713 1529 792 1556 was
809 1525 842 1554 in
853 1523 1012 1565 Sachſen
1029 1522 1085 1560 mit
1103 1522 1152 1564 der
1162 1517 1412 1565 Renunciation

515 1581 763 1616 vorgegangen,
776 1574 843 1611 und
857 1571 1014 1618 erklaͤrten
1031 1576 1218 1616 Stanislaum
1234 1587 1295 1620 vor
1308 1577 1403 1621 einen

514 1623 797 1673 aufgeſtandenen
817 1627 969 1668 Rebellen
984 1636 1086 1676 gegen
1101 1630 1165 1677 ſein
1179 1633 1402 1676 Vaterland.

511 1680 591 1715 conf
610 1677 736 1710 Fellerus
752 1683 784 1719 p.
797 1683 863 1717 353.
882 1675 972 1721 ſequ.
997 1677 1030 1708 in
1045 1687 1109 1713 not.
1125 1679 1172 1717 ad
1182 1680 1283 1721 Birck.
1298 1679 1401 1730 Held.

512 1736 637 1783 Saal.

585 1779 638 1819 Es
647 1775 730 1823 fand
741 1775 800 1829 ſich
810 1775 991 1826 dieſerhalb
1005 1771 1071 1828 eine
1092 1772 1279 1836 anſehnliche
1288 1784 1400 1833 Pohl⸗

509 1827 611 1878 niſche
634 1829 893 1885 Geſandſchafft
913 1825 953 1879 in
967 1833 1135 1882 Dreßden
1155 1836 1225 1886 ein,
1248 1837 1281 1886 ſo
1300 1838 1398 1885 Jhro

509 1878 678 1929 Majeſtaͤt
692 1882 793 1927 darzu
815 1881 1021 1929 veranlaßte.
1066 1884 1217 1936 Moſcau
1236 1886 1397 1936 unterließ

512 1935 594 1970 auch
613 1933 699 1971 nicht
712 1930 809 1974 durch
820 1929 925 1977 ſeinen
935 1931 1082 1974 Miniſter
1090 1944 1147 1979 am
1156 1931 1399 1985 Chur⸗Saͤch⸗

508 1986 624 2040 ſiſchen
644 1982 738 2036 Hofe
755 1984 936 2039 dieſerhalb
956 1987 1221 2043 Vorſtellungen
1241 2002 1280 2043 zu
1301 1994 1398 2036 thun.
