2426 2528
883 253 957 307 854

1239 264 1343 307 Vom
1330 255 1475 316 ſichern
1494 256 1778 318 Ancker ⸗ Wurff.

1193 344 1832 392 TEXTUS.

1237 433 1398 488 Thren.
1417 434 1494 486 III.
1529 449 1574 484 v.
1590 449 1646 498 19.
1666 449 1732 481 20.
1751 448 1801 482 21.

956 532 1188 592 Gedencke
1214 529 1358 604 doch/
1380 538 1469 594 wie
1494 534 1561 603 ich
1588 535 1635 603 ſo
1662 537 1787 596 elend
1812 541 1907 597 und
1932 539 2148 609 verlaſſen

883 610 969 666 mit
995 606 1246 678 Wermuth
1276 614 1369 667 und
1397 611 1572 670 Gallen
1596 610 1849 678 getraͤncket
1877 617 1972 674 bin.
2049 618 2146 677 Du

882 679 1008 745 wirſt
1034 683 1082 749 ja
1109 684 1258 738 daran
1285 680 1565 749 gedencken/
1572 688 1691 743 denn
1713 688 1861 746 meine
1877 689 2027 748 Seele
2045 688 2147 755 ſagt

883 754 1042 820 mirs/
1054 761 1145 816 das
1171 757 1329 829 nehme
1354 757 1420 828 ich
1445 771 1500 832 zu
1517 759 1751 830 Hertzen/
1757 766 1923 823 darum
1940 764 2060 837 hoffe
2078 766 2145 837 ich

882 830 1011 900 noch.

1368 934 1654 1004 Eingang.

872 1005 1023 1151 D

1032 1018 1071 1060 Aß
1105 1026 1161 1061 zur
1182 1017 1255 1062 Zeit
1275 1020 1366 1060 eines
1385 1019 1511 1067 groſſen
1536 1021 1765 1069 Ungewitters
1784 1023 1864 1072 auff
1875 1025 1950 1067 dem
1968 1022 2073 1068 Meer
2094 1028 2146 1068 die

1035 1067 1277 1114 Schiff ⸗ Leute
1296 1068 1357 1115 ſich
1377 1071 1460 1116 nicht
1480 1069 1576 1114 beſſer
1597 1072 1713 1119 rathen
1737 1069 1880 1118 koͤnnen/
1900 1073 2005 1120 auſſer
2018 1074 2092 1124 daß;
2101 1077 2144 1124 ſie

1035 1116 1173 1157 Ancker
1186 1112 1360 1162 werffen/
1374 1123 1443 1159 und
1451 1118 1503 1167 ihr
1511 1119 1637 1168 Schiff
1646 1120 1795 1162 hiedurch
1810 1120 2001 1169 befeſtigen/
2010 1124 2053 1162 ob
2065 1124 2146 1162 viel⸗

879 1164 970 1208 leicht
988 1164 1091 1204 wider
1113 1170 1176 1205 den
1190 1164 1332 1207 Sturm
1355 1166 1491 1214 daſſelbe
1512 1168 1652 1217 beſtehen
1676 1171 1745 1212 und
1762 1166 1992 1218 unbeſchaͤdigt
2015 1173 2144 1212 bleiben

870 1212 1008 1257 koͤnne:
1028 1217 1090 1254 des
1113 1213 1219 1258 haben
1241 1217 1306 1256 wir
1329 1218 1363 1255 in
1382 1220 1438 1258 der
1451 1217 1613 1267 Schrifft
1634 1223 1686 1261 ein
1704 1220 1862 1268 Exempel
1877 1230 1923 1260 an
1938 1225 2000 1262 den
2010 1222 2144 1271 Schiff⸗

877 1257 1015 1305 Leuten/
1029 1264 1079 1301 die
1091 1262 1233 1307 einſtens
1250 1268 1312 1304 den
1325 1262 1483 1311 Paulum
1498 1274 1563 1313 gen
1578 1265 1677 1310 Rom
1692 1267 1830 1313 bringen
1846 1266 1977 1315 ſolten/
1983 1273 2052 1309 und
2067 1272 2145 1311 dar⸗

875 1321 942 1349 von
968 1310 1168 1361 ausfuͤhrlich
1195 1311 1316 1361 geleſen
1344 1317 1476 1358 werden
1503 1313 1595 1364 kan/
1606 1320 1674 1359 das
1696 1329 1748 1366 27.
1774 1312 1897 1371 Capitel
1920 1324 1976 1362 der
1994 1321 2142 1370 Apoſtel⸗

876 1364 1075 1409 Geſchichte.

973 1409 1086 1451 Denn
1110 1410 1173 1449 wie
1195 1414 1235 1450 es
1257 1410 1339 1456 auff
1354 1412 1429 1455 dem
1442 1412 1546 1456 Meer
1559 1413 1661 1462 pflegt
1673 1412 1892 1467 herzugehen/
1903 1415 1969 1463 daß
1979 1417 2069 1462 nicht
2079 1418 2141 1457 im⸗

876 1464 947 1495 mer
964 1460 1028 1496 eine
1050 1457 1272 1504 annehmliche
1291 1454 1446 1505 Stille/
1439 1458 1508 1503 und
1529 1466 1585 1502 der
1600 1452 1720 1506 Wind
1741 1465 1821 1513 nach
1842 1465 1900 1506 der
1915 1464 2139 1515 Schiffenden

875 1507 1050 1550 Wuntſch
1074 1501 1138 1548 iſt/
1141 1508 1277 1550 ſondern
1298 1510 1474 1553 vielmahls
1491 1515 1537 1551 die
1564 1505 1676 1555 Wellen
1700 1514 1800 1555 durch
1812 1514 1964 1553 einander
1980 1513 2142 1564 ſchlagen/

875 1549 951 1600 daß
966 1555 1036 1592 das
1046 1552 1161 1592 Meer
1174 1551 1294 1593 wuͤtet
1312 1555 1390 1593 und
1405 1555 1517 1596 tobet.
1537 1560 1601 1604 (Pſ.
1608 1561 1722 1594 XLVI.
1730 1563 1786 1604 4.)
1810 1558 1878 1601 So
1892 1562 1989 1606 gieng
2003 1564 2041 1597 es
2055 1561 2136 1603 auch

875 1600 957 1646 hier.
1006 1599 1071 1649 Jn
1094 1599 1217 1641 vielen
1230 1600 1380 1654 Tagen/
1394 1601 1523 1651 ſchreibt
1537 1608 1659 1648 Lucas,
1674 1604 1847 1656 erſchiene
1863 1609 1988 1648 weder
1995 1610 2138 1652 Sonne

875 1645 974 1690 noch
989 1644 1174 1695 Geſtirn/
1175 1649 1254 1686 und
1271 1658 1356 1686 war
1377 1641 1477 1693 nicht
1490 1653 1549 1691 ein
1562 1650 1655 1692 klein
1668 1651 1899 1704 Ungewitter
1921 1664 1999 1693 uns
2020 1659 2136 1699 zuwi⸗

874 1693 965 1742 der/
961 1694 1035 1748 daß
1052 1695 1124 1737 alle
1130 1695 1329 1748 Hoffnung
1343 1700 1409 1738 des
1416 1699 1569 1741 Lebens
1582 1701 1698 1750 dahin
1713 1711 1808 1742 war.
1818 1710 1853 1743 v.
1861 1717 1917 1745 20.
1937 1704 2057 1749 Sonn
2065 1709 2135 1748 und

874 1750 1013 1797 Geſtirn
1032 1750 1102 1797 ſind
1124 1759 1161 1795 zu
1183 1754 1255 1791 dem
1274 1751 1371 1793 Ende
1391 1762 1458 1792 von
1472 1748 1656 1803 Goͤttlicher
1669 1755 1835 1802 Allmacht
1851 1765 1897 1799 an
1912 1756 1972 1798 den
1981 1757 2138 1806 Himmel

876 1791 1025 1844 geſetzt/
1013 1795 1086 1846 daß
1101 1796 1150 1845 ſie
1165 1808 1243 1837 auff
1259 1803 1315 1839 die
1326 1800 1430 1840 Erde
1444 1799 1644 1850 ſcheinen/
1638 1805 1716 1842 und
1730 1805 1800 1843 den
1806 1801 1892 1856 Tag
1906 1807 1985 1845 und
1996 1806 2135 1850 Nacht

876 1842 1072 1892 regieren/
1070 1843 1149 1880 und
1160 1832 1272 1884 Licht
1291 1845 1369 1882 und
1383 1841 1586 1895 Finſterniß
1613 1856 1692 1885 von
1708 1851 1878 1887 einander
1896 1852 2054 1899 ſcheiden
2068 1855 2134 1899 ſol⸗

875 1894 946 1935 len.
969 1898 1073 1934 (Gen.
1081 1898 1225 1944 I.17.18.)
1246 1897 1372 1939 Wenn
1392 1901 1471 1940 aber
1495 1902 1546 1940 die
1561 1897 1697 1947 Duͤnſte
1719 1900 1777 1949 ſich
1804 1907 1874 1943 aus
1894 1908 1968 1944 dem
1977 1904 2082 1947 Meer
2098 1907 2133 1945 in

873 1944 923 1985 die
933 1930 1032 1990 Hoͤhe
1048 1941 1179 1989 ziehen/
1176 1945 1244 1983 und
1257 1953 1370 1990 wegen
1385 1948 1441 1987 der
1449 1943 1549 1988 Kaͤlte
1562 1950 1621 1989 des
1630 1948 1744 1990 Ortes
1758 1953 1791 1989 in
1803 1952 1859 1990 der
1867 1950 1951 1999 Lufft
1966 1954 2133 1989 condenſi-

873 2002 931 2034 ren
954 1997 1020 2035 und
1042 1994 1127 2036 dicke
1147 1991 1297 2039 werden/
1310 1995 1343 2043 ſo
1364 1996 1512 2045 geſchicht
1520 1997 1599 2045 es/
1603 2000 1668 2045 daß
1686 2009 1766 2040 man
1778 2005 1886 2042 weder
1904 2002 2037 2045 Sonne
2051 2004 2132 2050 noch

873 2046 1027 2097 Geſtirne
1055 2045 1145 2096 ſehen
1174 2043 1275 2088 kan/
1284 2050 1358 2090 weil
1381 2052 1429 2095 die
1451 2050 1616 2097 Wolcken
1646 2063 1685 2101 zu
1711 2050 1830 2101 dicke/
1834 2053 1900 2103 daß
1922 2056 1972 2104 ihr
1992 2057 2129 2101 Schein

2048 2113 2132 2158 nicht
