2294 2613
621 340 808 388 ſcrotum,
825 353 847 377 a
866 339 982 380 foeda
1001 338 1076 379 luis
1106 352 1290 379 venereae
1306 337 1393 378 labe
1413 337 1564 388 penitus
1593 337 1834 386 abſumtum,
1853 335 1968 385 putri-

622 397 796 444 dumque
819 395 981 441 factum;
1001 394 1128 443 poſtea
1150 408 1243 434 vero
1272 392 1336 432 ſua
1360 393 1494 442 ſponte
1522 389 1679 441 pulchre
1701 403 1904 438 renatum,
1932 402 1972 429 et

625 449 673 487 ad
706 446 807 497 ipſos
831 449 936 487 teſtes
954 445 1133 486 hactenus
1154 447 1299 494 nudos,
1320 445 1446 486 rurſus
1471 447 1615 484 blande
1647 449 1904 484 inuoluendos
1927 455 1969 480 ac

623 505 794 556 profanis
830 504 971 546 viſibus
990 503 1294 554 ſubducendos,
1331 511 1616 552 peropportune
1657 503 1889 552 productum
1913 496 1982 554 ᶻ):

625 554 738 599 quale
762 549 983 587 mirandum
1022 549 1246 597 exemplum
1282 554 1481 597 quondam
1514 559 1625 587 etiam
1664 559 1880 587 obſeruauit
1911 552 1969 588 CI.

624 612 793 668 Praeſes
807 613 1069 664 Argentorati,
1089 614 1129 653 in
1148 614 1415 660 Noſodochio.
1464 613 1605 652 Pariter
1625 616 1839 661 omoplatas
1878 625 1967 650 cum

625 683 707 711 tota
726 668 824 710 dorſi
851 683 984 720 carne,
1007 668 1117 709 ſaeua
1151 668 1347 712 machinae
1367 659 1525 711 bellicae
1551 668 1754 716 violentia,
1767 682 1888 717 vsque
1919 671 1967 705 ad

627 726 705 767 oſſa
731 726 889 775 ablatas,
919 723 1099 774 ſingulari
1119 722 1304 772 prouidae
1328 735 1482 765 naturae
1504 721 1716 771 beneficio,
1734 737 1966 770 regeneratas

625 788 725 831 vidit
753 786 936 832 Borellus
936 786 982 841 ᵃ)

1219 893 1255 941 §.
1309 901 1371 941 XI.

747 948 867 990 Porro
884 957 1051 997 aqueum
1067 942 1180 996 ipſius
1202 945 1312 986 oculi
1323 936 1551 996 humorem,
1568 962 1632 987 aut
1643 943 1785 988 inflicto
1797 941 1963 992 vulnere,

630 1017 695 1045 aut
710 1005 786 1045 alio
809 1007 894 1046 caſu
915 995 1099 1054 effuſum,
1125 1003 1260 1045 ſenſim
1280 1017 1349 1054 per
1369 1004 1408 1043 ſe
1428 1004 1613 1053 reparari,
1633 1005 1720 1052 poſt
1740 1002 1866 1054 ipſum
1890 994 1968 1046 Cel-

630 1061 718 1111 ſum
718 1061 773 1111 ᵇ)
792 1076 834 1101 ac
854 1058 1058 1110 Galenum
1058 1059 1107 1113 ᶜ)
1130 1075 1151 1099 a
1171 1060 1301 1100 multis
1330 1060 1574 1100 obſeruatum
1591 1065 1666 1099 fuit
1690 1059 1847 1097 medicis
1867 1069 1967 1105 prae-

631 1116 865 1166 ſtantiſſimis,
892 1111 940 1163 vt
960 1115 1155 1172 Marcello
1171 1117 1330 1157 Donato
1371 1115 1393 1168 ᵈ)
1423 1115 1652 1167 Laurentio
1652 1113 1699 1166 ᵉ)
1721 1113 1909 1167 Hildano
1909 1113 1967 1167 ᶠ)

630 1170 811 1219 Riolano
811 1170 856 1227 ᶢ)
883 1169 1059 1222 Platero
1059 1169 1120 1221 h)
1144 1171 1288 1219 alisque
1307 1169 1501 1219 pluribus,
1524 1181 1670 1219 magna
1684 1169 1795 1218 copia
1814 1168 1966 1208 laudatis

628 1228 726 1269 hanc
741 1227 780 1268 in
800 1242 882 1269 rem
897 1242 919 1268 a
940 1224 1098 1283 Sachſio
1098 1224 1164 1283 i)
1194 1242 1231 1270 et
1246 1228 1295 1271 lo.
1312 1225 1472 1278 Rhodio
1472 1225 1528 1280 ᵏ)
1553 1226 1620 1278 qui
1642 1216 1721 1277 ipſe
1742 1226 1815 1266 tale
1846 1236 1966 1266 exem-

630 1286 741 1336 plum
771 1285 811 1324 in
836 1285 1042 1326 duodecim
1074 1295 1263 1324 annorum
1288 1295 1410 1337 puero
1440 1282 1653 1323 annotauit:
1688 1280 1828 1334 quibus
1855 1281 1965 1333 potiſ-

629 1342 770 1383 ſimum
805 1342 1001 1383 addendae
1029 1340 1116 1386 ſunt
1149 1335 1312 1382 eximiae
1329 1340 1418 1382 illae
1437 1341 1513 1381 hoc
1535 1340 1576 1380 in
1604 1340 1791 1391 ſingulare
1814 1350 1962 1378 naturae

630 1397 859 1439 miraculum
896 1397 1176 1438 obſeruationes
1204 1398 1321 1439 celeb.
1357 1396 1465 1442 Olai.
1481 1396 1692 1453 Borrichii
1692 1395 1736 1452 l)
1774 1408 1811 1437 et
1839 1391 1965 1443 magni

639 1455 772 1498 Thom.
802 1447 1034 1496 Bartholini
1057 1454 1102 1506 ᵐ)
1136 1455 1232 1493 item
1257 1450 1449 1506 Plempii,
1478 1462 1515 1491 et
1546 1450 1698 1506 Briggs
1698 1450 1762 1505 ⁿ)
1787 1462 1855 1489 nec
1885 1462 1965 1488 non

1790 1515 1964 1556 Diemer-

672 1563 702 1601 z)
725 1560 833 1594 lbidem
853 1561 924 1601 Hiſt.
940 1562 990 1601 69.
1005 1558 1134 1592 eiusdem
1154 1559 1237 1591 Cent.
1254 1566 1320 1598 pag.
1333 1563 1404 1597 320.

671 1608 701 1645 a)
721 1604 784 1644 Obſ.
797 1606 863 1636 med.
881 1616 927 1639 20.
944 1607 1026 1637 Cent.
1038 1605 1080 1635 Ill.
1104 1611 1160 1643 pag.
1178 1610 1239 1642 213.

672 1652 701 1681 b)
719 1653 780 1680 Lib.
796 1652 846 1681 VI.
861 1659 912 1685 cap.
936 1649 964 1681 6.
979 1646 1004 1686 §.
1019 1655 1067 1686 39.

672 1687 702 1720 c)
724 1687 785 1717 Lib.
802 1687 824 1716 I.
838 1687 874 1716 de
889 1687 992 1725 Sympt.
1008 1681 1102 1722 cauſſis
1112 1693 1175 1725 cap.
1190 1692 1220 1715 2.

672 1729 710 1762 d)
729 1729 789 1758 Lib.
806 1731 842 1756 V.
858 1730 936 1759 Med.
954 1728 1026 1765 Hiſt.
1053 1734 1076 1754 c.
1091 1732 1119 1761 4.
1135 1734 1163 1762 p.
1180 1726 1250 1764 567.

671 1765 700 1800 e)
721 1764 783 1795 Lib.
803 1767 850 1794 IV.
867 1767 949 1793 Anat.
967 1773 1025 1801 cap.
1043 1764 1089 1793 16.

663 1808 709 1848 f)
731 1806 795 1844 Obſ.
807 1807 873 1837 chir.
889 1807 936 1838 26.
952 1807 1034 1835 Cent.
1051 1806 1070 1833 I.
1093 1811 1120 1841 p.
1137 1805 1185 1842 94.
1202 1803 1259 1842 ſeq.

665 1847 703 1886 g)
726 1845 836 1877 Enchir.
856 1847 942 1876 Anat.
957 1848 986 1876 L.
1002 1849 1036 1876 X.
1053 1846 1086 1876 C.
1103 1852 1132 1882 3.

673 1890 711 1924 h)
731 1887 818 1917 Prax.
833 1886 902 1918 med.
918 1888 953 1916 T.
965 1887 984 1915 l.
1001 1895 1019 1924 p
1038 1886 1106 1921 258.

637 1928 703 1962 i)
725 1926 787 1957 Lib.
801 1926 822 1956 l.
839 1926 980 1956 Gammar.
995 1933 1017 1954 c.
1034 1931 1083 1953 21.
1100 1931 1127 1961 p.
1141 1927 1211 1960 473.

672 1968 703 2002 k)
729 1967 792 2002 Obſ.
803 1968 873 1997 med.
890 1971 935 2004 82.
958 1967 1041 1998 Cent.
1060 1965 1081 1995 I.
1098 1973 1164 2002 pag.
1184 1969 1233 2001 53.

673 2003 703 2037 l)
722 2001 786 2033 Act.
801 2003 868 2033 med.
883 2002 969 2034 Hafn.
984 2003 1050 2034 Vol.
1072 2002 1091 2032 I.
1107 1999 1173 2033 Obſ.
1188 1999 1238 2037 69.
1254 2005 1319 2038 pag.
1336 2003 1402 2039 151.
1417 1994 1473 2040 ſeq.

673 2049 716 2081 m)
746 2049 815 2079 lbid.
839 2047 903 2090 Obſ.
923 2054 989 2085 132.
1005 2054 1070 2086 pag.
1089 2047 1158 2078 262.
1173 2041 1228 2084 ſeq.

673 2086 709 2124 n)
730 2084 854 2122 Vterque
882 2085 913 2115 in
931 2080 1213 2125 Ophthalmographia.
