1503 2358
490 303 533 347 16

758 291 1090 335 COLLEGIUM

545 385 717 436 Folgende
726 387 801 432 drey
812 385 940 431 Seƈten,
955 382 1033 435 fuhr
1050 386 1106 425 der
1122 383 1219 435 Herr
1234 382 1359 425 Profeſ-

491 441 545 479 ſor
555 443 631 488 fort,
648 441 718 492 ſind
730 443 779 483 die
791 443 917 491 beſten,
935 440 985 481 die
1007 444 1210 490 Dogmatica,
1227 444 1359 477 Herme-

493 498 573 530 tica,
593 494 660 527 und
679 490 802 534 endlich
822 483 1258 538 Dogmatico - Hermetica;
1268 484 1357 524 denn

494 547 544 584 die
563 547 755 592 Dogmatica
779 535 901 583 nimmt
920 548 1009 591 zwar
1036 545 1097 582 alle
1119 545 1359 592 Experimenta

493 608 559 638 an,
577 603 641 636 wie
659 596 712 636 die
729 597 820 633 Seƈta
837 596 1026 645 Empirica,
1059 594 1138 642 doch
1158 593 1296 644 braucht
1312 594 1357 645 ſie

493 653 595 705 ſolche
621 649 701 709 nicht
721 656 795 701 ohne
813 650 1038 703 Unterſcheid,
1061 651 1189 702 ſondern
1207 644 1360 703 judiciret

492 708 573 748 erſt,
589 713 662 752 zum
680 703 855 750 Exempel:
882 703 925 754 ſie
944 702 1055 750 haben
1073 716 1110 738 ex
1131 702 1357 754 Experientia,

494 760 552 805 (da
572 760 652 796 denn
672 758 883 805 Experientia
891 749 982 809 nicht
996 749 1098 803 allein
1113 755 1159 805 iſt,
1177 759 1257 796 was
1275 762 1357 795 man

493 811 588 859 ſelbſt
614 811 905 859 experimentiret,
926 808 1014 860 ſonſt
1028 807 1145 851 wuͤrde
1164 812 1216 850 ein
1239 809 1359 859 junger

494 863 654 903 Medicus
667 859 743 903 uͤbel
753 862 895 912 zurechte
905 860 1076 909 kommen,
1093 858 1233 908 ſondern
1250 862 1357 910 Expe-

491 917 612 947 rientia
631 913 738 958 heißt,
762 918 816 963 was
843 910 898 963 ich
913 907 995 957 auch
1006 916 1074 949 von
1086 905 1281 957 beruͤhmten
1289 905 1359 949 und

493 966 730 1017 verſtaͤndigen
742 965 872 1014 Leuten,
894 965 972 1009 oder
982 972 1048 1008 aus
1058 966 1150 1018 ihren
1161 966 1361 1020 Schrifften

493 1021 677 1077 erlernet,)
687 1023 755 1071 daß
770 1021 828 1073 diß
847 1024 925 1066 oder
931 1025 1026 1073 jenes
1035 1021 1267 1068 febrifugum,
1293 1023 1358 1060 den

493 1075 683 1123 Patienten
710 1073 834 1114 wieder
856 1072 944 1121 ohne
964 1073 1097 1121 einigen
1113 1072 1286 1122 Schaden
1300 1077 1361 1119 ge⸗

495 1126 632 1174 holffen,
650 1121 682 1173 ſo
693 1124 836 1175 nehmen
852 1122 897 1177 ſie
905 1128 943 1169 es
952 1123 1039 1174 nicht
1048 1126 1135 1174 ohne
1143 1122 1363 1175 Unterſcheid/

490 1182 580 1222 denn
592 1178 646 1226 diß
658 1178 853 1222 Antifebrile
866 1175 925 1229 hat
932 1174 1114 1230 geholffen,
1125 1180 1202 1221 weil
1211 1179 1270 1222 der
1278 1177 1360 1226 Pa⸗

491 1235 576 1275 tient
585 1231 680 1280 ſchon
691 1231 760 1274 eine
771 1230 894 1275 Weile
901 1230 1050 1281 gelegen,
1065 1224 1155 1280 haͤtte
1165 1235 1268 1273 mans
1277 1228 1360 1272 aber

492 1289 540 1330 im
560 1284 702 1331 Anfang
720 1279 924 1335 gebraucht,
931 1273 970 1339 ſo
989 1281 1084 1327 waͤre
1092 1282 1276 1336 gleichfalls
1293 1286 1360 1326 das

488 1339 613 1392 Fieber
640 1337 752 1386 auſſen
779 1337 980 1388 geblieben,
1004 1334 1095 1387 haͤtte
1125 1336 1207 1381 aber
1229 1339 1355 1381 wieder

488 1394 628 1448 kommen
659 1386 795 1445 koͤnnen,
810 1378 1007 1440 weßwegen
1014 1391 1058 1441 ſie
1067 1384 1132 1438 auf
1134 1389 1187 1432 die
1196 1385 1356 1441 Umſtaͤn⸗

488 1446 530 1486 de
541 1439 656 1493 ſehen,
677 1440 820 1490 welches
846 1437 920 1497 auch
945 1440 1028 1488 eines
1029 1438 1271 1493 verſtaͤndigen
1290 1429 1364 1483 Me-

484 1498 556 1538 dici
575 1493 818 1543 Schuldigkeit
833 1493 893 1543 iſt;
921 1487 1027 1545 denn:
1048 1489 1141 1539 Ratio
1166 1484 1189 1536 &
1211 1484 1359 1546 Experi-

489 1555 582 1579 entia
606 1548 809 1579 Medicorum
825 1548 946 1593 optima
948 1540 1030 1590 ſunt
1030 1534 1162 1588 fulera.

544 1598 782 1652 Erfahrung
807 1599 889 1636 und
908 1586 1131 1647 Vernunfft
1159 1599 1233 1649 muß
1242 1599 1356 1656 jeder

798 1659 909 1708 Artzt
921 1650 1013 1712 ſtets
1036 1663 1193 1699 haben,

542 1701 679 1746 Sonſt
694 1687 764 1754 kan
777 1708 852 1735 den
864 1702 1078 1736 Krancken
1088 1707 1129 1733 er
1147 1695 1217 1753 mit
1211 1675 1355 1753 keiner

759 1763 999 1808 Beßrung
1008 1767 1140 1809 laben.

530 1818 634 1865 Seƈta
645 1808 834 1867 Hermetica
850 1813 894 1846 iſt
899 1810 972 1852 auch
993 1807 1085 1851 nicht
1094 1808 1133 1845 zu
1133 1808 1377 1849 verwerffen,

489 1874 533 1915 ſie
543 1872 630 1903 wird
640 1865 723 1909 auch
729 1858 924 1911 Soagirica,
937 1858 1106 1909 Chymica,
1120 1849 1357 1908 Paracelſiſtica

483 1923 686 1966 genennet;
710 1916 793 1959 dieſe
818 1906 956 1961 braucht
970 1908 1085 1959 meiſts
1103 1895 1358 1956 Medicamenta

1268 1972 1355 2020 Chy-
