2721 3224
249 566 364 616 decket,
375 569 444 609 und
455 568 536 609 alles
546 565 690 608 bereitet.
737 564 814 609 Da
821 564 950 607 nimmt
960 573 1005 612 er,
1014 564 1064 606 da

249 618 317 668 iſſet
340 620 390 660 und
404 615 539 660 trincket
549 627 595 662 er,
611 618 681 657 und
710 615 826 663 davon,
847 611 985 667 nemlich
996 624 1064 656 von

248 671 384 721 ſolchem
394 667 572 720 glaͤubigen
583 668 755 720 Nehmen,
766 667 863 721 Eſſen
876 671 946 711 und
956 669 1065 712 Trin⸗

248 726 327 771 ken,
346 723 431 765 wird
448 723 518 764 und
535 721 655 765 bleibet
672 721 760 765 einer
775 722 830 764 ein
847 720 981 772 Chriſt,
996 719 1065 760 wie

247 779 317 816 aus
337 772 512 822 Luthero
530 772 627 825 ſchon
647 773 840 821 mehrmals
861 769 1066 822 angefuͤhret

250 826 399 868 worden.
459 819 651 880 Nehmen,
673 821 798 879 nehmen
835 835 907 863 aus
921 822 1067 873 Chriſti

247 879 354 925 Fuͤlle
367 874 509 921 Gnade
524 889 587 919 um
606 875 762 926 Gnade,
773 875 1066 926 Gerechtigkeit

248 932 328 972 und
344 928 518 979 Staͤrke,
535 931 577 982 ja
597 929 794 981 Chriſtum
809 928 921 980 ſelbſt
934 931 1065 968 immer

247 974 363 1027 beſſer
374 986 441 1018 auf
451 979 529 1016 und
546 977 770 1025 annehmen,
781 975 864 1014 und
877 976 1012 1015 immer
1025 977 1065 1012 in

248 1030 331 1071 ihm
342 1020 485 1071 wollen
496 1029 609 1078 beſſer
615 1028 806 1078 erfunden
816 1028 984 1073 werden,
992 1027 1067 1067 das

252 1071 302 1130 iſt
317 1084 378 1120 die
393 1079 657 1128 Hauptſache,
681 1080 763 1120 und
787 1078 861 1118 das
880 1078 1007 1126 Eine,
1030 1075 1067 1124 ſo

250 1132 350 1180 noth
366 1134 436 1180 iſt,
463 1135 542 1173 und
559 1135 627 1171 der
648 1133 773 1175 rechte
792 1130 1068 1180 Mittelpunct

248 1186 320 1227 des
345 1191 487 1233 ganzen
519 1181 849 1232 Chriſtenthums.
912 1181 1071 1233 Darauf

250 1235 339 1277 wird
354 1234 438 1281 auch
455 1233 550 1280 unſer
560 1235 680 1276 Geben
696 1238 764 1275 und
772 1235 924 1278 Wirken
939 1232 1065 1283 folgen.

251 1282 302 1333 Je
318 1281 409 1332 mehr
426 1279 490 1322 wir
512 1279 679 1328 nehmen,
695 1279 727 1320 ie
741 1284 834 1328 mehr
850 1279 982 1321 koͤnnen
998 1282 1068 1320 wir

251 1332 373 1372 wieder
389 1328 502 1380 geben.
555 1329 648 1372 Wir
661 1330 799 1377 nehmen
809 1330 892 1371 aber
903 1332 944 1381 im
952 1329 1067 1371 Glau⸗

251 1381 314 1423 ben
331 1382 399 1421 und
425 1380 480 1422 mit
506 1373 636 1426 Gebet.
646 1378 767 1421 Denn
776 1389 856 1418 wer
866 1378 989 1418 bittet,
1000 1382 1068 1418 der

251 1439 387 1477 nimmt
399 1431 538 1479 Matth.
554 1439 624 1481 7,8.
667 1434 749 1474 Und
758 1433 804 1472 ob
819 1434 913 1482 unſer
927 1433 1069 1475 Glaube

252 1485 323 1528 und
340 1482 452 1528 Gebet
466 1480 521 1533 oft
535 1492 600 1522 nur
615 1480 665 1522 ein
677 1480 861 1530 ſchwaches
878 1481 958 1527 doch
968 1484 1076 1527 redli⸗

253 1536 328 1587 ches
342 1532 551 1582 Verlangen
569 1533 626 1582 iſt,
659 1524 700 1584 ſo
696 1532 859 1581 nehmen
879 1535 954 1573 wir
967 1534 1067 1578 doch

252 1588 327 1625 den
343 1593 482 1634 ganzen
493 1582 716 1633 Chriſtum,
737 1583 820 1622 und
836 1581 988 1632 kriegen
1006 1582 1067 1621 al⸗

251 1638 328 1678 les,
337 1646 428 1673 was
451 1635 516 1674 wir
521 1632 725 1684 begehren.
760 1631 882 1676 Denn
893 1631 1072 1683 Erthut,

253 1700 342 1731 was
360 1692 420 1730 die
450 1682 809 1741 Gottesfuͤrchtigen
818 1681 1016 1740 begehren.

318 1744 446 1794 Hieher
467 1738 600 1792 gehoͤret
621 1745 690 1784 das
713 1742 748 1784 in
772 1742 908 1786 Statii
930 1740 1070 1792 Schatz⸗

241 1799 399 1840 kammer
414 1806 443 1841 p.
454 1801 591 1839 137.138.
601 1791 799 1844 angefuͤhrte
809 1788 996 1845 Geſpraͤche
1006 1786 1071 1835 mit

240 1860 338 1899 zwey
357 1846 602 1900 Jungfrauen,
619 1849 669 1890 die
684 1849 839 1892 Martha
856 1854 922 1892 und
939 1848 1070 1891 Maria

253 1904 415 1947 benennet
429 1904 575 1946 werden.
627 1902 700 1948 Da
715 1905 770 1946 die
786 1900 942 1951 Martha
958 1899 1072 1951 ſaget:

253 1956 352 2002 „Sie
384 1956 473 2006 ſuche
499 1956 551 2000 ihr
578 1955 663 2005 Heil
685 1954 726 1998 in
755 1954 862 2003 ihrem
885 1953 1070 2004 geiſtlichen

252 2008 442 2053 „Stande,
465 2006 587 2050 faſten,
608 2006 743 2052 feyren,
763 2002 874 2055 leſen,
872 2002 980 2051 beten
1001 2006 1071 2045 und

252 2056 404 2103 „andern
420 2054 636 2101 Chriſtlichen
651 2054 855 2099 Uebungen,
879 2053 913 2099 ſo
927 2048 1021 2099 nicht
1035 2061 1072 2100 zu

253 2104 458 2153 „verwerfen
475 2105 557 2150 ſind.
610 2105 678 2146 Als
693 2106 774 2145 aber
789 2102 920 2144 Maria
933 2101 1073 2150 gefragt

253 2152 375 2204 „wird,
390 2156 467 2197 was
482 2153 524 2203 ſie
532 2153 621 2203 thue,
638 2156 839 2194 antwortete
847 2154 909 2203 ſie:
928 2151 1000 2202 Jch
1010 2154 1068 2194 bin

255 2204 393 2259 „froͤlich
406 2220 440 2252 in
459 2206 603 2251 meinem
615 2206 721 2248 lieben
754 2197 932 2257 Heilande
960 2197 1069 2256 JESU

256 2257 426 2310 „Chriſto,
434 2256 499 2301 und
520 2248 557 2303 in
557 2255 701 2303 meinem
707 2247 797 2306 Heil,
812 2254 939 2306 welches
953 2267 987 2296 er
996 2259 1066 2298 mir

246 2311 388 2357 „theuer
412 2308 607 2359 erworben,
641 2308 712 2350 und
736 2308 772 2349 in
801 2307 927 2350 meiner
947 2307 1068 2359 Taufe

257 2360 424 2417 „gaͤnzlich
437 2363 617 2418 geſchenket
633 2361 702 2412 hat.
754 2361 826 2409 Jch
841 2361 940 2411 ſauge
950 2362 1067 2409 Milch

247 2416 348 2460 „und
364 2418 487 2468 Honig
504 2418 570 2458 aus
586 2412 729 2458 meinem
744 2412 848 2465 Heil,
863 2414 911 2461 ich
929 2413 985 2462 eſſe
997 2416 1068 2456 und

257 2466 384 2511 „trinke
400 2471 488 2514 mein
504 2466 600 2519 Heil,
618 2465 666 2518 ich
684 2465 757 2510 labe
771 2464 878 2508 meine
889 2463 1001 2508 Seele
1010 2467 1068 2509 da⸗

259 2521 352 2563 „mit.
401 2523 473 2574 Jch
488 2521 600 2573 mache
619 2518 684 2563 mir
702 2517 755 2564 ein
774 2518 895 2569 ewiges
908 2518 1068 2569 Wohlle⸗

259 2574 344 2620 „ben
364 2579 505 2623 daraus.
555 2575 628 2630 Jch
641 2573 719 2628 gehe
735 2574 799 2619 mit
819 2573 973 2628 Freuden
992 2582 1068 2621 zum

246 2623 416 2674 „Chore:
437 2634 524 2673 denn
550 2625 687 2679 daſelbſt
708 2627 799 2679 ſinge
823 2627 892 2668 und
908 2622 1002 2676 ſpiele
1019 2623 1066 2671 ich

250 2678 426 2725 „meinem
441 2682 575 2737 Erloͤſer
591 2684 626 2725 in
645 2680 789 2724 meinem
808 2677 951 2732 Herzen,
966 2677 1073 2722 danke

262 2726 356 2779 „ihm
364 2730 410 2782 ſo,
420 2734 486 2786 daß
500 2739 567 2778 mir
582 2737 634 2786 oft
650 2735 702 2776 die
716 2733 836 2783 Augen
853 2725 1072 2780 uͤbergehen.⸗

260 2779 365 2844 „Jch
381 2786 450 2836 bin
470 2789 560 2843 ſelig
573 2791 654 2835 und
670 2788 762 2841 uͤber
777 2784 888 2840 ſelig,
910 2782 997 2831 denn
1015 2784 1072 2831 der

1110 565 1251 618 „HErr
1280 566 1439 617 Chriſtus
1470 566 1530 614 hat
1551 564 1637 612 mich
1671 563 1747 614 ſelig
1771 562 1928 615 gemacht

1109 616 1235 666 „durch
1259 618 1324 658 das
1345 616 1436 660 Bad
1458 620 1514 659 der
1536 601 1825 663 Wiedergeburt,
1851 613 1929 656 weil

1109 674 1182 721 „ich
1200 686 1247 717 an
1265 674 1323 723 ihn
1337 673 1500 723 glaube.„

1117 778 1211 854 O

1211 778 1348 824 HErr
1365 777 1502 828 JEſu,
1528 775 1587 825 ſey
1604 775 1773 833 gelobet,
1787 775 1862 825 daß
1877 776 1930 817 du

1220 821 1348 864 nichts
1377 832 1454 859 von
1477 832 1555 860 uns
1578 819 1688 870 ſelbſt
1703 812 1933 872 verlangeſt,

1113 873 1274 921 ſondern
1291 880 1366 909 uns
1382 873 1495 917 ſelber
1511 873 1589 917 erſt
1607 873 1705 909 alles
1719 873 1846 918 geben,
1859 878 1935 906 uns

1111 925 1192 975 erſt
1209 924 1347 975 ſpeiſen
1362 927 1441 963 und
1457 922 1627 971 traͤnken,
1645 922 1865 973 beruhigen,
1876 931 1936 962 er⸗

1110 977 1266 1027 quicken
1277 978 1355 1016 und
1365 972 1522 1026 ſtaͤrken,
1537 976 1617 1015 und
1635 976 1709 1025 alſo
1717 974 1828 1026 ſelbſt
1838 976 1939 1016 alles

1113 1043 1155 1072 in
1164 1031 1244 1071 und
1253 1030 1372 1072 durch
1381 1040 1460 1069 uns
1476 1029 1620 1070 wirken
1636 1027 1759 1077 wilſt.
1809 1032 1851 1071 O
1870 1029 1939 1079 laß

1113 1091 1196 1120 uns
1210 1078 1276 1119 los
1293 1080 1372 1120 und
1384 1078 1468 1129 frey
1482 1088 1563 1119 von
1572 1077 1663 1119 aller
1679 1077 1833 1126 eigenen
1852 1078 1940 1118 Ge⸗

1116 1131 1337 1183 rechtigkeit
1362 1132 1441 1173 und
1472 1131 1766 1177 Wirkſamkeit,
1789 1140 1866 1170 nur
1895 1132 1937 1169 in

1113 1188 1190 1235 dir,
1206 1189 1246 1227 in
1264 1187 1395 1227 deinen
1414 1186 1603 1229 Wunden
1624 1184 1858 1235 Vergebung
1881 1183 1942 1223 al⸗

1118 1241 1173 1284 ler
1191 1238 1376 1284 Suͤnden,
1395 1237 1702 1290 Gerechtigkeit,
1719 1236 1841 1287 Ruhe
1860 1237 1941 1279 und

1118 1286 1242 1338 Freude
1266 1285 1412 1343 ſuchen,
1424 1288 1554 1339 finden
1565 1290 1644 1329 und
1653 1288 1851 1341 genieſſen,
1861 1299 1942 1329 uns

1116 1344 1215 1385 uͤber
1234 1345 1382 1383 deinem
1406 1340 1494 1389 Heil
1510 1340 1605 1387 auch
1622 1341 1721 1391 hoch
1748 1339 1943 1389 erfreuen,

1118 1397 1201 1431 und
1224 1396 1286 1433 dir
1307 1397 1350 1433 in
1372 1393 1491 1441 ſtiller
1515 1393 1638 1434 Ruhe
1660 1392 1769 1432 einen
1787 1390 1941 1433 rechten

1112 1441 1302 1489 Sabbath
1325 1444 1393 1480 der
1404 1441 1551 1482 Seelen
1561 1432 1701 1487 feyren,
1717 1449 1791 1478 nur
1809 1434 1944 1478 immer

1114 1491 1223 1526 deine
1253 1488 1466 1536 holdſelige
1497 1488 1623 1530 Worte
1644 1489 1714 1525 des
1734 1489 1944 1534 Evangelii

1119 1539 1248 1579 unſere
1258 1537 1400 1586 Speiſe
1408 1538 1490 1576 und
1504 1540 1709 1585 Nahrung
1715 1536 1799 1582 ſeyn
1811 1538 1940 1583 laſſen,

1115 1589 1198 1627 und
1209 1587 1264 1628 da
1279 1586 1346 1633 bey
1364 1588 1428 1626 dir
1441 1588 1503 1626 ein
1527 1587 1634 1626 recht
1656 1586 1774 1633 fettes
1800 1586 1944 1634 Mahl,

1114 1638 1156 1687 ja
1168 1640 1227 1677 ein
1237 1639 1387 1688 ewiges
1402 1637 1644 1687 Wohlleben
1660 1635 1738 1677 und
1751 1635 1946 1684 Freuden⸗

1116 1687 1192 1739 feſt
1214 1686 1360 1737 haben,
1386 1689 1465 1728 und
1486 1687 1653 1730 dadurch
1678 1689 1782 1732 recht
1798 1691 1942 1737 geſund

1119 1744 1200 1784 und
1210 1741 1285 1793 fett
1299 1743 1379 1784 und
1396 1741 1495 1793 ſtark
1513 1742 1682 1790 werden,
1698 1739 1777 1792 daß
1791 1743 1869 1782 wir
1885 1743 1945 1791 ſo⸗

1118 1796 1221 1838 denn
1237 1794 1297 1837 dir
1314 1796 1384 1834 mit
1399 1792 1573 1846 Freuden
1586 1793 1742 1841 dienen,
1758 1794 1836 1833 und
1853 1801 1945 1843 ger⸗

1122 1862 1167 1892 ne
1186 1849 1256 1891 mit
1277 1848 1458 1901 willigem
1482 1848 1626 1899 Herzen
1651 1845 1751 1889 alles
1766 1848 1945 1897 Zeitliche

1121 1899 1387 1952 verleugnen,
1427 1900 1465 1952 ja
1497 1899 1598 1943 alles
1630 1898 1770 1952 fahren
1805 1903 1945 1950 laſſen,

1119 1969 1241 1998 wenn
1269 1961 1351 1997 und
1383 1960 1462 1998 wie
1491 1956 1543 1997 du
1571 1967 1647 1996 uns
1675 1967 1749 1996 nur
1775 1956 1945 2006 winkeſt.

1119 2005 1235 2056 Zeige
1245 2005 1346 2049 auch
1359 2014 1439 2044 uns
1455 2014 1525 2049 an,
1544 2013 1634 2042 was
1652 2013 1728 2042 uns
1744 2004 1842 2044 noch
1857 2005 1946 2052 feh⸗

1118 2059 1195 2104 let,
1218 2058 1298 2097 und
1316 2070 1408 2098 was
1430 2058 1484 2096 du
1499 2057 1622 2096 wider
1638 2067 1716 2096 uns
1732 2053 1840 2104 haſt,
1861 2058 1943 2098 und

1117 2106 1263 2154 reinige
1273 2114 1352 2144 uns
1364 2115 1444 2144 von
1456 2106 1584 2148 allem,
1600 2114 1691 2142 was
1709 2112 1787 2144 uns
1801 2107 1841 2143 in
1858 2106 1945 2146 dem

1115 2159 1269 2209 Genuß
1298 2163 1433 2202 deiner
1454 2159 1571 2202 Liebe
1603 2159 1771 2206 hindert.
1850 2159 1944 2209 Laß

1115 2225 1198 2252 uns
1209 2214 1302 2254 aber
1315 2215 1446 2254 deiner
1459 2212 1498 2261 ſo
1514 2209 1740 2264 theilhaftig
1755 2210 1835 2253 und
1847 2211 1943 2264 froh

1113 2263 1292 2307 werden,
1325 2260 1403 2308 daß
1431 2260 1509 2299 wir
1539 2267 1653 2308 gerne
1684 2264 1781 2299 alles
1804 2267 1946 2301 andere

1116 2308 1324 2358 vergeſſen,
1333 2310 1413 2350 und
1423 2309 1497 2349 das
1507 2306 1628 2358 Herze
1639 2308 1772 2350 davon
1781 2316 1864 2359 frey
1874 2319 1942 2350 be⸗

1120 2360 1264 2409 halten.
1311 2360 1355 2401 O
1366 2362 1416 2411 ja,
1431 2359 1531 2400 mein
1550 2361 1730 2408 Heiland,
1740 2372 1854 2400 wenn
1865 2370 1944 2401 wir

1114 2415 1202 2463 dich
1231 2411 1381 2466 haben,
1404 2414 1480 2456 den
1508 2413 1655 2464 Schatz
1680 2421 1775 2458 aller
1805 2423 1944 2461 Schaͤ⸗

1117 2477 1194 2514 tze,
1237 2470 1317 2509 und
1350 2467 1436 2515 dich
1471 2467 1551 2510 und
1577 2471 1654 2511 alle
1681 2475 1814 2511 Guͤter
1834 2477 1942 2513 recht

1117 2520 1171 2560 im
1188 2517 1378 2564 Glauben
1397 2517 1617 2575 genieſſen:
1637 2524 1675 2571 ſo
1696 2525 1840 2562 koͤnnen
1864 2530 1943 2558 wir

1119 2571 1193 2612 alle
1214 2570 1382 2620 zeitliche
1399 2569 1551 2618 Guͤter,
1575 2577 1693 2623 Ehre
1715 2581 1793 2612 und
1817 2579 1939 2614 Herr⸗

1117 2618 1287 2676 lichkeit,
1315 2623 1394 2668 und
1421 2624 1495 2668 alle
1517 2629 1616 2677 Luſt
1646 2634 1725 2667 und
1746 2623 1849 2672 Koſt
1869 2628 1938 2664 der

1121 2678 1242 2724 Welt
1262 2679 1334 2721 mit
1354 2675 1532 2728 Freuden
1553 2685 1804 2726 verleugnen,
1838 2677 1938 2714 denn

1123 2734 1202 2775 wir
1228 2732 1355 2786 haben
1382 2745 1434 2778 an
1461 2734 1524 2775 dir
1552 2740 1659 2783 gnug
1686 2738 1724 2773 in
1749 2731 1831 2778 Zeit
1856 2732 1937 2775 und

1122 2785 1339 2844 Ewigkeit.
1390 2789 1527 2836 Amen.
