1687 2664
219 427 325 475 Diaͤt,
360 416 677 473 Schierlingsextract
700 417 770 461 und
783 422 1058 471 ſchweißtreibende
1075 426 1203 465 Mittel.

219 465 311 514 Nach
337 475 393 508 vier
427 475 562 510 Wochen
589 481 670 516 hatte
693 473 738 506 die
765 473 949 516 Geſchwulſt
976 483 1201 514 abgenommen

219 540 282 570 und
303 538 362 571 das
385 525 549 578 Geſchwuͤr
588 530 650 580 war
671 524 785 581 weiß.
815 530 865 575 Zu
891 531 981 570 Ende
1005 529 1058 567 des
1079 533 1202 575 zweiten

221 580 363 620 Monats
383 590 451 618 war
473 584 523 617 der
548 572 683 628 Patient
709 578 802 621 voͤllig
825 589 883 614 von
903 583 1012 619 ſeinem
1036 587 1128 616 Uebel
1153 586 1202 616 be⸗

222 630 339 678 freit.
355 634 406 680 Zu
428 634 518 677 Ende
544 638 595 669 der
608 633 685 669 Kur
705 621 845 671 brauchte
872 643 901 666 er
922 632 980 667 mit
1002 636 1121 677 Nutzen
1138 639 1203 678 das

220 690 408 735 Bleiwaſſer
426 700 497 734 zum
513 687 718 733 Auswaſchen
743 692 797 725 des
812 683 1009 732 Geſchwuͤrs.

270 802 332 833 41.
358 789 642 838 Verbrennung
669 789 741 828 mit
767 788 913 838 darauf
936 785 1147 838 ſolgendem

641 850 781 899 Fieber.

296 918 362 960 Am
380 922 475 966 erſten
488 920 666 960 December
681 931 766 967 1779
782 917 853 955 kam
863 919 911 956 ein
927 915 1203 966 Feuereſſenkehrer

220 970 280 1000 von
296 973 338 1005 24
358 961 486 1009 Jahren
500 975 537 1008 zu
556 966 634 1002 mir,
662 964 783 1002 welcher
796 972 888 1008 große
924 962 1129 1005 Brandblaſen
1146 964 1205 1006 auf

220 1005 272 1051 der
284 1014 411 1060 Stirn,
436 1018 498 1051 und
513 1017 694 1049 verbrannte
714 1018 853 1056 ſchwarze
872 1019 1008 1056 Schorfe
1031 1024 1085 1048 am
1104 1019 1203 1048 Arme

221 1074 315 1119 hatte.
369 1073 442 1113 Der
463 1074 549 1120 Puls
574 1082 640 1108 war
664 1072 760 1118 groß,
794 1072 866 1115 aber
888 1071 961 1110 eben
986 1072 1065 1115 nicht
1087 1071 1202 1117 ſchnell,

221 1128 313 1165 dabei
338 1126 454 1170 leichter
478 1124 692 1173 Kopfſchmerz
714 1127 777 1162 und
798 1124 996 1172 Mattigkeit.
1050 1123 1115 1171 Jch
1139 1130 1205 1158 ver⸗

223 1181 344 1218 ordnete
362 1179 427 1216 eine
447 1180 605 1226 Aderlaß,
644 1180 691 1214 ein
707 1178 827 1220 leichtes
847 1177 1104 1221 Purgiermittel,
1144 1176 1205 1212 und

219 1213 289 1260 eine
311 1222 425 1264 Tiſane
447 1223 506 1257 mit
521 1224 807 1266 Weinſteinrahm.
871 1227 937 1254 Am
963 1227 1090 1260 zweiten
1114 1226 1204 1259 Tage

221 1282 288 1312 war
301 1278 362 1312 das
372 1268 480 1320 Fieber
490 1274 583 1312 kaum
600 1276 672 1316 noch
688 1272 886 1314 bemerklich:
913 1283 966 1308 am
982 1275 1091 1308 dritten
1106 1274 1205 1316 klagte

222 1341 259 1368 er
269 1329 339 1369 uͤber
355 1332 457 1373 keinen
474 1329 646 1381 Schmerz,
673 1330 734 1364 und
756 1335 810 1365 am
828 1326 955 1372 ſechsten
972 1325 1061 1372 Tage
1084 1335 1148 1362 war
1173 1336 1205 1364 er

219 1380 315 1429 voͤllig
331 1383 454 1432 geſund.

297 1434 364 1483 Jch
390 1433 467 1483 habe
498 1435 568 1485 ſehr
592 1436 666 1478 viele
690 1432 958 1480 Verbrennungen
980 1440 1014 1476 zu
1036 1429 1240 1479 behandeln

221 1483 346 1533 gehabt.
399 1482 456 1531 Jn
476 1485 599 1529 leichten
623 1473 733 1537 Faͤllen
761 1470 933 1522 verordnete
959 1483 1003 1527 ich
1027 1483 1109 1520 keine
1126 1474 1209 1530 Arz⸗

224 1543 329 1586 neien,
355 1540 477 1586 ſondern
493 1542 562 1582 blos
578 1542 625 1579 ein
641 1539 741 1582 Cerat
754 1551 788 1586 zu
807 1538 992 1586 Bedeckung
1017 1540 1067 1577 der
1093 1536 1208 1584 beſchaͤ⸗

222 1596 325 1642 digten
341 1594 481 1638 Stellen.
534 1591 718 1637 Schwerere
738 1593 1007 1638 Verbrennungen
1032 1592 1210 1637 behandelte

223 1649 268 1693 ich
291 1650 348 1689 wie
371 1647 637 1694 Entzuͤndungen,
656 1644 831 1686 verordnete
853 1646 1023 1693 Aderlaͤſſe,
1051 1646 1209 1690 Emulſio⸗

222 1704 302 1748 nen,
342 1697 510 1749 ſchleimige
536 1702 595 1737 mit
609 1698 772 1746 Salpeter
793 1700 925 1747 verſetzte
951 1698 1104 1742 Tiſanen,
1146 1697 1206 1743 ließ

222 1755 283 1797 auf
294 1755 349 1794 die
356 1750 600 1799 Brandſchaͤden
624 1751 749 1793 Galens
765 1749 864 1789 Cerat
886 1757 954 1788 oder
973 1750 1098 1788 Arcaͤus
1119 1749 1254 1787 Bal⸗

223 1800 298 1844 ſam
309 1790 411 1845 legen,
436 1803 497 1837 und
515 1795 649 1851 uͤberließ
670 1795 762 1849 alles
758 1797 887 1845 Uebrige
910 1802 960 1835 der
979 1797 1106 1839 Natur,
1123 1796 1207 1834 wel⸗

223 1848 272 1891 che
295 1851 407 1887 immer
430 1851 461 1885 in
489 1850 588 1895 kurzer
609 1848 679 1891 Zeit
702 1852 778 1885 alles
799 1845 983 1885 Verdorbne
1014 1848 1102 1886 durch
1121 1836 1221 1883 Eite⸗

226 1899 304 1946 rung
321 1897 468 1947 losſtoͤßt,
489 1906 546 1938 den
565 1899 717 1943 Schaden
735 1901 778 1934 in
790 1898 856 1935 eine
882 1898 981 1944 friſche
997 1896 1128 1936 Wunde
1142 1887 1210 1933 ver⸗

225 1953 376 2002 wandelt,
401 1954 471 1999 und
480 1962 531 2001 zur
548 1942 763 1998 Vernarbung
780 1949 893 1997 bringt.

532 2054 613 2106 42.
630 2057 878 2108 Skropheln.

301 2127 365 2169 Ein
388 2123 615 2173 zwoͤlfjaͤhriger
640 2108 774 2166 Knabe,
799 2131 839 2158 an
863 2124 931 2161 dem
957 2123 1053 2164 nichts
1073 2125 1211 2169 ſcrophu⸗

229 2188 304 2245 loͤſes
328 2189 406 2239 ſonſt
424 2198 460 2236 zu
477 2187 596 2230 merken
612 2182 699 2233 war,
723 2186 805 2236 hatte
829 2185 882 2234 ſeit
904 2185 1026 2235 einigen
1049 2178 1216 2227 Monaten
