1768 2576
511 494 585 535 des
585 494 756 535 Socrates

1041 515 1100 552 193

160 592 248 636 von
264 593 326 635 der
341 589 643 642 Beſchaffenheit,
676 592 745 644 daß
763 591 805 644 ſie
822 592 931 643 theils
950 591 1005 637 ein
1018 601 1097 638 ver⸗

173 644 353 699 nuͤnftiger
369 646 516 698 Menſch
531 647 623 693 ohne
639 646 801 702 goͤttliche
810 638 1096 704 Offenbahrung

173 702 395 752 vorherſehen
411 701 567 754 koͤnnen,
593 703 701 753 theils
718 714 797 748 von
813 703 1005 757 ohngefehr
1024 716 1094 746 ein⸗

172 757 293 812 treffen
329 758 482 809 koͤnnen,
514 754 548 804 ſo
567 760 633 801 wie
652 768 693 813 zu
710 760 834 812 Zeiten
865 764 918 804 ein
945 760 1091 807 Traum

169 820 243 858 von
262 813 453 866 ohngefehr
470 812 608 867 erfuͤllet
630 821 731 861 wird.
780 816 854 868 Jch
871 820 944 862 will
964 817 1093 867 anneh⸗

171 880 273 917 men,
300 878 360 919 der
371 873 529 921 Daͤmon
546 879 628 919 oder
644 878 763 929 Geiſt,
793 876 907 932 deſſen
922 879 1093 926 Stimme

172 929 394 980 Socrates
414 941 455 985 zu
476 928 583 982 hoͤren
607 933 760 985 vorgab,
792 931 845 985 ſey
866 932 1014 984 wirklich
1035 935 1092 978 ein

167 986 271 1038 Geiſt
288 995 360 1030 von
379 988 471 1030 einer
487 985 619 1037 hoͤhern
636 988 826 1037 Ordnung
851 989 1024 1039 geweſen,
1055 989 1091 1040 ſo

167 1041 208 1092 iſt
235 1042 319 1089 doch
343 1037 450 1096 dieſes
476 1040 812 1096 unwiderſprechlich
833 1045 921 1096 klar,
957 1043 1027 1094 daß
1054 1056 1092 1088 er

167 1099 242 1144 kein
261 1100 360 1146 Gott
373 1096 547 1156 geweſen,
574 1100 646 1143 wie
662 1112 697 1144 er
713 1099 776 1152 ſich
795 1104 885 1145 denn
898 1100 984 1147 auch
999 1102 1093 1154 nicht

165 1153 277 1203 dafuͤr
294 1156 534 1209 ausgegeben,
563 1161 638 1201 und
654 1157 724 1209 daß
739 1169 778 1202 er
796 1158 858 1215 ſich
878 1171 914 1204 in
936 1159 1089 1212 Dingen

166 1208 294 1254 geirret
309 1209 414 1260 habe,
440 1199 566 1260 welche
583 1212 638 1254 die
659 1210 873 1264 Erfahrung
889 1212 1091 1263 widerleget

169 1265 252 1307 hat,
280 1270 357 1306 und
366 1278 409 1307 er
426 1271 512 1313 muß
519 1261 620 1320 daher
648 1268 748 1317 nicht
766 1267 846 1318 ſehr
862 1270 947 1311 weit
974 1270 1011 1311 in
1034 1273 1091 1313 die

168 1315 332 1368 Zukunft
351 1316 493 1358 geſehen
510 1318 634 1358 haben.

282 1372 389 1426 Nach
424 1372 502 1416 dem
531 1373 721 1429 Verfaſſer
753 1377 816 1417 des
854 1371 1092 1428 angefuͤhrten

171 1428 351 1486 Aufſatzes
375 1436 445 1473 von
479 1432 556 1475 dem
593 1430 745 1477 Genius
771 1435 835 1475 des
865 1431 1091 1481 Socrates

168 1473 334 1542 beweiſen
349 1488 404 1533 die
420 1491 499 1534 dem
507 1481 728 1537 Socrates
743 1487 965 1541 mitgetheilte
975 1488 1090 1547 Weiſ⸗

169 1538 351 1598 ſagungen
384 1546 437 1590 die
465 1555 571 1601 ganze
593 1546 766 1602 Religion
791 1544 899 1606 dieſes
923 1549 1092 1604 Weiſen,

167 1607 294 1658 welche
317 1611 372 1653 die
397 1605 606 1665 Heidniſche
629 1619 720 1654 war.
777 1610 872 1654 Nun
898 1610 983 1658 muß
1007 1612 1090 1656 aber

168 1661 392 1713 Socrates
407 1670 471 1710 den
498 1665 596 1711 Gott
617 1666 748 1718 Apollo
764 1673 838 1710 und
858 1664 970 1722 deſſen
987 1669 1092 1714 Ora⸗

168 1720 218 1764 kel
240 1721 326 1773 noch
359 1723 430 1775 ſehr
456 1720 539 1774 hoch
566 1720 739 1776 geſchaͤtzet
761 1725 893 1772 haben,
909 1727 1006 1768 weil
1022 1724 1092 1781 deſ⸗

168 1765 224 1821 ſen
236 1769 381 1828 Freund
390 1779 465 1818 und
473 1772 642 1827 Schuͤler,
672 1781 729 1817 der
740 1772 987 1829 Xenophon,
1001 1785 1094 1821 dem⸗

170 1824 280 1874 ſelben
301 1829 422 1880 Opfer
440 1829 666 1881 gebracht*),
698 1835 770 1872 und
791 1838 915 1872 andere
933 1845 1003 1874 von
1023 1845 1090 1876 den

172 1885 338 1938 treueſten
370 1893 443 1930 und
473 1887 728 1938 vertrauteſten
757 1888 947 1941 Freunden
975 1893 1091 1945 deſſel⸗

172 1934 237 1978 ben
256 1941 321 1988 ſein
336 1937 495 1994 Anſehen
515 1938 666 1987 dadurch
692 1950 732 1993 zu
755 1944 904 1991 erhoͤhen
924 1947 1093 1993 geſuchet,

173 1988 245 2040 daß
262 1994 306 2047 ſie
330 1985 506 2049 bezeuget,
537 1990 758 2043 Socrates
783 1998 837 2050 ſey
862 2004 966 2043 durch
992 2009 1092 2039 einen

989 2075 1092 2115 Aus⸗

217 2159 253 2200 *)
277 2164 444 2211 Xenophon
459 2163 496 2201 de
512 2173 704 2209 expeditione
716 2178 788 2206 Cyri
810 2176 844 2203 L.
857 2176 927 2211 VII.

226 2226 360 2286 Dritter
360 2234 474 2293 Theil.

642 2242 691 2295 N
