2856 3153
693 501 789 563 Von
841 505 893 563 der
940 510 1075 553 Kunſt
1103 507 1222 544 unter
1260 507 1348 563 den
1383 505 1619 557 Griechen.

1828 503 1940 563 259

580 619 732 676 Dieſes
753 617 805 675 iſt
817 616 923 673 alſo,
954 618 1030 665 wie
1043 619 1206 678 geſagt,
1237 621 1480 671 verneinend
1499 633 1582 671 von
1603 625 1674 673 der
1694 626 1931 686 Schoͤnheit

410 692 650 750 gehandelt,
681 693 764 739 das
785 691 853 749 iſt,
885 697 931 740 es
951 695 1038 752 ſind
1058 698 1121 746 die
1143 695 1471 756 Eigenſchaften,
1501 696 1642 754 welche
1661 700 1712 756 ſie
1727 694 1828 763 nicht
1845 703 1933 758 hat,

406 780 502 820 von
523 767 719 827 derſelben
748 769 1046 830 abgeſondert,
1085 772 1212 834 durch
1242 771 1422 836 Anzeige
1451 775 1701 835 unrichtiger
1733 778 1930 838 Begriffe

407 861 492 899 von
511 847 736 906 derſelben;
767 847 830 895 ein
851 847 1096 910 bejahender
1114 851 1290 912 Begriff
1321 852 1419 902 aber
1450 854 1648 912 erfordert
1676 856 1739 905 die
1767 856 1930 907 Kennt⸗

408 934 480 989 niß
497 930 574 979 des
584 929 760 988 Weſens
770 928 902 989 ſelbſt,
933 933 978 981 in
993 929 1165 992 welches
1175 934 1252 981 wir
1272 934 1315 982 in
1334 935 1517 992 wenigen
1531 933 1704 993 Dingen
1723 936 1930 997 hineinzu⸗

408 1016 578 1062 ſchauen
596 999 845 1062 vermoͤgend
868 1005 969 1063 ſind.
1039 1010 1169 1060 Denn
1188 1012 1265 1058 wir
1285 1009 1409 1057 koͤnen
1427 1012 1537 1068 hier,
1565 1013 1642 1058 wie
1659 1015 1703 1060 in
1722 1016 1799 1061 den
1820 1014 1931 1072 meh⸗

406 1088 531 1140 reſten
549 1073 890 1144 philoſophiſchen
908 1083 1277 1146 Betrachtungen,
1308 1088 1415 1144 nicht
1432 1091 1532 1147 nach
1553 1093 1641 1141 Art
1657 1093 1728 1141 der
1750 1094 1930 1143 Geome⸗

404 1169 480 1209 trie
506 1163 755 1218 verfahren,
785 1159 929 1217 welche
956 1170 1052 1209 vom
1079 1163 1345 1222 allgemeinen
1379 1165 1460 1222 auf
1486 1165 1571 1215 das
1597 1166 1809 1224 beſondere
1838 1169 1926 1217 und

405 1247 596 1301 einzelne,
627 1244 713 1291 und
734 1250 817 1291 von
834 1244 925 1295 dem
943 1246 1093 1303 Weſen
1119 1249 1192 1296 der
1225 1247 1371 1304 Dinge
1398 1246 1479 1307 auf
1499 1248 1586 1305 ihre
1615 1247 1929 1310 Eigenſchaften

404 1325 523 1379 gehet
539 1324 625 1370 und
658 1322 863 1383 ſchließet;
895 1323 1066 1383 ſondern
1092 1326 1169 1374 wir
1188 1323 1339 1387 muͤſſen
1360 1328 1445 1377 uns
1468 1322 1705 1387 begnuͤgen,
1736 1331 1819 1378 aus
1837 1328 1930 1381 lau-

401 1410 465 1453 ter
484 1405 682 1468 einzelnen
712 1406 898 1459 Stuͤcken
921 1405 1270 1470 wahrſcheinliche
1301 1410 1493 1472 Schluͤſſe
1521 1422 1571 1473 zu
1600 1412 1750 1472 ziehen.
1805 1418 1933 1464 Was

404 1490 504 1535 aber
520 1489 561 1536 in
578 1486 797 1549 folgenden
814 1488 1164 1550 Betrachtungen
1182 1488 1282 1542 uͤber
1299 1494 1364 1544 die
1384 1493 1622 1554 Schoͤnheit
1654 1494 1933 1555 misgedeutet

400 1568 573 1611 werden
582 1567 709 1621 koͤnte,
740 1568 839 1623 muß
860 1568 1110 1623 denjenigen,
1130 1564 1299 1624 welcher
1314 1568 1586 1626 unterrichten
1606 1570 1713 1628 will,
1738 1571 1846 1628 nicht
1862 1571 1930 1619 be⸗

398 1639 628 1686 kuͤmmern:
656 1646 764 1685 denn
776 1649 827 1703 ſo
834 1646 927 1687 wie
963 1643 1091 1701 Plato
1108 1645 1186 1690 und
1209 1644 1486 1701 Ariſtoteles,
1503 1646 1576 1693 der
1591 1645 1739 1702 Lehrer
1753 1647 1839 1694 und
1855 1649 1930 1696 der

398 1715 612 1777 Schuͤler,
640 1717 743 1766 uͤber
771 1722 849 1769 den
874 1720 1100 1780 Endzweck
1126 1724 1198 1769 der
1221 1723 1466 1780 Tragoedie
1489 1723 1618 1781 voͤllig
1644 1725 1728 1772 das
1756 1726 1927 1782 Gegen⸗

375 1794 496 1853 theil
517 1793 813 1855 behaupteten,
842 1792 988 1854 welche
1019 1796 1146 1856 dieſer
1170 1796 1242 1844 als
1272 1800 1358 1847 eine
1385 1798 1635 1856 Reinigung
1665 1800 1738 1849 der
1758 1801 1923 1851 Leiden⸗

397 1878 575 1932 ſchaften
590 1875 793 1932 anprieſe,
823 1874 932 1934 jener
961 1872 1164 1936 hingegen
1194 1872 1264 1926 als
1294 1875 1406 1928 einen
1434 1877 1600 1938 Zunder
1629 1878 1829 1939 derſelben
1853 1881 1919 1933 be⸗

396 1957 590 2010 ſchrieben
609 1959 710 2012 hat,
737 1959 777 2012 ſo
808 1957 888 2007 kan
919 1966 1002 2008 von
1028 1958 1099 2009 der
1120 1957 1448 2021 unſchuldigſten
1472 1960 1664 2022 Abſicht,
1705 1963 1806 2021 auch
1838 1971 1921 2014 von

393 2032 520 2079 denen
541 2033 605 2079 die
628 2034 776 2088 richtig
797 2035 970 2090 denken,
1002 2038 1066 2082 ein
1083 2035 1359 2096 ungeneigtes
1377 2035 1538 2097 Urtheil
1557 2039 1725 2099 gefaͤllet
1743 2040 1919 2089 werden.

392 2105 477 2165 Jch
496 2107 675 2157 erinnere
692 2110 821 2165 dieſes
841 2111 1095 2168 vornaͤmlich
1114 2113 1220 2160 uͤber
1231 2116 1364 2161 meine
1373 2115 1548 2173 Schrift
1561 2127 1645 2165 von
1666 2117 1737 2163 der
1760 2117 1921 2173 Faͤhig⸗

391 2186 470 2239 keit
487 2187 559 2238 der
582 2184 873 2249 Empfindung
895 2187 973 2237 des
996 2189 1196 2247 Schoͤnen
1216 2195 1261 2241 in
1278 2195 1350 2241 der
1378 2193 1541 2250 Kunſt,
1569 2197 1633 2242 die
1655 2196 1729 2252 bey
1756 2195 1920 2255 einigen

392 2266 458 2312 ein
476 2264 637 2324 Urtheil
660 2262 856 2325 erwecket,
886 2260 1059 2324 welches
1089 2273 1172 2316 von
1200 2269 1350 2317 meiner
1370 2268 1540 2327 Abſicht
1562 2264 1746 2330 gaͤnzlich
1771 2271 1919 2331 entfer⸗

390 2360 458 2405 net
475 2360 650 2412 geweſen
672 2360 733 2412 iſt.

562 2428 653 2480 Die
669 2429 854 2489 Weiſen,
885 2427 1028 2489 welche
1053 2429 1132 2482 den
1153 2430 1353 2491 Urſachen
1376 2427 1454 2482 des
1475 2431 1742 2492 allgemeinen
1771 2435 1916 2497 Schoͤ⸗

387 2515 466 2560 nen
483 2508 761 2571 nachgedacht
777 2512 935 2574 haben,
962 2513 1021 2565 da
1038 2513 1087 2576 ſie
1107 2513 1277 2577 daſſelbe
1298 2517 1342 2566 in
1363 2515 1627 2578 erſchaffenen
1648 2518 1822 2580 Dingen
1852 2530 1914 2567 er⸗

385 2591 569 2657 forſchet,
599 2595 685 2647 und
705 2595 775 2648 bis
794 2607 868 2658 zur
887 2596 1046 2657 Quelle
1078 2600 1155 2654 des
1184 2598 1365 2664 hoͤchſten
1399 2597 1602 2663 Schoͤnen
1629 2612 1683 2664 zu
1709 2602 1910 2663 gelangen

1948 624 1994 658 b.
2008 624 2090 666 Der
2099 623 2186 661 beja⸗

1951 664 2031 697 hende
2044 666 2158 703 Begriff

1956 706 2104 742 derſelben.

1087 2686 1172 2737 Kk
1172 2686 1237 2737 2

1779 2672 1856 2730 ge⸗
