1677 2363
939 389 1112 429 Mentor.

657 449 789 486 Wollten
806 451 884 493 Sie,
906 454 966 493 daß
982 455 1023 494 ich
1040 457 1231 502 ausgeſuchte
1248 465 1309 499 und
1326 464 1470 509 erhabene

582 502 688 537 Worte
703 501 819 539 waͤhlen
836 507 934 548 ſollen,
954 509 997 543 die
1014 511 1050 549 ſie
1064 511 1143 551 nicht
1158 511 1280 552 wuͤrden
1297 517 1469 562 verſtanden

580 548 697 591 haben?
724 550 828 594 Sehen
847 555 927 593 Sie,
952 558 1032 594 mein
1058 560 1136 597 lieber
1152 562 1229 607 Herr
1244 565 1400 608 Dorante;
1427 568 1468 605 ob

580 599 623 635 ich
638 607 694 632 mir
719 604 806 643 gleich
833 607 887 640 alle
903 607 1002 645 Muͤhe
1026 612 1149 654 gegeben
1174 614 1269 656 habe,
1294 618 1369 658 mich
1389 619 1468 661 nach

578 655 643 687 dem
660 655 823 698 Verſtande
840 661 947 696 meiner
963 660 1095 703 Schuͤler
1116 676 1151 708 zu
1166 668 1293 714 richten,
1320 674 1350 712 ſo
1366 674 1467 710 wollte

578 705 620 742 ich
639 708 708 740 doch
728 708 808 746 wohl
823 715 950 755 wetten,
973 714 1032 754 daß
1053 716 1090 757 ſie
1106 714 1165 752 eine
1180 725 1250 762 gute
1262 722 1378 766 Anzahl
1396 724 1467 760 mei⸗

576 765 627 790 ner
641 753 811 795 Ausdruͤcke
828 762 907 802 nicht
921 765 1089 809 verſtanden
1109 769 1215 811 haben.
1266 774 1328 817 Jch
1342 777 1404 812 will
1425 780 1473 816 es

574 807 630 841 mit
654 808 757 853 Jhnen
782 814 930 857 geſtehen,
969 819 1029 860 daß
1049 821 1139 866 dieſer
1159 823 1282 870 Anfang
1304 827 1376 867 hart
1396 832 1461 868 und

573 857 768 902 beſchwerlich
792 863 843 903 iſt:
872 873 956 907 wenn
974 869 1035 906 Sie
1051 864 1121 906 aber
1139 873 1184 908 die
1198 873 1298 919 Augen
1324 878 1384 922 auf
1396 881 1460 917 das

570 908 631 953 Ziel
646 913 756 953 werfen
774 916 897 956 wollen,
925 922 1050 962 worauf
1061 921 1123 963 ihre
1137 924 1275 963 Arbeiten
1289 927 1380 972 gehen
1402 931 1458 974 ſol⸗

570 965 637 1008 len,
668 967 697 1009 ſo
714 969 748 1011 iſt
764 972 825 1006 das
841 972 925 1008 Ende
943 976 1005 1019 ſehr
1026 976 1219 1024 vermoͤgend,
1243 982 1399 1029 dasjenige
1420 992 1462 1033 zu

570 1015 713 1060 mildern,
753 1022 825 1057 was
853 1023 899 1064 die
933 1026 1042 1068 Mittel
1069 1030 1301 1082 beſchwerliches
1330 1045 1372 1072 an
1398 1036 1456 1082 ſich

567 1073 677 1119 haben.

924 1127 1107 1175 Dorante.

642 1192 726 1226 Was
742 1192 817 1226 wird
833 1193 901 1228 aber
918 1198 966 1229 der
982 1196 1139 1244 Endzweck
1155 1202 1244 1244 dieſer
1260 1211 1353 1242 neuen
1370 1206 1450 1250 Lehr⸗

565 1246 614 1270 art
628 1243 716 1283 ſeyn?
742 1243 842 1276 Wenn
861 1252 929 1279 man
946 1245 1002 1286 ſie,
1027 1250 1081 1282 wie
1102 1249 1132 1285 in
1150 1252 1202 1287 den
1221 1245 1332 1292 andern
1346 1247 1450 1299 Schu⸗

563 1297 628 1331 len,
655 1298 753 1331 etwas
771 1296 852 1339 haͤtte
867 1301 1048 1345 auswendig
1068 1305 1162 1343 lernen
1187 1307 1295 1353 laſſen,
1323 1312 1352 1353 ſo
1367 1309 1447 1349 wuͤr⸗

560 1352 614 1384 den
635 1350 671 1390 ſie
689 1351 797 1392 ſolches
812 1354 989 1399 wenigſtens
1005 1358 1113 1405 wiſſen.
1148 1362 1227 1405 Daß
1237 1373 1306 1402 man
1324 1367 1361 1409 ſie
1373 1368 1447 1407 aber

559 1402 648 1438 durch
675 1403 761 1440 bloße
793 1406 1033 1450 Unterredungen
1057 1412 1253 1456 unterrichten
1274 1412 1360 1458 will,
1381 1421 1445 1456 das

556 1454 663 1495 ſcheint
687 1456 744 1493 mir
765 1457 809 1492 die
827 1459 1027 1507 unnuͤtzlichſte
1041 1465 1145 1507 Sache
1159 1476 1218 1506 von
1239 1475 1289 1508 der
1304 1475 1387 1510 Welt
1405 1483 1441 1518 zu

556 1506 638 1538 ſeyn.
689 1506 748 1544 Jch
766 1509 834 1543 darf
849 1509 954 1549 Jhnen
985 1508 1066 1549 wohl
1086 1513 1191 1556 ſagen,
1213 1515 1291 1557 Herr
1305 1506 1443 1562 Hofmei⸗

553 1557 626 1594 ſter,
656 1562 716 1594 daß
732 1561 831 1598 unſere
846 1563 956 1597 Kinder
973 1563 1052 1603 nicht
1067 1567 1111 1600 ein
1128 1569 1255 1612 einziges
1269 1572 1362 1609 Wort
1375 1582 1437 1611 von

551 1609 731 1647 demjenigen
750 1610 884 1650 behalten
903 1611 1019 1654 haben,
1046 1618 1117 1652 was
1132 1618 1198 1655 Sie
1215 1618 1302 1661 ihnen
1319 1624 1435 1667 geſaget

549 1655 659 1702 haben.
730 1659 789 1703 Jch
796 1660 891 1710 habe
899 1660 964 1713 ſie
969 1668 1054 1712 beym
1076 1669 1315 1718 Schlafengehen
1338 1679 1435 1721 gefra⸗

548 1713 617 1753 get,
646 1714 719 1747 was
742 1714 837 1751 Recht
860 1719 921 1753 und
943 1718 1070 1762 Unrecht
1094 1723 1160 1766 ſey?
1192 1725 1228 1768 ſie
1254 1727 1350 1773 haben
1374 1729 1433 1768 mir

545 1762 625 1801 nicht
642 1759 689 1797 ein
701 1762 792 1801 Wort
810 1769 906 1801 davon
928 1769 1016 1812 ſagen
1037 1767 1165 1820 koͤnnen;
1191 1777 1226 1811 es
1242 1777 1352 1824 ſchien,
1378 1781 1430 1816 als

543 1824 631 1850 wenn
666 1814 703 1856 ſie
734 1818 807 1860 dieſe
838 1818 960 1859 Woͤrter
992 1824 1123 1863 niemals
1159 1826 1277 1875 gehoͤret
1313 1832 1429 1877 haͤtten.

542 1868 620 1903 Das
638 1868 692 1909 hat
708 1867 781 1906 mich
803 1876 861 1905 von
878 1873 977 1910 etwas
991 1872 1181 1923 uͤberzeuget,
1200 1883 1271 1918 was
1286 1885 1326 1923 ich
1344 1885 1429 1928 ſchon

543 1923 632 1959 lange
650 1919 771 1964 gedacht
788 1921 883 1965 habe,
910 1926 970 1967 daß
985 1925 1110 1972 naͤmlich
1132 1934 1209 1973 alles
1228 1940 1279 1975 den
1295 1937 1428 1977 Kindern

542 1972 679 2014 entfaͤllt,
707 1973 768 2009 und
783 1972 883 2016 nichts
899 1974 928 2012 in
950 1974 1046 2021 ihrem
1059 1978 1158 2025 Kopfe
1181 1982 1289 2030 bleibt,
1315 1987 1427 2027 wofern
