1578 2448
485 332 771 386 Schildereyen.

1026 346 1095 384 117

188 428 252 470 den
263 425 319 467 als
334 427 370 468 in
385 424 564 473 Savoyen
574 422 712 473 fuͤhren;
737 432 794 463 wo
806 423 873 463 das
887 431 988 472 ganze
1003 420 1095 469 Her⸗

187 476 344 527 zogthum
354 476 454 519 kaum
469 476 502 525 ſo
512 476 576 518 viel
594 475 798 526 aufbringen
815 474 920 517 kann,
937 476 994 517 als
1014 477 1091 517 dor⸗

185 536 241 574 ten
259 538 343 579 zwey
354 528 473 580 einzige
481 525 635 575 Staͤdte.

234 629 334 677 Man
349 626 410 678 hat
418 616 526 678 ferner
539 625 621 674 auch
631 624 735 674 dieſes
746 635 791 666 an
802 626 863 666 den
873 620 1089 675 Hollaͤndern

187 679 408 730 auszuſetzen,
437 679 503 729 daß
524 681 566 732 ſie
578 678 767 730 uͤberhaupt
781 681 890 727 wenig
906 679 1087 723 Lebensart

188 732 318 782 beſitzen
341 739 413 775 und
434 733 495 783 ſich
519 739 587 771 von
608 734 669 772 den
698 730 835 782 ſchoͤnen
858 730 1005 776 Trieben
1029 733 1088 774 der

184 783 325 836 wahren
344 784 461 835 Ehre,
488 786 544 827 der
555 782 755 834 Großmuth
772 788 844 825 und
842 777 899 831 der
903 783 1015 826 Liebe
1030 782 1085 833 fuͤr

186 841 254 882 das
267 842 416 890 gemeine
431 839 592 887 Weſen,
620 839 771 886 allzuſehr
790 837 973 887 entfernen.
1006 838 1087 885 Sie

186 887 296 938 haben
314 890 384 931 eine
402 881 673 938 niedertraͤchtige
692 885 758 929 Art
780 896 815 935 zu
833 885 987 933 denken;
1013 890 1087 929 und

188 951 246 983 wo
261 943 302 991 ſie
333 945 367 985 in
398 945 473 986 dem
496 940 657 990 Umgang
674 942 737 983 mit
756 945 883 983 andern
898 939 1087 991 Menſchen

190 992 278 1039 nicht
287 993 337 1033 die
345 987 529 1040 Hoffnung
547 996 582 1036 zu
598 978 714 1040 irgend
732 989 837 1030 einem
848 989 1003 1032 Gewinn
1015 994 1087 1030 ent⸗

189 1048 333 1095 decken,
357 1049 401 1089 da
419 1045 545 1089 bleiben
562 1045 603 1092 ſie
620 1045 856 1096 unbeweglich.
910 1047 985 1091 Alle
1012 1045 1084 1095 ihre

188 1103 321 1146 Worte,
368 1099 429 1141 alle
443 1097 511 1149 ihre
524 1099 687 1149 Schritte,
733 1099 766 1147 ja
783 1100 843 1141 alle
858 1097 925 1151 ihre
935 1099 1087 1151 Hoͤflich⸗

187 1156 318 1200 keiten,
344 1160 451 1195 wann
466 1152 507 1198 ſie
522 1152 582 1204 ſich
599 1154 653 1198 bis
671 1152 775 1205 dahin
797 1151 952 1202 herunter
967 1149 1089 1203 laſſen,

186 1210 260 1254 ſind
277 1205 359 1256 nach
378 1208 454 1251 dem
471 1206 605 1254 Nutzen
623 1202 866 1258 abgemeſſen,
888 1209 951 1249 den
971 1203 1012 1257 ſie
1027 1203 1089 1257 ſich

185 1264 255 1300 von
277 1256 385 1300 einem
404 1254 624 1310 verſprechen.

240 1360 312 1411 Jch
343 1369 420 1403 war
453 1364 552 1403 unter
580 1361 711 1402 andern
749 1359 855 1402 einem
881 1358 1088 1409 vornehmen

186 1403 394 1455 Kaufmann
404 1406 439 1447 in
449 1406 665 1452 Amſterdam
680 1405 746 1453 auf
756 1409 822 1447 das
837 1406 919 1455 beſte
935 1405 1088 1453 empfoh⸗

188 1463 257 1504 len.
307 1464 377 1507 Als
392 1465 440 1511 ich
455 1463 527 1512 ihm
542 1464 633 1505 mein
641 1461 838 1511 Schreiben
855 1459 1091 1510 uͤberbrachte,

189 1525 266 1558 war
298 1526 333 1555 er
359 1524 427 1557 von
444 1515 563 1565 ſeinem
586 1517 819 1567 Schreibtiſch
847 1514 1090 1566 aufgeſtanden

187 1568 261 1606 und
282 1564 446 1614 empfieng
467 1565 553 1613 mich
581 1566 651 1616 ſehr
673 1564 869 1615 freundlich.
919 1564 995 1608 Die
1011 1565 1089 1615 erſte

188 1614 302 1666 Frage,
336 1612 435 1655 die
408 1609 448 1659 er
456 1615 521 1659 mir
521 1615 624 1663 that,
633 1623 726 1654 war,
724 1621 812 1661 was
822 1614 868 1662 ich
880 1611 934 1665 fuͤr
943 1616 995 1656 ein
1009 1616 1089 1653 Ne-

150 1662 301 1712 gocie
339 1656 444 1713 haͤtte.
493 1664 561 1708 Als
577 1663 624 1713 ich
642 1662 713 1713 ihm
729 1660 851 1718 darauf
867 1661 1092 1720 antwortete,

189 1729 253 1765 gar
266 1716 402 1765 keines,
426 1725 542 1769 verzog
562 1728 595 1761 er
609 1717 676 1770 ſein
696 1719 858 1769 Geſicht:
885 1719 975 1762 Wie
994 1729 1089 1769 myn

188 1771 320 1814 Heer,
346 1770 441 1812 keen
458 1771 670 1824 Negocie?
680 1766 723 1819 Er
768 1771 853 1823 ſetzte
873 1769 1002 1820 darauf
1022 1770 1091 1823 ſein

187 1822 334 1877 Kaͤpgen
351 1824 474 1868 wieder
489 1822 570 1876 auf,
579 1822 679 1875 gieng
696 1823 779 1876 nach
791 1822 911 1876 ſeinem
919 1823 1091 1877 Schreib⸗

189 1879 266 1923 tiſch
279 1881 350 1921 und
369 1877 459 1929 ſagte
475 1878 540 1921 mir,
582 1878 630 1928 ich
646 1877 767 1922 koͤnnte
784 1880 850 1918 das
865 1877 1091 1930 angewieſene

189 1930 285 1971 Geld
301 1929 337 1970 in
360 1927 540 1980 Empfang
563 1925 745 1976 nehmen,
768 1933 876 1968 wann
902 1925 950 1975 ich
976 1928 1092 1969 wolte.

188 1978 319 2026 Dieſes
327 1987 402 2021 war
420 1972 480 2021 alle
488 1977 704 2030 Hoͤflichkeit,
715 1977 765 2019 die
775 1975 840 2017 mir
850 1976 938 2020 mein
949 1976 981 2028 ſo
992 1979 1092 2026 wich⸗

190 2025 279 2076 tiges
305 2026 720 2080 Empfehlungsſchreiben
754 2033 908 2076 zuwegen
936 2030 1090 2074 brachte;

191 2078 404 2133 ohnerachtet
418 2078 471 2142 ich
473 2084 589 2135 dieſem
602 2080 828 2132 Kaufmann,
855 2080 889 2133 ſo
914 2085 978 2127 wie
1005 2079 1092 2126 man

580 2148 639 2193 (h)
669 2157 687 2193 3

1029 2150 1094 2192 mir
