1612 2334
189 386 223 412 ne
241 383 368 423 Kinder,
407 397 436 422 er
461 391 579 428 befindet
603 399 650 431 ſich
675 405 745 428 ganz
762 398 854 434 wohl,
894 398 932 426 ich
947 401 1054 429 komme

189 431 255 466 eben
271 441 327 468 von
344 433 404 476 ihm
419 435 477 479 her.

265 509 350 543 Man
366 510 528 550 uͤberreichte
545 512 603 553 ihm
625 512 673 551 bey
700 517 748 546 der
762 514 902 555 Herzogin
925 523 979 548 von
991 520 1054 552 Bil⸗

187 557 255 589 leroi
272 557 395 597 folgende
416 554 527 602 Verſe:
536 561 594 595 Un
608 560 672 593 Roi
684 563 787 608 qu'on
807 566 895 596 aime
914 569 947 595 et
958 575 1052 598 reve-

186 607 244 645 re,
271 615 291 638 a
307 606 363 641 des
379 606 493 657 Sujets
516 619 560 643 en
576 621 653 650 tous
679 612 832 654 climats,
870 614 894 648 il
919 625 937 647 a
963 612 1053 649 beau

186 658 365 702 parcourir
389 662 422 697 la
443 666 555 706 terre,
596 662 622 699 il
641 664 688 700 eſt
710 664 871 712 toujours
898 668 980 702 dans
1000 667 1051 703 ſes

189 712 297 750 Etats.

261 784 305 819 Er
324 785 379 825 gab
403 788 476 821 allen
494 789 615 823 Damen
638 792 696 821 und
713 790 843 830 Herren,
888 795 930 825 die
953 794 1001 826 ihn
1020 797 1050 827 in

183 829 278 869 Paris
295 833 448 871 beſuchten,
486 836 528 866 die
546 834 734 875 Gegenviſite.
789 839 852 876 Auf
865 842 914 871 den
930 840 1050 880 Viſiten⸗

182 886 278 920 karten
293 891 341 921 der
348 888 468 923 Damen
486 889 565 931 hatte
580 898 610 922 er
628 892 674 930 ſich
691 893 924 936 unterſchrieben:
938 896 983 929 S.
994 898 1050 931 M.

181 939 320 979 Danoiſe,
338 944 396 974 und
422 944 480 982 auf
493 945 546 977 den
573 943 620 984 fuͤr
635 944 769 985 Herren:
811 944 844 981 le
860 945 982 982 Prince
1007 947 1052 981 de

182 980 419 1024 Travendahl.

257 1071 318 1105 Die
333 1072 538 1106 Fiſcherweiber
567 1081 598 1108 in
617 1083 713 1113 Paris
730 1084 983 1114 komplimentirten
997 1091 1050 1119 ihn

175 1102 229 1149 bey
246 1120 293 1148 der
301 1114 430 1149 Ankunft
444 1125 503 1154 und
518 1123 640 1160 Abreiſe.
681 1131 742 1158 Die
750 1130 909 1162 Huͤbſcheſte
924 1138 1049 1166 uͤbergab

179 1169 239 1213 ihm
265 1172 343 1203 einen
369 1170 608 1214 Kraͤuterſtraus,
645 1178 703 1209 und
729 1176 779 1209 bat
802 1178 849 1216 ſich
867 1188 916 1218 zur
939 1178 1049 1214 Gnade

178 1227 244 1263 aus,
272 1224 322 1267 ihn
338 1234 371 1266 zu
387 1227 486 1268 kuͤſſen,
515 1236 544 1263 er
562 1229 658 1269 reichte
674 1231 718 1274 ihr
732 1232 857 1273 wuͤrklich
871 1237 922 1268 den
932 1234 1048 1270 Backen

177 1271 246 1316 hin,
275 1277 333 1308 und
350 1266 465 1317 ſchenkte
480 1276 565 1321 ihnen
585 1286 623 1311 12
642 1280 777 1322 Piſtolen.

252 1370 416 1411 Aſphonſus
435 1372 497 1408 VI.
514 1374 611 1416 Koͤnig
627 1382 683 1407 von
692 1377 840 1417 Portugal
848 1380 900 1417 ließ
916 1379 963 1419 ſich
978 1379 1047 1419 nach

176 1414 260 1454 ſeiner
276 1416 426 1457 Abſetzung
451 1425 506 1451 nur
533 1422 585 1452 den
603 1419 793 1463 Hundehuͤter
813 1425 970 1464 Johannes
996 1432 1045 1464 zur

175 1463 351 1507 Geſellſchaft
376 1466 538 1505 ausbitten,
576 1470 669 1502 damit
688 1478 716 1502 er
732 1479 787 1504 nur
808 1471 880 1509 nicht
896 1482 966 1511 ganz
987 1495 1044 1517 ver⸗

173 1502 261 1551 laſſen
278 1509 374 1550 waͤre.

248 1600 344 1642 Jener
358 1606 440 1647 Fuͤrſt
454 1607 524 1648 ſetzte
541 1614 622 1648 unter
632 1609 684 1641 alle
704 1610 774 1650 ſeine
792 1611 931 1655 Befehle:
971 1612 1043 1655 ohne

172 1657 205 1691 zu
219 1651 402 1693 raiſonniren.

248 1722 357 1764 Herzog
370 1726 481 1768 Ludwig
493 1736 546 1762 von
555 1728 753 1768 Wuͤrtemberg
770 1732 839 1771 legte
848 1731 897 1773 bey
908 1732 1043 1777 Annaͤhe⸗

171 1780 247 1814 rung
265 1774 354 1814 ſeines
368 1777 481 1817 Todes,
514 1779 584 1819 ſeine
599 1778 703 1820 Haͤnde
731 1785 784 1820 auf
808 1786 849 1814 die
870 1786 980 1823 Huͤften
1001 1788 1045 1822 ſei⸗

172 1829 224 1859 nes
243 1824 383 1869 Sohnes,
433 1826 576 1872 bedrohete
593 1833 642 1872 ihn
664 1835 720 1864 und
738 1837 779 1866 die
798 1835 894 1876 Raͤthe
913 1845 966 1872 mit
985 1850 1047 1877 dem

168 1877 340 1920 vaͤterlichen
356 1881 458 1922 Fluch,
491 1891 574 1919 wenn
600 1891 627 1919 er
658 1885 704 1926 ſich
729 1889 790 1921 dem
807 1887 903 1921 Latein
931 1890 1043 1931 ergeben

174 1928 280 1965 wuͤrde.
