2847 2923
617 357 800 416 andern
822 357 996 417 Theils
1013 364 1064 409 V.
1083 355 1312 418 Predigt.

1604 354 1705 414 145

239 455 353 494 neues
364 446 645 500 Teſtaments/
662 443 909 500 abſonderlich
929 446 1015 491 aber
1025 442 1427 501 Complementum,
1449 446 1535 490 oder
1549 447 1605 490 die
1617 443 1698 490 Er⸗

239 501 392 560 fuͤllung
411 502 522 555 dieſer
533 502 785 558 Weiſſagung
798 502 869 554 mit
869 502 918 553 mit
926 503 1033 554 zurathe
1044 501 1187 554 ziehen/
1199 501 1231 555 ſo
1244 500 1413 554 befinden
1423 503 1515 547 wir/
1525 502 1600 555 daß
1623 503 1697 547 das

238 561 359 609 Wort
370 563 489 624 ברךת
507 562 717 613 insgemein
735 559 855 606 koͤnne
873 557 1027 606 erklaͤret
1044 556 1214 608 werden/
1220 567 1287 604 vor
1310 559 1368 602 das
1384 552 1521 611 jenige/
1532 562 1633 604 was
1644 558 1698 606 ei⸗

239 625 338 665 nem
354 626 432 675 zur
443 608 600 674 Speiſe
623 617 796 673 gegeben
813 610 1014 674 werden/
1031 618 1128 665 oder
1144 615 1374 670 vielmehr/
1385 617 1465 661 das
1477 616 1608 662 einem
1618 616 1700 663 mit

238 683 365 725 unter
382 677 454 727 der
465 674 622 735 Speiſe
634 675 809 731 gegeben
820 676 964 723 wird/
979 674 1192 730 geſtalt
1139 669 1200 722 den
1203 675 1294 720 eben
1313 675 1374 720 der
1385 674 1611 727 Evangeliſt
1620 672 1699 726 Jo⸗

236 734 388 782 hannes
405 733 576 785 meldet/
583 733 656 785 daß
680 733 732 777 die
739 729 1064 785 Kriegs⸗Knechte
1080 732 1165 777 dem
1178 729 1357 782 HErren
1367 728 1492 782 JEſu
1505 731 1572 783 bey
1586 727 1700 782 ſeiner

237 788 488 845 Creutzigung
497 787 607 843 Eßig
621 789 696 834 mit
704 787 876 842 Jſoppen
888 778 1074 844 vermiſcht
1087 778 1273 841 gegeben/
1286 786 1380 837 Joh.
1394 787 1503 830 XIX.
1513 801 1567 838 29.
1598 786 1700 833 Das

238 845 490 905 Ebraͤiſchen
510 842 706 904 Woͤrtlein
705 849 797 889 ראש
807 840 970 898 welches
988 847 1050 891 der
1070 846 1202 898 HErr
1218 843 1391 896 Meßias
1409 844 1487 893 hier
1505 836 1705 890 brauchet/

236 904 330 948 wird
341 901 484 955 ſonſten
494 901 764 953 mehrentheils
771 896 809 951 in
817 899 880 953 der
889 899 1058 955 Schrifft
1068 893 1131 948 vor
1136 897 1348 952 Wermuth
1358 902 1434 943 und
1448 898 1578 944 bittere
1593 896 1698 945 Gal⸗

236 961 301 1005 len
321 957 545 1013 gebraucht/
564 958 682 1003 Deut
704 958 851 1005 XXIX.
866 965 917 1007 18.
977 958 1070 1012 Bey
1081 959 1166 1002 dem
1171 947 1387 1010 Propheten
1408 947 1562 1008 Jeremia
1600 951 1699 1002 leſen

237 1018 332 1060 wirs
349 1015 562 1068 insgemein
581 1023 656 1059 von
671 1013 778 1059 einen
795 1013 937 1059 bittern
955 1012 1132 1060 Tranck:
1150 1013 1289 1063 GOtt
1306 1012 1417 1060 wird
1436 1015 1525 1059 uns
1547 1010 1699 1066 helffen

237 1076 370 1116 ערּךאשּׂ
384 1072 464 1120 mit
482 1071 600 1118 einen
620 1070 776 1117 bittern
787 1066 993 1127 Trunck/
1007 1083 1096 1127 cap.
1108 1069 1280 1122 VIlI.14.
1307 1067 1406 1116 Das
1426 1061 1623 1122 betraͤngte
1634 1065 1700 1122 Zi⸗

234 1138 287 1174 on
304 1129 503 1183 gebraucht
522 1128 613 1173 eben
626 1126 852 1183 dergleichen
863 1128 1137 1174 Redens⸗Art:
1148 1128 1250 1175 Der
1261 1127 1408 1183 HErr
1417 1125 1496 1175 hat
1507 1126 1606 1175 mich
1620 1126 1699 1173 mit

238 1189 476 1241 Bitterkeit
496 1185 694 1243 geſaͤtiget
704 1188 791 1235 und
803 1185 883 1237 mit
895 1185 1134 1239 Wermuth
1147 1182 1409 1238 getraͤncket/
1418 1187 1577 1224 Thren.
1590 1186 1703 1230 Ill.15.

184 1242 540 1286 Genebrardus
556 1240 598 1283 in
617 1233 862 1283 Comment.
873 1238 942 1291 hat
959 1239 1027 1293 bey
1040 1237 1159 1293 dieſen
1167 1237 1289 1288 Wort
1307 1240 1399 1280 ראשּׂ
1417 1230 1711 1290 Angemercket/

237 1301 312 1351 daß
330 1305 373 1344 es
379 1306 454 1344 von
464 1294 658 1348 allerhand
671 1289 796 1345 Akten
813 1300 880 1342 des
893 1294 1028 1352 Giffts
1038 1303 1261 1351 genommen
1271 1286 1422 1343 wuͤrde/
1428 1293 1617 1340 bevoraus
1626 1301 1702 1340 von

240 1359 493 1412 denjenigen/
500 1353 660 1404 welchen
673 1354 733 1399 die
740 1352 975 1407 Schlangen
995 1352 1038 1397 im
1047 1350 1188 1405 Kopffe
1208 1348 1362 1405 fuͤhren.
1384 1349 1504 1400 (vide
1522 1348 1642 1404 plura
1660 1348 1703 1390 in

242 1417 355 1452 notis
366 1411 590 1453 Theodor.
600 1406 864 1464 Hackſpanii,
865 1403 972 1465 qviè
983 1405 1143 1451 ſcriptis
1153 1404 1444 1449 Rabbinorum
1455 1402 1706 1446 huncritum

242 1470 415 1510 deducit
424 1479 465 1522 p.
475 1472 600 1519 m.175.
618 1466 664 1509 in
673 1480 763 1524 cap.
771 1456 1165 1520 XXVII.Matthæi)
1175 1465 1289 1520 Mag
1300 1464 1387 1510 aber
1397 1465 1495 1516 wohl
1508 1464 1617 1515 ſeyn/
1627 1463 1706 1510 daß

246 1529 313 1579 ihn
336 1530 404 1572 das
405 1523 618 1581 Ebreiſche
634 1521 758 1574 Wort
774 1522 928 1580 ſelbſten
942 1521 1027 1578 auff
1045 1521 1135 1576 dieſe
1155 1522 1383 1572 Gedancken
1402 1514 1601 1575 gebracht/
1617 1522 1703 1567 weil

242 1590 336 1619 ראשּׂ
357 1585 447 1629 auch
465 1584 534 1628 bey
549 1585 622 1621 den
632 1579 831 1627 Hebreern
849 1575 883 1626 ſo
894 1574 969 1619 viel
979 1575 1042 1620 als
1054 1571 1209 1631 Capud
1219 1576 1291 1620 das
1302 1570 1442 1624 Haupt
1453 1565 1621 1625 heiſſet/
1617 1571 1700 1615 Bo-

245 1640 422 1675 chardus
435 1642 501 1685 hat
511 1644 549 1676 in
559 1638 682 1686 ſeinen
692 1629 959 1675 Hierozoico
966 1629 1124 1673 Tom.l.
1135 1629 1264 1686 f.590.
1277 1621 1319 1674 es
1329 1638 1406 1673 von
1423 1630 1524 1674 einer
1534 1627 1703 1681 gewiſſen

242 1700 325 1737 Art
340 1701 444 1736 eines
456 1697 595 1733 bittern
602 1693 758 1735 Krauts
769 1686 952 1734 erklaͤret/
961 1685 1118 1740 welches
1128 1689 1198 1732 mit
1208 1693 1320 1732 unter
1330 1688 1394 1731 der
1405 1685 1525 1731 Saat
1537 1689 1574 1729 in
1585 1686 1704 1732 Mor⸗

246 1758 436 1798 genlande
454 1762 500 1796 zu
506 1751 669 1796 wachſen
680 1747 833 1802 pflege/
831 1746 898 1797 bey
910 1744 994 1787 dem
1006 1742 1225 1798 Propheten
1236 1741 1379 1785 Hoſea
1388 1742 1438 1784 X.
1450 1756 1489 1790 4.
1503 1740 1600 1789 leſen
1610 1742 1708 1785 wirs

247 1815 338 1846 eben
355 1821 432 1845 von
448 1813 546 1844 einer
558 1808 679 1845 Saat
698 1807 753 1844 die
772 1807 824 1845 im
838 1800 952 1851 Felde
973 1797 1111 1850 gruͤnet
1129 1793 1208 1845 und
1227 1800 1296 1845 wie
1307 1797 1427 1845 Galle
1445 1797 1501 1847 iſt.
1564 1794 1626 1853 Ja
1645 1796 1702 1842 die

247 1871 397 1910 meiſten
416 1872 528 1901 unter
542 1867 653 1919 denen
702 1862 898 1917 Auslegern
914 1856 1062 1904 habens
1080 1865 1156 1900 von
1166 1851 1405 1911 Hyſoppen
1417 1850 1603 1899 erklaͤret/
1616 1852 1704 1898 wel⸗

248 1930 306 1966 che
319 1927 409 1966 nach
421 1923 585 1966 Auſſage
602 1923 704 1957 derer
715 1915 922 1958 Rabbinen
939 1911 1030 1955 umb
1041 1908 1262 1964 Jeruſalem
1282 1912 1412 1963 herum
1433 1907 1495 1961 ſoll
1510 1910 1547 1952 in
1567 1909 1708 1962 groſſer

247 1985 405 2021 Menge
426 1978 634 2019 gewachſen
649 1975 750 2018 ſeyn.
812 1970 912 2023 Dem
928 1978 1018 2018 aber
1042 1967 1142 2009 allen
1161 1965 1218 2018 ſey
1239 1974 1321 2009 nun
1340 1968 1408 2007 wie
1429 1965 1494 2014 ihn
1519 1962 1650 2011 wolle/
1668 1960 1704 2015 ſo

249 2044 401 2095 werden
415 2039 494 2089 und
512 2044 656 2083 kennen
671 2041 766 2076 wirs
769 2029 867 2083 nicht
886 2025 1005 2076 beſſer
1021 2021 1215 2076 erklaͤren/
1226 2022 1289 2068 als
1309 2030 1419 2066 wenn
1436 2022 1505 2066 wir
1521 2022 1593 2066 das
1613 2025 1708 2066 neue

248 2098 481 2137 Teſtament
491 2098 535 2135 zu
543 2088 687 2134 Huͤlffe
698 2088 874 2140 nehmen/
877 2086 917 2130 in
931 2080 1090 2132 welchen
1101 2081 1210 2134 dieſer
1218 2079 1472 2134 Weiſſagung
1482 2074 1698 2128 Erfuͤllung

251 2155 445 2214 enthalten
459 2152 517 2202 iſt.
545 2148 672 2197 Denn
683 2144 821 2179 David
841 2138 997 2185 handelt
1007 2144 1081 2177 von
1092 2133 1211 2183 nichts
1223 2134 1382 2181 anders/
1396 2132 1458 2176 als
1467 2140 1540 2174 von
1553 2133 1622 2173 den
1637 2128 1708 2174 bit⸗

184 2218 325 2273 tern
325 2213 415 2272 und
427 2208 561 2244 herben
567 2195 903 2251 Gallen⸗Tranck/
917 2201 971 2251 den
987 2195 1044 2236 die
1052 2190 1262 2243 Creutziger
1272 2200 1333 2243 zur
1344 2187 1427 2243 Zeit
1439 2192 1506 2233 des
1519 2180 1707 2239 Leydens/

201 2268 332 2328 dem
351 2266 511 2322 HErrn
532 2260 655 2301 JEſu
674 2260 792 2301 geben
810 2253 1001 2310 wuͤrden/
1007 2248 1105 2288 vide
1123 2246 1242 2300 plura
1266 2259 1329 2301 ap.
1348 2238 1556 2300 Höpfner.
1578 2243 1708 2287 Mon-

245 2334 376 2388 tacut.
388 2325 428 2378 &
441 2321 590 2371 Geier:
607 2319 655 2370 in
673 2315 747 2369 h.l.
786 2309 913 2353 Nun
928 2308 1058 2356 finden
1069 2305 1137 2347 wir
1154 2301 1242 2353 auch
1254 2300 1293 2346 in
1304 2301 1365 2346 der
1373 2295 1711 2356 Paßions⸗Hiſto⸗

990 2367 1064 2418 U

1650 2352 1711 2399 ria
