<?xml version='1.0' encoding='utf-8'?>
<PcGts xmlns="http://schema.primaresearch.org/PAGE/gts/pagecontent/2019-07-15" xmlns:xsi="http://www.w3.org/2001/XMLSchema-instance" pcGtsId="PAGE_01" xsi:schemaLocation="http://schema.primaresearch.org/PAGE/gts/pagecontent/2019-07-15 http://schema.primaresearch.org/PAGE/gts/pagecontent/2019-07-15/pagecontent.xsd">
  <Metadata>
    <Creator>OCR-D DFG Phase III</Creator>
    <Created>2024-01-19T13:10:47Z</Created>
    <LastChange>2024-01-19T13:10:47Z</LastChange>
    <Comments>ODEM: OCR-D extension for mass digitization (2021-2024)</Comments>
  </Metadata>
  <Page imageFilename="MAX/urn+nbn+de+gbv+3+1-822890-p0724-1_ger.png" imageWidth="1559" imageHeight="2443" type="content" primaryLanguage="German">
    <Border>
      <Coords points="178,296 170,2337 1493,2338 1503,306"/>
    </Border>
    <ReadingOrder>
      <OrderedGroup id="ro_1682584029112" caption="Regions reading order">
        <RegionRefIndexed index="1" regionRef="region_1682583977106_1044"/>
        <RegionRefIndexed index="2" regionRef="TextRegion_1666188800087_2883"/>
        <RegionRefIndexed index="3" regionRef="region_1682583989958_1056"/>
      </OrderedGroup>
    </ReadingOrder>
    <GraphicRegion id="Graphic_1682583981357_1053" custom="readingOrder {index:0;}">
      <Coords points="825,421 1088,421 1088,467 825,467"/>
    </GraphicRegion>
    <TextRegion type="page-number" id="region_1682583977106_1044" custom="readingOrder {index:1;} structure {type:page-number;}">
      <Coords points="512,413 512,463 587,463 587,413"/>
      <TextLine id="line_1682583977197_1047" custom="readingOrder {index:0;}">
        <Coords points="512,413 512,463 587,463 587,413"/>
        <Word id="word_1682583977263_1050" custom="readingOrder {index:0;}">
          <Coords points="512,413 587,413 587,463 512,463"/>
          <TextEquiv>
            <Unicode>684</Unicode>
          </TextEquiv>
        </Word>
        <TextEquiv>
          <Unicode>684</Unicode>
        </TextEquiv>
      </TextLine>
      <TextEquiv>
        <Unicode>684</Unicode>
      </TextEquiv>
    </TextRegion>
    <TextRegion orientation="-0.45422262" readingDirection="left-to-right" id="TextRegion_1666188800087_2883" custom="readingOrder {index:2;}">
      <Coords points="499,508 1436,508 1459,1062 1459,1082 1428,2081 481,2081 461,945 461,880"/>
      <TextLine id="region0010_line0001" custom="readingOrder {index:0;}">
        <Coords points="633,508 529,508 528,539 538,546 538,551 543,556 732,562 739,568 747,569 758,563 776,571 785,570 791,565 821,567 927,563 946,566 1039,565 1073,567 1087,571 1142,565 1200,568 1436,572 1436,529 1353,527 1311,521 1307,518 1256,522 1245,517 1229,520 1222,515 1214,515 1208,520 1176,522 1152,519 1147,514 1060,516 1040,513 1033,517 1019,518 987,511 930,511 899,518 865,510 861,513 825,513 791,517 785,510 775,510 764,517 758,511 747,509"/>
        <Baseline points="536,545 815,556 1436,562"/>
        <Word id="region0010_line0001_word0000" custom="readingOrder {index:0;}">
          <Coords points="594,522 652,523 652,558 594,557"/>
          <TextEquiv>
            <Unicode>III.</Unicode>
          </TextEquiv>
        </Word>
        <Word id="region0010_line0001_word0001" custom="readingOrder {index:1;}">
          <Coords points="827,519 679,518 679,560 732,562 737,566 751,566 758,563 766,566 788,566 791,565 820,566 821,566 827,566"/>
          <TextEquiv conf="0.9150143">
            <Unicode>Geſetzt,</Unicode>
          </TextEquiv>
        </Word>
        <Word id="region0010_line0001_word0002" custom="readingOrder {index:2;}">
          <Coords points="865,521 918,522 918,557 865,556"/>
          <TextEquiv conf="0.9306311">
            <Unicode>der</Unicode>
          </TextEquiv>
        </Word>
        <Word id="region0010_line0001_word0003" custom="readingOrder {index:3;}">
          <Coords points="1101,566 1101,524 943,523 943,565 1003,565 1039,565 1050,565"/>
          <TextEquiv conf="0.9197906">
            <Unicode>Winkel,</Unicode>
          </TextEquiv>
        </Word>
        <Word id="region0010_line0001_word0004" custom="readingOrder {index:4;}">
          <Coords points="1135,524 1194,524 1194,560 1135,560"/>
          <TextEquiv conf="0.9238251">
            <Unicode>den</Unicode>
          </TextEquiv>
        </Word>
        <Word id="region0010_line0001_word0005" custom="readingOrder {index:5;}">
          <Coords points="1215,525 1263,526 1263,561 1215,560"/>
          <TextEquiv conf="0.9281418">
            <Unicode>die</Unicode>
          </TextEquiv>
        </Word>
        <Word id="region0010_line0001_word0006" custom="readingOrder {index:6;}">
          <Coords points="1290,526 1290,561 1432,562 1432,528 1353,527 1348,526"/>
          <TextEquiv conf="0.9241908">
            <Unicode>krumme</Unicode>
          </TextEquiv>
        </Word>
        <TextEquiv>
          <Unicode>III. Geſetzt, der Winkel, den die krumme</Unicode>
        </TextEquiv>
      </TextLine>
      <TextLine id="region0010_line0002" custom="readingOrder {index:1;}">
        <Coords points="517,554 511,558 500,558 499,609 602,608 655,612 667,616 674,616 682,611 716,607 757,612 879,615 904,612 924,621 934,620 936,615 944,620 953,620 958,616 1344,619 1389,627 1400,624 1418,628 1435,627 1435,578 1403,578 1400,573 1385,573 1376,579 1356,579 1277,576 1247,578 1226,575 1219,570 1204,572 1195,569 1142,566 1095,572 1078,571 1073,568 1036,572 1031,568 1019,568 1012,574 990,573 964,567 927,564 921,567 906,565 897,571 822,567 776,572 756,569 680,568 632,564 627,559 617,559 612,563 586,564 581,558 568,557 562,564 551,564 543,557 531,558 525,554"/>
        <Baseline points="499,598 1435,617"/>
        <Word id="region0010_line0002_word0000" custom="readingOrder {index:0;}">
          <Coords points="512,562 511,599 596,599 596,563 586,564 584,562 563,562 562,564 551,564 548,562"/>
          <TextEquiv conf="0.8994354">
            <Unicode>Linie</Unicode>
          </TextEquiv>
        </Word>
        <Word id="region0010_line0002_word0001" custom="readingOrder {index:1;}">
          <Coords points="620,565 619,604 680,604 681,568 680,568 644,565"/>
          <TextEquiv conf="0.923097">
            <Unicode>da,</Unicode>
          </TextEquiv>
        </Word>
        <Word id="region0010_line0002_word0002" custom="readingOrder {index:2;}">
          <Coords points="709,572 758,573 758,598 709,597"/>
          <TextEquiv conf="0.9081004">
            <Unicode>wo</Unicode>
          </TextEquiv>
        </Word>
        <Word id="region0010_line0002_word0003" custom="readingOrder {index:3;}">
          <Coords points="776,576 795,576 795,597 776,597"/>
          <TextEquiv conf="0.9081004">
            <Unicode>u</Unicode>
          </TextEquiv>
        </Word>
        <Word id="region0010_line0002_word0004" custom="readingOrder {index:4;}">
          <Coords points="814,575 853,575 853,594 814,594"/>
          <TextEquiv>
            <Unicode>=</Unicode>
          </TextEquiv>
        </Word>
        <Word id="word_1666188859653_2902" custom="readingOrder {index:5;}">
          <Coords points="864,578 891,578 891,611 864,611"/>
          <TextEquiv>
            <Unicode>o</Unicode>
          </TextEquiv>
        </Word>
        <Word id="region0010_line0002_word0005" custom="readingOrder {index:6;}">
          <Coords points="925,565 921,567 908,565 908,609 956,609 956,566 939,565"/>
          <TextEquiv conf="0.9320344">
            <Unicode>iſt,</Unicode>
          </TextEquiv>
        </Word>
        <Word id="region0010_line0002_word0006" custom="readingOrder {index:7;}">
          <Coords points="1016,571 1012,574 990,573 986,572 985,602 1045,603 1046,571 1045,571 1036,572 1035,571"/>
          <TextEquiv conf="0.93100494">
            <Unicode>mit</Unicode>
          </TextEquiv>
        </Word>
        <Word id="region0010_line0002_word0007" custom="readingOrder {index:8;}">
          <Coords points="1064,569 1063,602 1118,602 1119,569 1118,569 1095,572 1078,571 1075,569"/>
          <TextEquiv conf="0.9306924">
            <Unicode>der</Unicode>
          </TextEquiv>
        </Word>
        <Word id="region0010_line0002_word0008" custom="readingOrder {index:9;}">
          <Coords points="1134,567 1134,567 1133,606 1293,607 1294,577 1277,576 1247,578 1226,575 1219,570 1204,572 1195,569 1163,567"/>
          <TextEquiv conf="0.928126">
            <Unicode>Ordinate</Unicode>
          </TextEquiv>
        </Word>
        <Word id="region0010_line0002_word0009" custom="readingOrder {index:10;}">
          <Coords points="1314,610 1431,611 1431,578 1403,578 1400,573 1385,573 1376,579 1356,579 1314,577"/>
          <TextEquiv conf="0.9261925">
            <Unicode>macht,</Unicode>
          </TextEquiv>
        </Word>
        <TextEquiv>
          <Unicode>Linie da, wo u = o iſt, mit der Ordinate macht,</Unicode>
        </TextEquiv>
      </TextLine>
      <TextLine id="region0010_line0003" custom="readingOrder {index:2;}">
        <Coords points="716,608 682,612 670,619 657,622 624,616 535,616 529,609 511,610 505,615 499,615 500,663 505,663 512,670 520,670 528,662 538,662 544,667 555,667 561,661 602,661 640,666 646,671 656,671 662,666 712,663 782,665 788,672 798,672 805,665 834,665 843,666 850,673 859,673 866,666 1102,668 1111,677 1119,677 1130,669 1165,669 1226,671 1249,678 1286,681 1291,677 1327,668 1331,680 1346,682 1351,677 1353,667 1364,667 1372,669 1382,679 1400,683 1436,682 1435,628 1418,629 1406,625 1362,633 1352,633 1350,623 1344,620 1331,621 1328,633 1291,630 1286,622 1271,622 1265,628 1235,630 1195,624 1088,622 1083,617 1070,617 1065,622 1033,625 924,622 904,613 879,616 838,614 825,620 813,621 808,613 791,613 783,619"/>
        <Baseline points="500,652 1255,665 1368,659 1436,669"/>
        <Word id="region0010_line0003_word0000" custom="readingOrder {index:0;}">
          <Coords points="618,619 509,618 509,663 526,663 528,662 538,662 539,663 558,663 561,661 602,661 618,663"/>
          <TextEquiv conf="0.75816745">
            <Unicode>ſey</Unicode>
          </TextEquiv>
        </Word>
        <Word id="region0010_line0003_word0001" custom="readingOrder {index:1;}">
          <Coords points="618,616 598,616 598,661 602,661 618,663"/>
          <TextEquiv>
            <Unicode>=</Unicode>
          </TextEquiv>
        </Word>
        <Word id="region0010_line0003_word0002" custom="readingOrder {index:2;}">
          <Coords points="680,633 638,633 638,665 678,665 680,664"/>
          <TextEquiv conf="0.8050809">
            <Unicode>45</Unicode>
          </TextEquiv>
        </Word>
        <Word id="region0010_line0003_word0003" custom="readingOrder {index:3;}">
          <Coords points="699,617 766,618 766,658 699,657"/>
          <TextEquiv conf="0.9060067">
            <Unicode>Gr.</Unicode>
          </TextEquiv>
        </Word>
        <Word id="region0010_line0003_word0004" custom="readingOrder {index:4;}">
          <Coords points="819,623 788,623 788,666 804,666 805,665 819,665"/>
          <TextEquiv conf="0.92947125">
            <Unicode>ſo</Unicode>
          </TextEquiv>
        </Word>
        <Word id="word_1666188932890_2918" custom="readingOrder {index:5;}">
          <Coords points="837,619 877,619 877,666 866,666 864,667 844,667 843,666 837,665"/>
          <TextEquiv conf="0.8363399">
            <Unicode>iſt</Unicode>
          </TextEquiv>
        </Word>
        <Word id="word_1666188932890_2917" custom="readingOrder {index:6;}">
          <Coords points="877,619 918,619 924,622 925,624 925,667 877,666"/>
          <TextEquiv>
            <Unicode>ϑ</Unicode>
          </TextEquiv>
        </Word>
        <Word id="region0010_line0003_word0006" custom="readingOrder {index:7;}">
          <Coords points="974,623 950,622 950,666 974,666"/>
          <TextEquiv>
            <Unicode>=</Unicode>
          </TextEquiv>
        </Word>
        <Word id="word_1666188971285_2935" custom="readingOrder {index:8;}">
          <Coords points="987,626 1010,626 1010,660 987,660"/>
          <TextEquiv>
            <Unicode>1</Unicode>
          </TextEquiv>
        </Word>
        <Word id="region0010_line0003_word0007" custom="readingOrder {index:9;}">
          <Coords points="1024,660 1092,660 1092,623 1054,623 1033,625 1024,624"/>
          <TextEquiv>
            <Unicode>und</Unicode>
          </TextEquiv>
        </Word>
        <Word id="region0010_line0003_word0008" custom="readingOrder {index:10;}">
          <Coords points="1125,634 1134,634 1134,668 1125,668"/>
          <TextEquiv conf="0.91680163">
            <Unicode>y</Unicode>
          </TextEquiv>
        </Word>
        <Word id="word_1666189009253_2949" custom="readingOrder {index:11;}">
          <Coords points="1150,634 1198,634 1198,657 1150,657"/>
          <TextEquiv>
            <Unicode>=</Unicode>
          </TextEquiv>
        </Word>
        <Word id="word_1666189009252_2948" custom="readingOrder {index:12;}">
          <Coords points="1198,634 1243,634 1243,657 1198,657"/>
          <TextEquiv>
            <Unicode>a:</Unicode>
          </TextEquiv>
        </Word>
        <Word id="word_1666189037633_2965" custom="readingOrder {index:13;}">
          <Coords points="1272,623 1286,623 1291,630 1314,631 1314,669 1272,669"/>
          <TextEquiv>
            <Unicode>(u</Unicode>
          </TextEquiv>
        </Word>
        <Word id="word_1666189037633_2964" custom="readingOrder {index:14;}">
          <Coords points="1314,631 1328,633 1330,623 1368,626 1368,672 1327,669 1327,668 1323,669 1314,669"/>
          <TextEquiv>
            <Unicode>+</Unicode>
          </TextEquiv>
        </Word>
        <Word id="region0010_line0003_word0011" custom="readingOrder {index:15;}">
          <Coords points="1428,676 1428,628 1418,629 1406,625 1373,631 1373,670 1379,676"/>
          <TextEquiv>
            <Unicode>1).</Unicode>
          </TextEquiv>
        </Word>
        <TextEquiv>
          <Unicode>ſey = 45 Gr. ſo iſt ϑ = 1 und y = a: (u + 1).</Unicode>
        </TextEquiv>
      </TextLine>
      <TextLine id="region0010_line0004" custom="readingOrder {index:3;}">
        <Coords points="542,670 529,671 525,674 523,706 529,712 532,721 543,723 840,727 850,728 860,734 871,735 875,730 891,730 915,731 920,736 928,736 935,731 976,730 1000,734 1004,740 1012,742 1022,742 1033,735 1096,731 1109,734 1143,733 1167,738 1184,736 1203,741 1232,738 1242,743 1258,737 1303,737 1312,738 1319,745 1335,744 1338,738 1364,738 1369,744 1375,746 1381,745 1386,739 1435,738 1436,688 1375,687 1369,690 1339,692 1333,684 1322,684 1309,692 1303,692 1298,687 1287,687 1282,691 1276,685 1262,688 1257,685 1244,684 1236,690 1215,693 1209,686 1199,682 1096,680 1068,689 1064,689 1058,683 1046,683 1040,690 1002,691 940,687 931,678 917,679 908,686 901,680 889,680 883,686 871,687 848,685 842,678 829,674 756,676 739,671"/>
        <Baseline points="529,712 1435,728"/>
        <Word id="region0010_line0004_word0000" custom="readingOrder {index:0;}">
          <Coords points="587,687 659,688 658,723 586,722"/>
          <TextEquiv>
            <Unicode>Illl.</Unicode>
          </TextEquiv>
        </Word>
        <Word id="region0010_line0004_word0001" custom="readingOrder {index:1;}">
          <Coords points="692,686 764,687 763,724 691,723"/>
          <TextEquiv conf="0.9320183">
            <Unicode>Die</Unicode>
          </TextEquiv>
        </Word>
        <Word id="region0010_line0004_word0002" custom="readingOrder {index:2;}">
          <Coords points="781,685 780,726 840,727 850,728 858,733 873,733 875,730 891,730 915,731 917,733 932,733 935,731 976,730 999,734 1027,734 1028,690 1002,691 940,687 939,686 883,686 883,686 871,687 855,686"/>
          <TextEquiv conf="0.92393976">
            <Unicode>Verzeichnung</Unicode>
          </TextEquiv>
        </Word>
        <Word id="region0010_line0004_word0003" custom="readingOrder {index:3;}">
          <Coords points="1047,690 1080,690 1079,722 1046,722"/>
          <TextEquiv conf="0.93029666">
            <Unicode>in</Unicode>
          </TextEquiv>
        </Word>
        <Word id="region0010_line0004_word0004" custom="readingOrder {index:4;}">
          <Coords points="1100,688 1187,689 1186,731 1099,730"/>
          <TextEquiv conf="0.30992326">
            <Unicode>(III)</Unicode>
          </TextEquiv>
        </Word>
        <Word id="region0010_line0004_word0005" custom="readingOrder {index:5;}">
          <Coords points="1201,689 1200,734 1352,735 1352,691 1339,692 1337,689 1312,689 1309,692 1303,692 1300,689 1283,689 1282,691 1280,689 1237,689 1236,690 1215,693 1211,689"/>
          <TextEquiv conf="0.93038774">
            <Unicode>geſchieht</Unicode>
          </TextEquiv>
        </Word>
        <Word id="region0010_line0004_word0006" custom="readingOrder {index:6;}">
          <Coords points="1371,692 1430,693 1429,735 1370,734"/>
          <TextEquiv>
            <Unicode>fol⸗</Unicode>
          </TextEquiv>
        </Word>
        <TextEquiv>
          <Unicode>Illl. Die Verzeichnung in (III) geſchieht fol⸗</Unicode>
        </TextEquiv>
      </TextLine>
      <TextLine id="region0010_line0005" custom="readingOrder {index:4;}">
        <Coords points="569,723 562,730 499,732 500,778 513,781 532,773 619,778 624,773 632,771 637,775 638,786 649,785 653,779 659,779 666,786 676,786 682,779 709,778 772,782 883,782 913,784 921,791 928,791 938,783 947,783 962,784 970,792 983,791 989,784 1037,790 1083,786 1111,789 1150,786 1342,786 1405,792 1415,798 1436,793 1435,746 1428,746 1421,738 1403,740 1398,746 1319,746 1269,742 1250,742 1242,744 1227,739 1203,742 1184,737 1167,739 1143,734 1109,735 1096,732 1072,733 1061,738 1012,743 986,740 984,733 976,731 967,732 958,740 953,740 947,732 937,732 930,739 901,739 860,735 850,729 840,728 765,728 736,732 731,732 728,728 714,728 709,732 693,732 688,727 671,726 662,733 634,734 586,730 581,724"/>
        <Baseline points="500,764 1436,782"/>
        <Word id="region0010_line0005_word0000" custom="readingOrder {index:0;}">
          <Coords points="748,736 505,734 505,779 513,781 532,773 619,778 624,773 632,771 637,775 637,782 650,782 653,779 659,779 662,782 679,782 682,779 709,778 748,780"/>
          <TextEquiv conf="0.9209879">
            <Unicode>gendergeſtalt.</Unicode>
          </TextEquiv>
        </Word>
        <Word id="region0010_line0005_word0001" custom="readingOrder {index:1;}">
          <Coords points="801,737 801,775 897,776 897,738 890,737"/>
          <TextEquiv conf="0.93087506">
            <Unicode>Man</Unicode>
          </TextEquiv>
        </Word>
        <Word id="region0010_line0005_word0002" custom="readingOrder {index:2;}">
          <Coords points="932,737 930,739 922,739 922,784 937,784 938,783 947,783 962,784 962,784 988,785 989,784 996,785 1005,785 1005,742 986,740 985,738 961,737 958,740 953,740 951,737"/>
          <TextEquiv conf="0.9126044">
            <Unicode>ziehe</Unicode>
          </TextEquiv>
        </Word>
        <Word id="region0010_line0005_word0003" custom="readingOrder {index:3;}">
          <Coords points="1036,747 1078,747 1078,781 1036,781"/>
          <TextEquiv conf="0.91465586">
            <Unicode>33</Unicode>
          </TextEquiv>
        </Word>
        <Word id="region0010_line0005_word0004" custom="readingOrder {index:4;}">
          <Coords points="1161,737 1143,734 1113,734 1113,788 1150,786 1161,786"/>
          <TextEquiv conf="0.9061402">
            <Unicode>F.</Unicode>
          </TextEquiv>
        </Word>
        <Word id="region0010_line0005_word0005" custom="readingOrder {index:5;}">
          <Coords points="1158,740 1158,775 1224,775 1224,740 1219,740 1203,742 1195,740"/>
          <TextEquiv conf="0.9061402">
            <Unicode>CA</Unicode>
          </TextEquiv>
        </Word>
        <Word id="region0010_line0005_word0006" custom="readingOrder {index:6;}">
          <Coords points="1246,752 1284,752 1284,774 1246,774"/>
          <TextEquiv>
            <Unicode>=</Unicode>
          </TextEquiv>
        </Word>
        <Word id="region0010_line0005_word0007" custom="readingOrder {index:7;}">
          <Coords points="1303,753 1321,753 1321,775 1303,775"/>
          <TextEquiv conf="0.8339099">
            <Unicode>a</Unicode>
          </TextEquiv>
        </Word>
        <Word id="region0010_line0005_word0008" custom="readingOrder {index:8;}">
          <Coords points="1401,741 1398,746 1348,746 1348,785 1428,786 1428,746 1424,741"/>
          <TextEquiv conf="0.93162477">
            <Unicode>nach</Unicode>
          </TextEquiv>
        </Word>
        <TextEquiv>
          <Unicode>gendergeſtalt. Man ziehe 33 F. CA = a nach</Unicode>
        </TextEquiv>
      </TextLine>
      <TextLine id="region0010_line0006" custom="readingOrder {index:5;}">
        <Coords points="628,772 619,779 605,778 599,783 594,783 590,777 583,775 572,775 566,781 552,779 544,774 532,774 513,782 500,779 499,828 561,828 567,835 576,835 583,828 833,832 838,835 850,831 896,832 933,835 1061,834 1127,839 1435,841 1436,800 1417,800 1411,797 1398,799 1390,792 1382,792 1376,798 1372,797 1342,787 1323,787 1282,795 1248,792 1245,788 1202,792 1155,792 1144,789 1100,790 1083,787 970,793 952,791 947,784 938,784 928,792 921,792 879,789 873,783 841,782 832,787 814,781 794,784 760,782 748,786 673,788 638,787 635,785 636,775"/>
        <Baseline points="500,816 1435,831"/>
        <Word id="region0010_line0006_word0000" custom="readingOrder {index:0;}">
          <Coords points="505,826 683,827 683,787 673,788 638,787 635,785 636,775 628,772 619,779 605,778 599,783 594,783 590,777 583,775 572,775 566,781 552,779 544,774 532,774 513,782 505,780"/>
          <TextEquiv conf="0.92929995">
            <Unicode>Gefallen,</Unicode>
          </TextEquiv>
        </Word>
        <Word id="region0010_line0006_word0001" custom="readingOrder {index:1;}">
          <Coords points="716,819 781,820 781,786 749,785 748,786 716,786"/>
          <TextEquiv conf="0.93126184">
            <Unicode>und</Unicode>
          </TextEquiv>
        </Word>
        <Word id="region0010_line0006_word0002" custom="readingOrder {index:2;}">
          <Coords points="801,783 800,783 799,828 967,829 968,793 952,791 947,784 938,784 928,792 921,792 879,789 873,783 839,783 832,787 820,783"/>
          <TextEquiv conf="0.92707705">
            <Unicode>beſchreibe</Unicode>
          </TextEquiv>
        </Word>
        <Word id="region0010_line0006_word0003" custom="readingOrder {index:3;}">
          <Coords points="988,821 1048,822 1048,789 1045,788 988,792"/>
          <TextEquiv conf="0.9125026">
            <Unicode>mit</Unicode>
          </TextEquiv>
        </Word>
        <Word id="region0010_line0006_word0004" custom="readingOrder {index:4;}">
          <Coords points="1072,801 1114,801 1114,824 1072,824"/>
          <TextEquiv>
            <Unicode>CG</Unicode>
          </TextEquiv>
        </Word>
        <Word id="word_1666189112024_2997" custom="readingOrder {index:5;}">
          <Coords points="1129,791 1181,791 1181,830 1129,830"/>
          <TextEquiv>
            <Unicode>=</Unicode>
          </TextEquiv>
        </Word>
        <Word id="word_1666189113266_3000" custom="readingOrder {index:6;}">
          <Coords points="1186,803 1216,803 1216,826 1186,826"/>
          <TextEquiv>
            <Unicode>1</Unicode>
          </TextEquiv>
        </Word>
        <Word id="region0010_line0006_word0005" custom="readingOrder {index:7;}">
          <Coords points="1234,789 1234,789 1234,822 1293,823 1293,793 1282,795 1248,792 1246,789"/>
          <TextEquiv conf="0.926512">
            <Unicode>den</Unicode>
          </TextEquiv>
        </Word>
        <Word id="region0010_line0006_word0006" custom="readingOrder {index:8;}">
          <Coords points="1312,825 1427,826 1427,800 1417,800 1411,797 1398,799 1390,792 1382,792 1376,798 1372,797 1342,787 1323,787 1312,789"/>
          <TextEquiv>
            <Unicode>Kreis⸗</Unicode>
          </TextEquiv>
        </Word>
        <TextEquiv>
          <Unicode>Gefallen, und beſchreibe mit CG = 1 den Kreis⸗</Unicode>
        </TextEquiv>
      </TextLine>
      <TextLine id="region0010_line0007" custom="readingOrder {index:6;}">
        <Coords points="506,828 499,829 499,879 539,879 549,889 566,888 575,880 746,883 794,886 831,893 889,894 934,887 1190,890 1199,891 1202,898 1220,898 1226,892 1231,892 1235,898 1259,899 1265,893 1286,892 1390,899 1435,894 1435,850 1420,849 1413,842 1397,843 1391,848 1363,849 1314,847 1308,842 1283,839 1267,848 1219,848 1133,844 1126,839 1112,838 1108,843 1096,843 1078,837 1040,835 1016,837 1010,842 993,845 986,836 974,836 968,844 959,844 945,842 931,835 850,832 844,836 833,833 821,834 819,843 734,836 722,831 709,830 625,830 590,836 554,836 527,832 520,828"/>
        <Baseline points="499,869 762,874 848,883 945,877 1435,885"/>
        <Word id="region0010_line0007_word0000" custom="readingOrder {index:0;}">
          <Coords points="608,839 504,839 504,879 539,879 545,885 569,885 575,880 608,880"/>
          <TextEquiv conf="0.91599375">
            <Unicode>bogen</Unicode>
          </TextEquiv>
        </Word>
        <Word id="word_1666189148023_3019" custom="readingOrder {index:1;}">
          <Coords points="629,838 704,841 704,876 629,873"/>
          <TextEquiv>
            <Unicode>NG</Unicode>
          </TextEquiv>
        </Word>
        <Word id="word_1666189148023_3018" custom="readingOrder {index:2;}">
          <Coords points="704,841 758,844 758,879 704,876"/>
          <TextEquiv>
            <Unicode>=</Unicode>
          </TextEquiv>
        </Word>
        <Word id="region0010_line0007_word0002" custom="readingOrder {index:3;}">
          <Coords points="779,854 821,854 821,884 779,884"/>
          <TextEquiv>
            <Unicode>u;</Unicode>
          </TextEquiv>
        </Word>
        <Word id="region0010_line0007_word0003" custom="readingOrder {index:4;}">
          <Coords points="855,840 915,841 915,887 855,886"/>
          <TextEquiv conf="0.839928">
            <Unicode>Jſt</Unicode>
          </TextEquiv>
        </Word>
        <Word id="region0010_line0007_word0004" custom="readingOrder {index:5;}">
          <Coords points="934,857 954,857 954,879 934,879"/>
          <TextEquiv conf="0.839928">
            <Unicode>u</Unicode>
          </TextEquiv>
        </Word>
        <Word id="region0010_line0007_word0005" custom="readingOrder {index:6;}">
          <Coords points="976,845 1010,846 1010,882 976,881"/>
          <TextEquiv conf="0.89685893">
            <Unicode>in</Unicode>
          </TextEquiv>
        </Word>
        <Word id="region0010_line0007_word0006" custom="readingOrder {index:7;}">
          <Coords points="1034,842 1034,883 1175,884 1175,846 1133,844 1131,843 1108,843 1108,843 1096,843 1094,842"/>
          <TextEquiv conf="0.92938995">
            <Unicode>Graden</Unicode>
          </TextEquiv>
        </Word>
        <Word id="region0010_line0007_word0007" custom="readingOrder {index:8;}">
          <Coords points="1276,842 1267,848 1219,848 1200,847 1200,890 1359,891 1359,848 1314,847 1308,842"/>
          <TextEquiv conf="0.91766685">
            <Unicode>gegeben,</Unicode>
          </TextEquiv>
        </Word>
        <Word id="region0010_line0007_word0008" custom="readingOrder {index:9;}">
          <Coords points="1396,847 1396,892 1425,892 1425,849 1420,849 1418,847"/>
          <TextEquiv conf="0.9277739">
            <Unicode>ſo</Unicode>
          </TextEquiv>
        </Word>
        <TextEquiv>
          <Unicode>bogen NG = u; Jſt u in Graden gegeben, ſo</Unicode>
        </TextEquiv>
      </TextLine>
      <TextLine id="region0011_line0001" custom="readingOrder {index:7;}">
        <Coords points="1193,880 1192,893 1156,890 1141,894 1135,889 1126,889 1116,895 1110,894 1089,887 1016,886 1004,888 994,896 955,892 949,885 940,885 933,891 903,893 864,892 858,884 839,886 832,891 811,892 793,892 787,885 778,885 770,892 639,891 543,887 529,885 525,881 461,880 462,935 502,936 508,940 520,940 528,934 561,931 1063,942 1155,941 1308,945 1428,942 1428,896 1404,893 1399,897 1329,901 1322,904 1316,901 1316,894 1311,889 1218,891 1214,880"/>
        <Baseline points="461,925 1428,933"/>
        <Word id="region0011_line0001_word0000" custom="readingOrder {index:0;}">
          <Coords points="467,927 563,928 563,887 543,887 529,885 525,881 467,880"/>
          <TextEquiv conf="0.81735194">
            <Unicode>hat</Unicode>
          </TextEquiv>
        </Word>
        <Word id="region0011_line0001_word0001" custom="readingOrder {index:1;}">
          <Coords points="591,892 667,893 667,920 591,919"/>
          <TextEquiv conf="0.9272112">
            <Unicode>man</Unicode>
          </TextEquiv>
        </Word>
        <Word id="region0011_line0001_word0002" custom="readingOrder {index:2;}">
          <Coords points="775,886 770,892 694,891 694,922 909,924 909,892 903,893 864,892 860,887 837,887 832,891 811,892 793,892 788,886"/>
          <TextEquiv conf="0.9196646">
            <Unicode>unmittelbar</Unicode>
          </TextEquiv>
        </Word>
        <Word id="region0011_line0001_word0003" custom="readingOrder {index:3;}">
          <Coords points="941,887 941,925 1000,926 1000,891 994,896 955,892 950,887"/>
          <TextEquiv conf="0.92842627">
            <Unicode>den</Unicode>
          </TextEquiv>
        </Word>
        <Word id="region0011_line0001_word0004" custom="readingOrder {index:4;}">
          <Coords points="1030,890 1030,928 1162,929 1162,891 1152,890 1141,894 1137,890 1123,890 1116,895 1110,894 1099,890"/>
          <TextEquiv conf="0.916541">
            <Unicode>Winkel</Unicode>
          </TextEquiv>
        </Word>
        <Word id="region0011_line0001_word0005" custom="readingOrder {index:5;}">
          <Coords points="1192,880 1192,893 1190,892 1190,931 1319,932 1319,902 1316,901 1316,894 1311,889 1218,891 1214,880"/>
          <TextEquiv>
            <Unicode>ACC;</Unicode>
          </TextEquiv>
        </Word>
        <Word id="region0011_line0001_word0006" custom="readingOrder {index:6;}">
          <Coords points="1403,893 1399,897 1358,899 1358,926 1425,927 1425,895 1410,893"/>
          <TextEquiv conf="0.92760605">
            <Unicode>und</Unicode>
          </TextEquiv>
        </Word>
        <TextEquiv>
          <Unicode>hat man unmittelbar den Winkel ACC; und</Unicode>
        </TextEquiv>
      </TextLine>
      <TextLine id="region0012_line0001" custom="readingOrder {index:8;}">
        <Coords points="1033,934 999,943 970,942 962,935 953,935 945,942 912,944 875,942 868,935 859,934 850,940 844,933 833,934 824,941 802,941 797,937 779,940 772,936 764,936 759,940 721,942 678,939 674,934 659,934 655,939 645,939 640,934 631,934 620,940 590,939 588,934 561,934 557,939 482,939 482,980 550,982 563,987 594,979 627,984 657,980 673,983 731,980 788,984 886,983 900,990 952,985 1047,989 1081,986 1095,992 1113,994 1124,989 1176,984 1317,992 1329,999 1339,998 1343,992 1428,995 1428,951 1390,949 1385,944 1356,944 1333,937 1277,937 1253,942 1237,939 1227,945 1182,945 1170,942 1166,945 1108,946 1076,937"/>
        <Baseline points="482,971 1428,984"/>
        <Word id="region0012_line0001_word0000" custom="readingOrder {index:0;}">
          <Coords points="501,980 582,980 582,937 558,937 557,939 501,939"/>
          <TextEquiv conf="0.92759115">
            <Unicode>muß</Unicode>
          </TextEquiv>
        </Word>
        <Word id="region0012_line0001_word0001" custom="readingOrder {index:1;}">
          <Coords points="656,937 655,939 645,939 640,934 631,934 620,940 593,939 593,979 594,979 627,984 656,980"/>
          <TextEquiv conf="0.50967485">
            <Unicode>als</Unicode>
          </TextEquiv>
        </Word>
        <Word id="region0012_line0001_word0002" custom="readingOrder {index:2;}">
          <Coords points="668,941 668,975 742,976 742,942 725,941 721,942 715,941"/>
          <TextEquiv conf="0.50967485">
            <Unicode>denn</Unicode>
          </TextEquiv>
        </Word>
        <Word id="region0012_line0001_word0003" custom="readingOrder {index:3;}">
          <Coords points="765,944 815,944 815,975 765,975"/>
          <TextEquiv conf="0.9298643">
            <Unicode>die</Unicode>
          </TextEquiv>
        </Word>
        <Word id="region0012_line0001_word0004" custom="readingOrder {index:4;}">
          <Coords points="832,941 832,982 935,983 935,943 912,944 875,942 874,941"/>
          <TextEquiv>
            <Unicode>Laͤnge</Unicode>
          </TextEquiv>
        </Word>
        <Word id="region0012_line0001_word0005" custom="readingOrder {index:5;}">
          <Coords points="971,943 1025,944 1025,978 971,977"/>
          <TextEquiv conf="0.9218894">
            <Unicode>des</Unicode>
          </TextEquiv>
        </Word>
        <Word id="region0012_line0001_word0006" custom="readingOrder {index:6;}">
          <Coords points="1050,937 1050,988 1081,986 1095,992 1098,992 1116,992 1124,989 1171,984 1171,942 1170,942 1166,945 1108,946 1076,937"/>
          <TextEquiv conf="0.913956">
            <Unicode>Bogens</Unicode>
          </TextEquiv>
        </Word>
        <Word id="region0012_line0001_word0007" custom="readingOrder {index:7;}">
          <Coords points="1197,956 1218,956 1218,977 1197,977"/>
          <TextEquiv conf="0.692186">
            <Unicode>u</Unicode>
          </TextEquiv>
        </Word>
        <Word id="region0012_line0001_word0008" custom="readingOrder {index:8;}">
          <Coords points="1236,947 1270,948 1270,979 1236,978"/>
          <TextEquiv conf="0.93069804">
            <Unicode>in</Unicode>
          </TextEquiv>
        </Word>
        <Word id="region0012_line0001_word0009" custom="readingOrder {index:9;}">
          <Coords points="1285,944 1285,990 1424,991 1424,950 1390,949 1385,944"/>
          <TextEquiv conf="0.9218541">
            <Unicode>Theilen</Unicode>
          </TextEquiv>
        </Word>
        <TextEquiv>
          <Unicode>muß als denn die Laͤnge des Bogens u in Theilen</Unicode>
        </TextEquiv>
      </TextLine>
      <TextLine id="region0012_line0002" custom="readingOrder {index:9;}">
        <Coords points="594,980 568,988 501,981 482,982 481,1027 507,1029 523,1026 576,1030 588,1027 599,1036 612,1031 721,1028 736,1037 749,1036 753,1030 815,1031 820,1038 835,1037 839,1031 873,1032 883,1035 899,1031 921,1031 945,1035 1067,1033 1131,1039 1241,1037 1310,1042 1335,1040 1411,1048 1427,1046 1427,1006 1371,1001 1328,1000 1321,997 1273,997 1265,990 1231,995 1215,993 1200,987 1171,985 1100,994 1081,987 1018,992 900,991 886,984 869,987 849,986 843,983 827,983 821,986 763,986 757,982 731,981 723,985 692,987 675,986 667,981 635,986"/>
        <Baseline points="481,1017 1427,1036"/>
        <Word id="region0012_line0002_word0000" custom="readingOrder {index:0;}">
          <Coords points="503,991 562,991 561,1024 502,1024"/>
          <TextEquiv>
            <Unicode>des</Unicode>
          </TextEquiv>
        </Word>
        <Word id="region0012_line0002_word0001" custom="readingOrder {index:1;}">
          <Coords points="803,990 579,988 578,1029 588,1027 593,1031 611,1031 612,1031 721,1028 728,1032 751,1033 753,1030 802,1031"/>
          <TextEquiv conf="0.9223678">
            <Unicode>Halbmeſſers</Unicode>
          </TextEquiv>
        </Word>
        <Word id="region0012_line0002_word0002" custom="readingOrder {index:2;}">
          <Coords points="956,993 824,992 823,1034 836,1034 839,1031 873,1032 881,1034 885,1034 899,1031 921,1031 944,1034 948,1034 955,1034"/>
          <TextEquiv conf="0.9188104">
            <Unicode>ſuchen,</Unicode>
          </TextEquiv>
        </Word>
        <Word id="region0012_line0002_word0003" custom="readingOrder {index:3;}">
          <Coords points="987,1001 1044,1001 1044,1027 987,1027"/>
          <TextEquiv conf="0.9304535">
            <Unicode>um</Unicode>
          </TextEquiv>
        </Word>
        <Word id="region0012_line0002_word0004" custom="readingOrder {index:4;}">
          <Coords points="1072,994 1130,995 1129,1029 1071,1028"/>
          <TextEquiv conf="0.9320199">
            <Unicode>den</Unicode>
          </TextEquiv>
        </Word>
        <Word id="region0012_line0002_word0005" custom="readingOrder {index:5;}">
          <Coords points="1153,992 1152,1030 1359,1031 1359,1000 1328,1000 1321,997 1273,997 1267,992 1248,992 1231,995 1215,993 1213,992"/>
          <TextEquiv conf="0.91939765">
            <Unicode>Quotienten</Unicode>
          </TextEquiv>
        </Word>
        <Word id="region0012_line0002_word0006" custom="readingOrder {index:6;}">
          <Coords points="1385,1006 1422,1006 1422,1033 1385,1033"/>
          <TextEquiv conf="0.9104543">
            <Unicode>a:</Unicode>
          </TextEquiv>
        </Word>
        <TextEquiv>
          <Unicode>des Halbmeſſers ſuchen, um den Quotienten a:</Unicode>
        </TextEquiv>
      </TextLine>
      <TextLine id="region0012_line0003" custom="readingOrder {index:10;}">
        <Coords points="516,1027 505,1031 481,1030 482,1084 508,1083 521,1087 530,1081 575,1075 581,1083 588,1085 598,1080 599,1074 607,1074 627,1083 653,1084 659,1090 666,1090 673,1085 712,1082 784,1083 786,1090 794,1091 809,1083 816,1083 881,1087 960,1086 985,1091 990,1099 1007,1097 1012,1092 1047,1092 1054,1099 1067,1099 1073,1092 1120,1090 1162,1091 1175,1100 1193,1102 1213,1102 1222,1098 1233,1098 1240,1103 1262,1102 1276,1096 1288,1098 1313,1095 1428,1099 1427,1054 1349,1050 1346,1043 1335,1041 1319,1048 1292,1041 1241,1038 1189,1039 1165,1045 1136,1046 1118,1045 1112,1036 1099,1036 1089,1043 1073,1043 1071,1036 1067,1034 1053,1035 1045,1043 1011,1043 988,1036 945,1036 921,1032 899,1032 883,1036 872,1034 832,1039 789,1039 736,1038 721,1029 712,1036 676,1035 668,1029 657,1029 652,1035 600,1040 588,1028 577,1030 574,1039 564,1039 530,1034 526,1028"/>
        <Baseline points="482,1072 609,1066 1004,1082 1176,1080 1205,1090 1428,1089"/>
        <Word id="region0012_line0003_word0000" custom="readingOrder {index:0;}">
          <Coords points="543,1040 502,1040 502,1083 508,1083 511,1084 525,1084 530,1081 543,1079"/>
          <TextEquiv conf="0.75925857">
            <Unicode>(u</Unicode>
          </TextEquiv>
        </Word>
        <Word id="region0012_line0003_word0001" custom="readingOrder {index:1;}">
          <Coords points="579,1039 579,1080 581,1083 588,1085 598,1080 599,1074 602,1074 602,1039 600,1040 599,1039"/>
          <TextEquiv>
            <Unicode>+</Unicode>
          </TextEquiv>
        </Word>
        <Word id="region0012_line0003_word0002" custom="readingOrder {index:2;}">
          <Coords points="675,1041 641,1041 641,1083 653,1084 656,1087 670,1087 673,1085 675,1084"/>
          <TextEquiv>
            <Unicode>1)</Unicode>
          </TextEquiv>
        </Word>
        <Word id="region0012_line0003_word0003" custom="readingOrder {index:3;}">
          <Coords points="700,1041 774,1042 774,1080 700,1079"/>
          <TextEquiv conf="0.8913364">
            <Unicode>oder</Unicode>
          </TextEquiv>
        </Word>
        <Word id="region0012_line0003_word0004" custom="readingOrder {index:4;}">
          <Coords points="817,1055 791,1055 791,1083 816,1083 817,1083"/>
          <TextEquiv conf="0.8850379">
            <Unicode>y</Unicode>
          </TextEquiv>
        </Word>
        <Word id="region0012_line0003_word0005" custom="readingOrder {index:5;}">
          <Coords points="838,1054 874,1055 874,1077 838,1076"/>
          <TextEquiv>
            <Unicode>=</Unicode>
          </TextEquiv>
        </Word>
        <Word id="region0012_line0003_word0006" custom="readingOrder {index:6;}">
          <Coords points="895,1043 972,1043 972,1081 895,1081"/>
          <TextEquiv>
            <Unicode>CM</Unicode>
          </TextEquiv>
        </Word>
        <Word id="region0012_line0003_word0007" custom="readingOrder {index:7;}">
          <Coords points="1031,1053 993,1053 993,1093 1011,1093 1012,1092 1031,1092"/>
          <TextEquiv conf="0.5427164">
            <Unicode>zu</Unicode>
          </TextEquiv>
        </Word>
        <Word id="region0012_line0003_word0008" custom="readingOrder {index:8;}">
          <Coords points="1052,1042 1052,1091 1089,1091 1120,1090 1162,1091 1163,1092 1168,1092 1168,1044 1165,1045 1136,1046 1118,1045 1116,1043 1090,1042 1089,1043 1073,1043 1073,1042"/>
          <TextEquiv conf="0.9293614">
            <Unicode>haben.</Unicode>
          </TextEquiv>
        </Word>
        <Word id="region0012_line0003_word0009" custom="readingOrder {index:9;}">
          <Coords points="1222,1043 1282,1044 1282,1094 1222,1093"/>
          <TextEquiv conf="0.9180076">
            <Unicode>Jſt</Unicode>
          </TextEquiv>
        </Word>
        <Word id="region0012_line0003_word0010" custom="readingOrder {index:10;}">
          <Coords points="1304,1046 1304,1085 1382,1086 1382,1051 1349,1050 1347,1046 1323,1046 1319,1048 1311,1046"/>
          <TextEquiv conf="0.9249385">
            <Unicode>aber</Unicode>
          </TextEquiv>
        </Word>
        <Word id="region0012_line0003_word0011" custom="readingOrder {index:11;}">
          <Coords points="1399,1061 1423,1061 1423,1087 1399,1087"/>
          <TextEquiv conf="0.90810126">
            <Unicode>u</Unicode>
          </TextEquiv>
        </Word>
        <TextEquiv>
          <Unicode>(u + 1) oder y = CM zu haben. Jſt aber u</Unicode>
        </TextEquiv>
      </TextLine>
      <TextLine id="region0012_line0004" custom="readingOrder {index:11;}">
        <Coords points="556,1078 530,1082 519,1090 508,1084 498,1084 491,1092 482,1092 481,1137 584,1139 596,1145 605,1143 608,1140 662,1136 792,1142 803,1147 816,1140 826,1142 835,1139 927,1142 938,1146 954,1143 1003,1144 1018,1146 1029,1152 1045,1153 1051,1147 1058,1147 1068,1138 1074,1142 1073,1154 1081,1154 1090,1147 1142,1146 1166,1149 1173,1154 1181,1154 1189,1148 1201,1148 1214,1154 1226,1154 1230,1150 1263,1151 1267,1156 1273,1157 1280,1157 1286,1151 1427,1151 1428,1107 1348,1106 1325,1103 1289,1105 1288,1099 1284,1097 1272,1098 1261,1104 1240,1104 1233,1099 1222,1099 1213,1103 1127,1102 1121,1092 1105,1092 1097,1101 1034,1101 1014,1100 1008,1097 981,1099 970,1098 968,1091 960,1087 935,1088 928,1097 920,1097 885,1094 875,1086 864,1086 845,1091 823,1091 816,1084 809,1084 794,1092 776,1091 760,1094 726,1092 720,1084 712,1083 707,1084 701,1092 660,1093 653,1085 628,1084 622,1091 617,1085 605,1080 586,1086 576,1079"/>
        <Baseline points="481,1127 1427,1141"/>
        <Word id="region0012_line0004_word0000" custom="readingOrder {index:0;}">
          <Coords points="499,1091 534,1091 533,1130 498,1130"/>
          <TextEquiv conf="0.9321461">
            <Unicode>in</Unicode>
          </TextEquiv>
        </Word>
        <Word id="region0012_line0004_word0001" custom="readingOrder {index:1;}">
          <Coords points="553,1087 552,1138 627,1138 662,1136 689,1137 689,1092 660,1093 655,1087 624,1087 622,1091 619,1087"/>
          <TextEquiv conf="0.91895986">
            <Unicode>Theilen</Unicode>
          </TextEquiv>
        </Word>
        <Word id="region0012_line0004_word0002" custom="readingOrder {index:2;}">
          <Coords points="711,1090 710,1129 765,1130 765,1092 760,1094 726,1092 724,1090"/>
          <TextEquiv conf="0.9305212">
            <Unicode>des</Unicode>
          </TextEquiv>
        </Word>
        <Word id="region0012_line0004_word0003" custom="readingOrder {index:3;}">
          <Coords points="801,1088 794,1092 786,1091 786,1136 1009,1138 1009,1097 1008,1097 981,1099 970,1098 968,1091 965,1089 933,1089 928,1097 920,1097 885,1094 878,1088 854,1088 845,1091 823,1091 820,1088"/>
          <TextEquiv conf="0.9140883">
            <Unicode>Halbmeſſers</Unicode>
          </TextEquiv>
        </Word>
        <Word id="region0012_line0004_word0004" custom="readingOrder {index:4;}">
          <Coords points="1104,1092 1097,1101 1034,1101 1026,1100 1026,1140 1065,1140 1068,1138 1071,1140 1185,1141 1185,1102 1127,1102 1121,1092"/>
          <TextEquiv conf="0.9230251">
            <Unicode>gegeben,</Unicode>
          </TextEquiv>
        </Word>
        <Word id="region0012_line0004_word0005" custom="readingOrder {index:5;}">
          <Coords points="1216,1138 1247,1139 1247,1104 1240,1104 1233,1099 1222,1099 1216,1101"/>
          <TextEquiv conf="0.93038046">
            <Unicode>ſo</Unicode>
          </TextEquiv>
        </Word>
        <Word id="region0012_line0004_word0006" custom="readingOrder {index:6;}">
          <Coords points="1267,1140 1325,1140 1326,1103 1325,1103 1289,1105 1288,1099 1284,1097 1272,1098 1268,1100"/>
          <TextEquiv conf="0.92716414">
            <Unicode>hat</Unicode>
          </TextEquiv>
        </Word>
        <Word id="region0012_line0004_word0007" custom="readingOrder {index:7;}">
          <Coords points="1336,1133 1421,1134 1421,1106 1348,1106 1336,1104"/>
          <TextEquiv conf="0.9194617">
            <Unicode>man</Unicode>
          </TextEquiv>
        </Word>
        <TextEquiv conf="0.92446834">
          <Unicode>in Theilen des Halbmeſſers gegeben, ſo hat man</Unicode>
        </TextEquiv>
      </TextLine>
      <TextLine id="region0012_line0005" custom="readingOrder {index:12;}">
        <Coords points="1067,1139 1058,1148 1060,1154 1029,1153 1018,1147 1003,1145 954,1144 938,1147 927,1143 896,1151 869,1151 851,1148 849,1142 843,1140 824,1144 816,1141 803,1148 773,1146 769,1143 749,1145 746,1141 733,1140 730,1144 722,1145 691,1146 678,1144 672,1137 645,1139 638,1144 600,1146 584,1140 579,1140 575,1145 481,1145 482,1188 620,1191 625,1187 634,1187 642,1191 661,1192 849,1193 868,1186 880,1191 882,1202 891,1201 897,1196 1014,1198 1022,1202 1029,1198 1117,1199 1131,1200 1139,1204 1152,1200 1189,1201 1193,1204 1203,1204 1207,1201 1428,1205 1427,1159 1400,1159 1394,1153 1383,1154 1378,1159 1347,1160 1214,1155 1201,1149 1189,1149 1181,1155 1173,1155 1157,1148 1142,1147 1136,1151 1098,1147 1091,1152 1073,1155 1073,1142"/>
        <Baseline points="482,1178 1428,1195"/>
        <Word id="region0012_line0005_word0000" custom="readingOrder {index:0;}">
          <Coords points="576,1143 575,1145 498,1145 498,1182 715,1183 715,1145 691,1146 678,1144 678,1144 638,1144 638,1144 600,1146 593,1143"/>
          <TextEquiv conf="0.92297274">
            <Unicode>unmittelbar</Unicode>
          </TextEquiv>
        </Word>
        <Word id="region0012_line0005_word0001" custom="readingOrder {index:1;}">
          <Coords points="737,1148 785,1148 785,1185 737,1185"/>
          <TextEquiv conf="0.92161006">
            <Unicode>die</Unicode>
          </TextEquiv>
        </Word>
        <Word id="region0012_line0005_word0002" custom="readingOrder {index:2;}">
          <Coords points="808,1145 807,1145 807,1192 849,1193 868,1186 880,1191 880,1194 908,1195 908,1147 896,1151 869,1151 851,1148 850,1145"/>
          <TextEquiv>
            <Unicode>Laͤnge</Unicode>
          </TextEquiv>
        </Word>
        <Word id="region0012_line0005_word0003" custom="readingOrder {index:3;}">
          <Coords points="925,1149 925,1194 1026,1195 1026,1151 1023,1149"/>
          <TextEquiv conf="0.36487216">
            <Unicode>CM,</Unicode>
          </TextEquiv>
        </Word>
        <Word id="region0012_line0005_word0004" custom="readingOrder {index:4;}">
          <Coords points="1067,1139 1058,1148 1060,1154 1052,1154 1052,1186 1118,1187 1118,1149 1098,1147 1091,1152 1073,1155 1073,1142 1067,1139"/>
          <TextEquiv conf="0.93038535">
            <Unicode>und</Unicode>
          </TextEquiv>
        </Word>
        <Word id="region0012_line0005_word0005" custom="readingOrder {index:5;}">
          <Coords points="1139,1149 1139,1195 1224,1195 1224,1155 1214,1155 1201,1149 1189,1149 1181,1155 1173,1155 1159,1149"/>
          <TextEquiv conf="0.9211183">
            <Unicode>ſucht</Unicode>
          </TextEquiv>
        </Word>
        <Word id="region0012_line0005_word0006" custom="readingOrder {index:6;}">
          <Coords points="1244,1159 1313,1159 1313,1188 1244,1188"/>
          <TextEquiv conf="0.9290118">
            <Unicode>nun</Unicode>
          </TextEquiv>
        </Word>
        <Word id="region0012_line0005_word0007" custom="readingOrder {index:7;}">
          <Coords points="1370,1159 1347,1160 1339,1159 1339,1203 1366,1203 1370,1203"/>
          <TextEquiv>
            <Unicode>u</Unicode>
          </TextEquiv>
        </Word>
        <Word id="region0012_line0005_word0008" custom="readingOrder {index:8;}">
          <Coords points="1385,1189 1418,1189 1418,1159 1400,1159 1394,1153 1385,1153"/>
          <TextEquiv conf="0.7449051">
            <Unicode>in</Unicode>
          </TextEquiv>
        </Word>
        <TextEquiv>
          <Unicode>unmittelbar die Laͤnge CM, und ſucht nun u in</Unicode>
        </TextEquiv>
      </TextLine>
      <TextLine id="region0012_line0006" custom="readingOrder {index:13;}">
        <Coords points="868,1187 849,1194 757,1193 749,1194 740,1201 703,1197 700,1193 643,1199 642,1192 634,1188 623,1189 620,1192 620,1199 597,1197 591,1191 578,1191 572,1197 566,1197 546,1190 482,1189 482,1245 516,1247 602,1243 639,1247 647,1252 656,1252 662,1248 750,1246 1026,1251 1060,1254 1066,1260 1077,1261 1086,1254 1126,1254 1133,1261 1143,1261 1150,1253 1157,1252 1300,1255 1310,1252 1314,1248 1314,1216 1309,1211 1210,1208 1197,1207 1189,1202 1164,1207 1157,1201 1125,1207 1097,1207 1077,1206 1056,1199 1029,1199 1022,1203 1014,1199 985,1197 897,1197 891,1202 882,1203 879,1201 879,1191"/>
        <Baseline points="482,1234 1314,1245"/>
        <Word id="region0012_line0006_word0000" custom="readingOrder {index:0;}">
          <Coords points="496,1191 496,1243 590,1244 602,1243 608,1244 661,1244 661,1197 643,1199 642,1192 642,1192 620,1192 620,1192 620,1199 597,1197 592,1192 578,1191 572,1197 566,1197 550,1191"/>
          <TextEquiv conf="0.92748487">
            <Unicode>Graden,</Unicode>
          </TextEquiv>
        </Word>
        <Word id="region0012_line0006_word0001" custom="readingOrder {index:1;}">
          <Coords points="688,1201 748,1202 748,1240 688,1239"/>
          <TextEquiv conf="0.92896867">
            <Unicode>den</Unicode>
          </TextEquiv>
        </Word>
        <Word id="region0012_line0006_word0002" custom="readingOrder {index:2;}">
          <Coords points="863,1188 849,1194 774,1193 774,1242 908,1243 908,1197 897,1197 891,1202 882,1203 879,1201 879,1191 872,1188"/>
          <TextEquiv>
            <Unicode>Winkel</Unicode>
          </TextEquiv>
        </Word>
        <Word id="region0012_line0006_word0003" custom="readingOrder {index:3;}">
          <Coords points="932,1202 932,1240 1043,1241 1043,1203 1022,1203 1022,1203 1022,1203"/>
          <TextEquiv conf="0.8664899">
            <Unicode>ACH</Unicode>
          </TextEquiv>
        </Word>
        <Word id="region0012_line0006_word0004" custom="readingOrder {index:4;}">
          <Coords points="1068,1211 1106,1211 1106,1249 1068,1249"/>
          <TextEquiv conf="0.93019515">
            <Unicode>zu</Unicode>
          </TextEquiv>
        </Word>
        <Word id="region0012_line0006_word0005" custom="readingOrder {index:5;}">
          <Coords points="1145,1203 1134,1205 1134,1248 1252,1249 1252,1209 1210,1208 1197,1207 1191,1203 1181,1203 1164,1207 1159,1203"/>
          <TextEquiv conf="0.931053">
            <Unicode>finden.</Unicode>
          </TextEquiv>
        </Word>
        <TextEquiv>
          <Unicode>Graden, den Winkel ACH zu finden.</Unicode>
        </TextEquiv>
      </TextLine>
      <TextLine id="region0012_line0007" custom="readingOrder {index:14;}">
        <Coords points="528,1252 508,1253 502,1257 501,1291 506,1296 513,1296 519,1305 538,1308 605,1309 614,1304 625,1310 761,1309 802,1313 899,1315 937,1323 964,1321 976,1325 988,1326 998,1316 1006,1315 1058,1318 1069,1323 1106,1320 1113,1327 1122,1327 1129,1321 1142,1320 1152,1320 1158,1326 1166,1326 1173,1319 1194,1318 1317,1323 1427,1323 1427,1277 1407,1275 1401,1269 1392,1269 1384,1274 1377,1269 1367,1269 1361,1273 1299,1276 1232,1272 1226,1266 1217,1266 1210,1271 1194,1269 1189,1264 1164,1264 1160,1267 1143,1268 1118,1265 1113,1269 1078,1271 1034,1271 1027,1262 1014,1262 1004,1271 950,1271 916,1267 899,1259 854,1256 833,1258 815,1265 688,1266 663,1264 652,1257 638,1254"/>
        <Baseline points="504,1294 950,1308 1427,1313"/>
        <Word id="region0012_line0007_word0000" custom="readingOrder {index:0;}">
          <Coords points="680,1305 680,1266 572,1265 572,1304 613,1304 614,1304 615,1304"/>
          <TextEquiv conf="0.9302733">
            <Unicode>Waͤre</Unicode>
          </TextEquiv>
        </Word>
        <Word id="region0012_line0007_word0001" custom="readingOrder {index:1;}">
          <Coords points="710,1278 720,1278 720,1300 710,1300"/>
          <TextEquiv conf="0.8441651">
            <Unicode>u</Unicode>
          </TextEquiv>
        </Word>
        <Word id="region0012_line0007_word0002" custom="readingOrder {index:2;}">
          <Coords points="731,1278 770,1279 770,1299 731,1298"/>
          <TextEquiv>
            <Unicode>=</Unicode>
          </TextEquiv>
        </Word>
        <Word id="region0012_line0007_word0003" custom="readingOrder {index:3;}">
          <Coords points="786,1272 835,1272 835,1303 786,1303"/>
          <TextEquiv>
            <Unicode>60</Unicode>
          </TextEquiv>
        </Word>
        <Word id="region0012_line0007_word0004" custom="readingOrder {index:4;}">
          <Coords points="846,1263 846,1306 913,1307 913,1265 909,1263"/>
          <TextEquiv conf="0.93161637">
            <Unicode>Gr.</Unicode>
          </TextEquiv>
        </Word>
        <Word id="region0012_line0007_word0005" custom="readingOrder {index:5;}">
          <Coords points="1008,1266 1004,1271 950,1271 932,1268 932,1314 1083,1315 1083,1270 1078,1271 1034,1271 1030,1266"/>
          <TextEquiv conf="0.93073946">
            <Unicode>gegeben,</Unicode>
          </TextEquiv>
        </Word>
        <Word id="region0012_line0007_word0006" custom="readingOrder {index:6;}">
          <Coords points="1113,1269 1144,1269 1144,1316 1113,1316"/>
          <TextEquiv conf="0.93112993">
            <Unicode>ſo</Unicode>
          </TextEquiv>
        </Word>
        <Word id="region0012_line0007_word0007" custom="readingOrder {index:7;}">
          <Coords points="1159,1268 1159,1313 1254,1314 1254,1273 1232,1272 1229,1269 1213,1269 1210,1271 1194,1269 1193,1268"/>
          <TextEquiv conf="0.9309636">
            <Unicode>faͤnde</Unicode>
          </TextEquiv>
        </Word>
        <Word id="region0012_line0007_word0008" custom="readingOrder {index:8;}">
          <Coords points="1272,1277 1349,1277 1349,1309 1272,1309"/>
          <TextEquiv conf="0.9298873">
            <Unicode>man</Unicode>
          </TextEquiv>
        </Word>
        <Word id="region0012_line0007_word0009" custom="readingOrder {index:9;}">
          <Coords points="1368,1272 1368,1310 1418,1310 1418,1276 1407,1275 1404,1272 1387,1272 1384,1274 1381,1272"/>
          <TextEquiv conf="0.9298873">
            <Unicode>die</Unicode>
          </TextEquiv>
        </Word>
        <TextEquiv>
          <Unicode>Waͤre u = 60 Gr. gegeben, ſo faͤnde man die</Unicode>
        </TextEquiv>
      </TextLine>
      <TextLine id="region0012_line0008" custom="readingOrder {index:15;}">
        <Coords points="614,1305 603,1313 577,1316 550,1314 526,1306 482,1307 482,1360 556,1361 563,1354 568,1354 572,1365 577,1367 589,1363 662,1363 668,1370 679,1371 686,1364 716,1364 795,1367 804,1374 821,1374 830,1367 848,1366 939,1367 978,1371 987,1376 997,1372 1047,1371 1056,1375 1068,1374 1075,1377 1086,1374 1124,1375 1129,1371 1212,1372 1219,1382 1229,1381 1236,1372 1316,1372 1321,1367 1321,1336 1318,1332 1243,1326 1233,1319 1207,1321 1202,1325 1155,1328 976,1326 959,1322 937,1324 928,1321 885,1319 876,1319 872,1322 813,1321 804,1319 797,1313 761,1310 719,1310 697,1317 685,1310 673,1310 666,1315 654,1314 649,1310 629,1314 620,1306"/>
        <Baseline points="482,1351 1321,1363"/>
        <Word id="region0012_line0008_word0000" custom="readingOrder {index:0;}">
          <Coords points="495,1314 495,1360 556,1361 563,1354 568,1354 570,1362 599,1362 599,1314 594,1314 577,1316 550,1314"/>
          <TextEquiv conf="0.90760684">
            <Unicode>Laͤnge</Unicode>
          </TextEquiv>
        </Word>
        <Word id="region0012_line0008_word0001" custom="readingOrder {index:1;}">
          <Coords points="612,1308 612,1362 719,1362 719,1310 697,1317 685,1310 673,1310 666,1315 654,1314 649,1310 629,1314 622,1308"/>
          <TextEquiv conf="0.9314423">
            <Unicode>dieſes</Unicode>
          </TextEquiv>
        </Word>
        <Word id="region0012_line0008_word0002" custom="readingOrder {index:2;}">
          <Coords points="738,1316 738,1364 743,1365 887,1366 887,1319 885,1319 876,1319 872,1322 813,1321 804,1319 800,1316"/>
          <TextEquiv conf="0.92700356">
            <Unicode>Bogens</Unicode>
          </TextEquiv>
        </Word>
        <Word id="word_1666189287696_3091" custom="readingOrder {index:3;}">
          <Coords points="896,1331 948,1331 948,1361 896,1361"/>
          <TextEquiv>
            <Unicode>=</Unicode>
          </TextEquiv>
        </Word>
        <Word id="region0012_line0008_word0003" custom="readingOrder {index:4;}">
          <Coords points="968,1329 997,1330 997,1361 968,1360"/>
          <TextEquiv>
            <Unicode>1,</Unicode>
          </TextEquiv>
        </Word>
        <Word id="region0012_line0008_word0004" custom="readingOrder {index:5;}">
          <Coords points="1015,1362 1101,1362 1101,1327 1015,1326"/>
          <TextEquiv>
            <Unicode>047</Unicode>
          </TextEquiv>
        </Word>
        <Word id="region0012_line0008_word0005" custom="readingOrder {index:6;}">
          <Coords points="1121,1345 1155,1345 1155,1355 1121,1355"/>
          <TextEquiv>
            <Unicode>..</Unicode>
          </TextEquiv>
        </Word>
        <Word id="region0012_line0008_word0006" custom="readingOrder {index:7;}">
          <Coords points="1206,1321 1202,1325 1184,1326 1184,1367 1250,1368 1250,1326 1243,1326 1237,1321"/>
          <TextEquiv conf="0.9312169">
            <Unicode>alſo</Unicode>
          </TextEquiv>
        </Word>
        <TextEquiv>
          <Unicode>Laͤnge dieſes Bogens = 1, 047 .. alſo</Unicode>
        </TextEquiv>
      </TextLine>
      <TextLine id="region0012_line0009" custom="readingOrder {index:16;}">
        <Coords points="563,1355 556,1362 482,1361 481,1413 655,1414 694,1419 749,1421 753,1424 767,1421 804,1421 815,1422 822,1428 833,1428 838,1424 854,1426 891,1418 961,1421 972,1425 1001,1424 1025,1429 1031,1425 1174,1422 1179,1417 1179,1388 1171,1382 1107,1381 1068,1375 1056,1376 1047,1372 1003,1377 936,1372 869,1372 804,1375 768,1372 673,1372 593,1365 577,1368 571,1365 568,1355"/>
        <Baseline points="481,1404 1179,1413"/>
        <Word id="word_1666189331555_3115" custom="readingOrder {index:0;}">
          <Coords points="494,1361 556,1362 560,1357 568,1357 571,1365 577,1368 584,1366 584,1405 494,1405"/>
          <TextEquiv conf="0.07529457">
            <Unicode>CM</Unicode>
          </TextEquiv>
        </Word>
        <Word id="word_1666189331555_3114" custom="readingOrder {index:1;}">
          <Coords points="584,1366 593,1365 632,1368 632,1406 584,1405"/>
          <TextEquiv>
            <Unicode>=</Unicode>
          </TextEquiv>
        </Word>
        <Word id="region0012_line0009_word0001" custom="readingOrder {index:2;}">
          <Coords points="658,1379 694,1379 694,1402 658,1402"/>
          <TextEquiv>
            <Unicode>a:</Unicode>
          </TextEquiv>
        </Word>
        <Word id="region0012_line0009_word0002" custom="readingOrder {index:3;}">
          <Coords points="727,1375 764,1376 764,1409 726,1408"/>
          <TextEquiv conf="0.92411774">
            <Unicode>2,</Unicode>
          </TextEquiv>
        </Word>
        <Word id="word_1666189350218_3134" custom="readingOrder {index:4;}">
          <Coords points="787,1376 865,1376 865,1413 787,1413"/>
          <TextEquiv>
            <Unicode>047</Unicode>
          </TextEquiv>
        </Word>
        <Word id="region0012_line0009_word0004" custom="readingOrder {index:5;}">
          <Coords points="898,1418 918,1418 918,1372 898,1372"/>
          <TextEquiv>
            <Unicode>=</Unicode>
          </TextEquiv>
        </Word>
        <Word id="region0012_line0009_word0005" custom="readingOrder {index:6;}">
          <Coords points="932,1418 978,1418 978,1375 936,1372 932,1372"/>
          <TextEquiv>
            <Unicode>0,</Unicode>
          </TextEquiv>
        </Word>
        <Word id="region0012_line0009_word0006" custom="readingOrder {index:7;}">
          <Coords points="1007,1413 1107,1413 1108,1381 1107,1381 1068,1375 1056,1376 1047,1372 1008,1376"/>
          <TextEquiv conf="0.9199832">
            <Unicode>48.</Unicode>
          </TextEquiv>
        </Word>
        <Word id="region0012_line0009_word0007" custom="readingOrder {index:8;}">
          <Coords points="1090,1419 1109,1419 1109,1381 1107,1381 1090,1378"/>
          <TextEquiv conf="0.9239425">
            <Unicode>a</Unicode>
          </TextEquiv>
        </Word>
        <TextEquiv>
          <Unicode>CM = a: 2, 047 = 0, 48. a</Unicode>
        </TextEquiv>
      </TextLine>
      <TextLine id="region0012_line0010" custom="readingOrder {index:17;}">
        <Coords points="533,1423 504,1424 499,1429 499,1461 504,1466 510,1466 512,1473 518,1477 784,1482 786,1488 795,1491 804,1491 811,1486 832,1491 858,1487 867,1492 883,1492 897,1483 940,1480 958,1480 967,1484 980,1481 1000,1483 1008,1490 1014,1489 1020,1483 1110,1486 1131,1491 1151,1486 1252,1491 1368,1489 1428,1493 1427,1447 1385,1446 1336,1436 1271,1436 1240,1445 1199,1444 1149,1438 1138,1433 1115,1435 1110,1430 1095,1431 1083,1441 1051,1440 1031,1436 1024,1431 1014,1431 1007,1435 943,1440 928,1439 922,1429 909,1429 902,1432 896,1440 817,1441 815,1432 809,1428 792,1428 785,1437 696,1437 667,1435 644,1425"/>
        <Baseline points="503,1465 1427,1483"/>
        <Word id="region0012_line0010_word0000" custom="readingOrder {index:0;}">
          <Coords points="571,1435 679,1436 679,1476 571,1475"/>
          <TextEquiv conf="0.9258486">
            <Unicode>Waͤre</Unicode>
          </TextEquiv>
        </Word>
        <Word id="region0012_line0010_word0001" custom="readingOrder {index:1;}">
          <Coords points="710,1448 718,1448 718,1471 710,1471"/>
          <TextEquiv conf="0.92560524">
            <Unicode>u</Unicode>
          </TextEquiv>
        </Word>
        <Word id="region0012_line0010_word0002" custom="readingOrder {index:2;}">
          <Coords points="752,1446 778,1446 778,1470 752,1470"/>
          <TextEquiv>
            <Unicode>=</Unicode>
          </TextEquiv>
        </Word>
        <Word id="word_1666189379490_3151" custom="readingOrder {index:3;}">
          <Coords points="781,1435 819,1435 819,1488 781,1488"/>
          <TextEquiv>
            <Unicode>½</Unicode>
          </TextEquiv>
        </Word>
        <Word id="region0012_line0010_word0003" custom="readingOrder {index:4;}">
          <Coords points="900,1434 896,1440 826,1440 826,1482 903,1482 940,1480 958,1480 964,1482 971,1482 978,1481 978,1437 943,1440 928,1439 925,1434"/>
          <TextEquiv conf="0.0">
            <Unicode>gegeben,</Unicode>
          </TextEquiv>
        </Word>
        <Word id="region0012_line0010_word0004" custom="readingOrder {index:5;}">
          <Coords points="1007,1438 1037,1438 1037,1483 1007,1483"/>
          <TextEquiv conf="0.9093232">
            <Unicode>ſo</Unicode>
          </TextEquiv>
        </Word>
        <Word id="region0012_line0010_word0005" custom="readingOrder {index:6;}">
          <Coords points="1087,1437 1083,1441 1051,1440 1047,1439 1047,1484 1051,1484 1166,1485 1166,1440 1149,1438 1149,1438"/>
          <TextEquiv>
            <Unicode>muͤſſte</Unicode>
          </TextEquiv>
        </Word>
        <Word id="region0012_line0010_word0006" custom="readingOrder {index:7;}">
          <Coords points="1211,1450 1273,1451 1273,1480 1211,1479"/>
          <TextEquiv conf="0.26173112">
            <Unicode>man</Unicode>
          </TextEquiv>
        </Word>
        <Word id="region0012_line0010_word0007" custom="readingOrder {index:8;}">
          <Coords points="1302,1442 1355,1442 1355,1477 1302,1477"/>
          <TextEquiv conf="0.1267997">
            <Unicode>CM</Unicode>
          </TextEquiv>
        </Word>
        <Word id="word_1666189424430_3162" custom="readingOrder {index:9;}">
          <Coords points="1366,1448 1417,1448 1417,1488 1366,1488"/>
          <TextEquiv>
            <Unicode>=</Unicode>
          </TextEquiv>
        </Word>
        <TextEquiv>
          <Unicode>Waͤre u = ½ gegeben, ſo muͤſſte man CM =</Unicode>
        </TextEquiv>
      </TextLine>
      <TextLine id="region0012_line0011" custom="readingOrder {index:18;}">
        <Coords points="536,1478 531,1487 482,1487 481,1526 550,1526 565,1519 569,1523 578,1520 586,1526 652,1529 664,1541 673,1540 684,1528 760,1533 784,1531 809,1534 993,1536 1302,1546 1427,1544 1428,1498 1368,1490 1319,1491 1298,1495 1231,1495 1191,1488 1151,1487 1131,1492 1093,1486 1032,1487 1028,1484 1020,1484 1014,1490 1008,1491 995,1484 980,1482 967,1485 958,1481 940,1481 897,1484 883,1493 832,1492 819,1487 795,1492 787,1489 753,1488 746,1482 733,1483 729,1487 689,1489 679,1479 663,1479 655,1485 613,1485 575,1478"/>
        <Baseline points="481,1517 1427,1533"/>
        <Word id="region0012_line0011_word0000" custom="readingOrder {index:0;}">
          <Coords points="493,1501 528,1501 528,1523 492,1523"/>
          <TextEquiv conf="0.30910614">
            <Unicode>a:</Unicode>
          </TextEquiv>
        </Word>
        <Word id="word_1666189453146_3171" custom="readingOrder {index:1;}">
          <Coords points="548,1485 585,1485 585,1538 548,1538"/>
          <TextEquiv>
            <Unicode>3/2</Unicode>
          </TextEquiv>
        </Word>
        <Word id="word_1666189521076_3191" custom="readingOrder {index:2;}">
          <Coords points="603,1490 654,1490 654,1531 652,1529 602,1526"/>
          <TextEquiv>
            <Unicode>=</Unicode>
          </TextEquiv>
        </Word>
        <Word id="word_1666189521076_3190" custom="readingOrder {index:3;}">
          <Coords points="654,1490 682,1491 681,1531 673,1538 661,1538 654,1531"/>
          <TextEquiv>
            <Unicode>⅔ </Unicode>
          </TextEquiv>
        </Word>
        <Word id="word_1666189544006_3202" custom="readingOrder {index:4;}">
          <Coords points="691,1492 724,1492 724,1522 691,1522"/>
          <TextEquiv>
            <Unicode>a</Unicode>
          </TextEquiv>
        </Word>
        <Word id="region0012_line0011_word0002" custom="readingOrder {index:5;}">
          <Coords points="734,1493 769,1493 768,1529 733,1529"/>
          <TextEquiv conf="0.91639626">
            <Unicode>in</Unicode>
          </TextEquiv>
        </Word>
        <Word id="region0012_line0011_word0003" custom="readingOrder {index:6;}">
          <Coords points="792,1494 895,1495 894,1532 791,1531"/>
          <TextEquiv conf="0.9260214">
            <Unicode>einem</Unicode>
          </TextEquiv>
        </Word>
        <Word id="region0012_line0011_word0004" custom="readingOrder {index:7;}">
          <Coords points="920,1493 1055,1494 1054,1534 919,1533"/>
          <TextEquiv conf="0.9035495">
            <Unicode>Winkel</Unicode>
          </TextEquiv>
        </Word>
        <Word id="region0012_line0011_word0005" custom="readingOrder {index:8;}">
          <Coords points="1074,1495 1190,1496 1189,1533 1073,1532"/>
          <TextEquiv>
            <Unicode>ACM</Unicode>
          </TextEquiv>
        </Word>
        <Word id="word_1666189564358_3218" custom="readingOrder {index:9;}">
          <Coords points="1210,1500 1265,1500 1265,1536 1209,1536"/>
          <TextEquiv>
            <Unicode>=</Unicode>
          </TextEquiv>
        </Word>
        <Word id="word_1666189564358_3217" custom="readingOrder {index:10;}">
          <Coords points="1265,1500 1320,1501 1319,1537 1265,1536"/>
          <TextEquiv>
            <Unicode>28</Unicode>
          </TextEquiv>
        </Word>
        <Word id="region0012_line0011_word0007" custom="readingOrder {index:11;}">
          <Coords points="1344,1494 1343,1535 1410,1536 1410,1495 1404,1494"/>
          <TextEquiv conf="0.92861867">
            <Unicode>Gr.</Unicode>
          </TextEquiv>
        </Word>
        <TextEquiv>
          <Unicode>a: 3/2 = ⅔  a in einem Winkel ACM = 28 Gr.</Unicode>
        </TextEquiv>
      </TextLine>
      <TextLine id="region0012_line0012" custom="readingOrder {index:19;}">
        <Coords points="564,1520 550,1527 481,1534 482,1593 517,1592 570,1585 580,1577 584,1577 591,1584 624,1587 627,1592 636,1594 647,1592 651,1587 672,1586 678,1593 686,1595 694,1594 699,1586 724,1586 769,1594 832,1591 857,1596 907,1596 932,1594 944,1578 944,1546 937,1540 859,1535 837,1541 816,1542 790,1537 784,1532 770,1532 762,1537 701,1540 697,1530 684,1529 673,1541 664,1542 653,1531 648,1531 643,1536 635,1530 586,1527 578,1521 569,1524"/>
        <Baseline points="482,1581 567,1574 941,1582"/>
        <Word id="region0012_line0012_word0000" custom="readingOrder {index:0;}">
          <Coords points="495,1543 540,1543 540,1588 495,1588"/>
          <TextEquiv conf="0.92100096">
            <Unicode>38</Unicode>
          </TextEquiv>
        </Word>
        <Word id="region0012_line0012_word0001" custom="readingOrder {index:1;}">
          <Coords points="557,1523 551,1526 551,1587 570,1585 580,1577 584,1577 591,1584 614,1586 614,1528 586,1527 581,1523 571,1523 569,1524 568,1523"/>
          <TextEquiv>
            <Unicode>M.</Unicode>
          </TextEquiv>
        </Word>
        <Word id="region0012_line0012_word0002" custom="readingOrder {index:2;}">
          <Coords points="633,1537 633,1590 648,1590 651,1587 672,1586 675,1590 696,1590 699,1586 724,1586 739,1588 739,1538 701,1540 700,1537 676,1537 673,1541 664,1542 659,1537"/>
          <TextEquiv conf="0.9257504">
            <Unicode>ziehen</Unicode>
          </TextEquiv>
        </Word>
        <Word id="region0012_line0012_word0003" custom="readingOrder {index:3;}">
          <Coords points="762,1538 762,1587 879,1588 879,1539 845,1538 837,1541 816,1542 796,1538"/>
          <TextEquiv conf="0.6688214">
            <Unicode>(311)</Unicode>
          </TextEquiv>
        </Word>
        <TextEquiv>
          <Unicode>38 M. ziehen (311)</Unicode>
        </TextEquiv>
      </TextLine>
      <TextLine id="region0012_line0013" custom="readingOrder {index:20;}">
        <Coords points="580,1578 570,1586 569,1592 506,1595 503,1599 503,1633 526,1639 585,1645 613,1654 711,1655 717,1651 741,1648 767,1651 926,1652 1012,1652 1026,1648 1032,1651 1136,1652 1146,1658 1158,1653 1230,1653 1231,1658 1245,1665 1251,1664 1255,1654 1282,1659 1296,1665 1306,1661 1366,1661 1368,1669 1384,1673 1393,1670 1395,1664 1407,1665 1413,1660 1427,1659 1428,1619 1402,1617 1397,1612 1385,1608 1321,1607 1281,1612 1195,1610 1190,1596 1176,1595 1159,1609 1150,1607 1143,1600 1078,1600 1073,1591 1062,1590 1055,1599 994,1599 956,1602 903,1599 899,1602 868,1607 839,1607 819,1605 797,1597 771,1595 686,1596 661,1592 638,1595 591,1592 589,1582"/>
        <Baseline points="503,1627 622,1643 1081,1640 1427,1651"/>
        <Word id="region0012_line0013_word0000" custom="readingOrder {index:0;}">
          <Coords points="580,1578 571,1585 570,1632 611,1633 612,1593 591,1592 589,1582 581,1578"/>
          <TextEquiv conf="0.79672897">
            <Unicode>V.</Unicode>
          </TextEquiv>
        </Word>
        <Word id="region0012_line0013_word0001" custom="readingOrder {index:1;}">
          <Coords points="653,1593 640,1594 640,1641 727,1641 727,1595 686,1596 667,1593"/>
          <TextEquiv conf="0.92846036">
            <Unicode>Joh.</Unicode>
          </TextEquiv>
        </Word>
        <Word id="region0012_line0013_word0002" custom="readingOrder {index:2;}">
          <Coords points="764,1595 749,1595 749,1634 932,1635 932,1600 903,1599 899,1602 868,1607 839,1607 819,1605 797,1597 772,1595"/>
          <TextEquiv conf="0.5788954">
            <Unicode>Bernoulli</Unicode>
          </TextEquiv>
        </Word>
        <Word id="region0012_line0013_word0003" custom="readingOrder {index:3;}">
          <Coords points="950,1634 1085,1635 1085,1600 1078,1600 1073,1591 1062,1590 1055,1599 994,1599 956,1602 950,1601"/>
          <TextEquiv conf="0.911048">
            <Unicode>Act.</Unicode>
          </TextEquiv>
        </Word>
        <Word id="region0012_line0013_word0004" custom="readingOrder {index:4;}">
          <Coords points="1042,1650 1093,1650 1093,1600 1078,1600 1073,1591 1062,1590 1055,1599 1042,1599"/>
          <TextEquiv conf="0.4207235">
            <Unicode>Er.</Unicode>
          </TextEquiv>
        </Word>
        <Word id="region0012_line0013_word0005" custom="readingOrder {index:5;}">
          <Coords points="1099,1645 1190,1646 1190,1598 1190,1596 1176,1595 1159,1609 1150,1607 1143,1600 1099,1600"/>
          <TextEquiv conf="0.8888099">
            <Unicode>Lipſ.</Unicode>
          </TextEquiv>
        </Word>
        <Word id="region0012_line0013_word0006" custom="readingOrder {index:6;}">
          <Coords points="1215,1645 1320,1646 1321,1607 1281,1612 1215,1610"/>
          <TextEquiv conf="0.9291077">
            <Unicode>1713.</Unicode>
          </TextEquiv>
        </Word>
        <Word id="region0012_line0013_word0007" custom="readingOrder {index:7;}">
          <Coords points="1342,1654 1407,1655 1407,1617 1402,1617 1397,1612 1385,1608 1342,1607"/>
          <TextEquiv conf="0.9313677">
            <Unicode>Op.</Unicode>
          </TextEquiv>
        </Word>
        <TextEquiv conf="0.7981427">
          <Unicode>V. Joh. Bernoulli Act. Er. Lipſ. 1713. Op.</Unicode>
        </TextEquiv>
      </TextLine>
      <TextLine id="region0012_line0014" custom="readingOrder {index:21;}">
        <Coords points="481,1639 482,1673 495,1674 492,1686 498,1693 574,1695 580,1691 588,1691 596,1694 639,1697 642,1701 648,1702 666,1695 681,1694 707,1697 730,1705 747,1706 752,1702 790,1697 813,1697 831,1700 837,1706 852,1698 859,1699 863,1703 872,1702 879,1709 913,1702 992,1700 1086,1703 1112,1708 1126,1714 1134,1714 1139,1709 1160,1709 1165,1713 1209,1709 1291,1714 1309,1711 1332,1716 1352,1713 1427,1714 1427,1672 1391,1671 1377,1674 1369,1670 1297,1667 1282,1660 1276,1660 1272,1667 1267,1667 1245,1666 1232,1659 1194,1654 1158,1654 1146,1659 1136,1653 1092,1656 1082,1652 1069,1652 1065,1657 1050,1657 1046,1652 1032,1652 1026,1649 1016,1650 1008,1657 986,1656 980,1651 970,1651 965,1655 958,1651 947,1651 942,1655 905,1657 892,1657 886,1652 875,1652 866,1657 831,1656 741,1649 717,1652 711,1656 613,1655 557,1642"/>
        <Baseline points="493,1682 1427,1704"/>
        <Word id="region0012_line0014_word0000" custom="readingOrder {index:0;}">
          <Coords points="539,1689 539,1654 491,1654 491,1673 495,1674 492,1686 494,1689"/>
          <TextEquiv conf="0.9146841">
            <Unicode>T.</Unicode>
          </TextEquiv>
        </Word>
        <Word id="region0012_line0014_word0001" custom="readingOrder {index:1;}">
          <Coords points="554,1654 577,1654 577,1687 554,1687"/>
          <TextEquiv conf="0.15758705">
            <Unicode>l.</Unicode>
          </TextEquiv>
        </Word>
        <Word id="region0012_line0014_word0002" custom="readingOrder {index:2;}">
          <Coords points="613,1663 636,1663 636,1686 613,1686"/>
          <TextEquiv conf="0.8220494">
            <Unicode>n.</Unicode>
          </TextEquiv>
        </Word>
        <Word id="region0012_line0014_word0003" custom="readingOrder {index:3;}">
          <Coords points="662,1661 705,1661 705,1691 662,1691"/>
          <TextEquiv conf="0.42195016">
            <Unicode>90.</Unicode>
          </TextEquiv>
        </Word>
        <Word id="region0012_line0014_word0004" custom="readingOrder {index:4;}">
          <Coords points="731,1695 751,1696 751,1651 732,1650 731,1650"/>
          <TextEquiv>
            <Unicode>§</Unicode>
          </TextEquiv>
        </Word>
        <Word id="region0012_line0014_word0005" custom="readingOrder {index:5;}">
          <Coords points="774,1657 845,1657 845,1695 774,1695"/>
          <TextEquiv>
            <Unicode>65;</Unicode>
          </TextEquiv>
        </Word>
        <Word id="region0012_line0014_word0006" custom="readingOrder {index:6;}">
          <Coords points="873,1656 873,1698 931,1698 931,1656 923,1656 905,1657 892,1657 890,1656"/>
          <TextEquiv conf="0.92597854">
            <Unicode>hat</Unicode>
          </TextEquiv>
        </Word>
        <Word id="region0012_line0014_word0007" custom="readingOrder {index:7;}">
          <Coords points="950,1656 999,1657 999,1689 950,1688"/>
          <TextEquiv conf="0.9245217">
            <Unicode>die</Unicode>
          </TextEquiv>
        </Word>
        <Word id="region0012_line0014_word0008" custom="readingOrder {index:8;}">
          <Coords points="1015,1652 1015,1692 1099,1692 1099,1655 1092,1656 1082,1652 1069,1652 1065,1657 1050,1657 1046,1652 1032,1652"/>
          <TextEquiv conf="0.9287248">
            <Unicode>Linie</Unicode>
          </TextEquiv>
        </Word>
        <Word id="region0012_line0014_word0009" custom="readingOrder {index:9;}">
          <Coords points="1116,1656 1116,1701 1184,1701 1184,1656 1153,1656 1146,1659 1141,1656"/>
          <TextEquiv conf="0.62866294">
            <Unicode>(lI)</Unicode>
          </TextEquiv>
        </Word>
        <Word id="region0012_line0014_word0010" custom="readingOrder {index:10;}">
          <Coords points="1203,1657 1203,1693 1261,1694 1261,1666 1245,1666 1232,1659 1218,1657"/>
          <TextEquiv conf="0.9293995">
            <Unicode>die</Unicode>
          </TextEquiv>
        </Word>
        <Word id="region0012_line0014_word0011" custom="readingOrder {index:11;}">
          <Coords points="1279,1700 1409,1701 1409,1671 1391,1671 1377,1674 1369,1670 1297,1667 1282,1660 1279,1660"/>
          <TextEquiv conf="0.621275">
            <Unicode>hvper⸗</Unicode>
          </TextEquiv>
        </Word>
        <TextEquiv>
          <Unicode>T. l. n. 90. § 65; hat die Linie (lI) die hvper⸗</Unicode>
        </TextEquiv>
      </TextLine>
      <TextLine id="region0012_line0015" custom="readingOrder {index:22;}">
        <Coords points="580,1692 574,1696 543,1695 537,1700 512,1699 503,1694 482,1697 482,1749 569,1748 574,1753 580,1754 589,1748 620,1752 624,1749 685,1748 702,1749 714,1754 720,1749 740,1750 749,1743 756,1744 762,1749 827,1750 839,1746 846,1749 903,1751 909,1744 916,1743 920,1746 916,1756 930,1756 935,1751 945,1749 993,1752 1046,1758 1052,1764 1062,1764 1068,1758 1122,1758 1139,1760 1151,1767 1167,1767 1173,1760 1229,1761 1347,1767 1351,1772 1360,1773 1366,1773 1372,1767 1427,1765 1427,1724 1378,1722 1372,1721 1367,1715 1332,1717 1327,1714 1298,1712 1291,1715 1284,1713 1251,1718 1237,1713 1226,1712 1221,1716 1149,1716 1053,1708 902,1707 879,1710 872,1703 863,1704 859,1700 852,1699 837,1707 831,1701 813,1698 790,1698 784,1703 730,1706 706,1703 696,1696 666,1696 648,1703 618,1701 612,1696"/>
        <Baseline points="482,1738 974,1740 1427,1755"/>
        <Word id="region0012_line0015_word0000" custom="readingOrder {index:0;}">
          <Coords points="492,1700 492,1747 643,1748 643,1703 618,1701 618,1701"/>
          <TextEquiv conf="0.9205774">
            <Unicode>boliſche</Unicode>
          </TextEquiv>
        </Word>
        <Word id="region0012_line0015_word0001" custom="readingOrder {index:1;}">
          <Coords points="658,1699 655,1700 655,1747 742,1747 749,1743 756,1744 760,1747 831,1748 839,1746 845,1748 895,1749 895,1707 879,1710 872,1703 863,1704 859,1700 848,1700 837,1707 831,1701 827,1700 787,1700 784,1703 730,1706 706,1703 700,1699"/>
          <TextEquiv conf="0.92001414">
            <Unicode>Spirallinie</Unicode>
          </TextEquiv>
        </Word>
        <Word id="region0012_line0015_word0002" custom="readingOrder {index:2;}">
          <Coords points="1069,1751 1069,1711 911,1710 911,1743 916,1743 920,1746 918,1750 939,1750 945,1749 966,1750"/>
          <TextEquiv>
            <Unicode>genannt,</Unicode>
          </TextEquiv>
        </Word>
        <Word id="region0012_line0015_word0003" custom="readingOrder {index:3;}">
          <Coords points="1098,1713 1098,1751 1208,1752 1208,1716 1149,1716 1114,1713"/>
          <TextEquiv conf="0.92824674">
            <Unicode>wegen</Unicode>
          </TextEquiv>
        </Word>
        <Word id="region0012_line0015_word0004" custom="readingOrder {index:4;}">
          <Coords points="1230,1745 1283,1746 1283,1713 1251,1718 1237,1713 1230,1712"/>
          <TextEquiv conf="0.9324869">
            <Unicode>der</Unicode>
          </TextEquiv>
        </Word>
        <Word id="region0012_line0015_word0005" custom="readingOrder {index:5;}">
          <Coords points="1298,1753 1412,1754 1412,1723 1378,1722 1372,1721 1367,1715 1332,1717 1327,1714 1298,1712"/>
          <TextEquiv conf="0.89325523">
            <Unicode>Aehn⸗</Unicode>
          </TextEquiv>
        </Word>
        <TextEquiv>
          <Unicode>boliſche Spirallinie genannt, wegen der Aehn⸗</Unicode>
        </TextEquiv>
      </TextLine>
      <TextLine id="region0012_line0016" custom="readingOrder {index:23;}">
        <Coords points="911,1744 904,1750 902,1755 833,1747 825,1754 805,1758 786,1758 783,1750 770,1749 765,1752 753,1744 743,1748 739,1757 712,1755 702,1750 690,1752 685,1749 642,1751 613,1757 601,1756 596,1749 589,1749 580,1755 569,1750 556,1750 549,1754 546,1749 528,1750 523,1754 504,1751 481,1755 482,1804 545,1804 605,1800 630,1802 666,1799 761,1806 766,1811 775,1812 783,1810 786,1806 881,1805 893,1808 905,1802 920,1802 942,1804 946,1807 973,1805 999,1808 1001,1811 1019,1810 1025,1813 1033,1810 1140,1811 1230,1816 1237,1825 1263,1824 1270,1817 1301,1817 1306,1822 1315,1822 1321,1817 1427,1815 1427,1776 1394,1775 1387,1768 1377,1768 1370,1774 1360,1774 1262,1772 1258,1766 1252,1764 1241,1764 1233,1771 1151,1768 1139,1761 1131,1765 1101,1764 1097,1759 1084,1759 1078,1765 1044,1765 960,1759 954,1750 940,1751 931,1758 916,1757 919,1746"/>
        <Baseline points="482,1792 698,1789 1222,1806 1427,1806"/>
        <Word id="region0012_line0016_word0000" custom="readingOrder {index:0;}">
          <Coords points="492,1753 490,1753 489,1794 631,1795 631,1754 628,1754 613,1757 601,1756 599,1754 582,1754 580,1755 577,1754 550,1753 549,1754 549,1753 524,1753 523,1754 518,1753"/>
          <TextEquiv conf="0.92649114">
            <Unicode>lichkeit,</Unicode>
          </TextEquiv>
        </Word>
        <Word id="region0012_line0016_word0001" custom="readingOrder {index:1;}">
          <Coords points="677,1753 676,1789 725,1789 725,1756 712,1755 708,1753"/>
          <TextEquiv conf="0.93204033">
            <Unicode>die</Unicode>
          </TextEquiv>
        </Word>
        <Word id="region0012_line0016_word0002" custom="readingOrder {index:2;}">
          <Coords points="748,1802 820,1802 820,1754 805,1758 786,1758 783,1750 770,1749 765,1752 753,1744 748,1745"/>
          <TextEquiv conf="0.91774225">
            <Unicode>ihre</Unicode>
          </TextEquiv>
        </Word>
        <Word id="region0012_line0016_word0003" custom="readingOrder {index:3;}">
          <Coords points="833,1798 1028,1800 1028,1763 960,1759 954,1750 940,1751 931,1758 916,1757 919,1746 911,1744 904,1750 902,1755 833,1747"/>
          <TextEquiv conf="0.9235685">
            <Unicode>Gleichung</Unicode>
          </TextEquiv>
        </Word>
        <Word id="region0012_line0016_word0004" custom="readingOrder {index:4;}">
          <Coords points="1051,1794 1110,1795 1110,1764 1101,1764 1097,1759 1084,1759 1078,1765 1051,1765"/>
          <TextEquiv conf="0.9290352">
            <Unicode>mit</Unicode>
          </TextEquiv>
        </Word>
        <Word id="region0012_line0016_word0005" custom="readingOrder {index:5;}">
          <Coords points="1138,1793 1191,1793 1191,1769 1151,1768 1139,1761 1138,1761"/>
          <TextEquiv conf="0.93109435">
            <Unicode>der</Unicode>
          </TextEquiv>
        </Word>
        <Word id="region0012_line0016_word0006" custom="readingOrder {index:6;}">
          <Coords points="1215,1802 1407,1804 1407,1775 1394,1775 1387,1768 1377,1768 1370,1774 1360,1774 1262,1772 1258,1766 1252,1764 1241,1764 1233,1771 1215,1770"/>
          <TextEquiv>
            <Unicode>aſymptoti⸗</Unicode>
          </TextEquiv>
        </Word>
        <TextEquiv>
          <Unicode>lichkeit, die ihre Gleichung mit der aſymptoti⸗</Unicode>
        </TextEquiv>
      </TextLine>
      <TextLine id="region0012_line0017" custom="readingOrder {index:24;}">
        <Coords points="605,1801 576,1803 565,1811 538,1809 529,1803 511,1806 482,1805 482,1855 490,1860 496,1860 503,1855 529,1859 535,1855 698,1854 702,1857 711,1857 715,1854 737,1855 757,1858 767,1866 786,1866 793,1860 838,1856 895,1858 903,1865 917,1864 924,1859 959,1863 966,1857 1003,1858 1059,1862 1074,1869 1086,1869 1093,1873 1104,1873 1108,1869 1152,1869 1163,1860 1169,1866 1169,1870 1174,1872 1205,1868 1217,1874 1248,1872 1283,1874 1294,1878 1302,1873 1349,1878 1355,1872 1428,1872 1427,1825 1364,1826 1356,1824 1351,1818 1306,1823 1301,1818 1270,1818 1263,1825 1210,1826 1175,1815 1140,1812 1042,1814 1013,1811 999,1814 969,1813 930,1810 920,1803 905,1803 894,1809 863,1812 825,1810 815,1805 803,1810 769,1813 715,1808 710,1801 696,1801 688,1806 679,1801"/>
        <Baseline points="482,1844 1005,1847 1097,1858 1427,1861"/>
        <Word id="region0012_line0017_word0000" custom="readingOrder {index:0;}">
          <Coords points="575,1815 489,1815 489,1859 490,1860 496,1860 503,1855 529,1859 535,1855 575,1854"/>
          <TextEquiv conf="0.9281778">
            <Unicode>ſchen</Unicode>
          </TextEquiv>
        </Word>
        <Word id="region0012_line0017_word0001" custom="readingOrder {index:1;}">
          <Coords points="787,1862 787,1814 597,1812 597,1854 698,1854 702,1857 711,1857 715,1854 737,1855 757,1858 761,1861"/>
          <TextEquiv conf="0.9244447">
            <Unicode>Gleichung</Unicode>
          </TextEquiv>
        </Word>
        <Word id="region0012_line0017_word0002" custom="readingOrder {index:2;}">
          <Coords points="811,1817 864,1818 864,1853 811,1852"/>
          <TextEquiv conf="0.9294317">
            <Unicode>der</Unicode>
          </TextEquiv>
        </Word>
        <Word id="region0012_line0017_word0003" custom="readingOrder {index:3;}">
          <Coords points="890,1813 890,1858 895,1858 897,1860 922,1860 924,1859 935,1860 962,1860 966,1857 1003,1858 1044,1861 1055,1861 1055,1814 1045,1814 1042,1814 1041,1814 1001,1814 999,1814 987,1814"/>
          <TextEquiv conf="0.9267289">
            <Unicode>Hyperbel</Unicode>
          </TextEquiv>
        </Word>
        <Word id="region0012_line0017_word0004" custom="readingOrder {index:4;}">
          <Coords points="1082,1818 1082,1865 1156,1865 1163,1860 1168,1865 1189,1866 1189,1819 1187,1818"/>
          <TextEquiv conf="0.9195011">
            <Unicode>(Alg.</Unicode>
          </TextEquiv>
        </Word>
        <Word id="region0012_line0017_word0005" custom="readingOrder {index:5;}">
          <Coords points="1210,1861 1310,1862 1310,1822 1306,1823 1301,1818 1270,1818 1263,1825 1210,1826"/>
          <TextEquiv conf="0.926293">
            <Unicode>412)</Unicode>
          </TextEquiv>
        </Word>
        <Word id="region0012_line0017_word0006" custom="readingOrder {index:6;}">
          <Coords points="1349,1818 1336,1819 1336,1864 1405,1865 1405,1825 1364,1826 1356,1824 1351,1818"/>
          <TextEquiv conf="0.9295129">
            <Unicode>hat.</Unicode>
          </TextEquiv>
        </Word>
        <TextEquiv conf="0.92629856">
          <Unicode>ſchen Gleichung der Hyperbel (Alg. 412) hat.</Unicode>
        </TextEquiv>
      </TextLine>
      <TextLine id="region0012_line0018" custom="readingOrder {index:25;}">
        <Coords points="621,1856 585,1857 572,1865 555,1863 538,1856 529,1860 503,1856 496,1861 490,1861 482,1856 482,1914 540,1914 593,1909 665,1912 802,1908 834,1912 872,1913 876,1919 885,1921 892,1920 896,1913 941,1910 1010,1914 1019,1918 1054,1916 1060,1920 1074,1917 1167,1918 1188,1920 1195,1926 1202,1926 1211,1919 1356,1923 1427,1922 1428,1878 1393,1878 1389,1873 1377,1873 1370,1878 1365,1874 1355,1873 1349,1879 1318,1878 1313,1874 1302,1874 1296,1879 1217,1875 1205,1869 1174,1873 1160,1861 1152,1874 1107,1875 1074,1870 1059,1863 1032,1860 986,1867 941,1866 933,1860 924,1860 916,1866 900,1866 895,1859 880,1859 871,1867 767,1867 754,1863 745,1863 741,1866 702,1863 694,1857 679,1860 670,1856"/>
        <Baseline points="482,1905 743,1899 1427,1912"/>
        <Word id="region0012_line0018_word0000" custom="readingOrder {index:0;}">
          <Coords points="488,1865 487,1913 550,1913 577,1910 578,1865 572,1865"/>
          <TextEquiv>
            <Unicode>Jhre</Unicode>
          </TextEquiv>
        </Word>
        <Word id="region0012_line0018_word0001" custom="readingOrder {index:1;}">
          <Coords points="610,1867 794,1868 793,1907 609,1906"/>
          <TextEquiv conf="0.9287362">
            <Unicode>Ordinaten</Unicode>
          </TextEquiv>
        </Word>
        <Word id="region0012_line0018_word0002" custom="readingOrder {index:2;}">
          <Coords points="986,1868 871,1867 871,1867 822,1867 821,1910 834,1912 872,1913 873,1915 895,1915 896,1913 941,1910 985,1913"/>
          <TextEquiv conf="0.92905295">
            <Unicode>verhalten</Unicode>
          </TextEquiv>
        </Word>
        <Word id="region0012_line0018_word0003" custom="readingOrder {index:3;}">
          <Coords points="1016,1869 1015,1915 1072,1915 1072,1869 1071,1869"/>
          <TextEquiv conf="0.92761374">
            <Unicode>ſich</Unicode>
          </TextEquiv>
        </Word>
        <Word id="region0012_line0018_word0004" custom="readingOrder {index:4;}">
          <Coords points="1103,1915 1244,1917 1244,1876 1217,1875 1205,1869 1174,1873 1160,1861 1152,1874 1107,1875 1103,1874"/>
          <TextEquiv conf="0.92711747">
            <Unicode>verkehrt</Unicode>
          </TextEquiv>
        </Word>
        <Word id="region0012_line0018_word0005" custom="readingOrder {index:5;}">
          <Coords points="1300,1875 1296,1879 1268,1877 1268,1909 1328,1909 1328,1878 1318,1878 1314,1875"/>
          <TextEquiv conf="0.9310946">
            <Unicode>wie</Unicode>
          </TextEquiv>
        </Word>
        <Word id="region0012_line0018_word0006" custom="readingOrder {index:6;}">
          <Coords points="1356,1875 1355,1910 1405,1911 1405,1878 1393,1878 1391,1875 1373,1875 1370,1878 1366,1875"/>
          <TextEquiv conf="0.9275489">
            <Unicode>die</Unicode>
          </TextEquiv>
        </Word>
        <TextEquiv>
          <Unicode>Jhre Ordinaten verhalten ſich verkehrt wie die</Unicode>
        </TextEquiv>
      </TextLine>
      <TextLine id="region0012_line0019" custom="readingOrder {index:26;}">
        <Coords points="787,1909 760,1911 756,1924 745,1924 744,1915 738,1910 726,1910 721,1923 623,1920 619,1913 602,1910 572,1914 487,1914 482,1915 482,1960 535,1961 549,1969 558,1969 562,1964 581,1964 586,1969 607,1970 615,1964 720,1959 721,1965 730,1971 741,1971 744,1959 792,1963 808,1960 837,1964 950,1962 994,1967 1005,1973 1013,1973 1018,1969 1034,1969 1094,1971 1116,1976 1195,1969 1208,1973 1231,1970 1255,1974 1302,1973 1306,1976 1318,1973 1427,1971 1427,1930 1358,1928 1354,1923 1341,1923 1336,1928 1255,1930 1230,1927 1228,1922 1223,1920 1211,1920 1202,1927 1195,1927 1173,1924 1167,1919 1159,1919 1152,1924 1106,1925 1080,1919 1019,1919 1010,1915 885,1922 838,1917 813,1910"/>
        <Baseline points="482,1951 1427,1961"/>
        <Word id="region0012_line0019_word0000" custom="readingOrder {index:0;}">
          <Coords points="486,1917 486,1960 535,1961 539,1963 618,1963 648,1962 648,1920 623,1920 621,1917"/>
          <TextEquiv>
            <Unicode>Abſciſſen</Unicode>
          </TextEquiv>
        </Word>
        <Word id="region0012_line0019_word0001" custom="readingOrder {index:1;}">
          <Coords points="691,1932 692,1932 692,1954 691,1954"/>
          <TextEquiv conf="0.44101298">
            <Unicode>u</Unicode>
          </TextEquiv>
        </Word>
        <Word id="region0012_line0019_word0002" custom="readingOrder {index:2;}">
          <Coords points="733,1918 733,1967 742,1967 744,1959 754,1959 754,1924 745,1924 744,1918"/>
          <TextEquiv>
            <Unicode>+</Unicode>
          </TextEquiv>
        </Word>
        <Word id="region0012_line0019_word0003" custom="readingOrder {index:3;}">
          <Coords points="792,1909 787,1909 772,1910 772,1961 792,1963"/>
          <TextEquiv>
            <Unicode>ϑ</Unicode>
          </TextEquiv>
        </Word>
        <Word id="region0012_line0019_word0004" custom="readingOrder {index:4;}">
          <Coords points="836,1927 917,1928 917,1958 836,1957"/>
          <TextEquiv conf="0.9064486">
            <Unicode>denn</Unicode>
          </TextEquiv>
        </Word>
        <Word id="region0012_line0019_word0005" custom="readingOrder {index:5;}">
          <Coords points="952,1918 916,1920 916,1962 950,1962 952,1962"/>
          <TextEquiv conf="0.9285656">
            <Unicode>es</Unicode>
          </TextEquiv>
        </Word>
        <Word id="region0012_line0019_word0006" custom="readingOrder {index:6;}">
          <Coords points="991,1922 1028,1922 1028,1965 991,1965"/>
          <TextEquiv conf="0.9312568">
            <Unicode>iſt</Unicode>
          </TextEquiv>
        </Word>
        <Word id="region0012_line0019_word0007" custom="readingOrder {index:7;}">
          <Coords points="1046,1923 1046,1965 1129,1966 1129,1924 1106,1925 1100,1923"/>
          <TextEquiv conf="0.9297807">
            <Unicode>klar,</Unicode>
          </TextEquiv>
        </Word>
        <Word id="region0012_line0019_word0008" custom="readingOrder {index:8;}">
          <Coords points="1160,1921 1160,1965 1223,1965 1223,1921 1209,1921 1202,1927 1195,1927 1173,1924 1169,1921"/>
          <TextEquiv conf="0.9280813">
            <Unicode>daß</Unicode>
          </TextEquiv>
        </Word>
        <Word id="region0012_line0019_word0009" custom="readingOrder {index:9;}">
          <Coords points="1246,1934 1321,1934 1321,1962 1246,1962"/>
          <TextEquiv conf="0.86235625">
            <Unicode>man</Unicode>
          </TextEquiv>
        </Word>
        <Word id="region0012_line0019_word0010" custom="readingOrder {index:10;}">
          <Coords points="1344,1925 1344,1960 1403,1961 1403,1929 1358,1928 1355,1925"/>
          <TextEquiv conf="0.93146807">
            <Unicode>den</Unicode>
          </TextEquiv>
        </Word>
        <TextEquiv>
          <Unicode>Abſciſſen u + ϑ denn es iſt klar, daß man den</Unicode>
        </TextEquiv>
      </TextLine>
      <TextLine id="region0012_line0020" custom="readingOrder {index:27;}">
        <Coords points="799,1961 792,1964 783,1963 777,1971 762,1973 730,1972 718,1964 709,1963 655,1963 624,1965 602,1972 572,1972 549,1970 535,1962 482,1961 481,2014 546,2015 553,2008 560,2008 565,2022 572,2021 580,2015 595,2014 686,2015 721,2019 879,2018 883,2024 891,2026 897,2025 904,2017 925,2016 974,2016 991,2021 1011,2018 1051,2023 1204,2023 1214,2026 1229,2023 1249,2026 1259,2019 1265,2021 1265,2032 1271,2033 1279,2032 1283,2027 1343,2027 1348,2031 1354,2031 1374,2025 1427,2024 1427,1972 1318,1974 1303,1982 1274,1983 1256,1981 1247,1974 1231,1971 1212,1974 1199,1970 1179,1971 1162,1978 1154,1973 1119,1977 1081,1972 1073,1976 1028,1977 995,1973 906,1972 904,1965 900,1963 885,1965 875,1973 853,1973 835,1971 825,1963"/>
        <Baseline points="482,2004 1427,2014"/>
        <Word id="region0012_line0020_word0000" custom="readingOrder {index:0;}">
          <Coords points="487,1971 486,2014 546,2015 553,2008 560,2008 564,2019 575,2019 580,2015 595,2014 613,2014 614,1972 602,1972 602,1972 572,1972 568,1972"/>
          <TextEquiv conf="0.87299675">
            <Unicode>Bogen</Unicode>
          </TextEquiv>
        </Word>
        <Word id="word_1666189709726_3278" custom="readingOrder {index:1;}">
          <Coords points="642,1973 717,1973 717,2009 641,2009"/>
          <TextEquiv>
            <Unicode>ND</Unicode>
          </TextEquiv>
        </Word>
        <Word id="word_1666189709726_3277" custom="readingOrder {index:2;}">
          <Coords points="717,1973 773,1974 772,2010 717,2009"/>
          <TextEquiv>
            <Unicode>=</Unicode>
          </TextEquiv>
        </Word>
        <Word id="word_1666189713631_3281" custom="readingOrder {index:3;}">
          <Coords points="784,1969 822,1969 822,2012 784,2012"/>
          <TextEquiv>
            <Unicode>ϑ</Unicode>
          </TextEquiv>
        </Word>
        <Word id="region0012_line0020_word0002" custom="readingOrder {index:4;}">
          <Coords points="877,1971 875,1973 853,1973 845,1972 844,2018 856,2018 879,2018 879,2018 902,2019 904,2017 925,2016 974,2016 987,2020 998,2020 1000,2020 1001,1974 995,1973 906,1972 906,1972"/>
          <TextEquiv conf="0.9232027">
            <Unicode>nehmen,</Unicode>
          </TextEquiv>
        </Word>
        <Word id="region0012_line0020_word0003" custom="readingOrder {index:5;}">
          <Coords points="1037,1979 1103,1979 1102,2014 1036,2014"/>
          <TextEquiv conf="0.93212295">
            <Unicode>und</Unicode>
          </TextEquiv>
        </Word>
        <Word id="region0012_line0020_word0004" custom="readingOrder {index:6;}">
          <Coords points="1123,1978 1172,1978 1171,2014 1122,2014"/>
          <TextEquiv conf="0.9289707">
            <Unicode>die</Unicode>
          </TextEquiv>
        </Word>
        <Word id="region0012_line0020_word0005" custom="readingOrder {index:7;}">
          <Coords points="1193,1975 1192,2023 1204,2023 1204,2023 1228,2023 1229,2023 1231,2023 1253,2023 1259,2019 1265,2021 1265,2024 1316,2024 1317,1976 1314,1976 1303,1982 1274,1983 1256,1981 1249,1975"/>
          <TextEquiv conf="0.8898125">
            <Unicode>Bogen</Unicode>
          </TextEquiv>
        </Word>
        <Word id="region0012_line0020_word0006" custom="readingOrder {index:8;}">
          <Coords points="1335,1978 1405,1979 1404,2022 1334,2021"/>
          <TextEquiv>
            <Unicode>DG</Unicode>
          </TextEquiv>
        </Word>
        <TextEquiv>
          <Unicode>Bogen ND = ϑ nehmen, und die Bogen DG</Unicode>
        </TextEquiv>
      </TextLine>
      <TextLine id="region0012_line0021" custom="readingOrder {index:28;}">
        <Coords points="553,2009 546,2016 547,2022 525,2022 505,2016 482,2019 482,2073 488,2078 497,2078 504,2071 514,2070 660,2071 769,2075 775,2082 787,2082 794,2075 800,2074 934,2071 1044,2078 1053,2088 1066,2088 1075,2079 1117,2081 1126,2089 1138,2089 1146,2081 1158,2080 1170,2081 1177,2087 1197,2087 1203,2081 1310,2080 1368,2075 1427,2075 1427,2025 1386,2025 1363,2028 1354,2032 1290,2035 1265,2033 1264,2021 1259,2020 1249,2027 1178,2024 1175,2027 1163,2026 1157,2032 1144,2032 1142,2025 1138,2023 1123,2025 1115,2032 1074,2031 1066,2022 1051,2024 1011,2019 991,2022 984,2019 951,2017 925,2026 890,2027 873,2025 867,2019 856,2019 847,2024 807,2028 791,2028 787,2021 773,2020 764,2028 741,2029 712,2025 686,2016 602,2015 580,2017 565,2023 562,2011"/>
        <Baseline points="482,2060 946,2062 1232,2071 1427,2065"/>
        <Word id="region0012_line0021_word0000" custom="readingOrder {index:0;}">
          <Coords points="552,2010 546,2016 547,2022 525,2022 505,2016 487,2018 487,2069 563,2069 563,2015 562,2011 557,2010"/>
          <TextEquiv conf="0.9193063">
            <Unicode>ſtatt</Unicode>
          </TextEquiv>
        </Word>
        <Word id="region0012_line0021_word0001" custom="readingOrder {index:1;}">
          <Coords points="587,2024 656,2024 656,2059 587,2059"/>
          <TextEquiv conf="0.40467763">
            <Unicode>NG</Unicode>
          </TextEquiv>
        </Word>
        <Word id="region0012_line0021_word0002" custom="readingOrder {index:2;}">
          <Coords points="674,2022 674,2070 834,2071 834,2025 807,2028 791,2028 787,2022 770,2022 764,2028 741,2029 712,2025 703,2022"/>
          <TextEquiv conf="0.40467763">
            <Unicode>brauchen</Unicode>
          </TextEquiv>
        </Word>
        <Word id="region0012_line0021_word0003" custom="readingOrder {index:3;}">
          <Coords points="852,2024 852,2062 946,2063 946,2025 928,2024 925,2026 890,2027 873,2025 872,2024"/>
          <TextEquiv conf="0.930437">
            <Unicode>kann.</Unicode>
          </TextEquiv>
        </Word>
        <Word id="region0012_line0021_word0004" custom="readingOrder {index:4;}">
          <Coords points="985,2023 985,2074 1012,2076 1106,2076 1106,2031 1074,2031 1066,2023 1058,2023 1051,2024 1043,2023"/>
          <TextEquiv conf="0.9289603">
            <Unicode>Daher</Unicode>
          </TextEquiv>
        </Word>
        <Word id="region0012_line0021_word0005" custom="readingOrder {index:5;}">
          <Coords points="1123,2027 1123,2077 1213,2077 1213,2027 1175,2027 1162,2027 1157,2032 1144,2032 1142,2027"/>
          <TextEquiv conf="0.9293459">
            <Unicode>heiſſt</Unicode>
          </TextEquiv>
        </Word>
        <Word id="region0012_line0021_word0006" custom="readingOrder {index:6;}">
          <Coords points="1224,2069 1404,2071 1404,2025 1386,2025 1363,2028 1354,2032 1290,2035 1265,2033 1264,2021 1259,2020 1249,2027 1224,2025"/>
          <TextEquiv conf="0.9101685">
            <Unicode>Bernoulli</Unicode>
          </TextEquiv>
        </Word>
        <TextEquiv conf="0.7753676">
          <Unicode>ſtatt NG brauchen kann. Daher heiſſt Bernoulli</Unicode>
        </TextEquiv>
      </TextLine>
      <TextEquiv>
        <Unicode>III. Geſetzt, der Winkel, den die krumme
o Linie da, wo u = iſt, mit der Ordinate macht,
ſey = 45 Gr. ſo iſt ϑ = 1 und y = a: (u + 1).
Illl. Die Verzeichnung in (III) geſchieht fol⸗
gendergeſtalt. Man ziehe 33 F. CA = a nach
Gefallen, und beſchreibe mit CG = 1 den Kreis⸗
bogen NG = u; Jſt u in Graden gegeben, ſo
hat man unmittelbar den Winkel ACC; und
muß als denn die Laͤnge des Bogens u in Theilen
des Halbmeſſers ſuchen, um den Quotienten a:
(u + 1) oder y = CM zu haben. Jſt aber u
in Theilen des Halbmeſſers gegeben, ſo hat man
unmittelbar die Laͤnge CM, und ſucht nun u in
Graden, den Winkel ACH zu finden.
Waͤre u = 60 Gr. gegeben, ſo faͤnde man die
Laͤnge dieſes Bogens = 1, 047 .. alſo
CM = a: 2, 047 = 0, 48. a
= Waͤre u = ½ gegeben, ſo muͤſſte man CM
a: 3/2 = ⅔  a in einem Winkel ACM = 28 Gr.
38 M. ziehen (311)
V. Joh. Bernoulli Act. Er. Lipſ. 1713. Op.
T. l. n. 90. § 65; hat die Linie (lI) die hvper⸗
boliſche Spirallinie genannt, wegen der Aehn⸗
lichkeit, die ihre Gleichung mit der aſymptoti⸗
ſchen Gleichung der Hyperbel (Alg. 412) hat.
Jhre Ordinaten verhalten ſich verkehrt wie die
Abſciſſen u + ϑ denn es iſt klar, daß man den
Bogen ND = ϑ nehmen, und die Bogen DG
ſtatt NG brauchen kann. Daher heiſſt Bernoulli</Unicode>
      </TextEquiv>
    </TextRegion>
    <TextRegion type="catch-word" id="region_1682583989958_1056" custom="readingOrder {index:3;} structure {type:catch-word;}">
      <Coords points="1354,2086 1354,2139 1406,2139 1406,2086"/>
      <TextLine id="line_1682583990056_1059" custom="readingOrder {index:0;}">
        <Coords points="1354,2086 1354,2139 1406,2139 1406,2086"/>
        <Word id="word_1682583990123_1062" custom="readingOrder {index:0;}">
          <Coords points="1354,2139 1406,2139 1406,2086 1354,2086"/>
          <TextEquiv>
            <Unicode>ſie</Unicode>
          </TextEquiv>
        </Word>
        <TextEquiv>
          <Unicode>ſie</Unicode>
        </TextEquiv>
      </TextLine>
      <TextEquiv>
        <Unicode>ſie</Unicode>
      </TextEquiv>
    </TextRegion>
  </Page>
</PcGts>
