1789 2687
137 410 163 436 7.
171 408 196 435 8.
210 403 289 434 Was
304 403 392 438 ſprach
407 411 433 429 er
452 402 541 434 ſeinem
558 399 710 435 nachfolger

232 440 317 471 Joſua
325 445 375 465 vor
381 444 452 464 einen
465 440 539 465 muth
551 438 610 463 ein?

136 473 169 499 9⸗
180 476 218 503 13.
223 467 305 509 Was
312 468 381 502 gab,
390 470 444 493 und
457 473 516 493 was
524 465 616 500 befahl
628 473 656 491 er
667 466 712 488 de⸗

321 514 368 533 nen
382 505 523 541 prieſtern?

138 540 178 570 14.
193 545 234 572 15.
249 537 334 566 Unter
345 544 406 564 was
424 534 574 569 umſtaͤnden
594 533 711 567 forderte

221 580 309 610 GOtt
317 583 365 606 den
373 579 455 609 Moſe
461 585 516 609 zum
524 581 570 603 tod
579 577 644 609 auf?

137 607 177 637 16.
188 616 228 640 17.
240 612 279 638 18.
294 606 363 636 Wie
370 605 543 638 verkuͤndiget
549 606 590 631 Er
597 608 650 632 ihm
661 604 710 629 den

183 640 265 683 abfall
278 649 325 673 des
335 645 411 672 volks
420 645 483 674 nach
496 638 585 673 ſeinem
592 643 660 670 tod?

139 679 179 710 19.
188 686 228 709 20.
238 687 278 709 21.
287 677 366 707 Was
375 677 480 710 befiehlt
492 674 521 713 Er
531 675 568 711 vor
593 676 632 699 ein
640 673 708 707 lied,

151 720 206 744 zum
214 715 322 749 zeugniß
329 716 414 741 wider
421 714 463 745 ſie,
473 721 502 744 zu
507 709 686 743 verfertigen?

135 757 179 782 22.
199 746 241 784 Wie
265 752 368 784 vollzog
374 751 455 781 Moſe
462 752 543 781 dieſen
555 747 661 780 befehl?

135 786 186 812 26⸗
194 794 237 819 27.
246 783 325 813 Was
334 782 414 817 gebot
422 790 449 807 er
455 784 534 808 denen
541 779 650 807 Leviten
656 786 709 806 von

240 822 331 850 wegen
339 818 387 841 des
399 812 600 848 geſetz⸗buchs?

135 853 178 884 28.
188 862 231 889 29.
239 850 310 881 Wie
323 852 431 879 ordnete
438 857 465 875 er
471 850 513 875 die
519 847 710 881 verſammlung

221 890 282 919 aller
296 885 414 921 aͤlteſten,
423 886 475 911 und
484 884 625 916 amtleute?

250 941 343 984 Das
360 950 416 982 32.
439 933 598 984 Capitel.

226 993 324 1026 Moſis
337 992 387 1020 lied
401 992 453 1017 und
467 986 617 1023 lobgeſang.

135 1033 157 1082 §
157 1032 233 1117 M

233 1032 304 1070 erket
312 1034 388 1072 auf,*
397 1029 436 1069 ihr
447 1031 562 1069 himmel,
571 1030 607 1068 ich
617 1025 665 1068 will
677 1037 713 1063 re⸗

244 1072 304 1108 den,
304 1071 355 1106 und
359 1067 396 1106 die
406 1066 456 1104 erde
451 1069 531 1107 hoͤre
540 1065 579 1104 die
590 1064 644 1101 rede
650 1069 714 1102 mei⸗

244 1106 290 1130 nes
298 1104 413 1123 mundes.
450 1102 487 1133 *c.
498 1102 591 1136 31,28.
606 1099 711 1137 Eſ.1,2.

153 1151 180 1177 2.
193 1143 286 1177 Meine
293 1143 359 1177 lehre
368 1140 442 1177 triefe
450 1140 498 1172 wie
507 1140 549 1170 der
560 1144 650 1176 regen,
663 1138 713 1170 und

139 1183 220 1214 meine
228 1180 287 1214 rede
286 1176 375 1217 flieſſe
374 1179 420 1212 wie
429 1182 471 1210 der
479 1180 557 1215 thau,
572 1173 614 1212 wie
627 1178 667 1208 der
677 1185 715 1207 re⸗

140 1223 186 1247 nen
194 1220 237 1252 auf
251 1218 290 1248 das
300 1218 376 1251 gras,
392 1214 442 1246 und
451 1213 498 1246 wie
508 1212 546 1244 die
557 1213 657 1250 tropfen
671 1211 718 1247 auf

141 1247 188 1281 das
200 1251 283 1281 kraut.

156 1290 180 1316 3.
194 1283 276 1319 Denn
276 1283 293 1319 §
303 1281 339 1318 ich
346 1281 399 1313 will
412 1282 458 1314 den
467 1287 559 1312 namen
567 1280 611 1311 des
620 1277 717 1316 HErrn

139 1321 241 1356 preiſen:
241 1321 325 1356 Gebet
333 1319 516 1355 unſermGOtt
522 1318 598 1350 allein
603 1317 643 1347 die
651 1317 717 1352 ehre.

157 1365 183 1386 4.
197 1359 235 1388 Er
243 1358 271 1390 iſt
283 1359 324 1390 ein
337 1356 401 1392 fels:
412 1356 500 1389 Seine
515 1355 593 1386 werke
608 1353 656 1388 ſind
672 1359 718 1383 un⸗

143 1386 263 1424 ſtraͤflich:
271 1388 352 1419 Denn
363 1385 441 1422 alles,
453 1387 507 1416 was
516 1391 540 1413 er
548 1386 624 1420 thut,
637 1382 685 1422 das
686 1382 719 1417 iſt

142 1423 253 1457 recht. *
260 1428 331 1460 Treu
339 1427 367 1461 iſt
378 1426 476 1460 GOtt,
490 1425 540 1455 und
548 1424 601 1458 kein
609 1419 680 1459 boͤſes
687 1430 720 1453 an

144 1451 217 1488 ihm;
229 1456 325 1490 gerecht
333 1455 383 1484 und
395 1457 488 1489 fromm
498 1453 525 1486 iſt
536 1458 572 1482 er.
607 1455 649 1479 *c.
657 1458 718 1483 7,9.

160 1503 187 1523 5.
195 1492 287 1528 §Die*
289 1495 418 1531 verkehrte
426 1496 475 1525 und
484 1492 539 1527 boͤſe
547 1495 588 1526 art
594 1490 665 1528 faͤllet
673 1498 721 1523 von

144 1524 197 1558 ihm
210 1527 257 1559 ab;
270 1528 301 1564 ſie
314 1525 364 1563 ſind
378 1524 573 1561 ſchandflecken,
587 1525 637 1552 und
651 1523 719 1556 nicht

144 1557 209 1593 ſeine
211 1557 316 1596 kinder.
332 1560 549 1594 *Matth.12,39.
572 1560 665 1597 Eſ.1,2.
667 1569 714 1592 3.4.

160 1599 185 1624 6.
200 1597 309 1635 Dankeſt
319 1600 352 1630 du
366 1598 415 1633 alſo
443 1597 491 1635 dem
505 1594 603 1633 HErrn,
622 1596 721 1626 deinem

147 1630 251 1665 GOtt,
257 1632 290 1662 du
305 1632 350 1662 toll
364 1632 414 1660 und
429 1631 539 1664 thoͤricht
551 1630 624 1661 volk?
631 1632 677 1668 Jſt
685 1630 721 1659 Er

147 1665 212 1698 nicht
232 1669 289 1699 dein
302 1669 387 1698 vatter
404 1668 454 1696 und
473 1668 530 1698 dein
549 1663 655 1707 HErr?
665 1666 723 1702 Jſts

146 1698 213 1736 nicht
227 1711 253 1733 er
268 1700 359 1736 allein,
375 1700 419 1730 der
433 1700 485 1734 dich
497 1701 610 1734 gemacht
623 1691 673 1730 und
682 1702 723 1728 be⸗

146 1738 220 1769 reitet
236 1740 301 1771 hat?

161 1776 187 1804 7.
198 1771 337 1805 §Gedenke
352 1771 394 1799 der
406 1768 509 1803 vorigen
524 1766 572 1799 zeit
580 1767 620 1798 bis
633 1766 724 1800 daher;

147 1808 198 1837 und
211 1804 355 1837 betrachte,
368 1806 423 1832 was
438 1808 465 1832 er
474 1802 566 1837 gethan
578 1803 625 1837 hat
638 1808 667 1831 an
676 1804 724 1831 den

149 1844 217 1872 alten
226 1841 338 1872 vaͤttern.
375 1838 456 1873 Frage
466 1838 555 1869 deinen
565 1840 668 1873 vatter,
683 1838 725 1866 der

148 1875 208 1906 wird
217 1876 269 1908 dirs
277 1868 464 1908 verkuͤndigen;
476 1870 547 1904 deine
554 1870 673 1909 aͤlteſten,
684 1873 724 1902 die

149 1915 246 1944 werden
257 1912 310 1945 dirs
322 1909 406 1945 ſagen.

163 1947 188 1975 2.
200 1940 230 1980 Da
245 1937 454 1980 derAllerhoͤchſte
462 1942 501 1973 die
507 1936 590 1972 voͤlker
598 1939 725 1977 zertheile⸗

151 1977 192 2014 te,
204 1983 254 2012 und
268 1979 414 2015 zerſtreuete
426 1978 470 2008 der
482 1976 611 2009 menſchen
625 1979 726 2012 kinder,

151 2009 182 2042 da
190 2014 254 2051 ſetzte
262 2022 288 2045 er
299 2013 337 2046 die
358 2016 453 2048 grenzen
465 2011 505 2042 der
518 2006 601 2041 voͤlker
614 2015 674 2047 nach
684 2015 726 2041 der

153 2052 203 2085 zahl
210 2056 254 2085 der
263 2052 350 2085 kinder
357 2048 456 2087 Jſrael.

169 2094 192 2117 9.
204 2087 282 2121 Denn
299 2090 343 2121 des
359 2086 458 2123 HErrn
471 2084 534 2122 theil
551 2084 579 2121 iſt
592 2084 643 2120 ſein
656 2085 726 2122 volk,

154 2108 235 2146 Jacob
250 2121 278 2156 iſt
292 2120 331 2144 die
344 2120 431 2150 ſchnur
441 2118 522 2146 ſeines
537 2117 618 2140 erbes.

172 2164 211 2187 10.
218 2160 254 2192 Er
260 2160 319 2192 fand
330 2158 371 2195 ihn
380 2158 406 2190 in
415 2158 459 2189 der
466 2153 576 2192 wuͤſten,
585 2154 612 2185 in
619 2156 663 2187 der
669 2153 729 2188 duͤr⸗

156 2192 198 2219 ren
205 2190 306 2227 einoͤde,
316 2193 345 2221 da
356 2194 383 2222 es
390 2187 484 2226 heulet.
521 2187 558 2218 Er
565 2186 665 2222 fuͤhrete
675 2189 728 2221 ihn,

156 2224 268 2261 und*gab
276 2226 329 2261 ihm
336 2229 383 2257 das
389 2228 470 2261 geſetz;
470 2226 498 2260 er
505 2222 624 2257 behuͤtete
632 2224 676 2257 ihn
682 2225 730 2251 wie

158 2250 236 2288 ſeinen
244 2264 368 2293 augapfel.
479 2258 598 2287 *2Moſ.
611 2260 652 2288 10,
662 2263 685 2282 1.
693 2260 717 2284 ſq.

175 2302 215 2325 11.
229 2292 281 2333 Wie
289 2300 331 2329 ein
339 2300 361 2336 *
370 2297 439 2330 adler
452 2291 588 2331 ausfuͤhret
599 2293 665 2324 ſeine
676 2294 732 2327 jun⸗

159 2328 210 2357 gen,
220 2329 261 2367 und
276 2329 338 2360 uͤber
344 2333 420 2365 ihnen
429 2330 555 2363 ſchwebet.
591 2324 630 2355 Er
640 2328 734 2357 breite⸗

157 2360 183 2389 te
195 2359 258 2396 ſeine
270 2366 353 2399 fittige
364 2372 428 2397 aus,
446 2368 497 2391 und
517 2365 594 2395 nahm
608 2363 666 2394 ihn,
677 2362 731 2388 und

160 2394 217 2433 trug
228 2399 260 2435 ſie
271 2402 319 2435 auf
322 2401 405 2437 ſeinen
420 2401 523 2435 fluͤgeln.
561 2399 656 2440 *2Moſ.
665 2401 723 2432 19/4.

764 413 803 432 12.
814 404 871 433 Der
880 403 960 434 HErr
969 401 1044 432 allein
1052 401 1137 430 leitete
1147 399 1203 433 ihn;
1215 400 1264 429 und
1274 404 1328 429 war

746 434 802 465 kein
810 435 918 468 fremder
927 437 984 469 gott
990 438 1039 463 mit
1047 435 1110 466 ihm.

770 480 809 500 13.
818 470 860 500 Er
860 470 909 502 ließ
919 471 960 501 ihn
969 470 1027 503 hoch
1041 468 1173 502 herfahren
1183 466 1230 502 auf
1235 466 1326 498 erden;

746 505 795 532 und
804 502 909 535 naͤhrete
919 504 961 537 ihn
975 506 1025 533 mit
1039 504 1084 531 den
1100 498 1215 536 fruͤchten
1227 500 1270 530 des
1279 502 1328 533 fel⸗

744 539 805 566 des:
815 540 869 566 Und
880 539 928 569 ließ
938 538 981 567 ihn
987 537 1062 571 honig
1072 536 1162 570 ſaugen
1171 537 1213 564 aus
1225 535 1264 575 den
1279 535 1328 570 fel⸗

747 575 802 605 ſen,
815 572 864 599 und
873 569 898 600 oͤl
909 573 956 600 aus
968 571 1014 598 den
1029 569 1118 602 harten
1128 570 1238 601 ſteinen;

762 616 804 639 14.
817 607 916 637 Butter
926 613 975 635 von
983 605 1030 634 den
1038 602 1127 639 kuͤhen,
1136 607 1185 632 und
1195 603 1268 638 milch
1277 607 1329 631 von

748 645 793 670 den
802 639 924 673 ſchaafen,
935 640 1001 672 ſamt
1011 640 1067 668 dem
1076 638 1138 672 fette
1148 644 1195 667 von
1205 640 1250 666 den
1262 639 1329 667 laͤm⸗

746 683 833 708 mern,
844 679 892 706 und
902 675 968 708 feiſte
976 675 1068 704 widder
1084 676 1133 705 und
1143 672 1211 704 boͤcke
1220 677 1269 704 mit
1277 675 1332 706 fet⸗

745 716 788 741 ten
797 717 899 743 nieren,
909 713 958 740 und
970 708 1082 739 weitzen;
1098 710 1147 738 und
1156 709 1269 740 traͤnkete
1284 710 1329 742 ihn

741 743 795 774 mit
806 747 891 780 gutem
903 745 1090 775 traubenblute.

763 787 804 812 15.
815 776 827 810 §
838 778 888 809 Da
888 778 917 807 er
925 779 982 808 aber
993 778 1042 811 fett
1052 780 1101 806 und
1110 777 1160 811 ſatt
1167 776 1245 809 ward,
1255 776 1326 807 ward

743 818 776 848 er
776 816 837 848 geil.
874 811 917 844 *Er
929 816 965 846 iſt
975 815 1039 846 fett,
1064 815 1106 841 und
1119 808 1185 848 dick,
1199 815 1247 841 und
1264 814 1327 844 ſtark

744 843 861 877 worden,
874 832 923 871 und
933 842 977 872 hat
993 844 1031 871 den
1040 841 1120 870 GOtt
1130 842 1218 871 fahren
1234 848 1330 873 laſſen,

744 888 789 912 der
801 885 839 916 ihn
848 883 1018 916 gemacht
977 878 1038 915 hat.
1059 883 1095 912 Er
1109 883 1153 917 hat
1161 881 1209 910 den
1225 882 1274 915 fels
1282 882 1329 915 ſei⸗

745 922 791 952 nes
799 919 870 950 heyls
879 924 963 950 gering
971 915 1098 951 geachtet,
1187 915 1221 940 *c.
1232 921 1274 947 31,
1285 921 1330 942 20.

766 957 805 983 16.
827 954 881 983 Und
899 955 943 985 hat
957 953 998 984 ihn
1011 958 1039 984 zu
1053 950 1113 984 eifer
1124 949 1236 982 gereitzet
1252 950 1335 984 durch

746 985 863 1021 fremde;
884 987 958 1025 durch
976 988 1016 1018 die
1031 980 1118 1026 graͤuel
1135 982 1176 1019 hat
1195 981 1220 1017 er
1237 983 1279 1021 ihn
1291 992 1333 1016 er⸗

745 1024 845 1057 zuͤrnet.

768 1068 808 1093 17.
820 1057 874 1092 Sie
888 1057 968 1093 haben
978 1057 1024 1087 den
1037 1054 1186 1089 feldteufeln
1197 1052 1333 1090 geopfert,

751 1098 798 1128 und
816 1097 884 1129 nicht
898 1097 976 1127 ihrem
993 1096 1089 1129 GOtt;
1101 1097 1137 1125 den
1139 1092 1274 1130 goͤttern,
1289 1094 1333 1124 die

749 1130 807 1166 ſie*
822 1131 890 1167 nicht
904 1129 1042 1162 kenneten;
1063 1129 1110 1158 den
1121 1132 1219 1157 neuen,
1234 1126 1274 1157 die
1286 1132 1335 1157 vor

751 1164 818 1200 nicht
826 1164 911 1199 geweſt
923 1163 990 1201 ſind,
999 1161 1038 1194 die
1048 1168 1105 1192 eure
1113 1158 1198 1193 vaͤtter
1206 1159 1276 1196 nicht
1289 1166 1333 1195 ge⸗

749 1205 822 1236 ehret
829 1200 925 1236 haben.
955 1199 1014 1237 *Pſ.
1029 1198 1077 1235 106,
1094 1211 1128 1235 37.
1153 1213 1159 1229 1
1170 1201 1335 1234 Cor.10,20.

770 1244 808 1270 18.
825 1236 929 1269 Deinen
943 1237 1008 1273 fels,
1023 1236 1065 1267 der
1081 1228 1133 1271 dich
1142 1231 1331 1269 gezeuget
1274 1232 1336 1272 hat,

752 1277 804 1312 haſt
813 1278 844 1307 du
854 1280 900 1304 aus
909 1278 950 1304 der
959 1274 1014 1307 acht
1024 1271 1142 1309 gelaſſen,
1155 1274 1205 1303 und
1217 1273 1270 1306 haſt
1276 1279 1337 1303 ver⸗

755 1314 834 1348 geſſen
858 1305 966 1344 GOttes,
981 1305 1033 1338 der
1035 1305 1095 1337 dich
1109 1309 1211 1343 gemacht
1224 1308 1280 1342 hat.

779 1359 820 1381 19.
833 1344 886 1378 Und
894 1343 907 1380 §
919 1351 948 1378 da
964 1352 990 1377 es
999 1349 1041 1377 der
1048 1347 1127 1380 HErr
1135 1345 1211 1378 ſahe,
1224 1342 1293 1376 ward
1309 1349 1340 1374 er

753 1384 838 1414 zornig
847 1381 908 1412 uͤber
916 1383 980 1414 ſeine
991 1379 1065 1414 ſoͤhne
1076 1381 1126 1410 und
1141 1377 1247 1413 toͤchter.

774 1428 815 1446 20.
825 1419 879 1449 Und
894 1425 920 1448 er
929 1415 1027 1451 ſprach:
1052 1410 1118 1451 Jch*
1125 1415 1176 1446 will
1191 1413 1261 1446 mein
1278 1415 1339 1446 ant⸗

754 1451 793 1483 litz
802 1461 845 1483 vor
860 1453 934 1483 ihnen
948 1450 1099 1484 verbergen,
1114 1449 1165 1481 will
1179 1448 1267 1485 ſehen,
1282 1450 1340 1478 was

758 1486 825 1520 ihnen
842 1481 942 1521 zuletzt
939 1485 1106 1521 widerfahren
1118 1485 1197 1515 wird:
1215 1484 1296 1516 Denn
1311 1486 1342 1513 es

757 1524 786 1557 iſt
800 1524 854 1553 eine
870 1519 999 1556 verkehrte
1014 1524 1071 1556 art,
1090 1523 1118 1552 es
1133 1519 1183 1555 ſind
1193 1520 1221 1550 †
1228 1522 1343 1551 untreue

758 1562 852 1591 kinder.
1001 1561 1041 1586 *c.
1057 1566 1093 1592 31,
1109 1562 1145 1587 18.
1162 1557 1236 1591 †Eſ.
1246 1562 1312 1591 1,2.
1319 1561 1344 1587 4.

776 1602 817 1621 21.
833 1586 877 1623 Sie
890 1590 964 1624 haben
976 1588 1039 1623 mich
1049 1588 1174 1623 gereitzet
1172 1588 1201 1624 an
1209 1585 1292 1626 dem,*
1295 1588 1344 1617 das

758 1631 828 1661 nicht
835 1632 916 1659 GOtt
924 1628 960 1661 iſt;
970 1632 1018 1657 mit
1030 1629 1096 1658 ihrer
1103 1622 1251 1657 abgoͤtterey
1259 1626 1345 1660 haben

760 1665 791 1694 ſie
799 1664 862 1694 mich
873 1660 997 1691 erzuͤrnet.
1022 1654 1106 1694 †Und
1108 1654 1151 1692 ich
1168 1661 1220 1690 will
1234 1657 1266 1693 ſie
1279 1659 1344 1690 wie⸗

762 1701 804 1728 der
819 1697 904 1727 reitzen
924 1703 956 1725 an
976 1696 1050 1727 dem,
1073 1696 1119 1724 das
1139 1693 1208 1729 nicht
1226 1694 1267 1723 ein
1287 1694 1345 1724 volk

762 1733 805 1767 iſt;
814 1737 845 1761 an
854 1727 933 1761 einem
943 1725 1085 1764 naͤrrichten
1093 1729 1147 1759 volk
1155 1728 1207 1753 will
1219 1727 1255 1762 ich
1264 1726 1296 1761 ſie
1304 1733 1346 1757 er⸗

763 1765 857 1800 zuͤrnen
893 1764 997 1795 *Jer.2,
1005 1760 1047 1794 11.
1058 1760 1094 1795 c.5,
1105 1759 1130 1789 7.
1158 1760 1247 1793 †Roͤm.
1258 1767 1346 1795 10,19.

780 1803 821 1822 22.
837 1791 916 1823 Denn
932 1793 998 1822 *das
1006 1791 1076 1825 feuer
1090 1778 1126 1828 iſt
1122 1778 1258 1823 angangen
1267 1792 1346 1823 durch

764 1835 864 1867 meinen
877 1840 950 1869 zorn,
962 1834 1012 1863 und
1027 1831 1088 1863 wird
1103 1830 1215 1861 brennen
1222 1830 1262 1861 bis
1270 1830 1297 1862 in
1304 1831 1347 1860 die

765 1871 873 1904 unterſte
881 1868 955 1905 hoͤlle,
964 1870 1014 1900 und
1022 1870 1083 1898 wird
1091 1867 1222 1898 verzehren
1230 1868 1277 1898 das
1285 1868 1345 1897 land

766 1905 814 1938 mit
822 1904 912 1939 ſeinem
922 1899 1059 1936 gewaͤchſe,
1074 1903 1123 1931 und
1139 1899 1201 1931 wird
1213 1896 1347 1932 anzuͤnden

768 1943 806 1974 die
813 1935 956 1977 grundveſte
977 1932 1021 1972 der
1032 1931 1134 1973 berge.
1153 1938 1238 1972 *Jer.
1248 1942 1291 1970 15,
1303 1941 1349 1967 14.

785 1984 824 2012 23.
835 1974 884 2011 Jch
894 1975 944 2005 will
952 1973 1013 2004 alles
1022 1969 1125 2008 ungluͤck
1133 1968 1193 2002 uͤber
1202 1970 1233 2006 ſie
1240 1968 1349 2005 haͤufen;

767 2019 804 2055 ich
814 2020 865 2048 will
874 2018 920 2047 alle
948 2012 1041 2046 meine*
1041 2010 1118 2046 pfeile
1133 2020 1158 2043 in
1166 2009 1197 2046 ſie
1205 2011 1332 2047 ſchieſſen.

785 2063 828 2087 24.
838 2053 895 2085 Vor
904 2051 998 2084 hunger
1006 2050 1080 2082 ſollen
1088 2050 1118 2081 ſie
1126 2042 1349 2084 verſchmachten,

767 2090 818 2119 und
826 2087 952 2120 verzehret
960 2087 1058 2115 werden
1072 2090 1130 2114 vom
1139 2083 1231 2118 fieber,
1242 2082 1294 2114 und
1308 2081 1350 2118 jaͤ⸗

768 2126 825 2155 hem
833 2123 885 2151 tod.
921 2120 973 2154 Jch
982 2121 1033 2150 will
1044 2122 1085 2149 der
1095 2120 1175 2152 thiere
1189 2114 1266 2154 zaͤhne
1273 2120 1352 2151 unter

769 2162 800 2196 ſie
808 2158 910 2190 ſchicken
918 2159 968 2186 und
978 2157 1020 2185 der
1028 2155 1156 2189 ſchlangen
1165 2154 1222 2190 gift.

791 2202 833 2225 25.
850 2190 1006 2223 Auswendig
1019 2192 1081 2220 wird
1085 2183 1125 2223 ſie
1135 2191 1180 2219 das
1193 2185 1299 2226 ſchwert
1311 2188 1356 2219 be⸗

771 2226 883 2258 rauben,
897 2228 946 2256 und
956 2223 1133 2259 inwendig
1086 2219 1130 2258 das
1141 2222 1279 2259 ſchrecken;
1292 2223 1355 2257 bey⸗

771 2266 796 2295 de
808 2259 937 2295 juͤnglinge
950 2260 1000 2291 und
1015 2258 1184 2295 jungfrauen,
1196 2258 1236 2291 die
1242 2256 1356 2294 ſaͤuglin⸗

771 2304 800 2332 ge
815 2296 865 2326 mit
879 2298 934 2326 dem
951 2299 1045 2332 grauen
1061 2299 1156 2325 mann:

788 2339 829 2363 26.
839 2329 879 2365 Jch
891 2333 943 2362 will
952 2333 1085 2366 jagen:Wo
1093 2332 1143 2368 ſind
1152 2331 1248 2369 ſie?Jch
1257 2332 1357 2364 werde*

775 2369 814 2401 ihr
828 2362 975 2403 gedaͤchtniß
989 2363 1115 2402 aufheben
1129 2365 1206 2397 unter
1222 2367 1270 2394 den
1283 2367 1357 2394 men⸗

773 2401 854 2443 ſchen.
1151 2401 1245 2439 *Hiob
1257 2405 1297 2434 18,
1311 2408 1354 2434 17.
