1780 2466
235 492 329 537 kann.
381 496 453 538 Sie
479 497 650 546 vermehret
673 499 765 541 durch
789 503 876 552 ihren
894 502 1056 551 Verdacht
1079 508 1167 545 ihren

237 540 391 595 Verdruß
405 541 488 596 ohne
513 548 683 597 Aufhoͤren.
737 552 808 591 Die
830 556 1018 604 Ungeduld,
1058 554 1168 602 welche

236 597 389 645 anfaͤngt,
413 597 470 645 ſich
485 610 521 646 zu
537 600 699 651 beklagen,
733 604 910 651 vergroͤßert
933 611 966 645 in
983 612 1080 658 ihrem
1100 615 1166 650 Ge⸗

235 649 343 696 muͤthe
358 649 408 686 die
418 648 566 696 Urſachen
583 655 680 698 dazu,
705 655 780 699 und,
800 665 855 692 um
871 657 926 701 ſich
949 669 984 704 zu
1001 664 1166 706 rechtferti⸗

234 707 312 744 gen,
327 695 483 748 verkehret
500 701 537 748 ſie
554 703 602 740 die
617 702 837 751 eingebildeten
853 705 986 745 Marter
1000 715 1033 745 in
1052 719 1165 750 wirkli⸗

233 751 295 794 che.
347 749 440 792 Man
458 753 495 799 iſt
510 745 678 804 ſinnreich,
702 755 759 805 ſich
768 757 971 806 tauſenderley
996 772 1056 814 neue
1078 769 1166 808 Hirn⸗

231 799 380 852 geſpinſte
394 814 431 852 zu
444 801 578 854 bilden,
604 816 661 845 um
684 808 731 848 die
754 809 863 859 erſtern
888 813 1021 855 wirklich
1055 826 1094 866 zu
1099 830 1167 852 ma⸗

234 858 316 903 chen.
369 860 484 911 Dieſes
499 862 566 911 boͤſe
580 862 665 913 Herz
681 862 764 915 giebt
785 867 883 906 einem
900 869 988 919 mehr
1002 870 1098 918 Witz,
1115 875 1165 911 als

231 920 307 950 man
304 906 335 952 in
372 912 452 953 allen
467 913 597 963 uͤbrigen
613 915 747 966 Dingen
765 927 800 966 zu
810 917 908 968 haben
918 920 1037 968 ſcheint.
1070 925 1162 964 Man

230 958 348 1005 machet
365 961 421 1011 ſich
443 953 613 1013 diejenigen
636 975 672 1012 zu
697 967 853 1015 Feinden,
895 973 1004 1014 welche
1026 977 1162 1012 niemals

230 1019 279 1058 die
298 1016 471 1060 Gedanken
485 1022 563 1066 dazu
576 1010 694 1069 gehabt
709 1022 820 1071 haben.
872 1024 925 1066 Es
939 1026 1065 1073 ſcheint,
1098 1032 1163 1075 daß

228 1061 305 1106 man
319 1062 376 1117 ſich
391 1070 451 1109 mit
464 1063 529 1118 Luſt
549 1075 619 1116 dem
636 1072 804 1121 klaͤglichen
821 1072 1019 1126 Vergnuͤgen
1042 1085 1160 1127 ergebe,

228 1115 324 1159 wider
347 1121 388 1170 ſie
402 1113 503 1171 ſeinen
536 1112 590 1177 Haß
617 1128 682 1163 und
698 1125 775 1174 ſeine
790 1123 1064 1178 Feindſeligkeiten
1083 1144 1183 1171 aus⸗

226 1161 356 1217 zuuͤben.

233 1247 397 1298 Dieß
410 1250 449 1298 iſt
457 1243 512 1290 ein
529 1252 749 1302 wunderlicher
760 1252 935 1309 Charakter,
981 1257 1026 1301 ich
1040 1263 1157 1311 geſtehe

227 1309 289 1339 es;
273 1298 425 1350 allein,
451 1302 489 1350 iſt
505 1313 536 1342 er
551 1304 635 1354 wohl
649 1315 706 1352 gar
720 1314 755 1352 zu
771 1305 844 1356 hoch
858 1311 1035 1358 getrieben?
1063 1318 1155 1355 Man

227 1351 400 1400 unterſuche
415 1354 473 1402 ſich
483 1351 555 1395 mit
568 1355 683 1405 einiger
699 1356 878 1410 Begierde,
904 1363 959 1410 ſich
968 1354 1069 1409 Recht
1085 1373 1154 1405 wie⸗

225 1397 388 1451 derfahren
406 1401 449 1451 zu
460 1402 572 1451 laſſen,
596 1405 626 1453 ſo
642 1406 722 1444 wird
736 1416 813 1445 man
828 1415 1001 1458 entdecken,
1023 1424 1084 1459 daß
1102 1425 1155 1453 der

225 1435 333 1502 groͤßte
347 1447 441 1501 Theil
455 1454 507 1492 der
521 1450 766 1504 Abneigungen,
797 1459 846 1493 die
861 1470 936 1495 man
952 1470 1096 1504 innerlich
1111 1483 1155 1522 er⸗

225 1507 357 1559 naͤhret,
372 1513 436 1551 und
451 1514 506 1552 des
527 1509 815 1565 Misvergnuͤgens,
838 1518 896 1555 das
913 1518 989 1557 man
999 1523 1153 1569 aͤußerlich

223 1561 411 1611 ausbrechen
424 1563 517 1615 laͤßt,
558 1575 620 1605 nur
640 1576 704 1608 von
729 1570 824 1608 denen
847 1570 974 1622 falſchen
996 1577 1152 1625 Urtheilen

223 1617 401 1669 herruͤhret,
415 1619 523 1668 welche
537 1625 586 1663 die
601 1623 747 1675 Bosheit
756 1626 901 1677 eingiebt.
953 1627 1032 1668 Wir
1040 1635 1153 1680 geden⸗

223 1669 276 1709 ken
293 1669 349 1718 bey
372 1669 575 1721 tauſenderley
591 1672 831 1725 Gelegenheiten
847 1687 907 1716 nur
922 1680 1081 1728 deswegen
1101 1687 1152 1722 boͤ⸗

221 1719 286 1772 ſes,
300 1722 372 1764 weil
385 1726 450 1765 eine
460 1726 598 1776 geheime
610 1727 758 1779 Bosheit
771 1737 833 1770 uns
850 1731 1033 1782 verhindert,
1059 1747 1151 1783 gutes

220 1785 258 1826 zu
272 1779 430 1828 gedenken.
475 1775 539 1827 Wir
557 1783 711 1833 urtheilen
743 1779 818 1840 nach
806 1783 1038 1840 Empfindung.
1079 1796 1151 1834 Be⸗

221 1824 327 1874 truͤger
350 1819 539 1879 argwohnen
561 1829 664 1880 leicht,
702 1832 764 1880 daß
786 1836 897 1875 andere
920 1845 954 1873 es
976 1847 1051 1882 auch
1074 1851 1149 1888 ſind.

220 1887 288 1928 Ein
304 1886 456 1937 Menſch,
473 1892 526 1929 der
540 1893 641 1931 weder
656 1888 848 1943 Redlichkeit
862 1895 934 1941 noch
944 1894 1077 1946 Tugend
1086 1904 1150 1947 hat,

218 1939 319 1981 bildet
338 1940 395 1989 ſich
417 1940 498 1987 nicht
519 1943 589 1990 ein,
612 1943 675 1992 daß
694 1943 820 1993 jemand
835 1946 998 1996 aufrichtig
1024 1958 1148 1999 tugend⸗

218 1990 287 2038 haft
302 1994 359 2039 ſey.
423 1990 473 2035 Er
489 1994 565 2046 ſieht
589 1993 709 2037 uͤberall
724 1995 812 2048 Zuͤge
827 2008 888 2037 von
907 2001 1000 2047 ſeiner
1022 2006 1147 2052 eigenen

216 2046 373 2097 Bosheit.
426 2048 477 2089 Er
494 2044 609 2090 nimmt
629 2055 668 2092 da
685 2052 793 2103 Boͤſes
809 2053 908 2102 wahr,
936 2065 984 2093 wo
1001 2058 1048 2097 die
1065 2059 1146 2098 Liebe

214 2104 250 2136 es
261 2098 344 2147 nicht
358 2098 477 2141 einmal
495 2101 679 2153 vermuthet.
