1765 2640
523 432 624 496 So!
641 443 746 498 ſprach
763 457 807 494 er,
833 448 917 491 kann
933 463 1011 494 man
1026 459 1108 497 denn
1128 459 1211 509 nicht
1226 465 1294 505 eine
1311 464 1449 510 Stunde
1466 470 1578 523 ruhn?

637 501 818 556 Unfehlbar
834 509 939 558 giebts
955 518 1027 553 dort
1044 519 1116 556 was
1143 526 1181 565 zu
1199 519 1294 571 thun,

636 567 726 615 (Die
744 567 888 620 Stoͤrche
905 572 1038 624 ſchlafen
1054 578 1250 641 angezogen)

635 623 688 669 Er
703 625 766 677 ließ
782 627 843 678 ſein
859 639 1000 673 warmes
1016 633 1198 688 Federneſt,

631 680 708 725 Und
726 684 798 725 kam
815 684 1042 740 unangemeldt
1063 688 1144 750 zum
1157 695 1248 750 Feſt,

631 740 698 784 Als
716 744 775 784 wie
793 747 844 786 ein
859 748 952 800 Pfeil
969 749 1064 802 herzu
1083 745 1242 807 geflogen,

629 799 706 840 Und
724 801 778 851 ehe
795 802 870 852 ſichs
890 805 939 845 ein
955 806 1066 861 Froſch
1084 797 1206 865 verſah,

628 865 692 908 So
707 879 778 907 war
793 873 848 910 der
861 873 1080 922 Praͤtendente
1096 880 1150 926 da,

627 918 705 956 Und
720 921 785 965 ließ
800 922 853 968 ihr
868 923 986 970 Fleiſch
1001 927 1058 974 ſich
1075 929 1206 978 trefflich
1224 928 1401 985 ſchmecken.

680 1096 823 1159 Drum
840 1119 956 1170 merke,
970 1124 1037 1172 daß
1054 1128 1098 1163 du
1120 1126 1176 1176 bey
1194 1133 1250 1170 der
1267 1132 1334 1184 Luſt

614 1174 718 1227 Nicht
736 1178 820 1229 allzu
839 1178 931 1232 ſicher
948 1180 1096 1236 jauchzen
1116 1189 1224 1241 mußt,

612 1238 677 1284 Du
694 1239 840 1294 moͤchteſt
856 1246 968 1290 deinen
986 1247 1086 1300 Feind
1103 1254 1266 1299 erwecken.
