1551 2354
200 375 312 416 begann
331 372 541 413 einigermaßen
560 382 608 414 zur
625 373 710 410 Ruhe
728 375 785 406 und
803 372 946 409 Ordnung
962 378 993 409 zu
1007 373 1080 403 kom⸗

199 435 284 463 men,
307 429 353 457 als
373 429 415 459 die
431 427 575 467 Geſchoſſe
593 429 640 458 der
656 426 785 465 Parther
804 425 858 462 auf
872 426 923 455 den
942 423 1079 460 Nachzug

201 477 294 515 trafen
320 477 377 506 und
405 478 457 508 den
489 476 604 513 leichten
630 473 768 512 Truppen
796 476 847 504 das
866 467 1007 516 Zeichen
1022 479 1079 508 zum

199 528 320 568 Gefecht
337 528 458 566 gegeben
484 530 592 558 wurde.
647 527 722 559 Aber
745 530 786 559 die
805 523 1079 563 Schwerbewaffne⸗

200 586 245 613 ten
268 581 407 613 bedeckten
431 581 567 611 einander
589 579 692 609 wieder
716 581 769 610 wie
793 576 896 614 vorhin
924 578 977 609 mit
999 576 1078 614 ihren

200 632 344 672 Schilden
363 635 420 664 und
437 631 531 671 fingen
547 633 572 669 ſo
590 632 633 662 die
651 631 747 668 Pfeile
765 633 811 662 der
827 630 932 667 Feinde
949 629 1009 666 auf,
1040 629 1083 659 die

201 683 249 721 ſich
267 683 358 721 jedoch
374 683 448 719 nicht
466 686 615 718 getrauten
634 679 722 716 naͤher
761 673 800 722 zu
798 680 936 711 kommen.
993 678 1082 716 Waͤh⸗

199 738 268 766 rend
288 742 347 765 nun
367 735 408 763 die
425 733 584 770 vorderſten
604 734 656 770 auf
672 733 740 770 dieſe
755 732 811 763 Art
831 730 989 770 allmaͤhlich
1009 731 1081 768 fort⸗

198 781 320 820 ruͤckten,
349 783 410 813 kam
429 782 534 819 endlich
555 785 603 812 der
618 780 693 818 Fluß
712 788 776 816 zum
794 780 962 817 Vorſchein.
1015 779 1083 810 An⸗

201 835 335 865 tonius
363 834 448 871 ſtellte
472 839 510 862 an
535 834 597 863 dem
621 831 690 869 Ufer
717 830 849 868 deſſelben
876 833 919 861 die
946 829 1081 868 Reiterey

199 890 287 922 gegen
305 886 356 914 den
376 881 464 921 Feind
485 882 538 920 auf
561 885 618 914 und
644 880 751 921 ſchaffte
775 880 863 920 zuerſt
886 882 929 912 die
947 879 1080 913 Kranken

199 936 332 977 hinuͤber.
385 936 469 974 Doch
487 935 609 967 konnten
629 941 689 965 nun
708 933 775 971 auch
793 933 854 969 die,
882 932 982 968 welche
1007 933 1082 970 ſtrei⸗

201 993 249 1020 ten
277 986 413 1026 mußten,
452 988 505 1018 mit
528 987 596 1018 aller
617 984 784 1025 Sicherheit
806 990 863 1016 und
883 982 1082 1024 Bequemlich⸗

202 1044 256 1076 keit
283 1042 363 1081 ihren
389 1042 483 1083 Durſt
507 1038 622 1081 loͤſchen.
697 1040 790 1073 Denn
816 1040 908 1080 ſobald
937 1040 979 1071 die
1004 1038 1084 1077 Par⸗

203 1095 265 1132 ther
291 1095 342 1124 den
372 1092 447 1131 Fluß
479 1091 644 1127 erblickten,
689 1089 828 1128 ſpannten
864 1090 897 1128 ſie
923 1086 983 1128 ihre
1018 1089 1083 1122 Bo⸗

203 1152 257 1183 gen
275 1146 308 1176 ab
327 1147 384 1176 und
402 1144 501 1184 hießen
528 1146 570 1177 die
587 1143 717 1181 Roͤmer,
756 1146 838 1174 deren
862 1141 1026 1182 Tapferkeit
1053 1142 1087 1180 ſie

204 1195 263 1235 ſehr
292 1194 433 1232 erhoben,
478 1195 583 1231 getroſt
608 1190 729 1231 hinuͤber
751 1189 851 1230 gehen.
910 1191 964 1223 So
991 1193 1087 1229 ſetzten

202 1254 262 1276 nun
282 1247 325 1276 die
344 1242 455 1275 Roͤmer
473 1243 617 1281 ungeſtoͤrt
640 1241 708 1273 uͤber
727 1244 816 1281 dieſen
834 1240 908 1278 Fluß
930 1243 986 1273 und
1011 1248 1086 1273 mar⸗

201 1298 333 1337 ſchierten
352 1297 445 1333 dann,
476 1296 609 1332 nachdem
630 1295 665 1333 ſie
689 1295 738 1333 ſich
758 1295 862 1326 wieder
886 1291 999 1332 erhohlt
1024 1292 1088 1331 hat⸗

204 1352 271 1384 ten,
302 1346 399 1378 weiter
425 1345 503 1386 fort,
532 1342 604 1384 ohne
624 1344 692 1376 eben
718 1346 769 1377 den
792 1340 944 1383 Parthern
970 1339 1028 1381 ſehr
1053 1348 1088 1379 zu

201 1411 316 1439 trauen.

274 1451 334 1485 Am
330 1444 464 1494 ſechſten
489 1445 562 1493 Tage
583 1448 651 1486 nach
678 1449 742 1481 dem
759 1448 868 1488 letztern
886 1445 1024 1487 Gefechte
1046 1454 1088 1478 er⸗

203 1507 322 1547 reichten
341 1508 444 1545 ſie
409 1502 463 1550 den
465 1506 538 1545 Fluß
558 1505 685 1544 Araxes,
704 1505 733 1543 ⁸)
762 1507 809 1538 der
831 1505 873 1536 die
890 1503 1004 1541 Grenze
1021 1503 1087 1540 zwi⸗

203 1559 278 1597 ſchen
304 1557 428 1590 Medien
460 1559 518 1589 und
546 1554 702 1590 Armenien
728 1554 830 1593 macht.
901 1552 1010 1591 Wegen
1039 1555 1088 1585 der

1005 1607 1090 1647 Tiefe

236 1687 269 1724 8)
289 1685 350 1718 Der
367 1683 488 1718 Araxes,
507 1684 546 1714 ein
562 1682 756 1717 betraͤchtlicher
769 1679 856 1719 Fluß,
876 1681 1021 1717 entſpringt
1038 1685 1090 1713 aus

269 1723 410 1759 demſelben
426 1718 545 1758 Gebirge
561 1726 613 1752 mit
627 1727 682 1751 dem
698 1720 834 1758 Euphrat,
862 1720 1033 1751 durchſtroͤmt
1053 1721 1089 1749 ei⸗

268 1765 317 1788 nen
333 1756 429 1792 großen
449 1752 525 1791 Theil
544 1761 595 1787 von
613 1757 773 1788 Armenien,
792 1757 840 1784 das
862 1762 887 1783 er
911 1760 960 1784 von
978 1755 1089 1784 Medien

271 1797 374 1824 trennt,
392 1793 445 1821 und
459 1787 516 1824 faͤllt
535 1792 584 1821 mit
600 1793 657 1820 dem
672 1788 770 1822 Kyrus
790 1792 850 1818 oder
864 1789 925 1819 Kur
947 1790 1091 1819 vereiniget

273 1830 299 1858 in
322 1830 371 1857 das
393 1827 514 1863 kaſpiſche
534 1827 620 1858 Meer.
657 1826 708 1854 Hr.
738 1825 908 1856 Mannert
932 1825 1088 1857 vermuthet,

273 1863 323 1899 daß
345 1867 388 1894 der
412 1862 569 1898 Uebergang
591 1863 636 1892 des
659 1862 846 1892 Antonius
869 1863 893 1891 in
916 1863 960 1891 der
978 1860 1089 1893 Gegend

271 1896 317 1924 des
338 1894 460 1929 heutigen
479 1885 582 1930 Djulfa
601 1891 733 1928 geſchehen
754 1889 810 1924 ſey,
834 1891 941 1923 welches
964 1891 1025 1921 noch
1044 1892 1090 1918 im⸗

270 1938 325 1961 mer
339 1932 377 1960 die
392 1928 585 1966 gewoͤhnlichſte
598 1924 651 1960 und
665 1923 807 1963 bequemſte
817 1928 974 1963 Ueberfahrt
986 1925 1059 1961 gebe.
