1430 2144
217 453 286 501 was
286 439 340 490 iſt
348 449 408 486 mir
423 447 453 482 in
471 456 491 496 3
522 445 642 487 Jahren
655 443 728 492 nicht
745 440 972 486 vorgekommen.

217 509 323 560 Drum
321 507 446 561 heißts,
463 517 540 549 man
555 508 606 552 ſoll
616 505 752 545 niemand
770 501 954 545 verachten.

244 568 332 606 N.
344 576 383 610 4.
396 569 469 603 (tritt
480 555 539 602 ein)
556 562 781 603 Willkommen,
792 560 887 593 meine
892 561 970 601 Her⸗

218 644 281 671 ren.
324 632 392 669 Wie
412 630 514 675 gehts,
544 627 678 672 ſchmekts
698 622 867 668 Pfeifgen.
888 621 971 666 Hm!

218 693 289 730 Wie
301 688 389 733 ſiehts
408 696 457 724 um
471 688 516 727 die
528 685 623 729 Meſſe
641 682 738 723 aus?
768 679 842 719 Viel
858 677 975 717 neues?

219 743 310 799 Habs
314 741 401 797 ſchon
410 743 577 792 geſehen,
581 745 635 783 im
650 738 868 785 Meßkatalog?
909 737 977 781 Die

216 801 330 856 Herren
346 799 495 853 Leipziger
515 798 597 840 haben
604 797 740 839 einmahl
749 796 853 836 wieder
865 794 894 838 ſo
905 792 978 839 viel,

220 860 290 906 daß
308 858 368 904 uns
386 857 464 897 das
468 848 596 897 Zittern
602 847 747 890 ankoͤmt.
786 848 865 885 Wir
875 852 976 882 armen

221 915 392 959 Auslaͤnder
399 914 464 958 ſind
478 911 554 955 recht
562 919 604 954 zu
624 910 776 946 bedauern.

288 973 336 1010 N.
352 966 393 1020 1.
403 972 468 1011 Ja
487 969 583 1008 wohl,
604 970 673 1012 Herr
692 962 867 1010 Konfrater,
896 970 980 997 wenn

224 1043 281 1070 nur
295 1033 379 1076 unſre
394 1029 489 1074 Meſſe
501 1038 537 1072 zu
552 1025 648 1074 ſtande
661 1025 823 1070 gekommen
836 1018 975 1060 waͤre.

224 1095 336 1132 N.
351 1102 384 1137 4.
402 1084 459 1140 Ja,
472 1089 561 1135 unſre
573 1080 672 1137 Meſſe,
694 1086 738 1123 die
747 1081 846 1127 haͤtten
860 1083 900 1125 die
904 1081 982 1127 Her⸗

226 1159 278 1187 ren
290 1148 360 1191 auch
374 1141 480 1195 ſchwer
498 1140 631 1191 verdauen
640 1139 753 1186 muͤſſen
771 1157 815 1166 —

287 1203 339 1236 N.
354 1208 385 1241 3.
414 1201 478 1245 Das
496 1195 635 1243 Projekt,
654 1195 747 1226 meine
763 1195 897 1234 Herren,
918 1200 984 1231 war

228 1268 404 1315 wahrhaftig
418 1268 495 1310 nicht
515 1265 572 1301 viel
584 1264 698 1305 werth.
735 1260 794 1301 Jch
815 1261 877 1295 will
900 1259 985 1298 ihnen

228 1332 275 1366 ein
289 1332 392 1366 beſſers
411 1329 512 1373 ſagen,
525 1327 584 1361 von
612 1322 746 1356 mehrerer
769 1325 905 1351 Wirkung
924 1326 981 1351 und

228 1384 360 1427 gewiſſen
376 1370 494 1428 Erfolg.

263 1449 359 1485 N.
373 1455 404 1490 4.
442 1447 491 1487 Ey
510 1447 567 1481 das
585 1441 678 1487 geſteh
697 1439 758 1483 ich,
790 1440 847 1474 das
866 1434 988 1481 Projekt

233 1494 370 1542 moͤgt
328 1492 380 1544 ich
383 1495 507 1537 kennen,
527 1497 593 1530 was
607 1493 652 1534 ihr
671 1491 787 1533 Herren
812 1487 902 1524 wider
921 1485 988 1525 euch

234 1558 390 1606 ſchmiedet.

297 1619 348 1658 N.
362 1626 398 1654 1.
422 1617 495 1655 Das
519 1610 598 1650 waͤre
621 1612 664 1655 ich
683 1608 807 1655 begierig
835 1616 872 1649 zu
890 1603 988 1646 hoͤren.

235 1671 389 1726 Vielleicht
401 1670 476 1708 kans
501 1673 555 1707 den
555 1667 712 1711 Nachdruk
727 1665 797 1707 auch
818 1663 981 1702 hemmen.
