2949 3386
672 583 822 641 Herzog
852 583 1072 637 Ferdinand
1105 584 1192 636 geht
1221 581 1310 628 uͤber
1341 588 1410 629 den
1440 583 1570 637 Rhein
1600 579 1741 637 zuruͤck.

1976 587 2056 630 193

358 680 406 718 die
420 677 604 719 Kavallerie
628 678 723 724 durch
747 678 795 716 die
817 675 1004 725 Schoͤnheit
1028 676 1110 723 ihrer
1126 675 1250 721 Pferde
1273 673 1498 722 auszeichnete.
1551 673 1602 714 Es
1625 677 1735 712 wurde
1760 681 1825 711 von
1843 674 1914 711 dem
1929 670 2058 718 Herzog

358 738 665 789 Marlborough
686 738 934 785 kommandiret,
969 742 1021 776 der
1043 740 1090 777 die
1106 738 1269 777 Generale
1283 736 1461 779 Sakville
1481 741 1546 775 und
1565 734 1731 784 Granby
1756 741 1849 773 unter
1873 732 1931 782 ſich
1955 734 2057 782 hatte.

360 802 488 849 Haͤtten
505 804 582 847 dieſe
596 801 750 847 Truppen
767 801 861 847 gleich
886 803 930 840 im
944 799 1099 848 Anfange
1124 803 1178 838 des
1196 801 1326 840 Monat
1342 798 1463 847 Julius
1487 799 1534 838 bei
1559 803 1611 838 der
1627 799 1745 838 Armee
1768 798 1839 844 ſeyn
1855 795 1997 843 koͤnnen,
2026 797 2059 843 ſo

361 864 470 905 wuͤrde
485 866 732 917 wahrſcheinlich
750 868 803 904 der
816 864 945 912 Herzog
954 864 1072 904 Mittel
1086 862 1246 911 gefunden
1264 862 1379 912 haben,
1408 863 1464 910 ſich
1481 862 1529 901 bei
1546 862 1621 901 aller
1629 861 1885 910 Ueberlegenheit
1900 866 1954 899 des
1963 859 2058 907 Fein⸗

360 934 430 979 des,
459 933 564 979 jenſeit
582 936 637 970 des
653 931 784 979 Rheins
801 941 837 977 zu
855 929 1053 977 behaupten,
1083 929 1152 965 weil
1169 940 1200 966 er
1217 929 1358 968 alsdann
1375 928 1438 975 auf
1454 928 1562 967 beiden
1585 926 1708 968 Seiten
1734 928 1829 974 dieſes
1853 925 1975 974 Fluſſes
2002 927 2061 963 wie

360 1003 393 1030 er
410 992 525 1039 wollte,
554 992 632 1036 ſeine
649 989 868 1036 Operationen
885 989 1041 1037 fortſetzen
1058 989 1181 1027 konnte.

516 1054 702 1103 Frankreich
732 1054 820 1103 hatte
849 1053 966 1100 endlich
996 1054 1116 1092 einmal
1137 1057 1198 1092 das
1222 1051 1344 1100 Gluͤck,
1380 1056 1440 1091 den
1455 1050 1585 1097 Herzog
1610 1058 1675 1091 von
1698 1051 1808 1093 Belle
1827 1048 1923 1101 Jsle
1944 1061 1985 1089 an
2008 1052 2063 1087 der

358 1119 479 1168 Spitze
494 1121 549 1158 des
559 1118 920 1165 Kriegsdepartements
938 1127 974 1165 zu
991 1117 1091 1164 ſehen,
1120 1117 1207 1153 einen
1225 1115 1355 1163 wahren
1372 1116 1560 1161 Patrioten,
1589 1117 1642 1153 der
1659 1116 1772 1161 ſeinem
1782 1113 1894 1163 Koͤnig
1911 1118 1977 1153 und
1987 1114 2065 1153 Va⸗

364 1183 490 1220 terland
507 1182 540 1219 in
557 1180 674 1228 beſſern
690 1178 812 1226 Zeiten,
841 1180 900 1217 mit
916 1180 1027 1218 vielem
1036 1177 1128 1225 Eifer
1145 1182 1210 1218 und
1227 1176 1345 1225 Ruhm
1360 1177 1486 1223 gedient
1502 1178 1611 1225 hatte;
1639 1179 1693 1213 der
1710 1178 1741 1213 in
1758 1177 1853 1223 ſeiner
1871 1177 1999 1224 Perſon
2015 1177 2064 1213 die

364 1243 483 1289 ſeltnen
498 1241 634 1281 Talente
651 1243 736 1277 eines
752 1241 872 1287 großen
887 1240 1056 1279 Generals
1075 1241 1134 1278 mit
1150 1243 1209 1278 den
1224 1236 1466 1286 Eigenſchaften
1483 1240 1569 1275 eines
1585 1238 1761 1286 Miniſters
1776 1237 1968 1282 vereinigte,
1997 1238 2065 1273 und

364 1308 426 1346 mit
441 1311 495 1345 der
510 1305 646 1353 groͤßten
655 1303 912 1353 Bekuͤmmerniß
928 1306 994 1341 und
1008 1303 1110 1343 einem
1121 1302 1274 1350 redlichen
1289 1304 1449 1343 Unwillen
1470 1304 1519 1341 die
1534 1304 1639 1342 elende
1654 1302 1859 1349 Verfaſſung
1875 1304 1930 1341 der
1945 1301 2066 1340 Armee

366 1375 464 1419 ſeines
481 1369 630 1419 Koͤniges
649 1369 821 1417 angeſehen
837 1369 936 1417 hatte.
991 1370 1055 1411 So
1071 1370 1145 1408 bald
1168 1381 1199 1408 er
1223 1368 1279 1417 ſich
1303 1368 1367 1416 alſo
1389 1370 1421 1406 in
1437 1369 1550 1414 ſeinem
1566 1377 1668 1406 neuen
1684 1368 1807 1415 Poſten
1825 1366 1899 1414 ſah,
1928 1366 2065 1412 ſtrengte

366 1448 400 1475 er
424 1438 482 1476 alle
498 1435 618 1483 Kraͤfte
635 1447 697 1484 an,
725 1437 775 1475 die
788 1434 907 1475 Armee
931 1436 964 1473 in
988 1438 1047 1473 den
1065 1432 1187 1475 Stand
1209 1443 1245 1481 zu
1266 1432 1375 1481 ſetzen,
1404 1435 1474 1472 dem
1489 1431 1609 1480 Feinde
1629 1433 1743 1472 wieder
1766 1438 1860 1471 unter
1883 1431 1931 1471 die
1946 1429 2066 1478 Augen

364 1499 447 1548 gehn
464 1509 502 1547 zu
526 1497 660 1546 koͤnnen,
689 1502 755 1537 und
771 1499 960 1548 wenigſtens
979 1498 1073 1545 durch
1092 1501 1139 1538 die
1155 1497 1283 1545 Menge
1298 1496 1397 1546 ihrem
1414 1498 1527 1536 innern
1542 1494 1669 1546 Gehalt
1685 1500 1746 1536 das
1764 1493 1980 1544 erforderliche
1994 1494 2066 1537 Ge⸗

365 1563 458 1608 wicht
472 1572 509 1609 zu
526 1560 636 1608 geben.
690 1564 784 1603 Dies
799 1573 873 1602 war
873 1573 940 1602 um
934 1555 973 1615 ſo
1008 1561 1147 1608 leichter,
1176 1564 1218 1599 da
1238 1562 1277 1609 ſie
1301 1559 1358 1608 ſich
1376 1572 1417 1599 an
1441 1564 1500 1599 den
1515 1557 1672 1607 Graͤnzen
1696 1560 1781 1608 ihres
1799 1557 1917 1598 Landes
1933 1558 2065 1605 befand,

367 1633 434 1669 und
457 1631 516 1669 alle
539 1627 804 1678 Verſtaͤrkungen
824 1632 892 1667 und
916 1626 1082 1668 Rekruten
1106 1625 1318 1674 ungehindert
1340 1636 1384 1664 an
1406 1626 1463 1674 ſich
1485 1626 1574 1675 ziehn
1598 1625 1722 1666 konnte.
1777 1624 1939 1671 Dadurch
1959 1627 2070 1663 wurde

368 1697 416 1735 die
430 1693 567 1736 Wunde,
613 1691 726 1738 welche
743 1692 782 1741 ſie
802 1693 850 1733 bei
866 1691 1049 1740 Krefeldt
1070 1691 1230 1740 erhalten,
1258 1690 1332 1729 bald
1348 1691 1463 1732 wieder
1483 1689 1619 1738 geheilt,
1648 1692 1715 1727 und
1737 1691 1791 1727 der
1814 1700 1893 1729 neue
1915 1687 2068 1737 Feldherr

365 1758 422 1807 ſah
440 1756 496 1805 ſich
523 1766 565 1795 an
591 1760 645 1794 der
660 1754 776 1803 Spitze
792 1762 856 1793 von
872 1760 1001 1797 80000
1015 1753 1145 1801 Mann,
1172 1756 1221 1792 die
1236 1754 1445 1793 vollkommen
1460 1751 1657 1801 hinreichend
1672 1762 1801 1797 waren,
1830 1751 1897 1798 ihm
1912 1760 1967 1797 zur
1982 1750 2068 1791 Ent⸗

365 1814 535 1862 wickelung
558 1814 655 1859 ſeiner
673 1812 892 1861 militaͤriſchen
908 1810 1056 1857 Talente,
1082 1812 1144 1849 mit
1161 1811 1260 1859 ihrem
1278 1810 1387 1851 Blute
1402 1808 1564 1859 behuͤlflich
1601 1814 1637 1863 zu
1639 1809 1732 1854 ſeyn;
1768 1811 1816 1847 die
1831 1798 1948 1848 Armee
1972 1814 2067 1846 unter

367 1884 441 1919 bem
457 1878 601 1925 Prinzen
615 1887 681 1916 von
695 1876 868 1923 Soubiſe
881 1881 992 1915 wurde
1008 1876 1100 1915 dabei
1115 1875 1200 1920 nicht
1212 1875 1387 1921 vergeſſen,
1415 1878 1482 1912 und
1498 1886 1554 1911 um
1570 1876 1602 1919 ſo
1618 1875 1709 1922 mehr
1725 1873 1789 1919 auf
1804 1874 1894 1911 einen
1919 1874 2069 1919 reſpekta⸗

367 1941 439 1981 beln
457 1939 532 1988 Fuß
557 1940 680 1987 geſetzt,
708 1943 751 1977 da
765 1941 805 1987 ſie
820 1940 978 1987 beſtimmt
994 1948 1083 1984 war,
1111 1937 1205 1985 durch
1223 1940 1289 1977 eine
1305 1936 1481 1986 Diverſion
1503 1939 1536 1975 in
1557 1934 1673 1983 Heſſen
1691 1939 1743 1975 der
1759 1933 1983 1981 Hauptarmee
1998 1934 2068 1981 Luft

362 2017 402 2056 zu
426 2005 622 2055 machen.

522 2074 595 2113 Die
610 2069 728 2116 Augen
750 2074 814 2105 von
837 2074 917 2113 ganz
932 2065 1119 2114 Frankreich
1137 2076 1245 2105 waren
1271 2066 1430 2116 nunmehr
1452 2067 1483 2104 in
1506 2065 1690 2113 aͤngſtlicher
1706 2063 1909 2111 Erwartung
1927 2063 1990 2109 auf
2007 2067 2067 2103 den

368 2143 471 2171 neuen
494 2129 689 2182 Feldherrn,
717 2133 777 2171 den
800 2128 1127 2171 Generallieutenant
1147 2139 1184 2168 v.
1200 2126 1398 2170 Contades
1419 2126 1586 2177 gerichtet,
1615 2130 1670 2169 der
1693 2129 1746 2175 ſeit
1771 2132 1823 2167 der
1838 2125 1997 2173 Schlacht
2017 2127 2068 2167 bei

367 2198 500 2243 Parma
518 2205 616 2241 1734,
666 2205 716 2234 wo
732 2207 770 2237 er
785 2197 837 2234 als
852 2196 1001 2244 Oberſter
1024 2195 1143 2242 fochte,
1171 2195 1251 2233 allen
1269 2191 1448 2243 Feldzuͤgen
1473 2197 1527 2232 der
1549 2191 1728 2242 Franzoſen
1752 2190 1970 2239 beigewohnt,
1999 2193 2066 2230 und

368 2256 466 2305 daher
483 2253 695 2304 Gelegenheit
718 2250 879 2301 gefunden
904 2244 1013 2301 hatte,
1041 2252 1155 2297 ſeinem
1178 2248 1374 2299 natuͤrlichen
1399 2252 1507 2292 Genie
1531 2250 1625 2297 durch
1650 2249 1861 2299 Erfahrung,
1889 2248 1937 2287 die
1959 2249 2068 2297 wahre

369 2322 567 2370 militaͤriſche
582 2321 750 2368 Richtung
774 2324 840 2360 und
864 2321 1048 2368 denjenigen
1063 2319 1163 2361 Grad
1192 2324 1244 2360 der
1262 2319 1391 2362 Staͤrke
1414 2325 1482 2359 und
1498 2318 1793 2366 Vollkommenheit
1815 2326 1853 2363 zu
1875 2313 1985 2362 geben,
2014 2320 2067 2355 der

369 2387 430 2423 den
446 2381 561 2432 Koͤnig
577 2387 643 2421 und
660 2388 720 2422 das
737 2376 962 2433 Miniſterium
986 2391 1023 2429 zu
1046 2378 1239 2428 berechtigen
1263 2380 1380 2426 ſchien,
1408 2386 1473 2417 von
1497 2379 1563 2427 ihm
1585 2389 1622 2426 zu
1639 2385 1814 2423 erwarten,
1843 2376 1905 2423 daß
1922 2389 1954 2416 er
1971 2379 2066 2422 durch

369 2446 544 2496 glaͤnzende
559 2446 688 2498 Thaten
707 2451 766 2486 den
782 2446 870 2495 Fleck
885 2449 999 2487 wieder
1022 2443 1206 2494 ausloͤſchen
1221 2442 1352 2492 wuͤrde,
1380 2447 1435 2483 der
1457 2452 1552 2484 unter
1576 2444 1677 2490 ſeinen
1694 2441 1919 2490 Vorgaͤngern
1941 2443 1972 2490 ſo
1993 2443 2067 2481 weit

370 2525 427 2552 um
443 2510 500 2562 ſich
516 2513 668 2562 gegriffen
687 2513 786 2561 hatte,
815 2514 878 2562 daß
896 2516 944 2554 die
960 2512 1048 2564 Ehre
1064 2515 1117 2551 der
1133 2511 1264 2552 Nation
1282 2514 1313 2550 in
1323 2509 1455 2560 Gefahr
1471 2520 1553 2557 war,
1581 2507 1718 2558 gaͤnzlich
1736 2508 1918 2549 verdunkelt
1933 2518 1971 2556 zu
1988 2518 2067 2547 wer⸗

368 2580 442 2617 den.
496 2576 560 2619 So
582 2575 826 2627 ſchmeichelhaft
848 2577 916 2615 dies
933 2574 987 2622 fuͤr
1010 2578 1069 2616 den
1082 2572 1230 2615 General
1245 2582 1335 2620 war,
1364 2573 1396 2619 ſo
1418 2572 1531 2620 ſchwer
1551 2582 1619 2611 war
1643 2578 1677 2609 es
1693 2570 1771 2617 auch
1794 2570 1855 2617 auf
1868 2573 1921 2610 der
1944 2574 2065 2611 andern

370 2645 484 2693 Seite,
513 2648 561 2685 die
577 2642 738 2692 Wuͤnſche
753 2645 850 2693 ſeines
869 2641 1090 2682 Vaterlandes
1107 2640 1152 2678 im
1168 2650 1289 2689 ganzen
1303 2638 1470 2688 Umfange
1484 2652 1520 2689 zu
1538 2636 1682 2689 erfuͤllen,
1711 2643 1753 2678 da
1770 2650 1801 2679 er
1817 2640 1901 2687 nicht
1917 2639 1990 2685 bloß
2006 2638 2065 2676 mit

370 2710 442 2746 dem
451 2706 570 2755 Feinde
586 2708 629 2745 im
636 2706 744 2753 Felde,
761 2706 894 2754 ſondern
909 2704 986 2752 auch
1004 2705 1063 2745 mit
1079 2704 1180 2744 einem
1195 2705 1268 2744 weit
1284 2702 1480 2754 maͤchtigern
1489 2703 1609 2751 Feinde
1623 2712 1678 2742 am
1687 2700 1788 2751 Hofe,
1802 2705 1861 2744 mit
1876 2706 1930 2742 der
1937 2700 2066 2741 Kabale

370 2788 406 2820 zu
421 2778 567 2820 kaͤmpfen
585 2778 685 2820 hatte.

422 2839 518 2876 Geſch.
534 2842 582 2872 des
598 2839 709 2877 ſiebenj.
729 2837 773 2884 Kr,
787 2839 818 2870 in
833 2837 973 2874 Deutſchl.
988 2841 1020 2868 II.
1028 2837 1083 2875 Th.

1424 2832 1494 2874 Bb

2001 2828 2066 2873 So
