1640 2397
505 262 573 320 der
600 268 830 324 Kinder.

1000 281 1061 331 95

217 350 270 402 ihr
288 364 348 396 nur
372 360 430 397 mit
447 357 590 412 wenigen
604 359 751 401 Worten
773 362 840 405 den
858 356 977 419 Jnhalt
1003 367 1062 416 des

208 394 359 458 Briefes
378 406 514 460 angeben
531 410 622 457 darf;
645 424 715 452 wer
730 403 823 469 wird
837 415 910 462 wohl
928 415 957 460 ſo
976 421 1064 460 dann

217 462 251 500 in
268 464 378 510 ſeinem
399 470 514 518 Herzen
538 471 600 507 das
625 469 761 517 groͤßeſte
782 468 982 520 Vergnuͤgen
1009 471 1064 517 da⸗

209 517 283 560 bey
297 525 490 565 empfinden,
512 520 586 557 der
601 521 710 560 Vater
734 526 810 561 oder
826 514 876 562 die
901 517 1062 573 Tochter?

200 568 314 621 Dieſe
331 580 434 627 Frage
457 572 507 624 iſt
523 571 629 630 ſchwer
639 583 681 634 zu
696 566 905 637 entſcheiden.
929 571 1062 640 Doch

199 631 287 674 geht
305 633 405 667 meine
423 622 673 680 Muthmaßung
687 621 748 684 auf
760 623 821 684 den
833 623 1000 680 Vater.

306 687 360 728 Es
382 685 463 730 kann
491 677 683 737 geſchehen,
699 687 753 742 daß
764 685 909 742 ihr,
858 691 910 745 das
918 692 1060 744 Schrei⸗

212 736 272 777 ben
288 746 371 789 zwar
389 741 474 790 wohl
490 741 551 781 von
559 742 702 787 Statten
723 740 812 798 geht,
831 737 963 804 dennoch
986 749 1058 792 aber

214 797 313 842 einige
336 799 469 845 Fehler,
485 804 591 849 was
601 791 658 842 die
680 793 904 858 Orthographie
911 793 1058 856 betrifft,

195 850 278 900 hier
300 852 357 905 und
368 843 433 895 da
445 850 535 914 uͤbrig
547 847 695 914 bleiben.
735 849 897 906 Dieſem
912 859 1057 909 Mangel

195 896 281 947 laͤßt
291 901 355 951 ſich
375 898 493 960 groͤßten
506 897 633 956 Theiles
650 893 780 963 dadurch
780 895 947 963 abhelfen,
961 898 1055 954 wenn

194 942 251 998 ſie
267 949 364 999 oͤfters
377 951 435 1000 die
451 946 731 1006 Veraͤnderungen
741 948 854 1001 derer
860 949 1057 1008 Hauptwoͤr⸗

208 1009 279 1045 ter,
307 1006 425 1050 welche
448 1006 520 1058 man
547 1008 609 1057 mit
627 1000 737 1060 einem
760 1001 868 1049 Namen
893 1010 1054 1059 Conjuga⸗

194 1051 313 1095 tiones
329 1052 462 1101 nennet,
488 1065 550 1096 aus
571 1053 654 1099 einer
667 1053 762 1109 guten
779 1060 986 1104 Grammatik
1002 1074 1054 1106 ab⸗

209 1113 345 1166 ſchreibt.
380 1115 468 1156 Aber
484 1119 541 1156 mit
560 1120 780 1170 weitlaͤuftiger
797 1121 976 1172 Erklaͤrung
1000 1136 1052 1166 der

190 1177 447 1233 Sprachregeln
478 1183 596 1234 moͤchte
620 1184 668 1236 ich
691 1189 740 1240 ihr
771 1192 829 1225 den
849 1189 942 1235 Kopf
967 1192 1051 1241 nicht

208 1237 401 1291 zerbrechen;
426 1241 497 1280 weil
523 1243 570 1290 ſie
585 1243 634 1293 ihr
650 1237 796 1293 vielleicht
822 1250 852 1300 zu
868 1243 968 1296 ſchwer
994 1250 1053 1292 fal⸗

207 1298 276 1343 len,
326 1303 392 1341 und
412 1291 520 1352 alles
547 1301 646 1351 Leſen
668 1301 900 1353 verdrießlich
920 1304 1049 1356 machen

198 1357 364 1390 moͤchten.

292 1399 383 1446 Was
406 1399 458 1453 ich
486 1399 589 1458 bisher
617 1399 792 1459 angefuͤhret
821 1366 922 1449 habe,
961 1410 1044 1453 wird

204 1420 356 1483 vielleicht
383 1442 441 1489 der
454 1442 564 1487 ganze
577 1440 727 1493 Antheil
737 1463 831 1487 ſeyn,
861 1456 922 1479 den
955 1456 1045 1492 unſer

186 1490 316 1549 junges
345 1500 600 1552 Frauenzimmer
631 1510 674 1543 an
681 1493 757 1546 den
779 1495 1044 1561 Wiſſenſchaften

197 1554 343 1603 nehmen
353 1558 429 1605 ſoll.
476 1559 546 1601 Sie
566 1564 643 1602 wird
660 1563 691 1600 in
708 1553 799 1612 ihrer
819 1561 964 1614 Kenntniß
980 1576 1044 1608 von

187 1619 254 1656 der
270 1613 439 1666 Religion,
470 1608 506 1671 in
525 1619 733 1667 demjenigen,
753 1626 827 1660 was
846 1620 886 1671 ſie
899 1636 962 1663 aus
985 1619 1044 1666 den

201 1664 406 1725 ordentlichen
414 1667 587 1730 Predigten
605 1673 753 1725 begreift,
775 1683 839 1718 und
855 1683 887 1718 in
905 1686 973 1721 dem
989 1684 1042 1726 Le⸗

199 1730 249 1778 ſen
258 1720 431 1784 nuͤtzlicher
454 1725 593 1786 Buͤcher,
608 1735 658 1772 ein
683 1736 881 1791 genugſames
884 1739 968 1784 Licht
986 1731 1039 1785 fuͤr

175 1771 263 1839 ihre
279 1779 485 1835 Auffuͤhrung
504 1788 626 1835 finden.
712 1788 804 1843 Jhre
820 1791 1038 1847 Wiſſenſchaft

197 1854 229 1884 in
249 1849 300 1884 der
319 1840 553 1895 Rechenkunſt,
573 1848 640 1893 und
665 1845 711 1887 im
728 1837 929 1901 Schreiben,
958 1854 1040 1894 wird

988 1920 1041 1968 ihr
