3180 3761
1125 649 1298 715 Erſter
1324 648 1541 719 Geſang.

2105 675 2182 711 27

491 769 587 817 Eben
607 768 689 820 dieſe
709 764 909 821 Wohnung
930 766 989 812 der
1012 762 1282 818 Sterblichkeit,
1314 762 1417 815 dieſes
1441 760 1612 813 Gebeine,

488 856 582 904 Das
608 856 660 900 die
682 855 792 907 Hand
817 854 879 897 des
904 851 1109 905 gewaltigen
1134 850 1255 896 Todes
1278 852 1311 903 ſo
1334 847 1473 901 traurig
1497 848 1638 899 entſtellt
1652 847 1737 899 hat,

491 940 583 987 Soll
602 939 664 984 mit
687 941 761 985 dem
784 938 945 990 Morgen
969 939 1031 984 des
1054 936 1217 990 Richters
1239 945 1296 986 zur
1316 945 1421 980 neuen
1444 927 1654 985 Schoͤpfung
1676 930 1859 981 erwachen.

490 1029 657 1081 Kommt,
688 1031 748 1073 des
769 1027 946 1082 Himmels
969 1021 1157 1082 zukuͤnftige
1179 1018 1351 1076 Buͤrger,
1384 1025 1436 1069 ein
1455 1023 1593 1077 helleres
1616 1022 1813 1074 Anſchaun,

492 1109 628 1165 Siehe,
657 1112 716 1155 der
740 1109 822 1160 erſte
844 1112 904 1154 der
925 1106 1150 1157 Uberwinder
1176 1110 1340 1150 erwartet
1358 1104 1454 1156 euch,
1487 1103 1640 1150 Seelen!

592 1193 688 1246 Auch
712 1193 763 1237 die
783 1193 936 1242 Seelen,
963 1190 1017 1234 die
1040 1193 1152 1239 zarten
1171 1199 1238 1230 nur
1257 1188 1463 1240 ſproſſenden
1488 1180 1654 1239 Koͤrpern
1677 1184 1859 1238 entflohen,

492 1280 715 1326 Sammelten
741 1279 802 1332 ſich
827 1289 884 1321 um
906 1280 969 1323 den
993 1274 1145 1329 Seraph
1170 1273 1300 1328 herum.
1354 1274 1431 1320 Sie
1451 1273 1562 1327 flohen
1580 1273 1642 1317 mit
1665 1272 1843 1322 Weinen,

490 1365 574 1411 Mit
594 1366 654 1410 der
676 1360 844 1417 Kindheit
865 1355 1051 1415 zaͤrtlichem
1073 1358 1243 1408 Weinen.
1293 1358 1369 1413 Jhr
1387 1350 1610 1411 ſchuͤchternes
1634 1356 1735 1409 Auge

490 1444 605 1498 Hatte
628 1444 683 1491 die
702 1440 902 1498 Oberflaͤche
922 1434 984 1489 der
1006 1441 1102 1490 Erde
1121 1439 1223 1486 kaum
1241 1439 1404 1491 ſtaunend
1422 1437 1595 1492 erblicket;

492 1531 643 1581 Darum
668 1533 805 1584 durften
826 1530 870 1581 ſie
884 1529 972 1582 ſich,
1000 1529 1067 1580 auf
1081 1529 1145 1573 den
1165 1521 1312 1580 groͤßern
1333 1526 1546 1581 Schauplatz
1563 1526 1623 1571 der
1644 1523 1816 1574 Welten,

494 1620 595 1671 Noch
616 1616 827 1672 ungebildet,
859 1620 891 1670 ſo
912 1616 994 1661 bald
1006 1615 1291 1669 hervorzutreten
1311 1614 1400 1664 nicht
1417 1622 1554 1663 wagen.

493 1695 589 1748 Jhre
614 1688 809 1744 Beſchuͤtzer
832 1690 993 1741 begleiten
1004 1691 1103 1746 ſie
1087 1690 1125 1748 zu
1136 1689 1221 1739 ſich,
1253 1691 1326 1737 und
1343 1689 1457 1740 lehren
1470 1688 1525 1737 ſie
1540 1686 1712 1737 reizend,

494 1781 603 1828 Unter
624 1782 699 1826 dem
718 1778 857 1829 Klange
887 1775 1087 1827 beſeelender
1108 1776 1271 1828 Harfen,
1305 1774 1341 1817 in
1360 1773 1502 1821 Liedern
1517 1776 1583 1819 der
1606 1772 1778 1820 Wonne:

496 1864 613 1918 Wie,
645 1866 714 1909 und
735 1862 851 1919 woher
875 1862 917 1916 ſie
937 1859 1161 1915 entſtanden;
1195 1858 1262 1906 wie
1283 1857 1370 1913 groß
1389 1857 1443 1906 die
1462 1856 1662 1914 menſchliche
1682 1858 1794 1905 Seele

495 1958 590 2007 Von
615 1958 689 2004 dem
712 1951 1007 2005 vollkommenſten
1019 1951 1140 2004 Geiſte
1163 1950 1313 2004 gemacht
1333 1949 1417 2004 ſey;
1448 1946 1517 1993 wie
1538 1947 1722 2003 jugendlich
1744 1948 1847 2004 heiter

497 2040 650 2084 Sonnen
670 2038 739 2079 und
764 2036 905 2082 Monde
925 2032 1010 2086 nach
1030 2033 1122 2088 ihrer
1145 2030 1287 2078 Geburt
1309 2041 1384 2082 zum
1404 2024 1585 2084 Schoͤpfer
1604 2026 1806 2080 gekommen.

497 2125 591 2178 Euch
611 2129 782 2170 erwarten
803 2123 985 2171 vollendete
1005 2117 1157 2171 Vaͤter!
1195 2121 1266 2167 Ein
1287 2119 1467 2175 herrliches
1487 2118 1679 2174 Anſchaun

497 2215 617 2263 Eures
639 2211 854 2260 Erbarmers
876 2216 1042 2258 erwartet
1060 2208 1139 2263 euch
1156 2210 1237 2255 dort
1257 2218 1315 2254 am
1336 2206 1468 2260 ewigen
1486 2206 1646 2261 Throne!

497 2304 582 2354 Alſo
602 2302 714 2356 lehren
735 2301 778 2352 ſie
796 2300 880 2352 dieſe
899 2302 961 2347 der
984 2297 1170 2351 Weisheit
1192 2292 1351 2349 wuͤrdige
1374 2289 1584 2349 Schuͤler,

498 2378 612 2423 Jener
630 2377 838 2428 erhabneren
867 2372 1074 2423 Weisheit,
1101 2374 1183 2418 nach
1201 2375 1303 2412 deren
1324 2368 1501 2419 fluͤchtigen
1519 2367 1716 2416 Schatten,

497 2467 625 2521 Durch
645 2468 700 2524 ihr
721 2462 877 2523 Glaͤnzen
895 2453 1089 2520 geblendet,
1112 2461 1166 2512 die
1190 2463 1343 2512 irrenden
1363 2463 1586 2515 Sterblichen
1610 2462 1705 2506 eilen.

498 2560 575 2614 Jtzo
596 2560 711 2614 hatten
736 2562 782 2613 ſie
803 2562 869 2608 alle
887 2562 943 2608 die
962 2558 1217 2615 ſchimmernden
1236 2554 1374 2605 Lauben
1393 2556 1578 2610 verlaſſen,

498 2648 577 2698 Und
600 2647 661 2700 ſich
684 2655 721 2697 zu
742 2644 836 2697 ihren
862 2645 1110 2697 Vertrauten,
1136 2646 1201 2692 den
1222 2642 1356 2697 Engeln
1375 2641 1436 2687 der
1455 2642 1571 2696 Erde,
1604 2638 1826 2693 verſammelt.

500 2723 653 2774 Gabriel
672 2721 749 2778 that
775 2720 830 2773 itzo
851 2721 911 2768 der
931 2707 1059 2772 ganzen
1084 2719 1476 2772 Geiſterverſammlung

499 2816 601 2865 Alles
620 2819 688 2862 das
710 2812 818 2869 kund,
847 2817 929 2856 was
952 2814 1047 2860 Gott
1067 2812 1140 2868 ihm
1156 2812 1272 2867 befahl
1293 2817 1371 2853 vom
1391 2809 1544 2863 Meßias
1567 2820 1597 2862 zu
1614 2811 1735 2861 ſagen.

502 2891 611 2951 Dieſe
630 2892 721 2940 blieb
746 2892 813 2941 wie
834 2884 975 2943 entzuͤckt
1000 2901 1059 2933 um
1079 2893 1148 2936 den
1161 2888 1268 2943 hohen
1287 2881 1467 2942 goͤttlichen
1488 2886 1636 2943 Lehrer,

501 2986 581 3036 Und
604 2986 668 3039 ließ
692 2986 763 3042 ihre
783 2982 971 3035 Gedanken
995 2981 1029 3029 in
1052 2981 1132 3042 tiefe
1155 2978 1445 3034 Betrachtungen
1460 2977 1657 3029 nieder.

2114 945 2179 982 650

2117 1372 2185 1408 655

2119 1792 2186 1821 660

2125 2228 2195 2262 665

2127 2658 2197 2698 670

1257 3069 1291 3109 D
1328 3081 1352 3109 2

2015 3065 2114 3108 Aber
