2473 2972
694 585 760 617 22.
776 587 822 619 23.
837 584 897 620 24.
973 572 1148 627 Darnach
1169 573 1253 619 aber
1267 574 1301 628 ſo
1322 572 1396 626 ſind
1406 574 1494 627 auch
1511 573 1618 626 ſolche
1633 574 1753 626 Wege
1779 575 1847 618 des
1864 574 2029 626 HErrn,
2046 579 2121 624 auf
2129 583 2213 618 wel⸗

692 623 777 675 chen
795 635 831 667 er
851 623 949 676 ſelbſt
964 622 1148 677 gleichſam
1163 624 1345 672 wandelt,
1362 624 1424 667 als
1439 628 1488 666 da
1501 623 1543 676 iſt
1572 628 1634 667 der
1650 624 1750 675 Weg
1769 628 1830 667 der
1846 622 2112 674 Schoͤpffung,
2137 635 2212 665 von

696 678 861 728 welchem
878 677 933 722 die
950 677 1161 730 himmliſche
1175 678 1367 731 Weißheit
1388 671 1512 727 redet,
1540 687 1628 720 wenn
1652 686 1688 718 er
1705 673 1876 729 ſpricht:
1926 678 2008 718 Der
2038 679 2214 726 HERR

694 726 769 776 hat
784 727 885 770 mich
903 717 1048 778 gehabt
1063 729 1122 768 im
1132 726 1316 777 Anfange
1331 724 1444 771 ſeiner
1468 726 1615 777 Wege,
1646 729 1798 765 Proverb.
1815 726 1891 770 VIll,
1914 738 1962 765 22.
2037 729 2212 776 Desglei⸗

696 780 778 830 chen
805 788 874 826 den
890 783 991 833 Weg
1007 785 1068 822 der
1078 777 1271 832 goͤttlichen
1296 778 1488 831 goͤttlichen
1507 779 1722 824 Gedancken
1736 786 1811 823 und
1841 774 2064 831 Anſchlaͤge,
2088 784 2215 831 welche

693 831 734 881 ſo
754 834 829 875 viel
845 827 968 882 hoͤher
989 830 1090 882 ſind,
1107 831 1171 872 als
1187 837 1251 873 der
1266 832 1480 878 Menſchen
1495 831 1623 883 Wege
1644 835 1726 872 und
1743 830 1989 874 Gedancken,
2008 830 2045 878 ſo
2061 833 2139 870 viel
2150 837 2214 872 der

695 882 871 932 Himmel
885 879 1007 927 hoͤher
1024 882 1080 930 iſt,
1095 884 1160 923 als
1177 886 1238 925 die
1256 884 1376 924 Erde,
1388 880 1442 922 Eſ.
1456 885 1525 926 LV,
1571 896 1576 928 9.
1653 882 1737 924 Und
1765 879 2005 932 abſonderlich
2022 881 2078 923 die
2095 882 2213 932 Wege

695 937 765 977 des
781 939 848 979 des
865 932 1056 985 goͤttlichen
1070 935 1257 980 Gerichts,
1267 934 1354 974 uͤber
1362 932 1486 983 welche
1499 937 1560 977 der
1568 933 1714 984 Apoſtel
1728 933 1888 987 Paulus
1898 931 1960 983 ſich
1972 937 2215 983 verwundert,

696 989 807 1022 wenn
822 989 858 1022 er
872 979 1020 1030 ſpricht:
1064 982 1084 1021 O
1109 983 1186 1019 wie
1202 988 1273 1027 gar
1288 975 1567 1030 unbegreiflich
1583 979 1672 1031 ſind
1683 980 1779 1028 ſeine
1788 981 1989 1022 Gerichte,
2006 988 2087 1017 und
2107 992 2215 1018 uner⸗

697 1036 902 1084 forſchlich
925 1035 1019 1080 ſeine
1032 1035 1183 1080 Wege,
1202 1036 1303 1071 Rom.
1324 1030 1378 1073 Xl,
1396 1043 1454 1079 33.
1503 1033 1588 1076 Und
1607 1031 1694 1076 uͤber
1709 1032 1799 1084 dieſe
1815 1033 1934 1082 Wege
1943 1034 2011 1072 des
2025 1032 2217 1083 goͤttlichen

699 1085 879 1132 Gerichts
895 1082 1110 1132 urtheileten
1125 1091 1201 1123 nun
1218 1082 1275 1125 die
1291 1088 1377 1122 vom
1386 1080 1512 1132 Hauſe
1527 1081 1664 1133 Jſrael,
1681 1083 1744 1125 als
1759 1082 1804 1123 ob
1822 1083 1866 1131 ſie
1879 1082 1971 1131 nicht
1983 1084 2075 1132 recht
2091 1091 2217 1131 geord⸗

701 1140 765 1177 net
783 1129 918 1177 waͤren.
971 1133 1063 1177 Das
1085 1129 1274 1184 Ebraͤiſche
1292 1132 1587 1180 Stamm⸗Wort
1609 1137 1696 1175 הﬤוֹ.
1714 1131 1833 1187 heiſſet
1847 1132 1882 1184 ſo
1910 1135 1979 1175 viel
2010 1137 2072 1174 als
2096 1141 2218 1176 etwas

699 1179 893 1236 abwaͤgen,
907 1181 1092 1233 abzehlen,
1104 1184 1291 1234 abmeſſen,
1305 1185 1390 1224 oder
1404 1184 1489 1235 nach
1506 1187 1568 1225 der
1583 1184 1706 1234 Kunſt
1719 1187 1759 1228 in
1778 1186 1887 1235 ſeiner
1910 1187 2094 1233 Ordnung
2115 1191 2217 1231 zube⸗

700 1239 830 1280 reiten.
880 1236 969 1280 Wie
983 1235 1096 1283 dieſes
1112 1238 1229 1280 Wort
1249 1232 1442 1286 gebraucht
1457 1235 1549 1278 wird
1562 1243 1637 1276 von
1654 1238 1715 1275 der
1747 1235 1916 1283 richtigen
1943 1241 2019 1275 und
2043 1242 2218 1279 ordentli⸗

701 1288 788 1336 chen
803 1284 1023 1337 Abmeſſung
1042 1289 1108 1328 des
1125 1284 1343 1333 Himmels,
1362 1286 1412 1323 Eſ.
1428 1288 1496 1326 XL,
1512 1295 1561 1326 12.
1588 1284 1810 1334 desgleichen
1827 1293 1901 1326 von
1917 1290 1979 1327 der
1996 1289 2217 1336 Abmeſſung

700 1342 771 1380 des
788 1338 979 1391 Waſſers,
995 1341 1076 1381 dem
1099 1338 1217 1382 GOtt
1237 1342 1300 1380 der
1318 1335 1491 1385 HERR
1506 1337 1599 1385 ſeine
1615 1338 1767 1386 gewiſſe
1782 1337 1918 1384 Maſſe
1933 1340 2098 1384 geſetzet,
2114 1345 2219 1375 Hiob.

699 1394 838 1437 XXVIll,
857 1404 920 1439 25.
972 1393 1058 1435 Und
1076 1391 1152 1435 eine
1171 1388 1277 1440 ſolche
1287 1388 1506 1440 Richtigkeit
1520 1389 1656 1433 wolten
1670 1382 1748 1433 nun
1763 1391 1819 1433 die
1846 1397 1932 1432 vom
1948 1386 2077 1442 Hauſe
2091 1388 2219 1442 Jſrael

700 1443 741 1487 in
759 1446 829 1486 den
840 1441 1035 1493 Gerichten
1052 1444 1120 1485 des
1138 1440 1283 1495 HErrn
1301 1441 1395 1488 nicht
1411 1432 1594 1482 erkennen.
1666 1437 1819 1484 Darum
1836 1435 2000 1492 ſprachen
2022 1440 2095 1490 ſie:
2132 1446 2220 1483 Der

700 1495 827 1545 HErr
841 1494 1001 1541 handelt
1019 1494 1127 1536 nicht
1144 1495 1257 1539 recht.
1333 1493 1463 1541 Gleich
1480 1493 1541 1537 als
1554 1492 1600 1537 ob
1618 1495 1680 1537 der
1691 1492 1809 1547 HErr
1824 1494 1862 1539 in
1887 1490 2004 1543 ſeinen
2021 1492 2218 1545 Gerichten

700 1547 779 1586 das
801 1543 1018 1596 æqvilibrium
1033 1545 1155 1590 juſtitiæ
1180 1543 1275 1594 nicht
1291 1540 1486 1593 gehalten,
1523 1543 1609 1586 oder
1637 1540 1709 1590 ſein
1734 1541 1875 1595 Urtheil
1892 1540 1979 1584 uͤber
2005 1544 2078 1584 das
2095 1545 2218 1594 Hauß

697 1598 828 1650 Jſrael
845 1598 918 1644 auf
928 1601 990 1640 der
1007 1594 1296 1645 Wag⸗Schaale
1307 1599 1368 1640 der
1380 1595 1640 1646 Gerechtigkeit
1655 1596 1749 1648 nicht
1766 1595 1859 1647 recht
1871 1594 2050 1644 uͤberleget
2068 1595 2144 1637 und
2155 1599 2220 1638 ab⸗

701 1655 878 1698 gewogen
895 1642 1007 1698 haͤtte.
1059 1639 1175 1692 Denn
1192 1643 1237 1696 ſie
1254 1648 1453 1697 meyneten,
1465 1649 1527 1687 der
1538 1639 1657 1696 HErr
1673 1646 1759 1698 thue
1776 1644 1887 1696 ihnen
1895 1652 1945 1705 zu
1958 1645 2050 1692 viel,
2082 1648 2157 1688 und
2173 1647 2219 1697 ſie

699 1691 831 1751 haͤtten
848 1699 916 1742 mit
933 1696 1027 1750 ihrer
1042 1697 1182 1742 Suͤnde
1197 1695 1231 1748 ſo
1248 1695 1360 1750 groſſe
1378 1695 1533 1745 Straffe
1546 1695 1637 1742 nicht
1657 1696 1851 1745 verdienet,
1869 1697 1931 1737 als
1951 1691 1997 1747 ſie
2022 1697 2219 1748 ausſtehen

702 1749 854 1801 muͤſten,
870 1747 1020 1801 ſondern
1037 1748 1082 1796 ſie
1101 1748 1238 1800 muͤſten
1253 1759 1330 1792 nun
1345 1748 1440 1800 ihrer
1456 1745 1580 1793 Vaͤter
1593 1749 1786 1802 Miſſethat
1799 1746 1994 1796 vergelten.
2058 1748 2150 1793 Wie
2172 1751 2219 1800 ſie

704 1806 800 1845 denn
815 1801 928 1853 dieſes
946 1801 1182 1851 Sprichwort
1196 1806 1306 1845 unter
1326 1800 1389 1851 ſich
1406 1799 1534 1849 herum
1548 1798 1660 1850 gehen
1680 1801 1820 1852 lieſſen:
1846 1802 1925 1843 Die
1950 1800 2074 1842 Vaͤter
2088 1800 2219 1847 haben

702 1847 910 1897 Heerlinge
922 1846 1063 1897 geſſen,
1077 1851 1158 1888 und
1179 1851 1251 1888 den
1262 1842 1446 1889 Kindern
1468 1846 1555 1897 ſind
1570 1852 1629 1890 die
1646 1845 1777 1893 Zaͤhne
1796 1849 1932 1889 davon
1950 1843 2110 1901 ſtumpff
2126 1858 2219 1901 wor⸗

701 1906 790 1943 den.
860 1903 967 1946 Was
983 1901 1082 1952 ſaget
1094 1901 1180 1943 aber
1193 1904 1288 1941 denn
1305 1901 1421 1945 Gott
1433 1906 1495 1942 der
1509 1900 1627 1948 HErr
1647 1908 1689 1951 zu
1705 1898 1830 1955 ſolcher
1856 1898 2022 1952 Anklage
2036 1902 2104 1941 des
2125 1902 2221 1951 juͤdi⸗

704 1950 802 2003 ſchen
816 1950 987 1996 Volckes.
1041 1950 1097 1995 Er
1114 1944 1214 2000 haͤtte
1228 1956 1323 1999 zwar
1336 1957 1403 1998 gar
1415 1945 1508 1999 recht
1525 1945 1684 2000 gethan,
1697 1957 1802 1991 wenn
1821 1948 1869 1991 er
1881 1949 1975 1990 allen
1995 1952 2222 1998 denjenigen,

703 2005 762 2048 die
778 2003 853 2056 ihm
875 2003 1012 2053 einiges
1029 2003 1184 2052 Unrecht
1201 2000 1472 2051 beſchuldigten,
1486 2003 1552 2048 mit
1577 2001 1672 2053 Blitz
1687 2006 1762 2046 und
1786 2000 2130 2047 Donner ⸗ Keulen
2146 2010 2222 2046 das

705 2051 1043 2107 Gotteslaͤſterliche
1061 2054 1179 2098 Maul
1197 2052 1400 2104 geſtopffet,
1414 2054 1489 2095 und
1503 2051 1721 2105 hiermit
1669 2052 1725 2106 des
1737 2054 1882 2106 gantzen
1894 2053 2006 2095 wider
2024 2054 2099 2102 ihm
2111 2061 2223 2103 ange⸗

705 2108 842 2157 ſtellten
858 2106 1021 2147 Proceſſes
1035 2108 1092 2150 ein
1114 2105 1220 2149 Ende
1236 2102 1417 2156 gemachet
1434 2102 1557 2157 haͤtte;
1616 2105 1752 2158 Allein,
1765 2115 1802 2147 er
1817 2104 1967 2156 verfuhr
1981 2103 2016 2152 ſo
2032 2105 2137 2162 guͤtig
2154 2109 2222 2149 mit

705 2163 788 2201 dem
805 2157 933 2209 Hauſe
950 2156 1085 2207 Jſrael,
1107 2155 1179 2207 daß
1194 2166 1230 2199 er
1247 2160 1289 2199 es
1310 2154 1376 2209 bey
1392 2153 1499 2209 dieſer
1515 2154 1752 2208 glimpflichen
1769 2156 1944 2196 Retorſion
1959 2154 2099 2199 bleiben
2119 2159 2221 2207 ließ:

707 2211 815 2254 Solt
833 2211 892 2254 ich
918 2208 1078 2252 unrecht
1090 2208 1248 2259 haben?
1275 2210 1360 2256 Jhr
1373 2218 1469 2250 vom
1488 2206 1610 2256 Hauſe
1632 2204 1762 2258 Jſrael
1775 2206 1872 2258 habt
1886 2204 2054 2252 unrecht.
2104 2208 2222 2251 Denn

705 2253 749 2291 es
767 2250 896 2293 bleibet
909 2251 993 2301 doch
1006 2250 1146 2302 dabey,
1161 2247 1235 2300 daß
1252 2240 1368 2294 Gott
1382 2252 1486 2293 recht
1501 2253 1633 2295 behaͤlt
1651 2258 1693 2287 in
1709 2252 1829 2296 ſeinen
1842 2255 2025 2290 Worten,
2042 2262 2124 2286 und
2138 2263 2236 2289 rein

705 2311 864 2353 bleibet,
884 2321 999 2351 wenn
1011 2321 1049 2348 er
1064 2307 1249 2358 gerichtet
1265 2310 1386 2353 wird,
1401 2311 1450 2352 Pſ.
1466 2313 1570 2354 LI,6.
1623 2307 1714 2353 Wie
1734 2306 1846 2362 ſolten
1862 2308 1917 2351 die
1934 2316 2060 2349 armen
2073 2309 2221 2352 elenden

707 2361 901 2413 Menſchen
915 2351 1115 2413 rechtfertig
1135 2359 1195 2410 fuͤr
1210 2359 1286 2412 ihm
1302 2357 1475 2410 beſtehen,
1488 2363 1537 2402 da
1557 2356 1605 2409 ſie
1625 2356 1707 2403 auf
1724 2360 1883 2410 tauſend
1896 2360 2004 2402 nicht
2025 2359 2111 2398 eins
2137 2370 2224 2399 ant⸗

707 2423 860 2453 worten
875 2410 1041 2458 koͤnnen,
1067 2415 1159 2451 Hiob
1185 2412 1249 2456 IX,
1277 2416 1326 2464 3.
1370 2408 1523 2455 Darum
1538 2420 1654 2451 wenn
1668 2407 1720 2455 ſie
1735 2409 1859 2462 gleich
1873 2413 1946 2451 mit
1962 2411 2047 2458 ihm
2068 2413 2220 2453 rechten

708 2463 876 2508 wollen,
888 2462 924 2508 ſo
940 2462 1071 2506 behaͤlt
1090 2475 1128 2503 er
1147 2460 1247 2504 doch
1250 2459 1389 2521 recht,
1406 2463 1472 2507 Jer.
1488 2461 1554 2505 Xll,
1595 2459 1637 2511 1.
1655 2458 1771 2503 Denn
1784 2462 1876 2510 ſeine
1897 2461 2025 2512 Wege
2042 2462 2128 2510 ſind
2148 2467 2221 2511 oh⸗

708 2528 755 2558 ne
777 2516 978 2562 Wandel,
1001 2517 1082 2561 Pſal.
1097 2518 1202 2561 XVIIl,
1218 2529 1280 2572 31.
1332 2514 1461 2567 Seine
1489 2514 1621 2569 Wege
1635 2510 1724 2566 ſind
1741 2511 1988 2569 unſtraͤflich,
2004 2517 2088 2558 und
2100 2517 2221 2560 alles,
