1549 2332
287 398 353 435 Und
371 395 426 432 wie
446 395 561 439 gewiß,
585 395 641 433 wie
657 396 727 432 bald
739 398 814 434 wird
831 396 910 437 nicht
925 398 975 432 der
989 396 1095 441 Friede

213 429 264 477 der
279 441 381 479 Seele,
406 440 499 483 dieſes
522 435 670 481 koͤſtlichſte
686 442 753 477 Gut
775 441 829 473 des
843 439 1017 479 Menſchen,
1038 446 1096 477 zer⸗

213 493 315 538 ſtoͤret,
340 487 429 531 wenn
454 496 496 536 ich
517 495 658 538 ſuͤndige?
679 499 748 533 Wie
770 498 848 532 kann
871 495 913 536 ich
936 498 975 529 da
991 495 1095 535 wahre

212 537 319 595 Ruhe,
345 547 457 588 Ruhe,
478 547 524 582 die
539 547 593 589 ſich
607 549 666 589 auf
678 547 878 588 Ueberlegung
893 542 1020 586 gruͤndet
1029 548 1094 579 und

213 603 268 639 mit
288 603 418 646 innigem
437 603 638 644 Bewußtſeyn
663 604 833 639 verbunden
856 601 903 644 iſt,
933 602 1096 643 genießen?

213 656 315 697 Kann
326 657 367 696 ich
383 659 422 691 da
438 658 570 695 anders,
590 656 644 691 als
657 656 712 691 mit
726 656 835 701 Furcht
855 658 915 690 und
928 654 1096 694 Schrecken

214 715 256 743 an
277 707 374 748 Gott,
394 707 508 743 meinen
530 707 712 749 Geſetzgeber
732 712 794 743 und
816 697 953 748 Richter,
979 709 1099 743 anders

213 762 266 794 als
288 764 343 797 mit
355 759 557 801 Verwirrnng
578 762 639 793 und
653 759 797 797 Schaam
813 767 853 791 an
871 761 964 794 meine
978 758 1097 794 Neben⸗

215 814 381 853 menſchen,
409 814 529 853 anders
548 813 599 849 als
620 813 675 849 mit
690 812 941 857 Unzufriedenheit
963 822 1004 847 an
1020 811 1097 853 mich

214 867 313 907 ſelbſt,
359 868 475 901 anders
489 867 549 901 als
568 867 624 901 mit
645 866 730 901 Reue
749 874 792 900 an
817 866 877 898 das
898 865 1096 905 Vergangne,

212 917 279 952 und
307 919 362 953 mit
382 916 591 960 Beſorgniſſen
620 925 662 951 an
688 920 752 952 das
770 914 946 961 Zukuͤnftige
967 917 1098 953 denken?

212 965 299 1005 Muß
319 966 361 1004 ich
382 968 422 999 da
444 961 525 1006 nicht
536 965 634 1001 Stille
658 953 720 1001 und
740 963 937 1008 Einſamkeit,
962 963 1035 1004 muß
1051 964 1096 1006 ich

213 1020 294 1062 nicht
309 1020 382 1063 mich
400 1020 478 1064 ſelbſt
493 1019 607 1064 fliehen,
632 1021 695 1055 und
711 1021 789 1056 mein
797 1018 864 1065 Heil
880 1019 911 1053 in
926 1022 975 1056 der
982 1016 1098 1059 Betaͤu⸗

212 1070 323 1119 bung,
339 1071 370 1106 in
396 1062 620 1121 abwechſelnden
632 1063 853 1121 Zerſtreuungen
868 1070 980 1113 ſuchen,
1007 1078 1098 1107 wenn

211 1124 286 1169 mich
301 1124 372 1167 dieſe
389 1123 553 1162 Gedanken
571 1123 650 1166 nicht
665 1121 888 1166 beunruhigen,
913 1128 1001 1159 wenn
1011 1123 1097 1166 mich

148 1177 292 1222 nicht
303 1173 468 1220 Vorwuͤrfe
489 1180 550 1213 und
565 1176 806 1220 Gewiſſensbiſſe
815 1174 924 1220 quaͤlen
937 1168 1046 1220 ſollen?

290 1233 357 1267 Und
386 1230 510 1274 welches
536 1230 614 1276 Heer
648 1235 711 1264 von
738 1230 980 1270 Unordnungen,
1033 1235 1098 1264 von

212 1282 479 1326 Schwachheiten,
506 1289 568 1320 von
590 1281 787 1326 Schmerzen,
813 1288 875 1318 von
896 1280 1097 1325 Krankheiten

212 1337 270 1380 hat
292 1339 371 1381 nicht
391 1341 435 1376 die
450 1335 564 1377 Suͤnde
584 1338 630 1383 oft
652 1338 682 1375 in
699 1337 791 1382 ihrem
807 1337 952 1383 Gefolge!
978 1339 1097 1379 Welche

210 1391 432 1435 Zerruͤttungen
448 1394 551 1431 richtet
561 1394 598 1435 ſie
606 1393 685 1434 nicht
707 1391 779 1430 bald
794 1391 826 1427 in
841 1394 957 1434 unſerm
971 1392 1100 1436 Koͤrper,

212 1444 288 1481 bald
304 1445 334 1480 in
347 1445 463 1487 unſerm
478 1442 592 1488 aͤußern
605 1444 801 1485 Wohlſtande
813 1437 868 1485 an!
891 1445 959 1480 Wie
976 1445 1021 1485 oft
1034 1451 1100 1479 ver⸗

213 1493 324 1540 kuͤrzet,
348 1497 405 1532 wie
421 1496 480 1532 viel
492 1494 570 1539 oͤfter
584 1495 740 1533 verbittert
753 1497 790 1544 ſie
805 1496 890 1536 unſer
902 1494 1008 1532 Leben!
1026 1498 1099 1533 Wie

209 1547 263 1590 oft
278 1548 350 1588 zieht
369 1548 406 1592 ſie
421 1548 500 1587 nicht
515 1550 562 1583 ein
578 1547 700 1590 ſieches,
722 1546 963 1590 unzufriedenes,
990 1545 1101 1583 muͤrri⸗

215 1601 306 1641 ſches,
329 1604 394 1634 uns
409 1601 488 1642 ſelbſt
502 1604 564 1635 und
573 1603 688 1635 andern
698 1596 828 1640 laͤſtiges,
848 1599 929 1632 Alter
937 1600 1011 1639 nach
1027 1594 1106 1644 ſich!

213 1650 286 1687 Wie
308 1648 380 1684 viele
402 1650 537 1692 Freuden
561 1650 615 1684 des
633 1645 826 1690 haͤuslichen,
852 1644 907 1681 wie
924 1648 996 1684 viele
1008 1647 1102 1692 Freu⸗

211 1703 273 1737 den
287 1701 341 1734 des
341 1692 500 1747 geſelligen
516 1692 610 1743 Lebens
634 1697 763 1741 zerſtoͤret
783 1699 846 1733 und
858 1698 1019 1739 zernichtet,
1041 1697 1099 1734 wie

211 1751 294 1788 viele
311 1754 405 1787 andre
427 1748 566 1796 vergiftet
586 1750 622 1793 ſie
643 1750 738 1794 nicht!
762 1751 828 1789 Und
850 1750 905 1788 wie
925 1751 997 1788 viele
1019 1750 1098 1791 ihrer

213 1801 392 1850 ſchaͤdlichen
412 1804 525 1847 Folgen
548 1801 659 1846 muͤſſen
683 1807 746 1840 uns
767 1803 846 1846 nicht
867 1803 898 1839 in
922 1808 982 1841 das
1007 1803 1099 1840 Grab

212 1859 281 1893 und
303 1858 334 1891 in
358 1854 401 1890 die
421 1856 587 1901 zukuͤnftige
606 1856 687 1893 Welt
710 1855 872 1899 begleiten,
899 1858 960 1892 und
985 1855 1098 1896 drohen

211 1913 280 1946 uns
296 1912 335 1943 da
361 1909 572 1953 unerſetzlichen
593 1910 721 1952 Verluſt,
743 1909 967 1951 unabſehliches
985 1911 1100 1945 Elend!

213 1963 284 2000 Wie
298 1958 426 2007 unfaͤhig
439 1959 553 2006 machet
567 1963 631 1999 uns
650 1961 728 2005 nicht
744 1962 789 2000 die
803 1959 934 2002 Suͤnde,
955 1968 1043 1998 wenn
1059 1961 1097 2004 ſie
