1548 2235
220 421 287 474 fern
300 421 430 479 letztere
440 432 498 467 mit
521 430 575 467 der
593 428 776 476 Horizont ⸗
797 430 871 475 und
886 428 1078 474 Grundlinie

220 480 346 520 parallel
358 485 438 531 ſind,
454 477 530 530 kurz,
540 487 587 522 die
593 486 845 532 perſpektiviſchen
853 483 1078 534 Verkuͤrzun⸗

220 530 285 569 gen
301 530 372 573 nach
386 532 464 572 ihrer
478 534 599 573 wahren
614 532 719 573 Groͤße
739 533 889 575 angeben;
913 537 1010 571 indem
1028 535 1078 568 die

220 576 304 620 Tiefe
326 582 407 617 eines
430 575 623 629 Endpunktes
645 582 752 626 ſolcher
774 583 875 619 Linien
907 588 995 618 unter
1024 587 1077 618 der

220 623 467 674 Horizontallinie
488 641 536 665 20
555 629 623 672 Fuß
645 632 813 674 gerechnet,
844 635 904 667 und
919 634 966 667 die
987 633 1077 677 Hoͤhe

218 683 290 718 oder
305 682 413 722 Breite
425 685 528 718 damit
536 680 737 725 ausgemeſſen
752 685 844 722 wird.
893 685 950 723 So
965 686 1002 730 iſt

267 761 305 796 1)
332 762 381 787 die
404 753 492 792 Hoͤhe
507 756 565 792 des
587 747 769 797 verfallenen
790 749 927 783 Thurms
941 767 976 794 V
989 770 1011 795 v
1025 773 1070 801 55

315 810 396 859 Fuß.

263 883 305 925 2)
329 875 400 920 Der
411 883 518 919 Baum
533 877 558 917 b
575 883 622 919 60
640 880 709 928 Fuß
722 881 807 927 hoch.

264 959 303 1007 3)
328 959 392 1001 Die
414 960 641 1001 Gartenmauer
661 962 692 1001 R
710 961 741 996 N
768 973 817 1000 20
831 962 900 1007 Fuß
917 962 989 1007 lang
1012 963 1076 1001 und

315 1023 361 1050 10
375 1014 443 1057 Fuß
464 1009 551 1058 hoch.

260 1088 305 1122 4)
328 1084 404 1115 Das
415 1076 513 1118 Haus
520 1082 587 1117 mit
598 1086 666 1118 dem
686 1070 869 1111 Satteldach
882 1084 932 1128 32
944 1086 1013 1124 Fuß
1030 1090 1075 1118 im

314 1131 424 1173 Giebel
436 1131 523 1177 breit,
540 1132 589 1170 bis
609 1144 649 1169 an
662 1136 722 1171 das
731 1130 820 1176 Dach
840 1128 898 1182 38,
902 1134 952 1170 bis
973 1145 1012 1171 an
1022 1127 1075 1171 die

313 1185 417 1229 Foͤrſte
429 1193 475 1229 57
491 1183 573 1230 Fuß
583 1186 668 1227 hoch.

266 1257 306 1304 5)
330 1248 479 1293 Dagegen
494 1246 530 1288 iſt
542 1248 603 1281 das
619 1247 820 1296 Gartenhaus
842 1254 893 1289 bis
908 1260 969 1291 ans
982 1247 1072 1292 Dach

313 1301 372 1343 nur
390 1317 434 1352 25
451 1308 518 1351 Fuß
534 1303 624 1352 hoch,
654 1313 702 1346 die
726 1314 822 1347 daran
839 1310 974 1357 ſtoßende
988 1311 1073 1350 Gar⸗

307 1364 468 1398 tenmauer
480 1368 538 1398 nur
556 1359 635 1402 etwa
648 1371 672 1406 7
685 1360 792 1405 Fuß.

263 1432 305 1472 6)
328 1430 400 1466 Des
422 1429 542 1472 Hauſes
564 1422 620 1468 mit
639 1436 708 1469 dem
729 1431 908 1474 Walmdach
930 1428 1072 1474 Eingang

312 1479 349 1523 iſt
371 1487 430 1516 von
452 1482 504 1516 der
531 1475 755 1519 Gartenmauer
783 1482 839 1514 des
866 1481 991 1523 vorigen
1014 1483 1072 1517 mit

310 1535 378 1568 dem
399 1524 587 1573 Satteldach
596 1530 642 1569 an
661 1528 705 1576 98
718 1530 790 1580 Fuß
805 1537 946 1576 entfernt.

247 1601 307 1657 7)
324 1597 393 1634 Der
411 1586 607 1639 Kirchthurm
622 1599 684 1649 iſt
690 1607 731 1632 an
764 1603 837 1631 200
858 1599 927 1640 Fuß
954 1600 1006 1634 bis
1029 1609 1070 1633 an

311 1657 370 1689 das
392 1652 517 1695 Kreuz,
537 1656 594 1698 die
608 1655 715 1700 Foͤrſte
731 1655 787 1690 des
807 1655 992 1697 Kirchdachs
1019 1664 1070 1700 70

312 1713 380 1753 Fuß
395 1711 478 1754 hoch.

282 1777 399 1814 Weiter
420 1776 494 1813 kann
516 1785 588 1814 man
610 1786 671 1813 nun
688 1777 760 1821 auch
781 1780 828 1815 die
842 1776 1070 1823 Entfernungen

215 1829 274 1862 von
297 1832 350 1865 der
371 1827 555 1864 Grundlinie
576 1833 631 1865 des
647 1828 814 1867 Gemaͤldes
836 1829 866 1864 in
882 1835 961 1876 jeder
977 1831 1069 1873 Rich⸗

214 1875 287 1915 tung
308 1881 379 1913 oder
398 1880 478 1924 jeder
494 1876 571 1921 zwei
592 1877 707 1923 Punkte
730 1887 789 1914 von
810 1876 967 1921 einander,
1001 1878 1068 1920 kurz
