<?xml version='1.0' encoding='utf-8'?>
<PcGts xmlns="http://schema.primaresearch.org/PAGE/gts/pagecontent/2019-07-15" xmlns:xsi="http://www.w3.org/2001/XMLSchema-instance" pcGtsId="PAGE_01" xsi:schemaLocation="http://schema.primaresearch.org/PAGE/gts/pagecontent/2019-07-15 http://schema.primaresearch.org/PAGE/gts/pagecontent/2019-07-15/pagecontent.xsd">
  <Metadata>
    <Creator>OCR-D DFG Phase III</Creator>
    <Created>2024-01-19T13:07:08Z</Created>
    <LastChange>2024-01-19T13:07:08Z</LastChange>
    <Comments>ODEM: OCR-D extension for mass digitization (2021-2024)</Comments>
  </Metadata>
  <Page imageFilename="MAX/urn+nbn+de+gbv+3+1-121432_urn+nbn+de+gbv+3+1-121432-p0156-4_ger.png" imageWidth="1689" imageHeight="2528" type="content" primaryLanguage="German">
    <Border>
      <Coords points="178,136 136,2436 1662,2433 1620,145"/>
    </Border>
    <ReadingOrder>
      <OrderedGroup id="ro_1676970826386" caption="Regions reading order">
        <RegionRefIndexed index="1" regionRef="region_1676367227859_2851"/>
        <RegionRefIndexed index="2" regionRef="region_1676367236436_2860"/>
        <RegionRefIndexed index="3" regionRef="region0005"/>
        <RegionRefIndexed index="4" regionRef="TextRegion_1644844270086_868"/>
        <RegionRefIndexed index="5" regionRef="TextRegion_1676970772050_653"/>
        <RegionRefIndexed index="6" regionRef="TextRegion_1676970772050_652"/>
        <RegionRefIndexed index="7" regionRef="TextRegion_1644844311509_874"/>
        <RegionRefIndexed index="8" regionRef="TextRegion_1644844377352_889"/>
        <RegionRefIndexed index="9" regionRef="TextRegion_1644844377352_888"/>
        <RegionRefIndexed index="10" regionRef="region_1676367275654_2884"/>
      </OrderedGroup>
    </ReadingOrder>
    <SeparatorRegion id="Separator_1676367345964_2978" custom="readingOrder {index:0;}">
      <Coords points="867,794 1190,794 1190,823 867,823"/>
    </SeparatorRegion>
    <TextRegion type="page-number" id="region_1676367227859_2851" custom="readingOrder {index:1;} structure {type:page-number;}">
      <Coords points="558,307 558,354 647,354 647,307"/>
      <TextLine id="line_1676367227929_2854" custom="readingOrder {index:0;}">
        <Coords points="558,307 558,354 647,354 647,307"/>
        <Word id="word_1676367227977_2857" custom="readingOrder {index:0;}">
          <Coords points="558,307 647,307 647,354 558,354"/>
          <TextEquiv>
            <Unicode>132</Unicode>
          </TextEquiv>
        </Word>
        <TextEquiv>
          <Unicode>132</Unicode>
        </TextEquiv>
      </TextLine>
      <TextEquiv>
        <Unicode>132</Unicode>
      </TextEquiv>
    </TextRegion>
    <TextRegion type="header" id="region_1676367236436_2860" custom="readingOrder {index:2;} structure {type:header;}">
      <Coords points="675,307 675,344 1416,344 1416,307"/>
      <TextLine id="line_1676367236499_2863" custom="readingOrder {index:0;}">
        <Coords points="675,307 1416,307 1416,344 675,344"/>
        <Word id="word_1676367240537_2866" custom="readingOrder {index:0;}">
          <Coords points="677,309 797,309 797,337 677,337"/>
          <TextEquiv>
            <Unicode>Vierter</Unicode>
          </TextEquiv>
        </Word>
        <Word id="word_1676367242840_2869" custom="readingOrder {index:1;}">
          <Coords points="820,312 981,312 981,340 820,340"/>
          <TextEquiv>
            <Unicode>Abſchnitt.</Unicode>
          </TextEquiv>
        </Word>
        <Word id="word_1676367245107_2872" custom="readingOrder {index:2;}">
          <Coords points="1035,309 1107,309 1107,335 1035,335"/>
          <TextEquiv>
            <Unicode>Von</Unicode>
          </TextEquiv>
        </Word>
        <Word id="word_1676367247322_2875" custom="readingOrder {index:3;}">
          <Coords points="1124,305 1182,305 1182,335 1124,335"/>
          <TextEquiv>
            <Unicode>den</Unicode>
          </TextEquiv>
        </Word>
        <Word id="word_1676367249357_2878" custom="readingOrder {index:4;}">
          <Coords points="1198,305 1416,305 1416,337 1198,337"/>
          <TextEquiv>
            <Unicode>Operationen</Unicode>
          </TextEquiv>
        </Word>
        <TextEquiv>
          <Unicode>Vierter Abſchnitt. Von den Operationen</Unicode>
        </TextEquiv>
      </TextLine>
      <TextEquiv>
        <Unicode>Vierter Abſchnitt. Von den Operationen</Unicode>
      </TextEquiv>
    </TextRegion>
    <TextRegion orientation="0.31003064" type="heading" readingDirection="left-to-right" id="region0005" custom="readingOrder {index:3;} structure {type:heading;}">
      <Coords points="522,477 1530,477 1530,772 522,772"/>
      <TextLine id="line_1641818641206_3309" custom="readingOrder {index:0;}">
        <Coords points="796,491 1277,491 1277,538 796,538"/>
        <Word id="word_1641818645564_3312" custom="readingOrder {index:0;}">
          <Coords points="799,494 1003,494 1003,533 799,533"/>
          <TextEquiv>
            <Unicode>Vierter</Unicode>
          </TextEquiv>
        </Word>
        <Word id="word_1641818648579_3315" custom="readingOrder {index:1;}">
          <Coords points="1034,494 1275,494 1275,533 1034,533"/>
          <TextEquiv>
            <Unicode>Abſchnitt.</Unicode>
          </TextEquiv>
        </Word>
        <TextEquiv>
          <Unicode>Vierter Abſchnitt.</Unicode>
        </TextEquiv>
      </TextLine>
      <TextLine id="line_1641818121223_2928" custom="readingOrder {index:1;}">
        <Coords points="552,587 1503,587 1503,636 552,636"/>
        <Word id="word_1641818678344_3342" custom="readingOrder {index:0;}">
          <Coords points="558,598 663,598 663,629 558,629"/>
          <TextEquiv>
            <Unicode>Von</Unicode>
          </TextEquiv>
        </Word>
        <Word id="word_1641818681089_3345" custom="readingOrder {index:1;}">
          <Coords points="699,595 778,595 778,627 699,627"/>
          <TextEquiv>
            <Unicode>den</Unicode>
          </TextEquiv>
        </Word>
        <Word id="word_1641818683874_3348" custom="readingOrder {index:2;}">
          <Coords points="812,590 1152,590 1152,627 812,627"/>
          <TextEquiv>
            <Unicode>Operationen,</Unicode>
          </TextEquiv>
        </Word>
        <Word id="word_1641818686733_3351" custom="readingOrder {index:3;}">
          <Coords points="1186,593 1322,593 1322,632 1186,632"/>
          <TextEquiv>
            <Unicode>durch</Unicode>
          </TextEquiv>
        </Word>
        <Word id="word_1641818689394_3354" custom="readingOrder {index:4;}">
          <Coords points="1343,593 1497,593 1497,629 1343,629"/>
          <TextEquiv>
            <Unicode>welche</Unicode>
          </TextEquiv>
        </Word>
        <TextEquiv>
          <Unicode>Von den Operationen, durch welche</Unicode>
        </TextEquiv>
      </TextLine>
      <TextLine id="line_1641818127464_2931" custom="readingOrder {index:2;}">
        <Coords points="637,651 1503,651 1503,695 637,695"/>
        <Word id="word_1641818713420_3421" custom="readingOrder {index:0;}">
          <Coords points="645,663 707,663 707,690 645,690"/>
          <TextEquiv>
            <Unicode>die</Unicode>
          </TextEquiv>
        </Word>
        <Word id="word_1641818716730_3424" custom="readingOrder {index:1;}">
          <Coords points="733,661 911,661 911,690 733,690"/>
          <TextEquiv>
            <Unicode>Koͤrper</Unicode>
          </TextEquiv>
        </Word>
        <Word id="word_1641818718650_3427" custom="readingOrder {index:2;}">
          <Coords points="916,658 969,658 969,690 916,690"/>
          <TextEquiv>
            <Unicode>in</Unicode>
          </TextEquiv>
        </Word>
        <Word id="word_1641818722499_3430" custom="readingOrder {index:3;}">
          <Coords points="992,661 1251,661 1251,690 992,690"/>
          <TextEquiv>
            <Unicode>gleichartige</Unicode>
          </TextEquiv>
        </Word>
        <Word id="word_1641818726125_3433" custom="readingOrder {index:4;}">
          <Coords points="1275,658 1421,658 1421,695 1275,695"/>
          <TextEquiv>
            <Unicode>Theile</Unicode>
          </TextEquiv>
        </Word>
        <Word id="word_1641818727946_3436" custom="readingOrder {index:5;}">
          <Coords points="1429,658 1507,658 1507,690 1429,690"/>
          <TextEquiv>
            <Unicode>ge⸗</Unicode>
          </TextEquiv>
        </Word>
        <TextEquiv>
          <Unicode>die Koͤrper in gleichartige Theile ge⸗</Unicode>
        </TextEquiv>
      </TextLine>
      <TextLine id="line_1641818775738_3533" custom="readingOrder {index:3;}">
        <Coords points="647,718 647,747 1012,759 1012,730"/>
        <Word id="word_1641818775870_3536" custom="readingOrder {index:0;}">
          <Coords points="647,718 794,718 794,747 647,747"/>
          <TextEquiv>
            <Unicode>trennt</Unicode>
          </TextEquiv>
        </Word>
        <Word id="word_1641818829023_3556" custom="readingOrder {index:1;}">
          <Coords points="809,747 1005,747 1005,708 809,708"/>
          <TextEquiv>
            <Unicode>werden.</Unicode>
          </TextEquiv>
        </Word>
        <TextEquiv>
          <Unicode>trennt werden.</Unicode>
        </TextEquiv>
      </TextLine>
      <TextEquiv>
        <Unicode>Vierter Abſchnitt.&#13;
Von den Operationen, durch welche&#13;
trennt werden.&#13;
die Koͤrper in gleichartige Theile ge⸗</Unicode>
      </TextEquiv>
    </TextRegion>
    <TextRegion orientation="0.31003064" type="heading" readingDirection="left-to-right" id="TextRegion_1644844270086_868" custom="readingOrder {index:4;} structure {type:heading;}">
      <Coords points="598,852 1519,851 1520,1011 1520,1016 543,1016 544,1015"/>
      <TextLine id="line_1641818140703_2937" custom="readingOrder {index:0;}">
        <Coords points="950,881 1117,881 1117,924 950,924"/>
        <Word id="word_1641818203808_2988" custom="readingOrder {index:0;}">
          <Coords points="957,886 993,886 993,926 957,926"/>
          <TextEquiv>
            <Unicode>§.</Unicode>
          </TextEquiv>
        </Word>
        <Word id="word_1641818206230_2991" custom="readingOrder {index:1;}">
          <Coords points="1018,888 1113,888 1113,916 1018,916"/>
          <TextEquiv>
            <Unicode>150.</Unicode>
          </TextEquiv>
        </Word>
        <TextEquiv>
          <Unicode>§. 150.</Unicode>
        </TextEquiv>
      </TextLine>
      <TextLine id="line_1641818147486_2940" custom="readingOrder {index:1;}">
        <Coords points="785,954 1289,954 1289,1008 785,1008"/>
        <Word id="word_1641819007936_3644" custom="readingOrder {index:0;}">
          <Coords points="801,964 1034,964 1034,1001 801,1001"/>
          <TextEquiv>
            <Unicode>Zerſtuͤckung</Unicode>
          </TextEquiv>
        </Word>
        <Word id="word_1641819011162_3647" custom="readingOrder {index:1;}">
          <Coords points="1045,959 1115,959 1115,998 1045,998"/>
          <TextEquiv>
            <Unicode>der</Unicode>
          </TextEquiv>
        </Word>
        <Word id="word_1641819014338_3650" custom="readingOrder {index:2;}">
          <Coords points="1120,962 1288,962 1288,1003 1120,1003"/>
          <TextEquiv>
            <Unicode>Koͤrper.</Unicode>
          </TextEquiv>
        </Word>
        <TextEquiv>
          <Unicode>Zerſtuͤckung der Koͤrper.</Unicode>
        </TextEquiv>
      </TextLine>
      <TextEquiv>
        <Unicode>§. 150.&#13;
Zerſtuͤckung der Koͤrper.</Unicode>
      </TextEquiv>
    </TextRegion>
    <TextRegion orientation="0.31003064" type="drop-capital" readingDirection="left-to-right" id="TextRegion_1676970772050_653" custom="readingOrder {index:5;} structure {type:drop-capital;}">
      <Coords points="543,1016 631,1016 631,1111 540,1112"/>
      <TextLine id="line_1676970772079_656" custom="readingOrder {index:0;}">
        <Coords points="542,1013 631,1012 631,1108 542,1109"/>
        <Word id="word_1676970772080_658" custom="readingOrder {index:0;}">
          <Coords points="545,1024 631,1024 631,1100 545,1100"/>
          <TextEquiv>
            <Unicode>N</Unicode>
          </TextEquiv>
        </Word>
        <TextEquiv>
          <Unicode>N</Unicode>
        </TextEquiv>
      </TextLine>
      <TextEquiv>
        <Unicode>N</Unicode>
      </TextEquiv>
    </TextRegion>
    <TextRegion orientation="0.31003064" type="paragraph" readingDirection="left-to-right" id="TextRegion_1676970772050_652" custom="readingOrder {index:6;} structure {type:paragraph;}">
      <Coords points="631,1016 1520,1016 1521,1307 1521,1490 529,1490 540,1112 631,1111"/>
      <TextLine id="line_1676970772079_655" custom="readingOrder {index:0;}">
        <Coords points="631,1012 1510,1012 1510,1108 631,1108"/>
        <Word id="word_1676970772080_657" custom="readingOrder {index:0;}">
          <Coords points="631,1024 676,1024 676,1100 631,1100"/>
          <TextEquiv>
            <Unicode>ur</Unicode>
          </TextEquiv>
        </Word>
        <Word id="word_1641819115637_3726" custom="readingOrder {index:1;}">
          <Coords points="692,1053 830,1053 830,1108 692,1108"/>
          <TextEquiv>
            <Unicode>wenige</Unicode>
          </TextEquiv>
        </Word>
        <Word id="word_1641819118377_3729" custom="readingOrder {index:2;}">
          <Coords points="843,1061 1123,1061 1123,1103 843,1103"/>
          <TextEquiv>
            <Unicode>Naturproducte</Unicode>
          </TextEquiv>
        </Word>
        <Word id="word_1641819120599_3732" custom="readingOrder {index:3;}">
          <Coords points="1144,1056 1275,1056 1275,1097 1144,1097"/>
          <TextEquiv>
            <Unicode>werden</Unicode>
          </TextEquiv>
        </Word>
        <Word id="word_1641819122405_3735" custom="readingOrder {index:4;}">
          <Coords points="1283,1053 1330,1053 1330,1105 1283,1105"/>
          <TextEquiv>
            <Unicode>ſo</Unicode>
          </TextEquiv>
        </Word>
        <Word id="word_1641819124210_3738" custom="readingOrder {index:5;}">
          <Coords points="1353,1061 1411,1061 1411,1097 1353,1097"/>
          <TextEquiv>
            <Unicode>als</Unicode>
          </TextEquiv>
        </Word>
        <Word id="word_1641819127188_3741" custom="readingOrder {index:6;}">
          <Coords points="1418,1043 1515,1043 1515,1113 1418,1113"/>
          <TextEquiv>
            <Unicode>Arz⸗</Unicode>
          </TextEquiv>
        </Word>
        <TextEquiv>
          <Unicode>ur wenige Naturproducte werden ſo als Arz⸗</Unicode>
        </TextEquiv>
      </TextLine>
      <TextLine id="line_1676970772080_659" custom="readingOrder {index:1;}">
        <Coords points="550,1112 631,1111 631,1108 1510,1108 1510,1160 550,1160"/>
        <Word id="word_1641819178401_3831" custom="readingOrder {index:0;}">
          <Coords points="558,1116 736,1116 736,1155 558,1155"/>
          <TextEquiv>
            <Unicode>neymittel</Unicode>
          </TextEquiv>
        </Word>
        <Word id="word_1641819181147_3834" custom="readingOrder {index:1;}">
          <Coords points="752,1118 995,1118 995,1155 752,1155"/>
          <TextEquiv>
            <Unicode>angewendet,</Unicode>
          </TextEquiv>
        </Word>
        <Word id="word_1641819184203_3837" custom="readingOrder {index:2;}">
          <Coords points="1013,1116 1094,1116 1094,1155 1013,1155"/>
          <TextEquiv>
            <Unicode>wie</Unicode>
          </TextEquiv>
        </Word>
        <Word id="word_1641819186045_3840" custom="readingOrder {index:3;}">
          <Coords points="1115,1121 1175,1121 1175,1155 1115,1155"/>
          <TextEquiv>
            <Unicode>die</Unicode>
          </TextEquiv>
        </Word>
        <Word id="word_1641819190072_3843" custom="readingOrder {index:4;}">
          <Coords points="1186,1116 1317,1116 1317,1150 1186,1150"/>
          <TextEquiv>
            <Unicode>Natur</Unicode>
          </TextEquiv>
        </Word>
        <Word id="word_1641819193228_3846" custom="readingOrder {index:5;}">
          <Coords points="1330,1118 1382,1118 1382,1147 1330,1147"/>
          <TextEquiv>
            <Unicode>ſie</Unicode>
          </TextEquiv>
        </Word>
        <Word id="word_1641819196005_3849" custom="readingOrder {index:6;}">
          <Coords points="1403,1121 1507,1121 1507,1152 1403,1152"/>
          <TextEquiv>
            <Unicode>giebt.</Unicode>
          </TextEquiv>
        </Word>
        <TextEquiv>
          <Unicode>neymittel angewendet, wie die Natur ſie giebt.</Unicode>
        </TextEquiv>
      </TextLine>
      <TextLine id="region0018_line0002" custom="readingOrder {index:2;}">
        <Coords points="577,1155 550,1163 557,1207 1522,1218 1515,1163 1464,1155 617,1158"/>
        <Word id="region0018_line0002_word0000" custom="readingOrder {index:0;}">
          <Coords points="639,1165 566,1165 566,1207 641,1207 641,1165"/>
          <TextEquiv conf="0.9677358">
            <Unicode>Die</Unicode>
          </TextEquiv>
        </Word>
        <Word id="region0018_line0002_word0001" custom="readingOrder {index:1;}">
          <Coords points="757,1162 712,1162 710,1167 668,1169 666,1168 666,1213 697,1212 724,1211 726,1212 742,1212 745,1209 797,1209 797,1167 762,1166"/>
          <TextEquiv conf="0.9653266">
            <Unicode>meiſten</Unicode>
          </TextEquiv>
        </Word>
        <Word id="region0018_line0002_word0002" custom="readingOrder {index:2;}">
          <Coords points="868,1153 860,1153 848,1154 847,1168 832,1168 818,1167 818,1204 887,1203 887,1165 870,1166"/>
          <TextEquiv conf="0.9337945">
            <Unicode>von</Unicode>
          </TextEquiv>
        </Word>
        <Word id="region0018_line0002_word0003" custom="readingOrder {index:3;}">
          <Coords points="941,1156 910,1156 910,1156 910,1211 1013,1211 1013,1166 969,1167 946,1166"/>
          <TextEquiv conf="0.94581413">
            <Unicode>ihnen</Unicode>
          </TextEquiv>
        </Word>
        <Word id="region0018_line0002_word0004" custom="readingOrder {index:4;}">
          <Coords points="1056,1161 1036,1162 1036,1204 1144,1203 1144,1164 1098,1163 1096,1161 1062,1161 1060,1164"/>
          <TextEquiv conf="0.95122945">
            <Unicode>leiden</Unicode>
          </TextEquiv>
        </Word>
        <Word id="region0018_line0002_word0005" custom="readingOrder {index:5;}">
          <Coords points="1215,1156 1197,1156 1195,1166 1160,1165 1160,1210 1185,1210 1203,1202 1211,1208 1221,1208 1222,1209 1246,1209 1246,1209 1269,1208 1281,1209 1281,1165 1255,1165 1247,1164 1245,1156 1244,1155 1227,1155 1217,1161"/>
          <TextEquiv conf="0.96611756">
            <Unicode>vorher</Unicode>
          </TextEquiv>
        </Word>
        <Word id="region0018_line0002_word0006" custom="readingOrder {index:6;}">
          <Coords points="1318,1161 1304,1161 1304,1208 1376,1208 1420,1208 1420,1162 1418,1163 1415,1161 1393,1161 1391,1163 1322,1165"/>
          <TextEquiv conf="0.96764654">
            <Unicode>irgend</Unicode>
          </TextEquiv>
        </Word>
        <Word id="region0018_line0002_word0007" custom="readingOrder {index:7;}">
          <Coords points="1469,1161 1447,1161 1447,1162 1437,1162 1437,1202 1511,1202 1511,1163 1471,1163"/>
          <TextEquiv conf="0.9663508">
            <Unicode>eine</Unicode>
          </TextEquiv>
        </Word>
        <TextEquiv conf="0.9580019">
          <Unicode>Die meiſten von ihnen leiden vorher irgend eine</Unicode>
        </TextEquiv>
      </TextLine>
      <TextLine id="region0018_line0004" custom="readingOrder {index:3;}">
        <Coords points="1201,1203 553,1217 548,1256 735,1276 1515,1261 1515,1215 1211,1209"/>
        <Word id="region0018_line0004_word0000" custom="readingOrder {index:0;}">
          <Coords points="566,1220 633,1220 633,1260 566,1260"/>
          <TextEquiv conf="0.96879196">
            <Unicode>Art</Unicode>
          </TextEquiv>
        </Word>
        <Word id="region0018_line0004_word0001" custom="readingOrder {index:1;}">
          <Coords points="675,1218 658,1218 658,1257 714,1256 714,1217 706,1217 699,1219 675,1218"/>
          <TextEquiv conf="0.96613574">
            <Unicode>der</Unicode>
          </TextEquiv>
        </Word>
        <Word id="region0018_line0004_word0002" custom="readingOrder {index:2;}">
          <Coords points="779,1213 739,1213 736,1217 732,1215 732,1266 833,1265 839,1265 877,1265 980,1265 980,1216 974,1216 933,1222 880,1218 873,1213 864,1213 862,1214 856,1221 833,1221 809,1219 805,1213 782,1213 781,1214"/>
          <TextEquiv conf="0.95991516">
            <Unicode>Zubereitung,</Unicode>
          </TextEquiv>
        </Word>
        <Word id="region0018_line0004_word0003" custom="readingOrder {index:3;}">
          <Coords points="1115,1263 1115,1207 1107,1212 1080,1211 1076,1216 1063,1216 1063,1211 1058,1206 1049,1206 1043,1209 1039,1216 1026,1216 1023,1212 1012,1211 1012,1263 1084,1263 1089,1267 1108,1263"/>
          <TextEquiv conf="0.96522444">
            <Unicode>durch</Unicode>
          </TextEquiv>
        </Word>
        <Word id="region0018_line0004_word0004" custom="readingOrder {index:4;}">
          <Coords points="1248,1261 1248,1218 1230,1220 1221,1209 1211,1209 1201,1203 1191,1210 1169,1218 1136,1218 1135,1212 1134,1211 1134,1263 1184,1263 1206,1264 1208,1267 1228,1267 1233,1264"/>
          <TextEquiv conf="0.96629953">
            <Unicode>welche</Unicode>
          </TextEquiv>
        </Word>
        <Word id="region0018_line0004_word0005" custom="readingOrder {index:5;}">
          <Coords points="1291,1215 1263,1215 1263,1261 1303,1261 1305,1261 1305,1217 1294,1217"/>
          <TextEquiv>
            <Unicode>ſie</Unicode>
          </TextEquiv>
        </Word>
        <Word id="region0018_line0004_word0006" custom="readingOrder {index:6;}">
          <Coords points="1394,1213 1360,1213 1351,1219 1334,1219 1319,1218 1319,1260 1412,1260 1412,1215 1395,1216"/>
          <TextEquiv conf="0.77140725">
            <Unicode>mehr</Unicode>
          </TextEquiv>
        </Word>
        <Word id="region0018_line0004_word0007" custom="readingOrder {index:7;}">
          <Coords points="1467,1214 1443,1214 1443,1215 1429,1215 1429,1251 1508,1251 1508,1215 1469,1215"/>
          <TextEquiv conf="0.9691764">
            <Unicode>oder</Unicode>
          </TextEquiv>
        </Word>
        <TextEquiv>
          <Unicode>Art der Zubereitung, durch welche ſie mehr oder</Unicode>
        </TextEquiv>
      </TextLine>
      <TextLine id="region0018_line0005" custom="readingOrder {index:4;}">
        <Coords points="1254,1261 1241,1264 1237,1270 1225,1271 1129,1271 1125,1268 1110,1271 1108,1265 1090,1268 1084,1266 1081,1270 1075,1264 1064,1264 1056,1271 1047,1265 1037,1265 1026,1272 1009,1272 1005,1265 995,1264 986,1266 977,1273 950,1276 909,1271 905,1266 879,1268 845,1266 783,1276 667,1277 658,1276 652,1270 640,1270 633,1278 561,1280 557,1282 557,1315 559,1318 560,1325 642,1324 650,1331 675,1331 680,1326 729,1326 733,1330 752,1330 760,1325 855,1326 900,1321 987,1322 993,1327 1002,1327 1009,1322 1043,1320 1088,1319 1094,1327 1106,1327 1112,1319 1136,1318 1177,1319 1184,1327 1197,1327 1205,1319 1258,1315 1333,1315 1339,1321 1347,1321 1359,1315 1376,1314 1420,1314 1427,1319 1437,1319 1442,1313 1515,1312 1515,1265 1489,1265 1484,1261 1454,1265 1448,1261 1429,1260 1421,1266 1377,1270 1359,1269 1354,1262 1342,1261 1333,1264 1329,1269 1269,1271 1262,1261"/>
        <Word id="region0018_line0005_word0000" custom="readingOrder {index:0;}">
          <Coords points="657,1275 635,1276 633,1278 565,1278 566,1324 711,1323 710,1277 667,1277 658,1276"/>
          <TextEquiv>
            <Unicode>weniger</Unicode>
          </TextEquiv>
        </Word>
        <Word id="region0018_line0005_word0001" custom="readingOrder {index:1;}">
          <Coords points="736,1282 808,1282 809,1322 737,1322"/>
          <TextEquiv conf="0.9498332">
            <Unicode>zum</Unicode>
          </TextEquiv>
        </Word>
        <Word id="word_1641819357022_3978" custom="readingOrder {index:2;}">
          <Coords points="826,1275 977,1273 1006,1273 1007,1320 951,1320 827,1318"/>
          <TextEquiv>
            <Unicode>Gebrauch</Unicode>
          </TextEquiv>
        </Word>
        <Word id="region0018_line0005_word0005" custom="readingOrder {index:3;}">
          <Coords points="1162,1271 1033,1272 1033,1320 1043,1320 1088,1319 1089,1320 1110,1320 1112,1319 1136,1318 1162,1318"/>
          <TextEquiv conf="0.95641154">
            <Unicode>leichter</Unicode>
          </TextEquiv>
        </Word>
        <Word id="region0018_line0005_word0006" custom="readingOrder {index:4;}">
          <Coords points="1223,1317 1223,1281 1185,1281 1186,1321 1203,1321 1205,1319"/>
          <TextEquiv conf="0.9330594">
            <Unicode>zu</Unicode>
          </TextEquiv>
        </Word>
        <Word id="region0018_line0005_word0007" custom="readingOrder {index:5;}">
          <Coords points="1268,1270 1247,1270 1247,1315 1258,1315 1333,1315 1335,1317 1355,1317 1359,1315 1376,1314 1399,1314 1399,1270 1377,1270 1299,1270 1269,1271"/>
          <TextEquiv>
            <Unicode>benutzen</Unicode>
          </TextEquiv>
        </Word>
        <Word id="region0018_line0005_word0008" custom="readingOrder {index:6;}">
          <Coords points="1511,1312 1511,1272 1425,1272 1426,1316 1439,1316 1442,1313"/>
          <TextEquiv>
            <Unicode>ſind.</Unicode>
          </TextEquiv>
        </Word>
        <TextEquiv>
          <Unicode>weniger zum Gebrauch leichter zu benutzen ſind.</Unicode>
        </TextEquiv>
      </TextLine>
      <TextLine id="line_1641819395790_3999" custom="readingOrder {index:5;}">
        <Coords points="552,1332 1510,1332 1510,1373 552,1373"/>
        <Word id="word_1641819399948_4002" custom="readingOrder {index:0;}">
          <Coords points="563,1337 641,1337 641,1361 563,1361"/>
          <TextEquiv>
            <Unicode>Die</Unicode>
          </TextEquiv>
        </Word>
        <Word id="word_1641819402556_4005" custom="readingOrder {index:1;}">
          <Coords points="672,1338 842,1338 842,1373 672,1373"/>
          <TextEquiv>
            <Unicode>einfachſte</Unicode>
          </TextEquiv>
        </Word>
        <Word id="word_1641819404862_4008" custom="readingOrder {index:2;}">
          <Coords points="860,1337 1091,1337 1091,1371 860,1371"/>
          <TextEquiv>
            <Unicode>Zubereitung</Unicode>
          </TextEquiv>
        </Word>
        <Word id="word_1641819407369_4011" custom="readingOrder {index:3;}">
          <Coords points="1105,1338 1281,1338 1281,1369 1105,1369"/>
          <TextEquiv>
            <Unicode>derſelben</Unicode>
          </TextEquiv>
        </Word>
        <Word id="word_1641819409659_4014" custom="readingOrder {index:4;}">
          <Coords points="1299,1330 1337,1330 1337,1371 1299,1371"/>
          <TextEquiv>
            <Unicode>iſt</Unicode>
          </TextEquiv>
        </Word>
        <Word id="word_1641819411364_4017" custom="readingOrder {index:5;}">
          <Coords points="1360,1329 1411,1329 1411,1369 1360,1369"/>
          <TextEquiv>
            <Unicode>die</Unicode>
          </TextEquiv>
        </Word>
        <Word id="word_1641819413653_4020" custom="readingOrder {index:6;}">
          <Coords points="1428,1330 1514,1330 1514,1369 1428,1369"/>
          <TextEquiv>
            <Unicode>Zer⸗</Unicode>
          </TextEquiv>
        </Word>
        <TextEquiv>
          <Unicode>Die einfachſte Zubereitung derſelben iſt die Zer⸗</Unicode>
        </TextEquiv>
      </TextLine>
      <TextLine id="line_1641819422733_4023" custom="readingOrder {index:6;}">
        <Coords points="555,1382 1516,1382 1516,1426 555,1426"/>
        <Word id="word_1641819427263_4026" custom="readingOrder {index:0;}">
          <Coords points="565,1386 721,1386 721,1426 565,1426"/>
          <TextEquiv>
            <Unicode>ſtuͤckung</Unicode>
          </TextEquiv>
        </Word>
        <Word id="word_1641819429369_4029" custom="readingOrder {index:1;}">
          <Coords points="737,1390 818,1390 818,1418 737,1418"/>
          <TextEquiv>
            <Unicode>oder</Unicode>
          </TextEquiv>
        </Word>
        <Word id="word_1641819431691_4032" custom="readingOrder {index:2;}">
          <Coords points="839,1389 1027,1389 1027,1426 839,1426"/>
          <TextEquiv>
            <Unicode>Trennung</Unicode>
          </TextEquiv>
        </Word>
        <Word id="word_1641819434114_4035" custom="readingOrder {index:3;}">
          <Coords points="1040,1395 1102,1395 1102,1421 1040,1421"/>
          <TextEquiv>
            <Unicode>der</Unicode>
          </TextEquiv>
        </Word>
        <Word id="word_1641819436173_4038" custom="readingOrder {index:4;}">
          <Coords points="1117,1392 1247,1392 1247,1420 1117,1420"/>
          <TextEquiv>
            <Unicode>Koͤrper</Unicode>
          </TextEquiv>
        </Word>
        <Word id="word_1641819437978_4041" custom="readingOrder {index:5;}">
          <Coords points="1261,1392 1302,1392 1302,1423 1261,1423"/>
          <TextEquiv>
            <Unicode>in</Unicode>
          </TextEquiv>
        </Word>
        <Word id="word_1641819441937_4044" custom="readingOrder {index:6;}">
          <Coords points="1310,1387 1516,1387 1516,1413 1310,1413"/>
          <TextEquiv>
            <Unicode>gleicharti⸗</Unicode>
          </TextEquiv>
        </Word>
        <TextEquiv>
          <Unicode>ſtuͤckung oder Trennung der Koͤrper in gleicharti⸗</Unicode>
        </TextEquiv>
      </TextLine>
      <TextLine id="line_1641819447984_4047" custom="readingOrder {index:7;}">
        <Coords points="547,1441 771,1441 771,1481 547,1481"/>
        <Word id="word_1641819452750_4050" custom="readingOrder {index:0;}">
          <Coords points="561,1449 610,1449 610,1486 561,1486"/>
          <TextEquiv>
            <Unicode>ge</Unicode>
          </TextEquiv>
        </Word>
        <Word id="word_1641819455019_4053" custom="readingOrder {index:1;}">
          <Coords points="630,1436 771,1436 771,1480 630,1480"/>
          <TextEquiv>
            <Unicode>Theile.</Unicode>
          </TextEquiv>
        </Word>
        <TextEquiv>
          <Unicode>ge Theile.</Unicode>
        </TextEquiv>
      </TextLine>
      <TextEquiv>
        <Unicode>ur wenige Naturproducte werden ſo als Arz⸗&#13;
neymittel angewendet, wie die Natur ſie giebt.&#13;
Die meiſten von ihnen leiden vorher irgend eine&#13;
Art der Zubereitung, durch welche ſie mehr oder&#13;
weniger zum Gebrauch leichter zu benutzen ſind.&#13;
Die einfachſte Zubereitung derſelben iſt die Zer⸗&#13;
ſtuͤckung oder Trennung der Koͤrper in gleicharti⸗&#13;
ge Theile.</Unicode>
      </TextEquiv>
    </TextRegion>
    <TextRegion orientation="0.31003064" type="heading" readingDirection="left-to-right" id="TextRegion_1644844311509_874" custom="readingOrder {index:7;} structure {type:heading;}">
      <Coords points="529,1490 1521,1490 1529,1566 524,1566"/>
      <TextLine id="line_1641819645903_4283" custom="readingOrder {index:0;}">
        <Coords points="916,1504 1107,1504 1107,1560 916,1560"/>
        <Word id="word_1641819650454_4286" custom="readingOrder {index:0;}">
          <Coords points="925,1508 979,1508 979,1558 925,1558"/>
          <TextEquiv>
            <Unicode>§.</Unicode>
          </TextEquiv>
        </Word>
        <Word id="word_1641819652507_4289" custom="readingOrder {index:1;}">
          <Coords points="999,1508 1098,1508 1098,1555 999,1555"/>
          <TextEquiv>
            <Unicode>151.</Unicode>
          </TextEquiv>
        </Word>
        <TextEquiv>
          <Unicode>§. 151.</Unicode>
        </TextEquiv>
      </TextLine>
      <TextEquiv>
        <Unicode>§. 151.</Unicode>
      </TextEquiv>
    </TextRegion>
    <TextRegion orientation="0.31003064" type="heading" readingDirection="left-to-right" id="TextRegion_1644844377352_889" custom="readingOrder {index:8;} structure {type:heading;}">
      <Coords points="524,1566 1529,1566 1536,1633 519,1633"/>
      <TextLine id="line_1641819661701_4292" custom="readingOrder {index:0;}">
        <Coords points="618,1568 1458,1568 1458,1632 618,1632"/>
        <Word id="word_1641819666483_4295" custom="readingOrder {index:0;}">
          <Coords points="637,1575 862,1575 862,1621 637,1621"/>
          <TextEquiv>
            <Unicode>Bewirkung</Unicode>
          </TextEquiv>
        </Word>
        <Word id="word_1641819668451_4298" custom="readingOrder {index:1;}">
          <Coords points="877,1580 945,1580 945,1620 877,1620"/>
          <TextEquiv>
            <Unicode>der</Unicode>
          </TextEquiv>
        </Word>
        <Word id="word_1641819670895_4301" custom="readingOrder {index:2;}">
          <Coords points="956,1577 1189,1577 1189,1624 956,1624"/>
          <TextEquiv>
            <Unicode>Zerſtuͤckung</Unicode>
          </TextEquiv>
        </Word>
        <Word id="word_1641819672917_4304" custom="readingOrder {index:3;}">
          <Coords points="1203,1572 1267,1572 1267,1625 1203,1625"/>
          <TextEquiv>
            <Unicode>der</Unicode>
          </TextEquiv>
        </Word>
        <Word id="word_1641819678433_4307" custom="readingOrder {index:4;}">
          <Coords points="1280,1573 1435,1573 1435,1623 1280,1623"/>
          <TextEquiv>
            <Unicode>Koͤrper.</Unicode>
          </TextEquiv>
        </Word>
        <TextEquiv>
          <Unicode>Bewirkung der Zerſtuͤckung der Koͤrper.</Unicode>
        </TextEquiv>
      </TextLine>
      <TextEquiv>
        <Unicode>Bewirkung der Zerſtuͤckung der Koͤrper.</Unicode>
      </TextEquiv>
    </TextRegion>
    <TextRegion orientation="0.31003064" type="paragraph" readingDirection="left-to-right" id="TextRegion_1644844377352_888" custom="readingOrder {index:9;} structure {type:paragraph;}">
      <Coords points="519,1633 1536,1633 1540,1662 1542,2025 1542,2127 1359,2125 563,2135 517,2069 515,1706"/>
      <TextLine id="line_1641819812852_4418" custom="readingOrder {index:0;}">
        <Coords points="663,1644 1520,1644 1520,1700 663,1700"/>
        <Word id="word_1641819817666_4421" custom="readingOrder {index:0;}">
          <Coords points="673,1650 744,1650 744,1685 673,1685"/>
          <TextEquiv>
            <Unicode>Die</Unicode>
          </TextEquiv>
        </Word>
        <Word id="word_1641819819942_4424" custom="readingOrder {index:1;}">
          <Coords points="755,1650 948,1650 948,1698 755,1698"/>
          <TextEquiv>
            <Unicode>Trennung</Unicode>
          </TextEquiv>
        </Word>
        <Word id="word_1641819822179_4427" custom="readingOrder {index:2;}">
          <Coords points="965,1656 1039,1656 1039,1688 965,1688"/>
          <TextEquiv>
            <Unicode>oder</Unicode>
          </TextEquiv>
        </Word>
        <Word id="word_1641819824654_4430" custom="readingOrder {index:3;}">
          <Coords points="1053,1650 1265,1650 1265,1691 1053,1691"/>
          <TextEquiv>
            <Unicode>Zerſtuͤckung</Unicode>
          </TextEquiv>
        </Word>
        <Word id="word_1641819827530_4433" custom="readingOrder {index:4;}">
          <Coords points="1287,1656 1350,1656 1350,1692 1287,1692"/>
          <TextEquiv>
            <Unicode>der</Unicode>
          </TextEquiv>
        </Word>
        <Word id="word_1641819830684_4436" custom="readingOrder {index:5;}">
          <Coords points="1366,1650 1507,1650 1507,1694 1366,1694"/>
          <TextEquiv>
            <Unicode>Koͤrper,</Unicode>
          </TextEquiv>
        </Word>
        <TextEquiv>
          <Unicode>Die Trennung oder Zerſtuͤckung der Koͤrper,</Unicode>
        </TextEquiv>
      </TextLine>
      <TextLine id="line_1641819836702_4439" custom="readingOrder {index:1;}">
        <Coords points="559,1704 1522,1704 1522,1751 559,1751"/>
        <Word id="word_1641819841762_4442" custom="readingOrder {index:0;}">
          <Coords points="566,1710 688,1710 688,1738 566,1738"/>
          <TextEquiv>
            <Unicode>welche</Unicode>
          </TextEquiv>
        </Word>
        <Word id="word_1641819844538_4445" custom="readingOrder {index:1;}">
          <Coords points="697,1710 738,1710 738,1748 697,1748"/>
          <TextEquiv>
            <Unicode>in</Unicode>
          </TextEquiv>
        </Word>
        <Word id="word_1641819847431_4448" custom="readingOrder {index:2;}">
          <Coords points="751,1708 964,1708 964,1754 751,1754"/>
          <TextEquiv>
            <Unicode>gleichartige</Unicode>
          </TextEquiv>
        </Word>
        <Word id="word_1641819852091_4451" custom="readingOrder {index:3;}">
          <Coords points="976,1710 1099,1710 1099,1744 976,1744"/>
          <TextEquiv>
            <Unicode>Theile</Unicode>
          </TextEquiv>
        </Word>
        <Word id="word_1641819855068_4454" custom="readingOrder {index:4;}">
          <Coords points="1109,1713 1287,1713 1287,1742 1109,1742"/>
          <TextEquiv>
            <Unicode>getrennet</Unicode>
          </TextEquiv>
        </Word>
        <Word id="word_1641819858261_4457" custom="readingOrder {index:5;}">
          <Coords points="1300,1710 1428,1710 1428,1739 1300,1739"/>
          <TextEquiv>
            <Unicode>werden</Unicode>
          </TextEquiv>
        </Word>
        <Word id="word_1641819860383_4460" custom="readingOrder {index:6;}">
          <Coords points="1443,1703 1515,1703 1515,1748 1443,1748"/>
          <TextEquiv>
            <Unicode>ſol⸗</Unicode>
          </TextEquiv>
        </Word>
        <TextEquiv>
          <Unicode>welche in gleichartige Theile getrennet werden ſol⸗</Unicode>
        </TextEquiv>
      </TextLine>
      <TextLine id="line_1641819867040_4463" custom="readingOrder {index:2;}">
        <Coords points="557,1758 1513,1758 1513,1804 557,1804"/>
        <Word id="word_1641819871853_4466" custom="readingOrder {index:0;}">
          <Coords points="566,1766 632,1766 632,1805 566,1805"/>
          <TextEquiv>
            <Unicode>len,</Unicode>
          </TextEquiv>
        </Word>
        <Word id="word_1641819874257_4469" custom="readingOrder {index:1;}">
          <Coords points="648,1763 749,1763 749,1804 648,1804"/>
          <TextEquiv>
            <Unicode>wird,</Unicode>
          </TextEquiv>
        </Word>
        <Word id="word_1641819876463_4472" custom="readingOrder {index:2;}">
          <Coords points="763,1767 839,1767 839,1802 763,1802"/>
          <TextEquiv>
            <Unicode>wie</Unicode>
          </TextEquiv>
        </Word>
        <Word id="word_1641819878431_4475" custom="readingOrder {index:3;}">
          <Coords points="852,1769 915,1769 915,1797 852,1797"/>
          <TextEquiv>
            <Unicode>wir</Unicode>
          </TextEquiv>
        </Word>
        <Word id="word_1641819880653_4478" custom="readingOrder {index:4;}">
          <Coords points="926,1767 1026,1767 1026,1801 926,1801"/>
          <TextEquiv>
            <Unicode>ſchon</Unicode>
          </TextEquiv>
        </Word>
        <Word id="word_1641819882743_4481" custom="readingOrder {index:5;}">
          <Coords points="1040,1769 1130,1769 1130,1802 1040,1802"/>
          <TextEquiv>
            <Unicode>oben</Unicode>
          </TextEquiv>
        </Word>
        <Word id="word_1641819886638_4484" custom="readingOrder {index:6;}">
          <Coords points="1142,1767 1262,1767 1262,1799 1142,1799"/>
          <TextEquiv>
            <Unicode>gehoͤrt</Unicode>
          </TextEquiv>
        </Word>
        <Word id="word_1641819890418_4487" custom="readingOrder {index:7;}">
          <Coords points="1269,1763 1397,1763 1397,1802 1269,1802"/>
          <TextEquiv>
            <Unicode>haben,</Unicode>
          </TextEquiv>
        </Word>
        <Word id="word_1641819892841_4490" custom="readingOrder {index:8;}">
          <Coords points="1406,1763 1506,1763 1506,1792 1406,1792"/>
          <TextEquiv>
            <Unicode>durch</Unicode>
          </TextEquiv>
        </Word>
        <TextEquiv>
          <Unicode>len, wird, wie wir ſchon oben gehoͤrt haben, durch</Unicode>
        </TextEquiv>
      </TextLine>
      <TextLine id="line_1641819910862_4493" custom="readingOrder {index:3;}">
        <Coords points="562,1813 1518,1813 1518,1858 562,1858"/>
        <Word id="word_1641819915722_4496" custom="readingOrder {index:0;}">
          <Coords points="566,1816 695,1816 695,1855 566,1855"/>
          <TextEquiv>
            <Unicode>aͤußere</Unicode>
          </TextEquiv>
        </Word>
        <Word id="word_1641819918498_4499" custom="readingOrder {index:1;}">
          <Coords points="705,1814 857,1814 857,1849 705,1849"/>
          <TextEquiv>
            <Unicode>Gewalt</Unicode>
          </TextEquiv>
        </Word>
        <Word id="word_1641819921083_4502" custom="readingOrder {index:2;}">
          <Coords points="864,1817 951,1817 951,1858 864,1858"/>
          <TextEquiv>
            <Unicode>oder</Unicode>
          </TextEquiv>
        </Word>
        <Word id="word_1641819923627_4505" custom="readingOrder {index:3;}">
          <Coords points="958,1817 1070,1817 1070,1851 958,1851"/>
          <TextEquiv>
            <Unicode>Kraft</Unicode>
          </TextEquiv>
        </Word>
        <Word id="word_1641819925996_4508" custom="readingOrder {index:4;}">
          <Coords points="1078,1808 1234,1808 1234,1855 1078,1855"/>
          <TextEquiv>
            <Unicode>bewirkt.</Unicode>
          </TextEquiv>
        </Word>
        <Word id="word_1641819929226_4511" custom="readingOrder {index:5;}">
          <Coords points="1274,1810 1343,1810 1343,1852 1274,1852"/>
          <TextEquiv>
            <Unicode>Da</Unicode>
          </TextEquiv>
        </Word>
        <Word id="word_1641819933354_4514" custom="readingOrder {index:6;}">
          <Coords points="1357,1808 1435,1808 1435,1844 1357,1844"/>
          <TextEquiv>
            <Unicode>aber</Unicode>
          </TextEquiv>
        </Word>
        <Word id="word_1641819936578_4517" custom="readingOrder {index:7;}">
          <Coords points="1447,1807 1504,1807 1504,1852 1447,1852"/>
          <TextEquiv>
            <Unicode>der</Unicode>
          </TextEquiv>
        </Word>
        <TextEquiv>
          <Unicode>aͤußere Gewalt oder Kraft bewirkt. Da aber der</Unicode>
        </TextEquiv>
      </TextLine>
      <TextLine id="line_1641819945486_4520" custom="readingOrder {index:4;}">
        <Coords points="557,1861 1513,1861 1513,1911 557,1911"/>
        <Word id="word_1641819950370_4523" custom="readingOrder {index:0;}">
          <Coords points="572,1863 857,1863 857,1915 572,1915"/>
          <TextEquiv>
            <Unicode>Zuſammenhang</Unicode>
          </TextEquiv>
        </Word>
        <Word id="word_1641819953124_4526" custom="readingOrder {index:1;}">
          <Coords points="871,1867 932,1867 932,1907 871,1907"/>
          <TextEquiv>
            <Unicode>der</Unicode>
          </TextEquiv>
        </Word>
        <Word id="word_1641819955717_4529" custom="readingOrder {index:2;}">
          <Coords points="946,1868 1081,1868 1081,1910 946,1910"/>
          <TextEquiv>
            <Unicode>Koͤrper</Unicode>
          </TextEquiv>
        </Word>
        <Word id="word_1641819958487_4532" custom="readingOrder {index:3;}">
          <Coords points="1093,1864 1294,1864 1294,1910 1093,1910"/>
          <TextEquiv>
            <Unicode>verſchieden</Unicode>
          </TextEquiv>
        </Word>
        <Word id="word_1641819960646_4535" custom="readingOrder {index:4;}">
          <Coords points="1302,1864 1359,1864 1359,1908 1302,1908"/>
          <TextEquiv>
            <Unicode>iſt,</Unicode>
          </TextEquiv>
        </Word>
        <Word id="word_1641819962520_4538" custom="readingOrder {index:5;}">
          <Coords points="1368,1863 1407,1863 1407,1905 1368,1905"/>
          <TextEquiv>
            <Unicode>ſo</Unicode>
          </TextEquiv>
        </Word>
        <Word id="word_1641819965190_4541" custom="readingOrder {index:6;}">
          <Coords points="1422,1867 1516,1867 1516,1902 1422,1902"/>
          <TextEquiv>
            <Unicode>muß</Unicode>
          </TextEquiv>
        </Word>
        <TextEquiv>
          <Unicode>Zuſammenhang der Koͤrper verſchieden iſt, ſo muß</Unicode>
        </TextEquiv>
      </TextLine>
      <TextLine id="line_1641819972333_4544" custom="readingOrder {index:5;}">
        <Coords points="560,1911 1516,1911 1516,1960 560,1960"/>
        <Word id="word_1641819977225_4547" custom="readingOrder {index:0;}">
          <Coords points="567,1918 651,1918 651,1955 567,1955"/>
          <TextEquiv>
            <Unicode>man</Unicode>
          </TextEquiv>
        </Word>
        <Word id="word_1641819978951_4550" custom="readingOrder {index:1;}">
          <Coords points="666,1923 733,1923 733,1962 666,1962"/>
          <TextEquiv>
            <Unicode>bey</Unicode>
          </TextEquiv>
        </Word>
        <Word id="word_1641819981273_4553" custom="readingOrder {index:2;}">
          <Coords points="748,1921 814,1921 814,1960 748,1960"/>
          <TextEquiv>
            <Unicode>der</Unicode>
          </TextEquiv>
        </Word>
        <Word id="word_1641819983442_4556" custom="readingOrder {index:3;}">
          <Coords points="826,1924 1018,1924 1018,1964 826,1964"/>
          <TextEquiv>
            <Unicode>Trennung</Unicode>
          </TextEquiv>
        </Word>
        <Word id="word_1641819986118_4559" custom="readingOrder {index:4;}">
          <Coords points="1033,1923 1090,1923 1090,1958 1033,1958"/>
          <TextEquiv>
            <Unicode>ein</Unicode>
          </TextEquiv>
        </Word>
        <Word id="word_1641819989682_4562" custom="readingOrder {index:5;}">
          <Coords points="1108,1924 1337,1924 1337,1957 1108,1957"/>
          <TextEquiv>
            <Unicode>verſchiedenes</Unicode>
          </TextEquiv>
        </Word>
        <Word id="word_1641819992537_4565" custom="readingOrder {index:6;}">
          <Coords points="1349,1915 1515,1915 1515,1957 1349,1957"/>
          <TextEquiv>
            <Unicode>Verfah⸗</Unicode>
          </TextEquiv>
        </Word>
        <TextEquiv>
          <Unicode>man bey der Trennung ein verſchiedenes Verfah⸗</Unicode>
        </TextEquiv>
      </TextLine>
      <TextLine id="region0031_line" custom="readingOrder {index:6;}">
        <Coords points="562,1961 1514,1955 1516,2075 564,2081"/>
        <Word id="word_1641820007162_4571" custom="readingOrder {index:0;}">
          <Coords points="563,1976 633,1976 633,2008 563,2008"/>
          <TextEquiv>
            <Unicode>ren</Unicode>
          </TextEquiv>
        </Word>
        <Word id="word_1641820009353_4574" custom="readingOrder {index:1;}">
          <Coords points="650,1970 866,1970 866,2012 650,2012"/>
          <TextEquiv>
            <Unicode>beobachten.</Unicode>
          </TextEquiv>
        </Word>
        <Word id="word_1641820012093_4577" custom="readingOrder {index:2;}">
          <Coords points="927,1973 1021,1973 1021,2018 927,2018"/>
          <TextEquiv>
            <Unicode>Eine</Unicode>
          </TextEquiv>
        </Word>
        <Word id="word_1641820014516_4580" custom="readingOrder {index:3;}">
          <Coords points="1037,1971 1120,1971 1120,2014 1037,2014"/>
          <TextEquiv>
            <Unicode>jede</Unicode>
          </TextEquiv>
        </Word>
        <Word id="word_1641820017362_4583" custom="readingOrder {index:4;}">
          <Coords points="1127,1973 1244,1973 1244,2015 1127,2015"/>
          <TextEquiv>
            <Unicode>dieſer</Unicode>
          </TextEquiv>
        </Word>
        <Word id="word_1641820019583_4586" custom="readingOrder {index:5;}">
          <Coords points="1268,1971 1525,1971 1525,2011 1268,2011"/>
          <TextEquiv>
            <Unicode>verſchiedenen</Unicode>
          </TextEquiv>
        </Word>
        <TextEquiv>
          <Unicode>ren beobachten. Eine jede dieſer verſchiedenen</Unicode>
        </TextEquiv>
      </TextLine>
      <TextLine id="line_1641820002898_4568" custom="readingOrder {index:7;}">
        <Coords points="554,1964 1516,1964 1516,2015 554,2015"/>
        <Word id="region0031_line_word0000" custom="readingOrder {index:0;}">
          <Coords points="568,2024 758,2023 759,2067 569,2068"/>
          <TextEquiv>
            <Unicode>Operation</Unicode>
          </TextEquiv>
        </Word>
        <Word id="word_1641887406087_731" custom="readingOrder {index:1;}">
          <Coords points="782,2023 838,2022 838,2074 783,2075"/>
          <TextEquiv>
            <Unicode>iſt</Unicode>
          </TextEquiv>
        </Word>
        <Word id="word_1641887415243_736" custom="readingOrder {index:2;}">
          <Coords points="838,2022 931,2021 931,2073 838,2074"/>
          <TextEquiv>
            <Unicode>mit</Unicode>
          </TextEquiv>
        </Word>
        <Word id="word_1641887421728_741" custom="readingOrder {index:3;}">
          <Coords points="931,2021 1069,2020 1069,2072 931,2073"/>
          <TextEquiv>
            <Unicode>einem</Unicode>
          </TextEquiv>
        </Word>
        <Word id="word_1641887429056_746" custom="readingOrder {index:4;}">
          <Coords points="1069,2020 1272,2019 1272,2071 1069,2072"/>
          <TextEquiv>
            <Unicode>beſondern</Unicode>
          </TextEquiv>
        </Word>
        <Word id="word_1641887436243_751" custom="readingOrder {index:5;}">
          <Coords points="1272,2019 1444,2019 1444,2071 1272,2071"/>
          <TextEquiv>
            <Unicode>Namen</Unicode>
          </TextEquiv>
        </Word>
        <Word id="word_1641887436243_750" custom="readingOrder {index:6;}">
          <Coords points="1444,2019 1507,2019 1508,2071 1444,2071"/>
          <TextEquiv>
            <Unicode>be⸗</Unicode>
          </TextEquiv>
        </Word>
        <TextEquiv>
          <Unicode>Operation iſt mit einem beſondern Namen be⸗</Unicode>
        </TextEquiv>
      </TextLine>
      <TextLine id="line_1641820025361_4589" custom="readingOrder {index:8;}">
        <Coords points="545,2080 736,2080 736,2131 545,2131"/>
        <Word id="word_1641820029426_4592" custom="readingOrder {index:0;}">
          <Coords points="566,2089 717,2089 717,2124 566,2124"/>
          <TextEquiv>
            <Unicode>zeichnet.</Unicode>
          </TextEquiv>
        </Word>
        <TextEquiv>
          <Unicode>zeichnet.</Unicode>
        </TextEquiv>
      </TextLine>
      <TextEquiv>
        <Unicode>Die Trennung oder Zerſtuͤckung der Koͤrper,&#13;
welche in gleichartige Theile getrennet werden ſol⸗&#13;
len, wird, wie wir ſchon oben gehoͤrt haben, durch&#13;
aͤußere Gewalt oder Kraft bewirkt. Da aber der&#13;
Zuſammenhang der Koͤrper verſchieden iſt, ſo muß&#13;
man bey der Trennung ein verſchiedenes Verfah⸗&#13;
ren beobachten. Eine jede dieſer verſchiedenen&#13;
Operation iſt mit einem beſondern Namen be⸗&#13;
zeichnet.</Unicode>
      </TextEquiv>
    </TextRegion>
    <TextRegion type="catch-word" id="region_1676367275654_2884" custom="readingOrder {index:10;} structure {type:catch-word;}">
      <Coords points="1349,2163 1349,2205 1510,2205 1510,2163"/>
      <TextLine id="line_1676367275708_2887" custom="readingOrder {index:0;}">
        <Coords points="1349,2163 1349,2205 1510,2205 1510,2163"/>
        <Word id="word_1676367364731_2983" custom="readingOrder {index:0;}">
          <Coords points="1349,2163 1412,2163 1412,2205 1349,2205"/>
          <TextEquiv>
            <Unicode>§.</Unicode>
          </TextEquiv>
        </Word>
        <Word id="word_1676367364729_2982" custom="readingOrder {index:1;}">
          <Coords points="1412,2163 1510,2163 1510,2205 1412,2205"/>
          <TextEquiv>
            <Unicode>152</Unicode>
          </TextEquiv>
        </Word>
        <TextEquiv>
          <Unicode>§. 152</Unicode>
        </TextEquiv>
      </TextLine>
      <TextEquiv>
        <Unicode>§. 152</Unicode>
      </TextEquiv>
    </TextRegion>
  </Page>
</PcGts>
