1824 2673
292 389 368 453 VI.
368 389 586 453 Hauptſt.
586 389 711 453 Von
711 389 791 453 der
791 389 1145 453 Leibeigenſchaft.

1175 410 1250 445 101

218 502 277 547 hin
298 503 533 551 hauptſaͤchlich
555 504 618 549 auf
644 507 692 541 die
711 504 935 552 Verhaͤltniſſe
959 514 1020 547 an,
1059 503 1169 548 welche
1188 503 1248 540 bei⸗

219 556 257 592 de
277 554 432 602 Eheleute
463 557 515 592 als
546 557 594 591 die
613 553 725 597 Baſis
753 553 837 600 ihrer
867 553 1249 601 Ehe⸗ und Erbfolge⸗

219 605 340 650 rechte,
366 605 443 650 nach
467 604 629 651 Geſezen,
665 603 902 649 Herkommen,
939 608 1011 642 oder
1034 603 1247 650 Vertraͤgen,

219 661 258 699 zu
278 654 423 703 befolgen
441 654 640 703 haben.
631 660 658 691 —
666 673 717 680 —
750 652 805 701 1.)
833 655 904 695 Bei
934 655 1127 703 beſtehender
1154 652 1248 702 allge⸗

220 706 339 742 meiner
366 703 705 755 Guͤtergemeinſchaft
738 712 831 741 unter
866 708 924 742 den
963 705 1142 752 Eheleuten
1174 708 1248 741 tritt

219 759 269 795 die
289 756 447 803 rechtliche
466 755 566 806 Folge
597 759 668 798 ein,
708 755 772 802 daß
802 759 854 794 der
884 757 1137 800 Ueberlebende,
1175 755 1249 794 wel⸗

219 806 288 851 cher
321 809 367 845 im
400 806 569 856 Genuſſe,
608 805 799 854 Gedeihen,
845 810 911 843 und
944 809 1002 847 Ve
1021 809 1136 845 derben
1172 808 1249 853 ſizen

219 859 339 903 bleibt,
368 866 433 898 aus
452 863 506 897 der
529 861 689 908 gemeinen
707 859 839 907 Maſſe,
867 861 927 896 wie
951 860 990 905 ſie
1014 860 1071 904 ſich
1094 869 1149 906 zur
1175 861 1249 907 Zeit

218 913 274 949 des
291 912 400 952 Todes
428 915 484 950 des
504 911 604 959 zuerſt
620 901 854 958 Geſtorbenen
880 909 1040 955 befunden
1072 911 1151 956 hat,
1189 911 1249 947 alle

218 960 415 1006 Schulden,
449 978 502 984 —
533 958 613 1004 auch
645 962 693 1002 die
725 960 844 1007 legale,
878 963 948 996 oder
967 958 1063 1002 durch
1088 963 1149 996 das
1166 961 1251 1005 Her⸗

217 1013 365 1050 kommen
386 1011 560 1058 geſtiftete,
586 1029 637 1036 —
661 1011 779 1057 mithin
806 1010 885 1056 auch
902 1001 1012 1059 deſſen
1036 1010 1250 1057 Beſthaupt,

219 1060 366 1106 bezahlen
384 1060 485 1105 muß;
530 1060 634 1106 jedoch
655 1063 760 1101 kann,
793 1053 871 1104 nach
894 1064 946 1098 der
965 1062 1085 1098 Natur
1106 1064 1157 1097 der
1174 1060 1252 1100 Sa⸗

219 1108 292 1150 che,
326 1117 392 1145 nur
419 1109 468 1146 die
488 1107 606 1156 Haͤlfte
632 1099 687 1145 der
708 1108 900 1152 geſammten
918 1107 1193 1154 Verlaſſenſchaft
1214 1112 1250 1146 in

219 1155 443 1202 Berechnung
468 1144 657 1201 genommen
685 1146 834 1192 werden.
894 1156 947 1201 2.)
975 1153 1049 1199 Hat
1073 1163 1167 1191 unter
1190 1160 1250 1191 den

220 1206 402 1254 Eheleuten
426 1210 499 1246 nur
528 1208 594 1245 eine
620 1204 864 1255 Gemeinſchaft
893 1211 947 1245 der
967 1205 1250 1254 Errungenſchaft

217 1257 411 1307 beſtanden,
438 1247 489 1305 ſo
525 1258 659 1307 bringen
693 1262 729 1300 es
763 1258 811 1294 die
849 1256 1030 1304 rechtlichen
1057 1258 1250 1304 Principien

219 1314 319 1360 dieſes
343 1312 514 1361 Jnſtituts
529 1300 598 1352 mit
622 1302 722 1360 ſich,
746 1311 810 1359 daß
843 1316 905 1351 das
937 1312 1117 1363 maͤnnliche
1150 1312 1251 1360 Beſt⸗

219 1358 324 1406 haupt
345 1361 486 1410 lediglich
509 1353 574 1399 von
589 1353 659 1401 den
681 1360 883 1407 maͤnnlichen
907 1363 1061 1407 Jllaten,
1105 1366 1170 1398 und
1193 1362 1254 1408 deſ⸗

218 1413 270 1460 ſen
293 1403 735 1462 Errungenſchaftsantheile
758 1414 927 1461 gethaͤdigt
953 1417 1057 1458 wird;
1097 1423 1149 1450 wo
1182 1414 1254 1461 hin⸗

218 1474 316 1513 gegen
344 1469 392 1504 die
427 1465 569 1519 Ehefrau
595 1461 725 1522 hieran
745 1474 849 1504 etwas
888 1474 953 1508 aus
981 1467 1071 1515 ihren
1098 1468 1250 1513 Jllaten,

219 1516 293 1558 oder
324 1512 426 1563 ihrem
457 1507 898 1563 Errungenſchaftsantheile
935 1519 1139 1562 beizutragen
1171 1525 1253 1559 ganz

218 1566 287 1600 und
314 1553 373 1612 gar
397 1563 482 1610 nicht
509 1562 735 1614 ſchuldig
677 1566 759 1617 iſt;
779 1570 912 1609 welches
948 1571 1028 1601 alles
1063 1567 1136 1602 eben
1160 1571 1191 1610 ſo
1215 1570 1252 1599 in

219 1616 290 1654 dem
315 1614 539 1666 umgekehrten
564 1615 679 1662 Falle,
716 1624 810 1652 wenn
841 1620 981 1659 naͤmlich
1011 1626 1075 1654 von
1104 1619 1253 1662 Entrich⸗

217 1674 301 1716 tung
325 1674 383 1709 des
402 1661 632 1719 Beſthauptes
654 1673 710 1707 des
732 1670 830 1720 zuerſt
851 1670 1058 1718 geſtorbenen
1075 1670 1252 1719 Eheweibs

218 1721 267 1766 die
282 1710 377 1771 Rede
393 1711 454 1768 iſt,
483 1720 558 1771 ſtatt
580 1720 743 1766 findet.

294 1804 357 1848 B.)
383 1805 465 1850 Wie
482 1802 634 1853 geſchieht
654 1805 703 1842 die
724 1802 925 1853 Thaͤdigung
947 1802 1060 1856 ſelbſt?

296 1860 381 1901 Das
406 1857 567 1908 ſaͤmtliche
601 1858 760 1908 pflichtige
789 1858 980 1907 Vermoͤgen
1014 1864 1070 1897 des
1102 1860 1255 1906 Verſtor⸗

220 1896 319 1944 benen
342 1909 424 1944 wird
460 1910 496 1944 in
529 1908 578 1944 ein
615 1905 799 1952 foͤrmliches
836 1911 1048 1953 Verzeichniß
1083 1914 1255 1958 gebracht,

220 1960 333 2008 ſonach
353 1972 416 1999 von
437 1959 759 2010 Sachverſtaͤndigen
780 1962 859 2005 nach
881 1964 995 2007 ſeinem
1017 1967 1148 2009 wahren
1159 1965 1256 1999 Wer⸗

219 2009 274 2064 the
293 2010 356 2064 aa)
375 2014 493 2061 taxirt,
533 2013 601 2059 und
632 2012 744 2069 dieſem
780 2013 965 2061 vorgaͤngig
997 2016 1055 2061 hat
1088 2019 1171 2051 denn
1208 2015 1256 2047 die

785 2065 921 2118 G3

1181 2076 1257 2115 Be⸗

259 2161 313 2198 aa)
333 2161 401 2201 Hin
431 2162 494 2195 und
524 2161 639 2196 wieder
666 2162 789 2201 werden
819 2162 919 2202 jedoch
944 2164 991 2195 die
1014 2159 1255 2201 unbeweglichen

301 2201 496 2242 Grundſtuͤke
513 2205 574 2237 nur
597 2207 668 2241 nach
686 2209 754 2235 dem
776 2208 1053 2242 Schazungsfuße,
1084 2206 1141 2234 wie
1162 2205 1256 2241 ſolche

299 2243 429 2284 naͤmlich
454 2247 486 2278 in
503 2248 565 2279 den
589 2248 903 2286 Schazungsbuͤchern
925 2245 1145 2284 angeſchlagen
1174 2247 1260 2284 ſind,

298 2283 332 2317 in
347 2282 552 2323 Berechnung
572 2290 768 2323 genommen.
