1792 2650
264 486 332 534 erſte
358 484 560 538 Bedeutung,
589 505 660 537 wenn
689 497 724 528 ſie
746 497 832 529 gleich
851 496 913 525 hier
937 491 1067 523 flauͤrlich
1094 491 1174 522 ſteht,

265 563 338 600 muß
363 568 411 591 um
436 562 483 592 der
499 557 702 600 Conſtruction
728 555 825 589 willen
841 552 986 591 Ruͤckſicht
1002 556 1176 589 genommen

267 622 400 657 werden:
416 617 445 655 ſo
458 616 558 657 ſcheint
575 618 617 653 es,
627 615 683 651 daß
702 613 766 650 doch
784 605 833 646 der
848 610 970 651 Begriff
986 602 1061 645 einer
1079 607 1175 641 Stell⸗

268 682 436 717 vertretung
456 683 517 717 zum
536 669 654 719 Grunde
673 675 758 712 liege.
780 671 885 711 Dieſes
903 671 975 702 wird
993 671 1059 704 noch
1079 667 1180 705 wahr⸗

269 729 450 769 ſcheinlicher,
468 736 548 765 wenn
564 735 634 759 man
655 726 776 765 Matth.
798 734 846 760 20,
868 729 916 755 28.
940 722 1044 756 Marc.
1068 728 1114 750 10,
1128 728 1177 751 45.

268 791 438 832 vergleicht,
458 797 501 825 wo
519 786 653 831 Chriſtus
680 787 758 825 ſelbſt
782 783 900 824 ſpricht,
922 783 977 818 daß
995 789 1022 812 er
1037 789 1093 818 Την
1118 774 1179 814 Ψυ-

267 848 334 887 χην
364 836 449 882 αὑτȣ
475 842 543 879 gebe
558 846 633 878 zum
664 846 780 880 λυτϱον
808 846 882 870 αντι
911 842 1060 869 πολλων:
1105 840 1180 866 αντι

271 911 340 945 aber
364 906 458 944 heißt,
479 907 532 940 wie
559 907 612 938 das
638 902 715 939 hebr.
737 907 805 931 חﬢוח
834 899 970 937 anſtatt,
993 895 1057 933 Jeſ.
1080 904 1108 927 2,
1129 900 1177 928 14.

511 960 606 991 נמשכר
368 963 494 993 הּחחבם
271 956 350 997 למרח
623 949 638 992 ἡ
653 948 749 992 Ψυχη
766 959 839 987 αντι
854 946 940 990 ὑμων
958 957 1001 983 εις
1018 946 1181 984 ϑανατον.

273 1029 334 1063 und
356 1025 424 1062 noch
445 1023 523 1064 mehr
546 1023 630 1060 durch
645 1017 860 1060 Vergleichung
877 1022 935 1047 von
950 1014 1015 1058 Jeſ.
1035 1021 1086 1054 40,
1108 1018 1134 1044 3.
1152 1016 1183 1045 4.

274 1091 322 1119 wo
345 1087 378 1122 es
402 1081 495 1124 heißt:
522 1079 690 1123 Egypren,
711 1076 805 1115 Cuſh
829 1080 898 1113 und
912 1073 1012 1110 Saba
1035 1072 1109 1115 gebe
1135 1069 1185 1107 ich

272 1147 346 1184 zum
360 1136 506 1182 Loͤſegeld
521 1137 579 1178 fuͤr
592 1136 675 1177 dich,
814 1139 904 1171 כמרך
697 1142 801 1175 חחחיך.
952 1130 1041 1167 Weil
1057 1133 1100 1163 du
1117 1127 1183 1163 mir

273 1196 385 1236 theuer
401 1197 466 1232 und
480 1190 699 1234 hochgeachtet
716 1190 786 1229 biſt,
810 1194 875 1223 und
893 1188 940 1226 ich
959 1185 1029 1225 dich
1048 1184 1133 1223 liebe,
1152 1182 1184 1219 ſo

274 1258 350 1301 gebe
373 1255 430 1296 ich
438 1252 610 1301 Menſchen
633 1250 689 1292 fuͤr
710 1248 804 1291 dich,
821 1256 888 1287 und
909 1244 1027 1289 Voͤlker
1042 1244 1097 1290 fuͤr
1112 1243 1187 1283 dein

278 1310 393 1350 Leben.

283 1371 393 1411 Hier
408 1369 476 1408 ſteht
485 1368 639 1408 deutlich,
660 1367 718 1402 daß
735 1362 882 1403 Egypter,
905 1359 1032 1399 Sabaͤer
1049 1361 1110 1397 und
1126 1358 1186 1398 Cu⸗

278 1422 375 1464 ſchiter
391 1422 439 1460 fuͤr
454 1424 496 1457 die
510 1418 672 1459 Jſraeliten
692 1416 799 1459 buͤßen,
808 1418 836 1447 d.
855 1416 876 1446 i.
892 1417 923 1445 in
944 1416 1000 1445 das
1018 1411 1089 1449 Exil
1104 1418 1188 1443 wan⸗

280 1485 349 1531 dern
375 1478 520 1528 ſollten,
513 1473 551 1523 in
564 1479 694 1522 welchem
718 1478 814 1518 bisher
840 1479 884 1513 die
906 1473 1072 1514 Jſraeliten
1096 1473 1191 1513 gelebt

242 1531 394 1578 hatten.
420 1524 496 1574 So
507 1537 566 1579 war
581 1524 658 1568 denn
682 1532 743 1566 alſo
761 1531 821 1565 dem
832 1524 964 1568 Hebraͤer
982 1529 1027 1558 der
1047 1524 1191 1561 Gedanke

281 1606 358 1640 nicht
375 1600 486 1638 fremd,
509 1597 566 1635 daß
591 1595 708 1635 jemand
726 1594 947 1633 ſtellvertretend
966 1589 1015 1629 fuͤr
1031 1592 1122 1625 andre
1139 1589 1191 1624 lei⸗

280 1660 331 1694 de:
356 1658 416 1688 und
430 1657 468 1687 da
480 1652 537 1692 bey
556 1655 617 1684 dem
636 1648 717 1688 Tode
727 1650 804 1693 Jeſu
821 1649 864 1680 die
879 1647 1037 1686 nemlichen
1056 1644 1194 1682 Ausdruͤ⸗

281 1712 322 1749 cke
338 1706 491 1750 gebraucht
507 1708 642 1745 worden,
665 1705 694 1741 ſo
708 1704 784 1739 kann
802 1703 872 1740 auch
890 1700 987 1739 hiebey
1004 1699 1075 1734 nach
1092 1704 1195 1736 gram⸗

283 1766 600 1811 matiſch⸗hiſtoriſcher
622 1762 863 1804 Jnterpretation
890 1768 930 1795 an
956 1760 1019 1791 eine
1037 1757 1195 1799 Subſtitu⸗

281 1831 347 1867 tion
363 1827 436 1866 nicht
452 1823 725 1866 unwahrſcheinlich
741 1821 859 1861 gedacht
874 1821 998 1859 werden.
1023 1834 1064 1842 —

327 1919 404 1959 Aber
426 1919 496 1955 auch
522 1916 601 1954 ſchon
632 1917 674 1948 die
698 1910 910 1951 Vergleichung
936 1911 986 1943 des
1005 1908 1103 1946 Todes
1122 1903 1199 1951 Jeſu

285 1975 342 2012 mit
358 1972 449 2005 einem
467 1968 610 2012 Opfertod
627 1964 742 2007 ſcheint
758 1964 871 2004 darauf
885 1971 918 2003 zu
938 1962 1056 2005 fuͤhren.

328 2060 432 2100 Dieſes
450 2056 575 2097 leugnen
592 2054 681 2094 viele,
702 2052 812 2099 Junge
828 2051 857 2085 in
884 2054 936 2085 den
956 2045 1201 2091 philoſophiſchen

288 2115 351 2152 und
365 2112 451 2151 theol.
468 2106 631 2152 Aufſaͤtzen,
649 2117 660 2145 1
683 2108 740 2144 St.
761 2106 924 2145 Nuͤrnberg
944 2107 1031 2140 1781.
1061 2099 1106 2135 S.
1129 2106 1202 2139 154.

290 2168 403 2210 Sykes
426 2173 493 2200 vom
513 2164 663 2203 Urſprung
688 2164 735 2193 der
760 2159 872 2199 Opfer;
901 2153 1076 2192 Doͤderlein
1103 2157 1132 2186 in
1155 2154 1206 2189 ſei⸗

289 2236 342 2266 ner
357 2225 478 2263 inſtitut.
499 2233 526 2263 p.
546 2230 635 2261 419.;
661 2219 820 2264 Suͤßkind
839 2222 868 2252 in
889 2219 977 2256 ſeiner
995 2217 1208 2255 vortrefflichen

290 2287 509 2336 Abhandlung:
531 2285 583 2332 Jſt
598 2293 682 2326 unter
700 2280 1013 2330 Suͤndenvergebung,
1035 2278 1136 2322 welche
1153 2276 1212 2315 das
