1490 2249
518 468 616 505 verließ
635 468 688 499 und
709 467 757 496 den
771 464 871 500 Wagen
888 461 997 500 beſtieg,
1018 462 1061 494 der
1080 464 1113 500 ſie
1126 463 1184 498 nach
1199 462 1295 494 Rolles

516 520 625 557 bringen
644 519 732 553 ſollte,
762 520 842 548 unter
860 517 918 546 dem
942 515 1091 548 Vorwande
1117 513 1216 550 einiger
1240 515 1295 545 Ge⸗

517 568 626 605 ſchaͤfte,
651 574 696 597 um
719 565 759 597 die
778 564 937 601 Erlaubniß,
960 561 993 599 ſie
1012 568 1043 597 zu
1065 563 1199 598 begleiten.
1236 561 1297 593 Wir

516 625 607 658 ſetzten
626 621 679 649 uns
699 620 749 649 alle
768 619 829 652 drey
843 618 994 652 zuſammen
1006 616 1033 645 in
1048 615 1098 644 den
1110 615 1226 650 Wagen,
1243 613 1295 643 und

519 672 568 706 daß
584 671 617 704 ich
633 671 714 701 neben
726 667 912 700 Klementinen
925 665 975 703 ſaß,
996 666 1081 701 kannſt
1094 667 1141 696 Du
1156 666 1210 697 Dir
1226 663 1297 698 leicht

518 725 660 756 einbilden.
696 724 751 754 Ein
769 722 859 756 ſolcher
882 721 969 756 Platz,
996 720 1040 750 der
1059 719 1103 754 fuͤr
1122 717 1297 754 gleichguͤltige

519 775 573 806 und
594 775 749 804 verdorbene
768 772 867 809 Herzen
890 771 953 806 ohne
968 769 1127 805 Bedeutung
1142 767 1188 806 iſt,
1208 767 1239 804 iſt
1257 769 1299 802 fuͤr

519 825 682 865 diejenigen,
707 824 749 856 die
767 828 826 863 noch
843 823 871 857 in
890 826 934 855 der
949 826 1030 861 erſten
1044 823 1236 860 Bezauberung
1256 822 1300 852 der

521 882 595 915 Liebe
609 883 689 916 leben,
709 880 767 911 eine
780 880 880 913 Quelle
895 881 939 910 der
954 876 1067 917 ſuͤßeſten
1081 875 1301 915 Empfindungen.

520 934 577 968 Die
590 931 751 968 Beruͤhrung
768 931 814 960 des
829 930 1005 967 angenehmen
1018 924 1232 967 Gegenſtandes,
1252 925 1301 959 das

521 986 697 1022 Schwanken,
720 986 835 1021 wodurch
861 985 926 1014 man
947 981 1069 1015 einander
1088 979 1168 1018 naͤher
1187 981 1303 1016 gebracht

522 1040 605 1076 wird,
633 1039 673 1070 die
686 1038 846 1074 Dunkelheit
866 1034 915 1082 der
915 1034 1023 1082 Nacht,
1042 1035 1084 1067 die
1103 1034 1147 1070 fuͤr
1162 1034 1302 1070 Perſonen,

521 1090 547 1125 ſo
563 1088 605 1125 ſich
620 1089 697 1117 unter
714 1089 786 1116 einer
799 1088 884 1117 Decke
896 1085 1022 1121 befinden,
1036 1077 1064 1124 ſo
1079 1079 1181 1118 guͤnſtig
1195 1082 1236 1115 iſt,
1255 1081 1304 1110 das

522 1139 609 1177 heißt,
629 1138 670 1168 die
691 1136 794 1173 zulaͤßt,
815 1134 862 1172 daß
878 1134 920 1165 ein
935 1133 1020 1170 Knie,
1039 1131 1096 1165 eine
1117 1131 1193 1168 Hand
1211 1137 1305 1161 unver⸗

523 1196 606 1226 merkt
628 1200 660 1224 an
678 1191 717 1223 die
729 1190 810 1222 andre
824 1191 935 1227 kommt,
960 1188 1013 1221 und
1027 1187 1068 1220 die
1087 1184 1196 1226 feinſten
1210 1185 1304 1225 Fibern

525 1250 569 1282 der
584 1247 759 1286 Empfindung
773 1245 801 1277 in
815 1246 967 1283 Bewegung
982 1245 1053 1281 ſetzt;
1073 1244 1122 1275 das
1136 1241 1303 1279 Vergnuͤgen,

523 1308 556 1338 zu
573 1301 724 1336 bemerken,
740 1299 790 1331 wie
807 1297 864 1328 eine
878 1296 974 1334 junge,
991 1294 1146 1333 ſchuͤchterne
1160 1294 1306 1330 Schoͤnheit

522 1354 568 1390 ſich
586 1351 671 1388 dieſen
685 1350 767 1386 erſten
782 1350 968 1384 Bewegungen
983 1345 1112 1383 uͤberlaͤßt,
1131 1345 1159 1376 in
1176 1348 1220 1375 der
1234 1344 1306 1382 Hoff⸗

523 1412 610 1441 nung,
634 1403 684 1442 daß
707 1404 751 1434 der
772 1404 885 1439 Urheber
905 1402 1034 1436 derſelben
1051 1403 1082 1432 es
1097 1399 1167 1435 nicht
1181 1399 1305 1431 bemerke,

525 1459 592 1489 alles
609 1458 657 1485 das
671 1456 784 1490 verſenkt
799 1456 826 1485 in
840 1453 915 1485 einen
930 1455 954 1489 ſo
968 1455 1143 1488 angenehmen
1159 1452 1306 1485 Gemuͤths⸗

524 1510 640 1548 zuſtand,
659 1508 707 1546 daß
720 1515 782 1539 man
794 1506 926 1544 beſtaͤndig
939 1507 1015 1537 darin
1028 1512 1061 1540 zu
1074 1504 1175 1535 bleiben
1187 1502 1307 1538 wuͤnſcht,

525 1563 578 1593 und
599 1569 647 1592 nur
663 1561 721 1599 halb
738 1560 847 1599 erſtickte
861 1558 994 1595 Seufzer,
1020 1555 1061 1588 die
1076 1556 1198 1588 einander
1218 1555 1306 1587 begeg⸗

526 1618 593 1643 nen,
616 1610 798 1645 unterbrechen
822 1605 867 1641 ihn
893 1606 1028 1641 zuweilen.
1077 1602 1307 1639 Gluͤcklicherweiſe

528 1665 582 1691 war
598 1662 642 1688 der
655 1660 722 1693 Weg
736 1663 796 1687 vom
813 1657 944 1693 Gewaͤſſer
960 1656 1111 1688 verdorben,
1126 1653 1180 1683 und
1196 1651 1220 1688 je
1235 1654 1307 1689 mehr

528 1720 584 1744 nun
607 1713 652 1743 der
673 1712 775 1746 Wagen
795 1709 927 1744 holperte,
952 1716 986 1739 um
1001 1705 1035 1749 ſo
1056 1707 1130 1741 mehr
1149 1704 1248 1744 ſuchten
1271 1706 1307 1740 ich

528 1766 582 1801 und
605 1766 773 1799 Klementine
793 1765 917 1797 einander
936 1770 1015 1800 gegen
1035 1763 1075 1794 die
1097 1763 1186 1799 Stoͤße
1207 1762 1255 1797 feſt
1277 1767 1309 1796 zu

529 1819 634 1855 halten;
662 1817 706 1849 der
722 1818 804 1851 Onkel
823 1818 920 1853 mochte
937 1812 980 1852 ſich
1005 1822 1037 1846 an
1060 1814 1100 1846 die
1121 1811 1309 1851 Kutſchenthuͤr
