1922 2869
767 513 849 561 Bey
863 516 918 553 der
930 511 1205 563 Futterkammer,
1227 525 1265 560 c,
1288 514 1372 565 gehn
1396 516 1448 556 die
1465 513 1765 567 Breterverſchlaͤge
1785 517 1838 559 bis

765 564 860 603 unter
875 566 927 602 die
941 563 1067 610 Decke,
1091 559 1157 602 und
1178 574 1213 605 es
1239 564 1336 605 bleibt
1361 566 1471 608 weiter
1492 566 1577 606 keine
1597 565 1766 618 Oeffnung
1785 567 1837 606 als

764 622 816 658 die
836 618 930 668 Thuͤr
964 618 997 656 in
1024 622 1084 658 den
1108 617 1320 669 Futtergang.
1397 623 1469 665 Die
1491 624 1838 674 Abſonderungswand

767 674 825 710 des
853 669 1103 724 Ochſenſtalles,
1127 666 1171 714 d,
1202 663 1304 719 wird,
1337 683 1413 713 vom
1443 672 1619 724 Fußboden
1650 685 1693 713 an
1716 675 1838 724 gerech⸗

768 720 835 770 net,
865 736 885 766 4
904 723 962 771 bis
962 724 985 772 5
1006 724 1070 772 Fuß
1086 714 1181 780 hoch,
1207 723 1263 768 und
1283 723 1334 768 die
1349 727 1483 770 Waͤnde
1498 721 1556 769 der
1568 722 1690 771 kleinen
1708 730 1838 777 Staͤlle,

768 777 812 825 h,
839 779 890 827 fuͤr
906 783 957 820 die
978 779 1201 831 Maſtkaͤlber,
1234 781 1388 830 brauchen
1405 782 1560 831 ebenfalls
1576 784 1660 831 nicht
1677 785 1772 834 hoͤher
1787 787 1840 825 als

770 827 789 881 5
807 830 884 881 Fuß
902 843 938 882 zu
956 831 1045 881 ſeyn;
1073 831 1162 884 ſelbſt
1177 838 1262 874 dann
1277 835 1377 882 nicht,
1400 846 1493 873 wenn
1508 839 1565 876 der
1579 836 1757 887 Fußboden
1774 839 1840 878 die⸗

766 886 814 934 ſer
828 881 947 927 Staͤlle
981 901 992 935 9
1006 885 1060 927 bis
1083 899 1125 927 10
1143 885 1217 938 Zoll
1231 882 1345 940 erhoͤht
1355 889 1513 936 angelegt,
1539 893 1623 934 und,
1643 891 1762 938 anſtatt
1782 896 1840 933 des

766 936 950 988 Pflaſters,
973 928 1036 988 mit
1048 932 1132 990 Holz
1146 927 1336 995 ausgebohlt
1355 941 1453 987 wird,
1482 940 1613 986 welches
1628 954 1700 992 zum
1716 944 1840 985 Gedei⸗

765 994 828 1044 hen
842 993 940 1039 dieſes
957 993 1072 1042 jungen
1090 994 1220 1043 Viehes
1235 995 1301 1047 ſehr
1315 999 1377 1037 viel
1393 994 1578 1047 beytraͤgt.
1603 998 1762 1048 Zwiſchen
1776 1004 1838 1040 den

766 1040 889 1094 kleinen
914 1047 1053 1090 Staͤllen
1066 1049 1105 1096 iſt
1119 1050 1170 1086 ein
1185 1059 1205 1084 3
1225 1047 1298 1102 Fuß
1314 1051 1438 1091 breiter
1459 1052 1583 1099 Gang,
1611 1047 1658 1095 h,
1686 1055 1740 1091 der
1760 1059 1839 1093 aus⸗

764 1098 949 1144 gepflaſtert
963 1089 1063 1146 wird,
1092 1102 1158 1138 und
1174 1100 1207 1138 in
1213 1093 1295 1141 dem
1305 1094 1362 1147 die
1381 1094 1514 1152 Thuͤren
1538 1116 1559 1141 2
1581 1101 1657 1152 Fuß
1680 1102 1778 1148 breit,
1803 1105 1838 1143 in

762 1151 851 1198 jedes
874 1147 1062 1199 Behaͤltniß
1090 1141 1275 1205 angebracht
1298 1141 1434 1202 werden.

845 1206 910 1247 Um
926 1209 985 1244 den
1001 1206 1145 1246 mittlern
1161 1206 1382 1256 gepflaſterten
1405 1201 1629 1255 Durchgang,
1646 1208 1685 1254 b,
1720 1210 1750 1257 ſo
1773 1210 1839 1251 viel

763 1256 825 1298 wie
853 1254 1007 1307 moͤglich,
1040 1257 1108 1300 rein
1130 1269 1167 1308 zu
1190 1251 1316 1310 halten,
1343 1260 1372 1308 ſo
1395 1260 1469 1312 laſſe
1493 1273 1571 1302 man
1595 1275 1638 1302 an
1661 1266 1712 1303 die
1736 1263 1841 1312 erſten

763 1315 978 1369 Kuhſtaͤnde,
998 1331 1053 1358 am
1070 1318 1263 1369 Eingange,
1289 1317 1547 1369 Breterwaͤnde,
1563 1332 1595 1365 t,
1615 1320 1757 1370 machen,
1782 1326 1840 1363 da⸗

763 1364 827 1412 mit
845 1374 907 1409 das
922 1372 955 1411 in
973 1371 1075 1419 dieſen
1088 1365 1249 1419 Staͤnden
1263 1373 1405 1425 ſtehende
1412 1367 1505 1426 Vieh
1522 1377 1556 1415 in
1573 1375 1676 1424 ſeinen
1686 1373 1839 1422 Schran⸗

762 1423 820 1462 ken
838 1422 961 1462 bleiben
977 1423 1087 1472 muͤſſe,
1110 1429 1175 1464 und
1191 1429 1250 1465 den
1258 1427 1362 1475 Gang
1377 1418 1460 1472 nicht
1468 1419 1713 1476 verunreinigen
1729 1428 1849 1470 koͤnne.

764 1476 870 1524 Dieſe
886 1473 1125 1519 Breterwaͤnde
1135 1468 1294 1525 brauchen
1315 1479 1399 1526 nicht
1415 1476 1511 1534 hoͤher
1535 1475 1572 1527 zu
1594 1480 1686 1528 ſeyn,
1713 1484 1765 1521 als
1788 1482 1839 1523 die

764 1529 859 1575 obere
881 1530 994 1571 Kante
1019 1535 1076 1569 der
1093 1527 1261 1580 Krippen,
1279 1532 1339 1572 die
1362 1530 1464 1582 Laͤnge
1485 1534 1562 1574 aber
1585 1535 1669 1575 kann
1693 1546 1716 1579 4
1741 1534 1793 1574 bis
1814 1545 1836 1589 5

763 1582 842 1634 Fuß
864 1583 1040 1634 betragen,
1054 1586 1175 1627 damit
1194 1589 1263 1628 eine
1293 1581 1521 1639 angebundene
1545 1590 1646 1641 Kuh,
1679 1600 1773 1630 wenn
1797 1594 1840 1642 ſie

761 1636 965 1693 zuruͤcktritt,
991 1636 1075 1686 nicht
1090 1638 1195 1692 hinter
1230 1630 1288 1683 der
1286 1642 1403 1693 Wand
1419 1641 1566 1693 hinweg,
1594 1642 1628 1681 in
1651 1646 1710 1683 den
1732 1640 1866 1693 Gang

759 1696 876 1742 miſten
891 1699 1002 1739 koͤnne.

840 1742 916 1772 Der
930 1733 1155 1780 Durchſchnitt
1168 1730 1267 1781 dieſes
1282 1742 1438 1777 Stalles,
1465 1742 1543 1781 nach
1555 1744 1611 1775 der
1626 1742 1718 1781 Tiefe
1732 1742 1837 1786 deſſel⸗

761 1793 845 1842 ben,
867 1796 906 1840 iſt
921 1808 977 1846 zur
991 1795 1107 1846 Haͤlfte
1121 1796 1160 1848 in
1180 1801 1234 1837 der
1250 1787 1355 1845 Figur
1373 1806 1442 1841 22,
1473 1798 1550 1842 nach
1571 1800 1675 1839 einem
1697 1800 1835 1849 groͤßern

761 1852 944 1905 Maßſtabe
960 1855 1150 1904 vorgeſtellt.
1205 1848 1268 1902 Die
1276 1850 1499 1904 ſogenannten
1509 1856 1763 1910 Klappſtaͤnder,
1776 1857 1836 1903 de,

762 1908 815 1946 die
832 1908 877 1946 im
892 1904 1083 1956 Grundriſſe
1099 1909 1161 1948 mit
1176 1922 1196 1945 v
1213 1905 1385 1957 bezeichnet
1400 1909 1478 1959 ſind,
1504 1909 1591 1961 ſtehn
1606 1918 1702 1952 unten
1718 1911 1839 1961 ſtumpf

761 1956 826 2003 auf
835 1959 890 1997 der
908 1958 1193 2007 Unterſatzmauer,
1204 1955 1294 1999 oben
1312 1956 1388 1998 aber
1404 1963 1529 2001 werden
1540 1963 1578 2012 ſie
1594 1956 1627 2001 in
1643 1962 1694 2001 die
1701 1961 1834 2012 Haupt⸗

762 2011 877 2056 balken
899 2011 1061 2064 verzapſt,
1090 2018 1157 2054 und
1178 2017 1246 2064 jede
1268 2017 1348 2059 wird
1364 2017 1427 2059 mit
1446 2023 1519 2061 dem
1534 2018 1784 2068 Winkelbande,
1798 2017 1835 2065 f,

761 2065 958 2107 verbunden.
1012 2069 1085 2111 Sie
1099 2068 1220 2118 muͤſſen
1237 2067 1299 2109 mit
1311 2074 1372 2111 den
1388 2071 1536 2122 dahinter
1549 2072 1715 2123 ſtehenden
1731 2072 1832 2117 Saͤu⸗

761 2114 818 2166 len
840 2120 897 2168 feſt
916 2120 1073 2169 vereinigt
1105 2115 1179 2159 und
1193 2119 1358 2171 gleichſam
1375 2132 1419 2173 zu
1443 2124 1531 2165 einer
1551 2124 1668 2168 Saͤule
1689 2116 1833 2176 gemacht

759 2178 904 2217 werden.
985 2180 1088 2228 Dieſe
1130 2177 1359 2228 Vereinigung
1403 2178 1555 2232 geſchieht
1588 2174 1681 2228 durch
1718 2183 1865 2231 eiſerne

758 2226 1141 2281 Schwalbenſchwaͤnze,
1166 2229 1277 2279 welche
1290 2245 1336 2273 an
1352 2239 1414 2277 den
1431 2233 1558 2279 Seiten
1574 2230 1689 2290 beyder
1706 2229 1832 2288 Saͤulen

760 2279 953 2330 eingelaſſen
971 2287 1034 2322 und
1051 2283 1107 2332 feſt
1121 2275 1268 2330 genagelt
1278 2281 1456 2326 werden.

792 2335 915 2378 Die
928 2329 1126 2386 Abtheilung
1145 2338 1198 2374 der
1211 2331 1349 2379 Staͤnde
1360 2336 1456 2385 durch
1472 2337 1577 2379 Latten
1593 2330 1675 2379 wird
1691 2339 1756 2389 alſo
1776 2348 1832 2389 ge⸗

758 2389 875 2439 macht.
927 2392 997 2441 Fuͤr
1013 2395 1063 2434 die
1075 2393 1195 2444 beyden
1210 2394 1353 2437 mittlern
1366 2391 1497 2449 Reihen
1514 2400 1569 2438 der
1581 2389 1771 2450 Kuhſtaͤnde
1785 2411 1832 2440 er⸗

760 2440 882 2501 fordert
909 2448 989 2501 dieſe
1014 2449 1156 2501 Anlage
1170 2450 1279 2501 wenig
1295 2441 1441 2506 Koſten;
1469 2457 1554 2504 denn
1573 2461 1611 2494 es
1636 2454 1750 2503 duͤrfen
1771 2465 1833 2496 nur
