1284 2097
965 229 1012 272 45

185 293 406 351 Wohlſtand,
433 287 559 350 welchen
577 295 672 344 ihnen
695 287 771 353 ihre
779 297 892 345 ſchoͤne,
938 303 1009 339 und

170 338 217 401 zu
234 349 322 406 allen
328 339 629 404 wirthſchaftlichen
649 349 832 406 Vortheilen
843 358 910 395 und
922 354 1012 397 Ver⸗

184 402 401 477 beſſerungen
401 411 575 477 geſchickte
589 419 696 470 Fluhr
712 420 771 469 bey
789 423 843 464 der
866 423 1014 471 nuͤtzlich⸗

179 468 255 549 ſten
281 464 498 543 Behandlung
509 490 573 531 vor
590 483 659 533 ſehr
675 485 778 525 vielen
804 494 925 532 andern
946 499 1014 537 Or⸗

182 539 237 603 ten
255 554 440 600 darbietet,
441 534 492 608 ſo
498 557 611 595 gerne
634 553 741 597 goͤnne
761 568 830 600 und
852 560 1010 601 wuͤnſche,

181 608 224 677 ſo
226 604 314 677 habe
320 599 377 672 ich
386 597 476 673 mich
480 618 524 663 in
534 619 647 666 dieſem
658 616 840 667 Betrachte
858 620 937 664 auch
954 619 1008 665 fuͤr

179 677 388 727 verpflichtet
390 683 558 734 geachtet,
573 683 630 730 ſie,
650 685 680 730 ſo
697 692 760 729 viel
779 672 927 738 moͤglich,
944 694 1010 723 von

175 747 246 796 der
266 738 536 798 Anhaͤnglichkeit
554 751 614 795 des
637 750 668 790 ſo
692 753 796 801 vielen
817 752 1011 802 Landleuten

181 800 263 865 aller
274 804 377 860 Orten
395 807 616 854 anklebenden
632 821 700 860 und
721 818 855 865 eigenen
877 818 1013 871 Vorur⸗

178 852 293 928 theils,
319 872 385 917 daß
402 877 540 918 naͤmlich
556 875 620 919 nur
635 885 669 920 in
685 878 800 929 dieſem
814 890 891 925 oder
906 888 1012 935 jenem

180 933 355 986 Klumpen
363 925 478 984 Erde,
523 926 583 987 den
601 939 652 979 die
687 933 884 985 Vorfahren
915 948 1011 984 durch

179 992 261 1060 gute
273 997 401 1062 Cultur
416 1005 588 1062 fruchtbar
608 1009 773 1061 gemacht,
810 1021 878 1057 eine
903 1012 1014 1057 beſon⸗

177 1067 254 1118 dere
274 1062 517 1116 Fruchtbarkeit
532 1074 636 1116 liege,
674 1084 872 1123 abzuleiten,
913 1079 1014 1116 ihnen

178 1115 284 1182 durch
302 1122 472 1195 Beyſpiele
490 1138 559 1182 und
565 1131 775 1182 Erfahrung
801 1143 886 1179 nahe
912 1155 950 1181 zu
972 1150 1015 1174 le⸗

178 1187 241 1252 gen
252 1186 329 1265 und
342 1205 511 1259 erſichtlich
528 1193 566 1267 zu
581 1200 736 1257 machen,
779 1211 844 1252 daß
860 1214 951 1253 alles
959 1216 1014 1255 ihr

176 1254 285 1331 Land,
312 1251 372 1326 und
388 1255 426 1316 ſo
454 1256 533 1315 auch
545 1257 611 1326 das
635 1259 809 1322 bisherige
817 1276 1010 1323 ſchlechtere,

176 1330 276 1379 ihnen
290 1323 375 1381 bey
396 1322 531 1387 beſſerer
545 1320 682 1375 Cultur
705 1339 774 1371 und
798 1339 1010 1380 genugſamer

177 1382 382 1445 Duͤngung,
413 1392 474 1440 mit
502 1409 604 1445 einem
629 1411 751 1446 kleinen
774 1400 1009 1462 Unterſchiede,

176 1468 338 1516 ebenfalls
354 1466 460 1524 hoͤchſt
478 1473 611 1522 nutzbar
630 1474 696 1513 und
724 1473 912 1523 eintraͤglich
935 1470 1014 1523 ſeyn

174 1528 277 1583 koͤnne
291 1532 357 1582 und
380 1518 514 1584 wuͤrde,
547 1534 617 1581 und
640 1537 705 1577 alſo
730 1539 792 1584 das
821 1547 886 1589 von
911 1541 1010 1580 dieſer

176 1586 294 1653 Seite
296 1586 399 1654 ihrem
427 1603 567 1659 groͤßern
597 1603 819 1658 Wohlſtande
851 1615 1010 1658 entgegen

175 1659 320 1715 ſtehende
332 1664 519 1718 Hindernis
536 1680 574 1725 zu
590 1677 767 1718 entkraͤften
784 1672 852 1716 und
862 1680 926 1712 aus
938 1677 1005 1714 dem

174 1716 287 1790 Wege
297 1741 340 1780 zu
355 1733 506 1789 raͤumen.
570 1737 657 1782 Daß
683 1737 781 1781 ſolche
801 1737 913 1784 meine
935 1729 1011 1781 Be⸗

916 1797 1024 1857 heu⸗
