1645 2197
662 460 775 487 zweiten
795 453 876 490 Theil
897 456 941 481 der
961 462 1015 481 von
1039 453 1095 489 ihm
1115 452 1302 489 ſogenannten
1322 454 1400 490 Poli⸗

665 505 756 539 tiſchen
788 505 972 540 Rechenkunſt
1003 511 1056 532 aus
1090 506 1147 533 dem
1182 504 1398 542 Engländiſchen

664 560 784 595 überſetzt
804 560 985 596 mittheilt*),
1008 561 1096 596 einige
1109 559 1320 596 Anmerkungen
1342 571 1398 588 ma⸗

663 619 732 644 chen.
769 615 828 644 Der
847 616 985 652 Verfaſſer
1007 616 1100 650 dringt
1119 615 1316 652 hauptſächlich
1337 620 1396 645 dar⸗

663 671 726 704 auf,
755 674 807 707 daß
835 673 876 699 die
901 680 988 707 ganze
1013 672 1142 709 tragbare
1164 674 1324 709 Oberfläche
1350 677 1396 702 des

659 728 837 762 Königtreichs
858 728 885 753 in
907 729 997 754 lauter
1016 727 1101 756 kleine
1114 728 1267 763 Portionen
1283 729 1396 764 getheilt

660 785 760 814 werde,
792 785 846 809 und
870 785 928 818 jede
953 784 1085 818 derſelben
1106 785 1183 812 einen
1205 785 1394 819 eigenthümli⸗

658 841 717 868 chen
733 838 842 873 Beſitzer
864 838 1007 866 bekomme.
1046 837 1085 867 Er
1098 843 1197 867 nimmt
1210 848 1263 871 an,
1285 840 1337 873 daß
1353 841 1393 868 die

656 897 816 931 Oberfläche
846 895 1105 931 Großbritanniens
1136 904 1170 932 72
1194 898 1274 927 Mill.
1307 896 1390 931 Engl.

654 951 780 986 Morgen
803 950 939 985 enthalte;
961 959 987 977 er
1001 951 1104 985 rechnet
1119 949 1171 987 auf
1181 951 1280 988 Flüſſe,
1301 951 1389 984 Seen,

653 1001 854 1037 Landſtraßen,
879 999 1046 1037 Bauplätze,
1073 1002 1128 1028 und
1149 1010 1220 1037 ganz
1241 1003 1390 1037 unbrauch⸗

654 1060 734 1088 bares
754 1058 895 1094 Erdreich,
917 1067 949 1086 12
967 1060 1047 1088 Mill.
1070 1060 1151 1097 dieſer
1167 1060 1312 1094 Morgen;
1333 1062 1388 1086 und

653 1124 682 1143 es
703 1116 806 1143 bleiben
828 1115 883 1151 ihm
905 1116 989 1151 daher
1008 1116 1036 1142 in
1052 1113 1184 1151 England
1204 1117 1261 1143 und
1277 1114 1389 1151 Schott⸗

653 1171 719 1197 land
738 1171 774 1198 60
790 1168 873 1197 Mill.
894 1173 977 1203 guten
1001 1169 1057 1194 und
1083 1167 1231 1203 tragbaren
1249 1169 1389 1198 Ackerlan⸗

652 1227 699 1253 des
720 1225 808 1260 übrig.
845 1224 927 1260 Dieſe
946 1225 1042 1260 ſechzig
1059 1224 1214 1262 Millionen
1235 1227 1293 1255 will
1312 1235 1340 1254 er
1358 1228 1386 1254 in

649 1280 734 1309 kleine
754 1279 952 1315 Grundſtücke,
983 1281 1057 1315 jedes
1103 1274 1138 1320 20
1145 1280 1273 1316 Morgen
1300 1281 1384 1316 groß,

649 1336 807 1371 eingetheilt
824 1334 928 1372 wiſſen;
956 1338 1012 1363 und
1027 1337 1061 1363 da
1077 1344 1103 1363 er
1116 1336 1200 1373 jedem
1216 1336 1386 1374 Grundſtück

671 1462 691 1489 *)
713 1461 849 1488 Freville
870 1460 917 1489 gab
940 1461 998 1487 ſeine
1017 1461 1170 1489 Arithmétique
1189 1460 1290 1490 politique
1315 1464 1384 1487 1775,

698 1495 784 1523 Haag,
799 1501 824 1517 in
834 1497 889 1524 zwei
901 1497 1129 1523 Großoktavbänden
1143 1499 1241 1525 heraus.
1270 1497 1320 1522 Der
1330 1498 1385 1525 erſte

697 1532 772 1554 Band
793 1522 896 1563 enthält
924 1531 1049 1559 Young's
1076 1534 1192 1559 politiſche
1214 1534 1382 1559 Rechenkunſt,

698 1579 745 1596 von
761 1577 809 1601 ihm
825 1581 864 1597 ins
878 1575 1030 1603 Franzöſiſche
1045 1576 1150 1605 überſetzt
1165 1578 1213 1599 und
1229 1579 1273 1600 mit
1286 1577 1382 1599 Anmer⸗

699 1617 789 1643 kungen
804 1615 923 1643 begleitet;
939 1618 978 1638 der
992 1617 1087 1640 andere,
1102 1615 1158 1643 zwei
1173 1617 1301 1644 gleichfalls
1317 1618 1382 1639 über⸗

697 1658 755 1685 ſetzte
765 1656 931 1684 Engländiſche
941 1657 1074 1685 Schriften:
1093 1659 1115 1685 1)
1130 1659 1164 1678 De
1178 1658 1259 1680 l'utilité
1274 1658 1309 1679 des
1324 1663 1382 1685 gran-

696 1691 730 1710 des
745 1689 825 1709 Fermes
840 1694 860 1708 et
874 1690 909 1708 des
922 1693 986 1709 riches
1000 1691 1108 1712 Fermiers,
1122 1694 1168 1711 von
1180 1699 1377 1727 Arbuthnot,

695 1738 775 1760 welche
791 1737 830 1758 der
843 1735 879 1764 Hr
892 1737 958 1763 Verf.
975 1738 1031 1759 bald
1046 1738 1145 1765 nachher
1160 1737 1275 1765 anführt;
1297 1737 1321 1763 2)
1344 1738 1379 1760 die

692 1775 743 1802 hier
754 1778 873 1803 genannte
883 1775 976 1805 Schrift
988 1777 1047 1797 Essai
1061 1782 1095 1797 sur
1109 1776 1164 1798 l'état
1178 1781 1260 1804 present
1274 1777 1300 1798 de
1314 1776 1378 1803 l'agri-

692 1817 770 1839 culture
779 1816 815 1838 des
826 1816 874 1837 lsles
884 1816 1037 1843 Britanniques,
1052 1821 1098 1840 von
1109 1817 1183 1839 einem
1196 1818 1376 1848 Ungenannten.
