1676 2399
243 341 324 388 der
341 334 591 397 goͤttlichen
609 332 900 390 Vorſehung.

998 339 1072 387 175

103 422 175 465 ters
194 418 464 472 wiederfahren.
516 416 649 460 Lauter
669 414 782 461 Seile
799 419 859 458 der
876 413 961 459 Guͤ⸗

104 473 222 527 tigkeit
241 483 317 522 und
335 476 453 526 Liebe,
472 471 627 528 dadurch
644 483 680 516 er
696 469 785 525 dieſe
810 470 962 516 Verirr⸗

104 536 161 578 ten
178 542 255 582 und
275 529 607 589 Unempfindlichen
627 526 791 583 ruͤhren,
825 529 898 571 und
920 537 961 580 zu

105 584 168 645 ſich
186 593 303 650 ziehen
315 589 403 635 will.
433 588 534 634 Aber
547 589 636 632 eben
654 587 743 641 dieſe
760 587 963 638 Barmher⸗

106 647 291 703 tzigkeiten,
320 652 400 695 und
416 648 475 692 die
484 650 650 700 dagegen
658 646 874 698 bewieſenen
887 646 966 688 Un⸗

108 705 393 758 danckbarkeiten
423 706 503 763 ſind
517 710 561 765 es
584 706 711 762 auch,
731 704 787 746 die
815 702 965 757 hernach

107 766 181 815 dem
199 765 386 821 Gewiſſen
411 763 496 810 eine
513 767 610 817 gantz
636 760 965 818 unausſprechliche

108 820 205 875 Pein
216 830 293 870 und
300 822 417 869 Reue
430 821 563 878 koſten.
623 819 715 867 Wie
732 828 810 863 war
819 820 859 860 es
868 818 966 868 moͤg⸗

109 883 184 943 lich,
202 885 298 940 (das
313 884 358 940 iſt
372 881 476 941 ſchon
491 885 549 929 die
559 879 811 935 Empfindung
819 880 898 922 und
909 879 967 921 die

109 939 280 999 Sprache
297 941 514 995 desjenigen,
531 940 593 997 der
612 935 680 995 ſich
696 938 772 993 hier
789 946 831 992 zu
842 934 967 985 GOtt

111 999 279 1058 bekehrt,)
299 999 358 1053 wie
372 1009 451 1045 war
463 1003 511 1044 es
518 988 694 1052 moͤglich,
724 995 797 1048 daß
816 994 867 1050 ich
884 1001 969 1038 den⸗

110 1053 244 1115 jenigen
256 1056 386 1107 GOtt
399 1051 595 1111 vergeſſen,
606 1057 699 1098 und
713 1055 786 1097 aus
804 1056 872 1096 den
892 1052 970 1097 Au⸗

110 1127 177 1169 gen
193 1122 293 1180 ſetzen
310 1119 458 1171 konnte,
484 1122 549 1164 der
575 1109 665 1174 mich
692 1114 789 1173 nicht
806 1117 878 1161 aus
899 1118 971 1160 den

111 1173 240 1233 Augen
281 1175 380 1230 ließ;
436 1171 649 1228 denjenigen
706 1168 972 1226 allerguͤtigſten

112 1231 260 1286 GOtt,
287 1238 350 1280 der
367 1229 456 1288 mich
478 1228 515 1285 ſo
530 1229 641 1285 lange
658 1228 741 1283 Zeit
758 1235 827 1272 mit
851 1236 973 1272 erbar⸗

113 1295 254 1341 mender
269 1288 481 1348 Langmuth
481 1289 593 1344 trug,
618 1297 696 1333 und
716 1290 809 1344 mich
835 1290 902 1341 bey
918 1289 972 1330 al⸗

113 1342 167 1392 len
215 1347 377 1404 meinen
398 1341 663 1402 Verirrungen
684 1349 761 1385 und
802 1345 973 1388 Suͤnden

114 1411 176 1454 mit
204 1411 253 1464 ſo
263 1410 383 1456 vieler
397 1404 599 1461 Wohlthat
623 1408 700 1449 und
728 1402 884 1457 Seegen
914 1404 973 1446 be⸗

113 1453 291 1516 gleitete!
301 1455 405 1512 War
404 1457 447 1516 es
469 1457 635 1517 moͤglich,
650 1459 724 1514 daß
741 1459 793 1515 ich
802 1461 858 1503 die
866 1460 974 1508 allge⸗

115 1523 332 1583 genwaͤrtige
351 1525 468 1584 Kraft
477 1524 589 1581 dieſes
605 1522 878 1580 barmhertzigen
888 1520 976 1569 Va⸗

116 1583 188 1631 ters
202 1578 451 1639 verlaͤugnen,
474 1582 552 1632 und
567 1579 682 1627 einem
698 1580 846 1627 blinden
862 1579 977 1634 Ohn⸗

117 1640 236 1702 gefaͤhr
261 1646 355 1691 oder
392 1643 496 1688 einer
528 1639 687 1700 blinden
702 1639 976 1695 Verknuͤpfung

120 1698 178 1744 der
212 1695 424 1753 Umſtaͤnde,
451 1697 668 1754 zuſchreiben
693 1701 858 1746 konnte,
895 1705 975 1736 was

121 1750 204 1811 doch
221 1759 258 1813 ſo
274 1756 423 1814 ſichtbar
440 1759 520 1797 eine
552 1753 713 1806 Fuͤgung
740 1759 849 1806 ſeiner
873 1756 980 1796 Vor⸗

121 1809 250 1873 ſehung
262 1817 364 1865 war!
402 1814 479 1871 Jch
496 1814 781 1873 Abſcheulicher!
811 1812 981 1863 GOTT

122 1866 232 1920 leitete
254 1876 343 1931 mich
356 1878 423 1919 mit
440 1873 762 1923 Vater ⸗ Armen,
794 1877 868 1911 und
885 1876 981 1910 mein

73 1925 224 1990 Hertz
242 1935 336 1980 blieb
346 1932 563 1988 ungeruͤhrt,
589 1935 668 1974 und
686 1933 737 1986 ich
758 1933 896 1983 opferte
908 1934 983 1981 ihm

901 2023 968 2055 vor
