1609 2400
551 413 618 460 362

630 410 708 454 Die
717 407 954 460 ſechzehente
962 411 1077 455 Rede
1089 409 1184 455 uͤber
1192 408 1412 461 Joh.17,16.

550 488 676 538 geben,
713 490 796 527 und
814 483 861 537 ſie
875 501 953 531 aus
963 491 1051 531 dem
1060 488 1414 542 Suͤnden⸗Schlaf

550 545 809 593 aufgewecket
817 543 923 597 haſt,
949 546 1074 586 damit
1083 543 1132 593 ſie
1140 545 1256 596 beſſer
1265 544 1410 593 durch⸗

549 596 734 642 brechen,
754 596 835 636 und
850 598 889 638 in
905 598 974 636 der
983 597 1116 647 Kraft
1131 599 1213 638 und
1222 599 1412 641 Gemein⸗

548 650 677 702 ſchaft
688 651 759 690 mit
769 651 831 691 dir
839 648 1051 700 zunehmen
1061 647 1213 701 moͤgen.
1221 652 1283 700 Ja
1290 652 1355 703 laß
1364 659 1414 690 es

550 698 648 742 auch
668 710 716 739 an
733 709 810 739 uns
820 698 923 739 allen
939 698 1116 749 geſegnet
1129 700 1236 749 ſeyn,
1254 701 1315 741 die
1331 701 1410 741 wir

549 758 656 799 zwar
668 751 816 791 bereits
831 749 953 798 durch
969 752 1080 792 deine
1097 751 1246 797 Gnade
1261 754 1414 804 einigen

549 802 683 853 Ernſt
694 795 886 854 bewieſen,
901 803 979 843 aber
994 805 1056 844 die
1067 806 1144 845 wir
1153 803 1249 846 noch
1258 805 1332 846 alle
1342 814 1410 845 un⸗

548 857 627 908 ſere
638 856 969 902 Todes⸗Stunde
977 864 1177 900 erwarten
1179 851 1339 911 muͤſſen,
1353 859 1410 899 da⸗

548 912 623 949 mit
637 909 715 947 wir
726 908 800 947 den
810 902 998 959 noͤthigen
1008 908 1138 959 Ernſt
1148 912 1199 949 im
1209 908 1412 963 Chriſten⸗

548 960 668 1009 thum
691 959 798 1001 nicht
827 959 892 999 bis
918 957 1041 1007 dahin
1066 958 1295 1009 verſparen,
1328 956 1411 1000 und

547 1013 726 1056 darnach
734 1010 871 1063 klagen
882 1010 1039 1065 muͤſſen,
1046 1012 1125 1064 daß
1132 1013 1211 1052 wir
1219 1023 1297 1054 uns
1303 1015 1416 1059 nicht

548 1063 660 1107 recht
675 1070 722 1109 zu
739 1061 803 1102 dir
820 1060 1021 1112 bekehret,
1047 1051 1215 1111 ſondern
1235 1070 1314 1104 uns
1335 1055 1423 1103 nur

547 1119 632 1159 eine
650 1117 772 1171 groſſe
784 1116 1035 1171 Einbildung
1048 1129 1127 1159 von
1137 1130 1214 1160 uns
1225 1116 1335 1170 ſelbſt
1342 1131 1415 1173 ge⸗

549 1173 683 1220 macht
711 1171 852 1226 haben.
902 1173 990 1225 Hilf
1016 1186 1094 1217 uns
1121 1173 1219 1221 doch
1239 1176 1349 1225 ietzo,
1383 1172 1414 1212 o

547 1224 702 1273 HErr,
721 1222 773 1265 da
790 1224 868 1264 wir
884 1224 982 1268 noch
1000 1223 1108 1266 leben
1125 1228 1206 1265 und
1222 1215 1411 1276 ſuͤndigen

535 1280 725 1328 koͤnnen,
762 1280 840 1331 daß
861 1281 939 1320 wir
962 1281 1051 1331 Tag
1066 1282 1161 1327 und
1188 1284 1329 1327 Nacht
1353 1284 1409 1322 im

548 1326 685 1366 Gebet
703 1328 741 1370 ſo
757 1332 802 1371 zu
828 1323 893 1362 dir
910 1323 1162 1372 eindringen,
1182 1323 1264 1364 und
1279 1324 1316 1373 ſo
1321 1314 1410 1364 un⸗

546 1380 607 1428 ſer
619 1381 731 1432 Hertz
749 1381 824 1418 mit
839 1379 903 1420 dir
918 1381 1165 1430 vereinigen,
1185 1378 1265 1430 daß
1279 1371 1410 1431 Geiſt,

549 1432 691 1480 Licht,
707 1420 840 1478 Kraft
849 1430 933 1472 und
941 1430 1072 1474 Leben
1090 1433 1133 1475 in
1139 1443 1217 1473 uns
1228 1431 1314 1482 ſeyn
1325 1432 1407 1472 und

548 1482 726 1530 bleiben,
751 1483 834 1524 und
856 1483 933 1523 wir
954 1482 1061 1527 nicht
1082 1473 1165 1523 von
1184 1477 1264 1533 der
1284 1473 1407 1537 Welt,

548 1538 717 1587 ſondern
731 1547 813 1576 von
829 1537 916 1585 dir,
930 1547 956 1575 o
963 1538 1096 1585 HErr
1104 1529 1286 1588 JESU,
1305 1529 1408 1588 ſeyn,

547 1587 633 1624 und
649 1586 723 1625 mit
743 1585 807 1624 dir
829 1580 1017 1638 ewiglich
1037 1574 1314 1641 Gemeinſchaft
1326 1585 1407 1636 ha⸗

600 1638 675 1679 ben
691 1634 844 1686 moͤgen.
895 1640 991 1678 Das
1006 1635 1074 1686 gib
1092 1648 1169 1678 uns
1189 1648 1256 1680 um
1277 1639 1400 1685 dei⸗

621 1700 755 1736 nes
762 1691 954 1734 Namens
969 1686 1119 1734 willen.
1133 1682 1282 1740 Amen,

852 1734 1066 1789 Amen.

1283 2062 1401 2153 Die
