1572 2360
201 433 319 473 Waſſer
332 433 389 466 das
406 432 464 472 auf
474 431 519 465 ein
535 429 795 474 oberſchlaͤchtiges
808 432 879 466 Rad
896 430 987 466 fallen
1002 432 1067 473 ſoll,

155 474 229 513 muß
245 475 280 503 da
295 471 461 513 ohngefaͤhr
477 473 505 510 ſo
522 472 591 512 hoch
609 474 657 505 als
675 473 726 505 des
738 474 844 506 Rades
857 470 1065 513 Durchmeſſer

156 504 277 557 betraͤgt
295 509 367 548 uͤber
382 507 438 549 des
450 515 556 547 Rades
572 513 715 555 unterſter
734 514 835 547 Stelle
853 512 932 553 ſeyn.

202 573 254 610 So
269 574 414 614 uͤberſieht
425 581 496 606 man
511 571 699 613 ohngefaͤhr,
722 574 779 614 daß
798 575 855 606 das
872 570 1065 615 oberſchlaͤch⸗

157 619 219 658 tige
236 619 266 652 in
283 619 480 658 gebuͤrgigten
498 621 661 657 Gegenden
683 620 839 658 bequemer
858 617 1066 656 anzubringen

157 659 212 698 iſt,
238 657 293 690 das
319 663 579 698 unterſchlaͤchtige
604 663 635 690 in
663 662 788 690 ebenern
812 660 992 696 Gegenden,
1016 665 1064 687 wo

160 707 213 746 ſich
232 707 303 744 auch
317 707 465 741 mehreres
485 701 620 748 Waſſer,
645 707 739 746 deſſen
755 707 849 749 dieſes
862 709 933 741 Rad
950 705 1067 747 bedarf,

154 755 216 784 aus
234 755 288 784 den
308 751 434 786 kleinern
449 752 571 794 Baͤchen
585 753 636 785 der
653 750 799 791 Gebuͤrge
818 750 990 792 geſammlet
1002 751 1066 787 hat.

203 806 353 848 Allemahl
380 807 458 852 wird
481 809 546 850 alſo
577 806 681 847 hiebey
712 804 871 848 folgendes
899 805 1067 846 brauchbar

157 852 238 894 ſeyn.

211 915 294 954 116.
320 912 430 955 Erkl.
454 913 598 956 Wieviel
614 912 664 958 die
687 910 875 958 Oberflaͤche
894 915 948 951 der
965 912 1067 957 Erde,

154 951 229 998 oder
246 962 332 999 eines
348 958 472 1010 Fluſſes
491 962 560 998 LM
581 972 638 997 20.
658 958 732 1006 Fig.
750 968 790 994 an
806 959 906 997 einem
925 960 1008 1000 Orte
1024 964 1067 999 M

154 1012 247 1056 tiefer
272 1012 348 1056 liegt
364 1013 416 1049 als
432 1001 473 1048 an
497 1015 567 1049 dem
591 1013 711 1048 andern
741 1010 779 1055 L,
797 1011 884 1057 heißt
914 1008 1067 1057 Gefaͤlle

154 1070 218 1098 von
235 1058 346 1109 dieſem
371 1061 454 1103 Orte
478 1061 530 1099 bis
548 1072 584 1108 zu
612 1063 734 1107 jenem;
761 1064 827 1098 und
855 1064 916 1099 das
938 1061 1068 1109 Gefaͤlle

153 1117 281 1175 finden,
321 1108 407 1179 heißt
429 1114 739 1170 Waſſerwaͤgen.

207 1205 285 1240 117.
305 1195 382 1246 Zuſ.
398 1195 490 1235 Man
505 1195 587 1244 ziehe
598 1194 690 1239 durch
699 1195 788 1234 einen
800 1204 861 1233 von
871 1192 990 1240 beyden
1002 1196 1067 1237 Or⸗

149 1254 216 1294 ten,
236 1249 284 1295 die
300 1246 560 1296 Horizontallinie
571 1250 642 1297 LG,
655 1260 713 1284 20.
725 1247 764 1293 F.
783 1248 893 1293 welche
914 1249 962 1287 die
978 1249 1068 1287 Ver⸗

148 1302 301 1340 ticallinie
310 1294 403 1344 durch
413 1303 473 1351 den
484 1303 602 1339 andern
613 1300 646 1341 in
657 1301 688 1337 G
701 1299 867 1348 ſchneidet,
896 1299 926 1347 ſo
936 1299 975 1349 iſt
990 1300 1068 1342 GM

157 1361 224 1404 das
252 1359 396 1409 Gefaͤlle.

203 1442 265 1476 118.
279 1433 363 1483 Zuſ.
380 1432 588 1483 Werkzeuge,
613 1433 661 1472 mit
678 1436 767 1473 denen
776 1443 854 1474 man
864 1431 1071 1482 Horizontal⸗

150 1476 255 1520 linien
267 1476 451 1526 beſtimmen
463 1481 566 1527 kann;
594 1468 885 1530 Waſſerwagen
899 1480 991 1526 laſſen
1009 1479 1068 1526 ſich

149 1537 214 1567 aus
228 1529 362 1578 (3;4.)
373 1526 532 1579 angeben.
586 1531 698 1572 Wenn
709 1523 762 1570 ein
770 1530 953 1579 Werkzeug
966 1532 1073 1576 derge⸗

151 1571 227 1624 ſtalt
243 1579 444 1627 eingerichtet
456 1581 507 1626 iſt,
532 1582 597 1628 daß
607 1575 683 1618 man
703 1580 869 1625 verſichert
884 1582 954 1627 ſeyn
973 1578 1070 1623 kann,

150 1633 218 1673 eine
233 1631 349 1683 gewiſſe
361 1628 462 1684 Linie
475 1646 516 1673 an
536 1636 605 1684 ihm
620 1634 727 1679 mache
743 1630 802 1673 mit
822 1639 875 1674 der
900 1636 1068 1680 Richtung

150 1691 205 1729 der
224 1692 381 1737 Schwere
390 1688 487 1735 rechte
502 1689 654 1738 Winkel,
682 1687 712 1733 ſo
730 1688 809 1738 ſteht
825 1691 903 1735 dieſe
922 1690 1002 1730 Linie
1017 1690 1070 1736 ho⸗

152 1734 305 1784 rizontal;
333 1738 397 1776 und
417 1728 495 1774 man
509 1735 594 1774 kann
609 1737 765 1774 entweder
770 1728 966 1788 vermittelſt
984 1736 1068 1782 ihrer

148 1791 200 1830 ein
216 1791 425 1837 Richtſcheid,
452 1789 511 1831 auf
525 1794 586 1829 das
601 1799 676 1829 man
690 1790 729 1835 ſie
745 1792 954 1830 unmittelbar
968 1789 1064 1834 ſetzet,

152 1837 331 1889 horizontal
357 1843 472 1889 ſtellen,
499 1843 559 1882 wie
576 1831 641 1886 bey
661 1844 721 1880 den
749 1842 1065 1886 Schrotwagen;

154 1889 227 1924 oder
242 1891 406 1932 Dioptern
423 1898 465 1922 an
478 1890 528 1933 ihr
551 1888 738 1929 anbringen,
765 1886 950 1928 vermittelſt
971 1876 1064 1925 deren

152 1950 230 1989 man
248 1945 325 1995 nach
347 1946 430 1988 einer
452 1943 715 1994 Horizontallinie
736 1945 839 1996 ſiehet.
890 1945 983 1988 Weil
999 1947 1066 1996 hier
