2952 3496
493 557 580 600 ſolche
597 567 631 611 zu
652 561 742 604 geben
765 566 915 609 weigerte,
942 570 1012 612 1631
1032 567 1225 622 erſchoſſen;
1238 575 1374 619 wiewohl

495 608 614 644 Davila
631 610 730 652 Sohn
741 613 896 658 demſelben
909 617 1015 652 wieder
1030 628 1089 654 eine
1106 621 1203 664 Kugel
1218 622 1306 663 durch
1317 628 1373 660 den

491 648 580 689 Kopf
589 653 677 691 jagte.
720 653 803 691 Man
820 658 873 697 hat
885 664 945 692 von
961 660 1020 701 ihm
1041 661 1169 703 Hiſtoria
1183 665 1255 697 della
1272 676 1372 707 guerre

487 687 568 718 civile
587 688 620 718 di
631 688 762 727 Francia,
777 697 844 723 nelle
856 697 937 736 quale
945 699 976 738 ſi
994 705 1164 739 contengono
1175 701 1199 731 le
1214 704 1371 743 operationi

490 731 523 759 di
535 738 648 771 quattro
665 735 715 771 Re,
731 736 882 780 Franciſco
895 740 935 776 Il,
955 742 1052 776 Curolo
1069 746 1118 782 IX,
1130 747 1258 779 Henrico
1272 750 1318 781 IlI
1332 749 1370 788 &

489 773 611 808 Henrico
625 776 674 812 IV,
689 777 811 822 welches
823 780 908 823 Buch
926 783 986 825 ſehr
1001 785 1056 827 offt
1070 787 1221 829 gedruckt,
1242 791 1314 830 auch
1335 792 1367 825 in

488 816 533 848 die
550 815 749 862 frantzoͤſiſche,
764 824 899 866 engliſche
908 828 967 859 und
985 827 1125 872 ſpaniſche
1135 829 1274 873 Sprache
1284 831 1368 869 uͤber⸗

487 859 548 898 ſetzt
561 863 692 898 worden.
736 864 802 901 Der
823 866 1019 912 italiaͤniſchen
1042 871 1211 915 praͤchtigen
1231 876 1367 915 Edition,

486 898 587 939 welche
605 909 683 944 1733
701 912 735 946 zu
749 905 884 948 Venedig
901 908 1013 950 heraus
1028 911 1203 955 gekommen,
1216 915 1269 955 hat
1284 918 1367 958 Apo⸗

484 942 560 979 ſtolo
580 944 660 979 Zeno
676 946 737 982 eine
754 947 851 992 ſchoͤne
868 947 1203 1000 Lebens⸗Beſchreibung
1220 961 1273 994 des
1288 961 1365 997 Ver⸗

485 982 588 1023 faſſers
604 984 770 1032 beygefuͤgt.
812 991 866 1027 So
883 993 934 1034 hat
950 996 1021 1033 auch
1038 998 1127 1039 deſſen
1147 1000 1274 1041 Hiſtorie
1295 1004 1363 1041 Pet.

482 1021 589 1061 Franc.
607 1027 805 1067 Cornazanus
823 1033 876 1066 ins
897 1033 1065 1079 Lateiniſche
1083 1037 1225 1081 uͤberſetzt,
1251 1045 1361 1078 wovon

482 1070 532 1104 der
550 1073 617 1114 erſte
630 1074 724 1117 Theil,
742 1078 770 1117 ſo
785 1079 828 1112 die
849 1089 866 1120 5
881 1080 970 1120 erſten
992 1081 1106 1124 Buͤcher
1126 1083 1250 1128 enthaͤlt,
1273 1093 1360 1124 unter

482 1111 547 1146 dem
558 1112 651 1149 Titel:
673 1117 710 1147 de
725 1119 808 1150 bello
838 1119 923 1152 civili
944 1122 1056 1164 gallico
1081 1125 1270 1161 hiſtoriarum
1289 1130 1360 1162 libri

482 1160 531 1193 15,
546 1164 580 1197 zu
595 1158 679 1195 Rom
690 1161 748 1196 An.
769 1169 848 1205 1735
866 1165 896 1198 in
905 1165 977 1204 folio
999 1166 1098 1206 heraus
1113 1173 1360 1213 gekommen,
1306 1169 1364 1212 wo⸗

479 1195 534 1233 bey
546 1197 710 1240 gleichfalls
727 1204 789 1237 eine
806 1205 1007 1251 ausfuͤhrliche
1029 1208 1243 1257 Beſchreibung
1267 1213 1360 1256 ſeines

479 1236 589 1273 Lebens
603 1248 637 1280 zu
651 1239 751 1281 finden
766 1244 808 1284 iſt.
851 1246 923 1287 Pap.

436 1284 591 1320 DAVIS
613 1287 725 1326 (Joh.),
743 1289 813 1330 ſiehe
827 1292 927 1327 Rheſe
947 1296 1013 1338 (Jo.
1027 1296 1162 1340 David.).

434 1330 586 1365 DAVIS
603 1333 783 1379 (Urbanus),
785 1337 838 1383 ein
854 1338 982 1386 Jeſuite
977 1342 1029 1382 geb.
1048 1344 1096 1385 zu
1096 1344 1171 1387 Rom
1180 1346 1272 1393 1618,
1250 1349 1357 1396 legte

477 1367 529 1409 ſich
543 1371 602 1410 auf
621 1372 663 1406 die
684 1363 889 1424 Philoſophie,
916 1379 1073 1422 Theologie
1095 1394 1156 1417 und
1190 1392 1357 1430 Matheſin,

475 1421 561 1453 ward
582 1420 714 1458 General
733 1425 827 1466 ſeines
850 1428 991 1467 Ordens;
1023 1433 1085 1464 und
1109 1434 1159 1467 als
1181 1435 1271 1478 Pabſt
1290 1439 1355 1471 Cle⸗

475 1469 563 1493 mens
581 1466 633 1498 XI,
651 1466 731 1503 1668
749 1470 793 1504 die
807 1469 937 1512 Jeſuiter
953 1473 1070 1514 caßiren
1088 1477 1184 1523 wolte,
1205 1482 1255 1522 zum
1264 1480 1354 1523 Pfar⸗

473 1509 520 1536 rer
537 1504 590 1543 bey
602 1505 662 1540 St.
676 1507 838 1551 Johannis
851 1516 884 1546 de
894 1513 1018 1552 Malva,
1032 1515 1131 1559 jenſeit
1141 1522 1189 1554 der
1203 1520 1302 1564 Tyber
1308 1530 1355 1564 ge⸗

471 1542 580 1582 macht.
620 1545 665 1581 Er
678 1548 780 1589 ſchrieb
794 1550 922 1583 diverſas
937 1562 1051 1593 praxes,
1067 1559 1168 1595 welche
1182 1563 1246 1593 dem
1267 1564 1353 1600 Wer⸗

472 1582 502 1617 ke
517 1585 571 1617 des
586 1584 695 1619 Galilæi
718 1589 755 1620 de
775 1588 885 1631 ſphæra
898 1592 1012 1626 cœleſti
1031 1594 1204 1638 beygefuͤget
1221 1606 1351 1642 worden,

471 1622 505 1653 it.
518 1623 668 1657 rationem
686 1626 824 1670 erigendi
840 1630 959 1666 ſchema
975 1637 1103 1673 cœleſte,
1121 1643 1201 1678 quod
1219 1644 1349 1674 Genitu-

471 1679 533 1699 ram
547 1680 676 1709 vocant;
695 1674 751 1710 wie
765 1675 838 1718 auch
852 1679 913 1713 eine
925 1678 1100 1725 italiaͤniſche
1113 1684 1221 1727 Epiſtel
1237 1697 1276 1722 an
1294 1693 1348 1724 den

470 1700 559 1746 Doge
573 1714 607 1748 zu
621 1706 765 1752 Venedig,
784 1714 821 1742 de
838 1719 922 1753 aquis
944 1724 1081 1753 venetis,
1099 1727 1200 1759 welche
1223 1734 1292 1755 man
1308 1733 1348 1758 im

466 1752 481 1783 I
499 1754 601 1786 Tomo
617 1754 671 1789 des
687 1762 767 1797 1723
777 1764 811 1800 zu
823 1757 952 1802 Florentz
964 1763 996 1795 in
1022 1770 1031 1803 4
1045 1768 1230 1811 gedruckten
1225 1777 1348 1814 Raccol-

467 1798 500 1822 ta
514 1791 662 1827 d'Autori
676 1796 732 1828 che
749 1805 879 1835 trattano
897 1803 946 1834 del
964 1803 1056 1837 Moto
1078 1807 1150 1838 dell'
1168 1809 1276 1849 Acque
1298 1816 1347 1852 ſte⸗

465 1836 523 1874 het.
564 1839 650 1874 Man.

423 1882 679 1916 DAVISSON
702 1888 927 1930 (Wilhelmus),
940 1891 1012 1933 ſiehe
1026 1894 1191 1931 Davidſon.

424 1923 625 1962 DAVITY
646 1933 789 1980 (Petrus),
804 1943 848 1977 ein
864 1943 1030 1982 Edelmann
1041 1952 1102 1985 aus
1118 1947 1271 1993 Vivarets,
1284 1956 1339 1990 von

463 1970 611 2009 Tournon
631 1973 750 2019 buͤrtig,
785 1980 837 2018 hat
851 1981 897 2015 ein
926 1983 1036 2026 groſſes
1065 1989 1127 2021 und
1151 1991 1342 2033 arbeitſames

460 2012 572 2052 Werck,
587 2020 673 2052 unter
690 2021 755 2052 dem
768 2020 845 2056 Titel
859 2026 882 2054 le
899 2029 1013 2059 monde,
1037 2036 1071 2056 ou
1090 2031 1256 2071 deſcription
1274 2038 1308 2064 de
1320 2043 1346 2082 l'

461 2054 593 2089 univers;
614 2056 771 2100 ingleichen
785 2067 904 2103 origines
918 2068 950 2095 de
965 2075 1026 2096 tous
1046 2071 1084 2098 les
1103 2075 1198 2102 ordres
1221 2078 1341 2106 militai-

458 2113 500 2132 res
515 2103 693 2148 verfertiget,
709 2113 769 2143 und
785 2111 817 2151 iſt
851 2110 886 2155 zu
881 2113 978 2156 Paris
1003 2114 1095 2159 1635,
1130 2118 1170 2152 im
1193 2119 1233 2162 63
1256 2120 1340 2165 Jahr

461 2141 553 2178 ſeines
567 2144 670 2180 Alters
683 2146 842 2188 geſtorben.
885 2154 951 2185 HL.

416 2188 568 2223 DAUM
589 2192 780 2237 (Chriſtian),
816 2197 861 2231 ein
884 2198 996 2235 Rector
1016 2203 1065 2235 der
1094 2202 1338 2248 Stadt ⸗ Schule

455 2236 488 2268 zu
508 2230 660 2275 Zwickau,
681 2237 826 2280 gebohren
841 2246 959 2284 daſelbſt
975 2249 1028 2279 den
1047 2255 1084 2287 19
1102 2251 1215 2285 Martii
1247 2255 1338 2287 1612,

457 2273 538 2311 hatte
553 2278 581 2318 ſo
598 2273 645 2318 ein
652 2277 734 2322 faͤhig
749 2281 927 2325 Jngenium,
945 2290 1004 2326 daß
1021 2296 1048 2322 er
1064 2295 1171 2325 bereits
1189 2294 1218 2326 in
1239 2297 1302 2328 dem
1319 2300 1334 2332 8

452 2313 550 2355 Jahre
564 2318 657 2360 ſeines
670 2319 772 2358 Alters
787 2330 909 2369 ziemlich
925 2331 1081 2371 Griechiſch
1105 2338 1165 2366 und
1184 2337 1334 2378 Lateiniſch

453 2362 548 2396 konte,
571 2364 690 2406 ſtudirte
710 2375 742 2408 zu
758 2366 880 2411 Leipzig,
914 2378 979 2406 war
1000 2377 1030 2411 in
1054 2379 1103 2410 der
1140 2379 1332 2421 lateiniſchen,

449 2399 641 2444 griechiſchen,
656 2405 842 2450 hebraͤiſchen,
858 2416 1032 2455 arabiſchen,
1048 2420 1224 2459 ſpaniſchen,
1249 2424 1331 2463 fran⸗

451 2439 594 2485 zoͤſiſchen,
610 2443 805 2490 italiaͤniſchen
821 2458 882 2486 und
909 2458 1087 2496 boͤhmiſchen
1106 2464 1254 2501 Sprache,
1277 2468 1332 2495 wie

450 2485 521 2519 auch
537 2488 567 2520 in
583 2492 630 2522 der
648 2491 747 2533 Poeſie
762 2497 842 2534 wohl
859 2500 972 2538 verſirt,
982 2503 1062 2540 hatte
1077 2506 1136 2535 eine
1147 2508 1329 2548 auserleſene

449 2520 634 2565 Bibliothec,
657 2534 718 2560 und
739 2537 965 2574 correſpondirte
988 2546 1041 2568 mit
1066 2548 1119 2571 den
1142 2548 1328 2583 gelehrteſten

447 2563 550 2600 Leuten
566 2568 597 2601 in
612 2570 741 2614 Jtalien,
761 2578 957 2618 Franckreich,
976 2587 1126 2622 Holland,
1148 2590 1325 2624 Schweden,

446 2598 630 2639 Daͤnemarck
645 2616 705 2642 und
718 2617 928 2654 Deutſchland.
971 2630 1061 2650 Ueber
1077 2632 1178 2658 ſeinem
1193 2636 1326 2668 unermuͤ⸗

447 2643 529 2678 deten
544 2646 696 2685 Studiren
711 2663 813 2688 wurde
826 2671 856 2689 er
871 2669 927 2696 auf
924 2670 964 2702 die
968 2672 1061 2700 letzte
1080 2674 1131 2706 faſt
1150 2678 1219 2708 gantz
1231 2677 1323 2703 blind,

447 2681 522 2723 ſtarb
539 2688 627 2728 1687,
649 2700 684 2731 15
706 2702 862 2728 Decembr.
884 2713 945 2730 und
967 2714 1069 2740 ſchrieb
1091 2719 1174 2737 einen
1198 2714 1323 2741 Tractat

444 2725 481 2754 de
497 2726 583 2756 cauſis
599 2739 767 2780 amiſſarum
795 2761 975 2785 quarundam
994 2757 1104 2797 linguæ
1123 2760 1226 2796 latinæ
1244 2764 1321 2802 radi-

444 2778 523 2806 cum,
538 2772 586 2804 der
602 2776 673 2814 auch
692 2783 723 2811 in
739 2787 846 2812 Grævii
861 2794 1051 2825 ſyntagmate
1067 2802 1166 2831 variar.
1181 2803 1320 2835 diſſertat.

441 2809 589 2842 rariorum
604 2815 705 2854 ſtehet;
728 2829 934 2862 indagatorem
951 2842 979 2853 &
991 2840 1196 2879 reſtitutorem
1220 2864 1319 2884 græcæ

441 2851 469 2882 &
484 2852 582 2884 latinæ
601 2857 711 2895 linguæ
728 2873 885 2917 radicum;
907 2883 992 2914 notas
1007 2882 1035 2917 &
1048 2885 1274 2924 obſervationes
1284 2890 1318 2923 ad

442 2895 575 2928 Catonem
593 2899 621 2928 &
636 2901 849 2956 Columbanum;
874 2923 1027 2958 vertumni
1044 2928 1159 2952 poëtici
1174 2934 1233 2968 tres
1249 2932 1317 2968 mil-

439 2937 570 2973 lenarios
587 2942 621 2974 ad
634 2942 747 2977 ſcitum
760 2955 837 2981 illud
852 2963 1101 2996 imperatorium:
1122 2970 1189 2992 Fiat
1205 2972 1316 3003 juſtitia

1449 579 1478 610 &
1491 588 1596 622 pereat
1610 584 1753 619 mundus;
1774 588 1874 620 literas
1889 590 1923 620 ad
1941 592 2109 627 Reineſium
2135 598 2163 628 &
2176 598 2321 633 Heckeli-

1447 634 1515 661 um;
1536 628 1679 662 libellum
1693 632 1730 662 de
1744 632 1888 666 nullitate
1901 637 2011 670 Aoriſti
2027 640 2149 672 ſecundi
2167 644 2194 673 &
2217 645 2322 677 Futuri

1443 666 1586 707 ſecundi;
1610 671 1787 706 ſententiam
1808 676 2036 721 anthologicam;
2060 683 2223 715 Xeniorum
2239 687 2322 720 ſche-

1444 711 1512 747 dia;
1535 713 1733 755 Colloquium
1756 718 1921 753 muliebre;
1951 721 2021 754 felix
2050 733 2204 764 poetarum
2232 729 2322 761 ſubſi-

1444 751 1545 786 dium;
1565 751 1624 792 gab
1637 756 1708 791 auch
1732 758 1998 794 animadverſiones
2020 766 2052 796 ad
2077 768 2174 799 Claud.
2198 771 2319 802 Mamer-

1442 801 1513 830 tum,
1535 796 1569 827 it.
1592 798 1626 829 ad
1648 800 1723 832 Guil.
1745 803 1905 837 Britonem;
1947 806 2035 838 Statii
2056 808 2206 851 Papiniani
2227 822 2316 852 opera

1443 844 1513 866 cum
1529 836 1647 874 indice;
1665 841 1739 872 Petr.
1749 843 1862 876 Aretini
1871 844 2059 888 colloquium
2068 851 2232 888 muliebre;
2244 856 2316 886 Pau-

1441 877 1530 910 linum
1544 881 1670 914 Pellæum
1692 882 1729 913 de
1751 885 1812 916 vita
1836 888 1905 923 ſua;
1934 890 2048 923 Paulini
2070 893 2315 931 euchariſticum;

1447 920 1611 956 Tertulliani
1623 935 1742 957 carmen
1757 927 1794 958 de
1816 929 1887 966 Jona
1908 934 1936 964 &
1955 932 2087 969 Ninive;
2116 937 2316 976 Hieronymum

1440 962 1478 993 de
1491 962 1661 1000 Trinitate;
1684 961 1821 1000 Gennadii
1835 972 1996 1012 opuſcula;
2011 976 2171 1008 Bernhardi
2192 974 2313 1022 Geyſten-

1430 1006 1471 1046 ſis
1494 1008 1710 1053 palponiſtam;
1741 1012 1887 1056 Porphyrii
1908 1018 2059 1060 Optatiani
2078 1023 2312 1066 panegyricum;

1438 1049 1592 1083 Paulinum
1605 1052 1797 1088 Petrocorium
1814 1057 1848 1088 de
1867 1059 1926 1091 vita
1940 1060 2086 1098 Martini;
2108 1065 2224 1098 Barthii
2238 1069 2313 1100 Soli-

1436 1094 1540 1133 loquia
1554 1095 1608 1127 &c.
1625 1100 1680 1132 mit
1693 1097 1928 1142 Anmerckungen
1946 1104 2066 1145 heraus,
2083 1112 2143 1142 und
2160 1109 2315 1153 hinterließ

1436 1137 1493 1171 viel
1507 1142 1613 1175 andere
1628 1143 1743 1179 Wercke
1759 1153 1797 1178 im
1815 1146 2020 1190 Manuſcript,
2042 1151 2092 1185 als
2111 1156 2148 1186 da
2170 1154 2231 1193 ſind
2259 1165 2311 1195 gy-

1436 1176 1582 1210 mnaſium
1597 1181 1646 1212 lat.
1661 1183 1770 1223 linguæ
1792 1185 2013 1224 Zechendorfii
2013 1192 2219 1229 recenſitum;
2249 1198 2311 1228 Sti-

1437 1218 1638 1262 chographia;
1660 1226 1745 1257 variæ
1760 1229 1922 1265 lectiones;
1945 1232 2015 1263 vitæ
2034 1242 2204 1275 poetarum;
2231 1240 2310 1272 indi-

1437 1275 1487 1295 ces
1503 1267 1558 1298 &c.
1595 1262 1682 1307 Seine
1703 1273 1878 1314 Bibliothek
1892 1277 1952 1309 und
1972 1275 2191 1322 weitlaͤufftiger
2212 1284 2310 1324 Brief⸗

1435 1305 1561 1348 Wechſel
1575 1310 1630 1344 mit
1643 1311 1813 1354 Gelehrten,
1824 1316 1885 1349 und
1905 1318 2016 1353 andern
2029 1320 2251 1363 Manuſcriptis
2265 1327 2310 1359 be⸗

1435 1350 1535 1387 finden
1550 1352 1601 1392 ſich
1619 1355 1689 1391 noch
1703 1366 1735 1395 zu
1751 1358 1900 1398 Zwickau,
1927 1362 2017 1397 allwo
2031 1364 2065 1402 ſie
2088 1370 2136 1401 der
2160 1367 2245 1405 Rath
2268 1379 2309 1404 an

1435 1389 1486 1429 ſich
1502 1392 1641 1434 getaufft.
1683 1399 1740 1429 Ha.
1762 1401 1822 1431 AE.
1865 1400 1973 1443 Feuſtel
1991 1404 2115 1442 ἀνάθημα
2137 1407 2193 1438 diis
2215 1419 2307 1441 mani-

1431 1436 1486 1465 bus
1505 1438 1610 1470 Chriſt.
1625 1441 1749 1473 Daumii
1767 1443 1940 1483 ſuſpenſum.

1390 1472 1427 1504 de
1451 1473 1715 1516 DAUMARO,
1736 1480 1807 1521 ſiehe
1832 1482 1990 1517 Domarus.

1390 1518 1774 1563 DAUROULTIUS,
1796 1531 1865 1574 ſiehe
1888 1534 1912 1564 d'
1922 1534 2084 1569 Averoult.

1388 1572 1597 1610 DAUSON
1619 1580 1687 1610 oder
1703 1578 1844 1616 Dawſon,
1860 1580 2029 1623 (Eduard.),
2047 1587 2091 1618 ein
2114 1586 2227 1630 Jeſuite
2247 1596 2307 1624 von

1427 1617 1552 1655 Londen,
1563 1619 1707 1661 gebohren
1728 1625 1816 1662 1576,
1831 1626 1908 1664 ſtarb
1918 1630 1973 1661 den
1984 1639 2023 1662 22
2040 1631 2113 1666 Dec.
2126 1635 2223 1670 1622,
2244 1640 2304 1669 und

1427 1657 1528 1699 ſchrieb
1543 1669 1572 1694 in
1589 1661 1677 1701 ſeiner
1692 1662 1931 1706 Mutterſprache
1945 1668 2121 1703 methodum
2138 1674 2305 1708 meditandi

1425 1698 1585 1740 practicam
1598 1704 1653 1734 &c.
1666 1703 1812 1747 uͤberſetzte
1827 1708 1899 1748 auch
1921 1713 1997 1745 Petr.
2020 1714 2210 1750 Ribadeneiræ
2229 1718 2304 1750 vitas

1425 1744 1600 1779 Sanctorum
1614 1750 1675 1782 aus
1689 1753 1754 1786 dem
1769 1750 1956 1796 Spaniſchen
1978 1756 2030 1790 ins
2052 1757 2208 1803 Engliſche.
2251 1767 2301 1801 W,

1423 1786 1450 1817 d.
1471 1786 1523 1817 Al.

1380 1833 1717 1878 DAUSQUEJUS,
1734 1842 1803 1874 oder
1817 1840 1997 1884 Dausquius,
2008 1844 2190 1889 (Claudius),
2196 1850 2240 1884 ein
2248 1852 2303 1893 Je⸗

1421 1870 1501 1910 ſuite,
1515 1873 1576 1905 und
1586 1873 1709 1915 hernach
1724 1877 1900 1915 Canonicus
1917 1889 1951 1922 zu
1970 1881 2130 1926 Tournay,
2154 1889 2300 1930 gebohren

1419 1924 1453 1956 zu
1469 1919 1528 1954 St.
1539 1920 1632 1954 Omer
1649 1924 1740 1960 1566,
1757 1934 1773 1963 5
1782 1926 1855 1962 Dec.
1870 1935 1934 1961 war
1948 1931 1968 1962 in
1968 1931 2033 1964 der
2046 1932 2227 1973 griechiſchen
2236 1939 2297 1969 und

1420 1957 1602 1997 lateiniſchen
1617 1961 1766 2003 Sprache,
1780 1971 1835 1999 wie
1850 1966 1921 2005 auch
1935 1970 1965 2002 in
1980 1972 2033 2004 den
2049 1974 2160 2007 andern
2176 1975 2296 2018 Theilen

1415 2003 1465 2033 der
1481 2002 1709 2044 Gelehrſamkeit
1729 2007 1809 2048 wohl
1830 2007 1935 2050 geuͤbt,
1963 2013 2043 2053 hatte
2066 2016 2121 2050 mit
2138 2019 2192 2052 den
2215 2019 2296 2056 Bar⸗

1413 2042 1670 2085 fuͤſſer⸗Moͤnchen
1680 2043 1751 2088 eine
1745 2050 1932 2087 Controvers
1939 2061 2039 2096 wegen
2054 2056 2146 2099 Pauli
2161 2065 2222 2094 und
2239 2063 2296 2103 Jo⸗

1415 2086 1491 2125 ſephi
1504 2088 1673 2129 Heiligkeit,
1694 2091 1841 2134 uͤberſetzte
1862 2103 1905 2136 44
1929 2097 2078 2137 Homilien
2100 2104 2154 2138 des
2184 2105 2297 2146 Baſilii

1415 2117 1624 2165 Selencienſis
1652 2129 1714 2162 aus
1734 2134 1798 2164 dem
1822 2132 2015 2176 Griechiſchen
2038 2138 2089 2170 ins
2109 2138 2295 2181 Lateiniſche;

1413 2164 1514 2206 ſchrieb
1529 2168 1600 2203 auch
1615 2168 1859 2213 orthographiam
1875 2175 1990 2216 antiqui
2001 2179 2133 2218 novique
2151 2182 2241 2228 Latii;
2253 2189 2294 2218 ei⸗

1411 2214 1468 2240 nen
1481 2210 1591 2250 groſſen
1607 2213 1779 2247 Comment.
1799 2214 1869 2251 uͤber
1883 2222 1936 2253 den
1953 2222 2051 2253 Silium
2068 2225 2214 2261 ltalicum;
2232 2230 2292 2262 das

1411 2255 1530 2287 ſcutum
1547 2258 1585 2288 D.
1601 2259 1706 2290 Mariæ
1721 2260 1906 2304 aſpricollis;
1927 2266 1958 2296 it.
1973 2264 2055 2306 Juſti
2070 2269 2164 2310 Lipſii,
2184 2271 2290 2305 adver-

1408 2294 1456 2326 ſus
1472 2295 1623 2336 Agricolæ
1645 2301 1772 2335 Thracii
1789 2302 1929 2344 ſatyricas
1950 2308 2134 2350 petitiones;
2162 2312 2190 2343 S.
2208 2315 2289 2348 Pauli

1409 2328 1549 2377 Apoſtoli
1564 2332 1789 2382 ſanctitudinem
1811 2342 1841 2373 in
1859 2353 1965 2382 utero,
1987 2356 2072 2379 extra
2094 2350 2124 2381 in
2148 2351 2232 2389 ſolo,
2256 2355 2287 2386 in

1408 2378 1498 2414 cœlo,
1521 2380 1636 2422 libris
1635 2381 1651 2425 3
1660 2394 1675 2412 a
1698 2385 1729 2415 ſe
1741 2385 1941 2423 decertatam;
1982 2390 2019 2420 de
2042 2401 2120 2423 terra
2141 2394 2169 2424 &
2192 2405 2287 2435 aqua;

1407 2420 1619 2455 adnotamenta
1639 2426 1669 2455 in
1683 2427 1728 2472 Q.
1740 2428 1900 2469 Calabrum,
1920 2432 2150 2478 Tryphiodorum,
2164 2439 2192 2470 &
2206 2441 2284 2474 Colu-

1404 2463 1505 2497 thum;
1525 2468 1586 2500 und
1605 2468 1675 2502 lebte
1691 2470 1761 2509 noch
1781 2474 1871 2513 1633.
1912 2477 1949 2508 A.
1971 2479 2020 2510 Al.
2035 2483 2057 2511 B.

1362 2505 1664 2549 DAUSQUIUS,
1685 2517 1756 2558 ſiehe
1771 2518 1969 2562 Dauſquejus.

1356 2553 1538 2589 DAUTH
1561 2563 1648 2605 (Jo.),
1663 2566 1708 2598 ein
1723 2566 1842 2603 Doctor
1854 2569 1950 2609 Juris
1960 2578 2018 2606 von
2028 2572 2202 2618 Ochſenfurt
2219 2579 2281 2612 aus

1399 2599 1556 2643 Francken,
1569 2611 1635 2639 war
1649 2606 1753 2646 erſtlich
1766 2609 1851 2649 Rath
1868 2613 1928 2645 und
1938 2612 2116 2659 Syndicus
2111 2621 2148 2664 zu
2156 2618 2278 2655 Braun⸗

1395 2647 1520 2685 ſchweig,
1535 2648 1658 2688 hernach
1674 2654 1824 2693 Profeſſor
1836 2657 1934 2698 Juris
1947 2667 1979 2701 zu
1996 2660 2189 2705 Wittenberg,
2210 2667 2277 2699 end⸗

1396 2689 1448 2726 lich
1468 2691 1554 2726 Rath
1573 2696 1624 2726 der
1644 2695 1749 2731 Stadt
1772 2696 1966 2743 Magdeburg
1988 2705 2049 2736 und
2071 2705 2147 2746 ſtarb
2170 2715 2209 2741 im
2231 2718 2273 2748 77

1393 2730 1493 2772 Jahre
1510 2734 1600 2767 1621.
1644 2731 1705 2776 Man
1726 2739 1775 2778 hat
1800 2745 1856 2775 von
1874 2742 1935 2779 ihm
1950 2745 2105 2778 tractatum
2120 2748 2155 2778 de
2172 2752 2274 2790 appel-

1392 2769 1508 2802 latione
1522 2779 1539 2800 a
1557 2773 1669 2806 Cæſare
1691 2777 1770 2810 male
1794 2778 1959 2812 informato
1983 2784 2016 2812 ad
2040 2787 2149 2816 melius
2174 2790 2270 2818 infor-

1392 2811 1549 2850 mandum;
1568 2816 1606 2847 de
1622 2817 1713 2858 pactis
1732 2822 1949 2856 renunciativis
1965 2828 1993 2856 &
2018 2828 2209 2872 diſpoſitivis;
2233 2833 2271 2863 de

1391 2854 1568 2889 civitatibus
1588 2860 1713 2901 Imperii
1732 2863 1854 2899 liberis;
1884 2868 2087 2903 teſtamentis;
2106 2879 2142 2902 tr.
2162 2872 2197 2902 de
2213 2874 2268 2912 Ju-

1389 2896 1557 2931 reconſulti
1572 2901 1632 2933 ſine
1647 2904 1676 2934 &
1691 2905 1723 2934 in
1736 2905 1857 2939 diſſidiis
1870 2907 2045 2950 dogmatum
2059 2914 2269 2948 eccleſiaſtico-

1389 2947 1458 2976 rum
1475 2939 1594 2978 officio;
1618 2942 1808 2984 bedingliche
1833 2949 2034 2990 Erinnerung
2058 2962 2163 2995 wegen
2184 2956 2266 2989 einer

1388 2984 1541 3030 Schrifft,
1560 2987 1589 3027 ſo
1604 2995 1662 3025 den
1678 2984 1758 3029 Titel
1771 2994 1897 3037 fuͤhret:
1916 2990 2061 3032 diſcurſus
2076 3002 2224 3042 generalis
2237 3006 2265 3036 &
