2541 2564
658 1663 724 1698 Die
734 1663 803 1700 ſuͤſſe

656 1702 800 1743 ewigkeit.

832 289 953 346 freude
971 287 1060 347 fand
1080 295 1117 338 in
1133 295 1202 338 den
1213 293 1405 347 gedancken
1420 297 1480 340 der
1489 293 1612 349 ſeligen
1630 296 1782 349 wigkeit.
1842 297 1989 351 Hieran
2007 298 2148 355 ſpiegelt
2165 300 2260 354 euch,
2279 312 2303 346 o

832 351 890 403 ihr
907 350 1194 406 prunck⸗toͤchter
1204 353 1346 409 Zions!
1378 357 1431 400 die
1447 355 1501 410 ihr
1519 356 1555 399 in
1572 352 1695 409 pracht
1712 357 1785 401 und
1804 357 1952 413 hoffart,
1970 360 2008 404 in
2023 358 2224 413 ſuͤndlichen
2244 370 2302 412 ge⸗

830 402 1073 462 ſellſchafften,
1096 420 1177 453 eure
1187 406 1310 464 freude
1320 406 1428 465 ſucht,
1450 410 1523 455 und
1535 411 1574 455 in
1584 411 1717 456 eitelem
1725 409 1839 467 ſchertz
1850 413 1925 457 und
1935 413 2304 469 narrentheidungen,

830 465 886 508 die
896 462 1068 517 Chriſten
1079 462 1174 517 nicht
1185 462 1369 520 geziemen,
1390 467 1443 511 die
1455 464 1526 512 edle
1541 467 1603 519 zeit
1611 466 1793 522 zubringt.
1861 471 1883 513 O
1911 471 1981 521 daß
1988 472 2040 513 die
2048 471 2201 520 ſtimme,
2215 472 2302 516 wel⸗

825 511 886 574 che
906 511 1002 575 kurtz
1023 513 1084 576 vor
1076 520 1304 576 Jeruſalems
1318 526 1522 576 untergang
1545 520 1699 577 gehoͤret
1699 520 1829 577 wurde,
1858 529 1986 576 Weh!
2036 531 2142 574 Weh!
2179 521 2302 580 Weh!

830 568 918 623 auch
936 570 974 613 in
986 580 1091 614 euren
1104 571 1212 625 ohren
1223 572 1357 627 moͤchte
1374 573 1526 627 klingen,
1542 584 1651 619 wenn
1646 569 1701 629 ihr
1721 575 1760 620 in
1787 587 1888 623 eurer
1903 577 2019 633 beſten
2036 576 2229 633 froͤlichkeit
2246 580 2302 627 la⸗

832 629 926 680 chet!
956 629 1040 685 Ach
1040 629 1190 686 ſchnoͤde
1203 631 1330 687 ſuͤnder
1346 636 1420 677 und
1431 631 1693 687 ſuͤnderinnen!
1727 635 1822 688 Daß
1833 634 1920 688 doch
1924 631 1971 682 die
1975 636 2122 686 ſtarcke
2141 641 2301 685 donner⸗

830 682 971 740 ſtimme
988 684 1051 727 der
1063 684 1217 738 ewigkeit
1235 685 1362 732 bis
1315 680 1372 737 ins
1383 686 1579 740 inwendige
1597 699 1698 732 eurer
1707 686 1837 741 hertzen
1852 687 1986 744 moͤchte
2000 692 2120 746 hinein
2134 691 2301 745 dringen,

829 736 902 780 und
913 735 992 789 euch
1003 735 1199 792 aufwecken
1219 750 1291 783 von
1303 749 1422 785 eurem
1441 738 1678 796 gefaͤhrlichen
1688 739 1978 800 ſuͤnden⸗ſchlaff,
1992 737 2087 800 euch,
2102 747 2156 791 die
2165 745 2223 799 ihr
2236 746 2305 803 auf

829 798 910 839 dem
921 796 1011 841 rand
1028 797 1088 841 der
1099 795 1257 849 ewigkeit
1274 798 1386 851 gehet,
1404 802 1479 845 und
1500 800 1538 844 in
1550 798 1679 855 frecher
1697 798 1873 856 ſicherheit
1890 803 1942 846 die
1951 801 2061 856 grube
2078 803 2175 857 nicht
2194 800 2301 860 ſehet,

827 851 883 896 die
900 862 968 896 vor
985 862 1091 898 euren
1103 851 1216 908 fuͤſſen
1226 855 1279 907 iſt.
1341 853 1420 910 Ach
1435 855 1489 900 die
1497 855 1621 907 'quaal,
1636 854 1806 910 wornach
1824 857 1880 909 ihr
1894 858 2025 915 ringet,
2041 856 2085 913 iſt
2103 859 2216 911 ewig!
2243 859 2319 918 die

824 906 926 960 pein,
935 907 988 950 die
998 904 1068 960 auf
1074 907 1156 963 euch
1168 913 1310 960 wartet,
1322 909 1364 963 iſt
1376 910 1487 964 ewig!
1511 913 1570 956 der
1582 910 1734 968 ſchmertz
1744 914 1822 958 und
1831 914 1885 959 die
1893 911 2079 971 allzuſpaͤte
2089 926 2165 969 reu,
2178 916 2231 962 die
2242 918 2297 971 ihr

826 965 863 1016 ſo
879 964 992 1018 theuer
1008 959 1129 1023 kaufft,
1146 967 1190 1023 iſt
1200 968 1308 1021 ewig!
1354 970 1378 1015 O
1389 962 1492 1022 weh!
1517 970 1594 1014 und
1611 969 1700 1024 ewig
1709 969 1801 1023 weh,
1815 972 1877 1016 der
1894 981 1943 1016 an
1961 966 2016 1030 den
2037 967 2083 1021 ort
2116 976 2179 1018 der
2190 974 2297 1028 quaal

825 1015 975 1069 kommt,
993 1018 1038 1059 da
1048 1018 1100 1062 die
1116 1020 1363 1065 verdammten
1374 1025 1434 1073 tag
1453 1019 1528 1064 und
1539 1022 1644 1075 nacht
1662 1022 1710 1066 im
1719 1019 1870 1078 finſtern
1877 1022 2003 1071 kercker
2011 1026 2078 1070 der
2089 1024 2209 1080 hoͤllen
2228 1036 2297 1071 un⸗

827 1080 883 1118 ter
897 1074 966 1117 den
976 1069 1136 1128 teuffeln,
1152 1077 1227 1120 und
1242 1081 1352 1121 unter
1367 1079 1446 1121 dem
1457 1077 1518 1129 ach
1532 1079 1610 1123 und
1628 1078 1721 1132 weh,
1736 1081 1811 1125 und
1829 1078 2083 1135 erbaͤrmlichen
2096 1083 2297 1132 zetter⸗und

828 1126 1106 1183 mord⸗geſchrey
1126 1132 1186 1173 der
1197 1131 1448 1176 verdammten
1465 1132 1609 1177 werden
1619 1133 1700 1189 pein
1720 1133 1841 1186 leiden,
1858 1136 1934 1180 und
1946 1138 2014 1181 das
2030 1136 2139 1190 ewige
2156 1138 2296 1183 verder⸗

826 1186 907 1230 ben.
960 1180 986 1237 O
1023 1186 1118 1241 wehe
1127 1187 1254 1238 denen,
1271 1187 1321 1230 die
1333 1186 1540 1241 augen⸗luſt
1549 1188 1675 1241 lieben,
1689 1191 1784 1243 wehe
1793 1192 1979 1245 denen,
1923 1186 1974 1239 die
1990 1191 2231 1250 fleiſches⸗luſt
2240 1195 2295 1251 ſu⸗

827 1232 928 1296 chen,
943 1235 1013 1298 wehe
1040 1242 1282 1296 denen,
1168 1235 1216 1293 die
1232 1236 1286 1294 ein
1294 1242 1507 1301 hoffaͤrtiges
1516 1245 1615 1290 leben
1625 1244 1768 1302 fuͤhren,
1797 1246 1872 1301 wehe
1888 1250 2002 1300 denen,
2017 1249 2068 1294 die
2090 1249 2166 1303 ohne
2181 1246 2295 1307 furcht

826 1300 999 1345 GOttes
1010 1299 1045 1341 in
1056 1298 1157 1351 ihren
1170 1295 1402 1354 vorſetzlichen
1412 1299 1549 1356 ſuͤnden
1559 1301 1664 1355 dahin
1678 1302 1802 1356 gehen,
1820 1306 1897 1349 und
1908 1304 1978 1354 ihre
1994 1298 2087 1360 buſſe
2095 1316 2168 1351 von
2181 1310 2243 1358 tag
2254 1316 2293 1357 zu

826 1359 895 1409 tag
901 1351 1135 1408 aufſchieben!
1163 1357 1289 1409 Wehe
1296 1359 1424 1409 denen,
1442 1360 1496 1403 die
1505 1360 1675 1405 GOttes
1685 1359 1875 1414 langmuth
1885 1360 2134 1416 mißbrauchen
2148 1361 2221 1408 und
2231 1361 2300 1418 auf

828 1407 1057 1462 muthwillen
1073 1410 1204 1463 ziehen:
1234 1411 1316 1464 Jhr
1327 1412 1411 1466 theil
1426 1413 1516 1458 wird
1529 1410 1612 1466 ſeyn
1632 1413 1680 1457 im
1690 1411 1806 1469 pfuhl,
1825 1417 1886 1460 der
1896 1416 1962 1459 mit
1972 1413 2069 1464 feuer
2083 1419 2158 1461 und
2168 1415 2292 1472 ſchwe⸗

827 1462 887 1519 fel
887 1462 1051 1520 brennet,
1068 1468 1162 1510 denn
1171 1466 1252 1512 bald
1268 1461 1364 1516 wirds
1379 1462 1526 1524 heiſſen,
1539 1470 1599 1514 der
1610 1469 1745 1527 menſch
1754 1469 1873 1527 faͤhret
1882 1472 1957 1524 hin,
1974 1473 2020 1516 da
2029 1483 2064 1515 er
2074 1473 2165 1527 ewig
2177 1473 2292 1519 bleibe.

827 1523 869 1559 O
888 1517 1084 1561 tremenda
1101 1522 1331 1563 aeternitas!
1372 1528 1411 1563 O
1427 1520 1620 1564 horrenda
1641 1524 1865 1568 aeternitas!
1902 1522 1951 1573 O
1969 1521 2293 1579 jammer ⸗ volle

828 1577 1031 1635 ewigkeit!
1061 1580 1117 1629 O
1117 1580 1396 1637 erſchreckliche
1409 1581 1611 1638 ewigkeit!

969 1626 1039 1677 Jm
1054 1626 1265 1676 gegentheil,
1298 1637 1318 1658 o
1330 1627 1545 1669 angenehme
1564 1620 1743 1671 ewigkeit!
1776 1626 1796 1665 O
1813 1622 2025 1680 erfreuliche
2052 1626 2245 1681 ewigkeit!
2269 1626 2292 1673 O

828 1687 1002 1743 troͤſtliche
1021 1688 1197 1743 ewigkeit!
1228 1691 1294 1734 mit
1310 1695 1391 1736 was
1410 1703 1478 1737 vor
1488 1691 1682 1746 lieblichkeit
1699 1697 1772 1739 und
1784 1694 1938 1747 anmuth
1954 1694 2110 1752 erfuͤlleſt
2128 1701 2174 1742 du
2192 1695 2290 1754 unſer

828 1743 928 1794 hertz,
944 1753 1049 1786 wenn
1060 1749 1098 1789 es
1107 1744 1156 1795 an
1156 1744 1236 1799 dich
1248 1744 1429 1799 gedenckt!
1465 1757 1559 1801 zwar
1568 1747 1635 1803 biſt
1642 1750 1691 1792 du
1702 1748 1808 1802 gleich
1820 1750 1930 1794 einem
1946 1750 2136 1805 irrgarten,
2156 1752 2193 1795 in
2208 1753 2290 1797 wel⸗

827 1797 922 1852 chem
933 1810 1019 1843 man
1034 1798 1154 1844 keinen
1166 1805 1336 1854 ausgang
1356 1799 1481 1858 findet,
1496 1806 1569 1848 und
1579 1805 1666 1860 doch
1677 1804 1753 1857 ſind
1762 1804 1861 1850 deine
1880 1803 2162 1861 wunder⸗gaͤnge
2179 1804 2214 1859 ſo
2225 1818 2288 1852 an⸗

826 1853 991 1907 genehm,
1009 1852 1077 1907 daß
1088 1866 1172 1899 man
1182 1858 1267 1908 nach
1283 1857 1417 1901 keinem
1425 1861 1593 1912 ausgang
1608 1857 1784 1913 verlangt.
1831 1852 1853 1907 O
1903 1860 1989 1917 ſuͤſſe
1999 1861 2180 1917 ewigkeit!
2209 1868 2289 1909 was

826 1909 1040 1963 vergnuͤgen
1060 1911 1169 1966 giebſt
1179 1918 1226 1959 du
1241 1917 1306 1959 den
1317 1913 1432 1969 ſeelen,
1448 1916 1501 1961 die
1510 1928 1553 1968 zu
1560 1917 1681 1962 deiner
1698 1917 1910 1972 herrlichkeit
1920 1918 2126 1976 erſchaffen!
2155 1921 2216 1976 ach
2225 1924 2288 1967 alle

824 1970 894 2011 das
912 1965 1046 2021 irdiſche
1063 1968 1103 2023 iſt
1122 1969 1227 2019 ihnen
1249 1979 1320 2012 nur
1339 1970 1393 2013 ein
1413 1969 1565 2024 verdruß
1585 1972 1622 2016 in
1636 1978 1845 2024 erwartung
1862 1974 1926 2018 des
1943 1972 2189 2027 himmliſchen.
2239 1978 2289 2022 O

824 2018 1001 2076 troͤſtliche
1022 2022 1201 2075 ewigkeit!
1241 2027 1320 2067 was
1336 2035 1403 2068 vor
1418 2020 1539 2077 freude
1561 2023 1678 2078 macht
1696 2030 1770 2070 uns
1788 2025 1875 2077 doch
1893 2030 1955 2071 der
1970 2025 2145 2082 geringſte
2163 2038 2288 2080 vorge⸗

821 2077 980 2134 ſchmack,
1005 2080 1068 2123 den
1091 2080 1161 2123 wir
1179 2081 1215 2126 in
1234 2080 1353 2137 dieſem
1372 2081 1571 2137 ſtuͤckwerck
1588 2083 1674 2137 nach
1690 2084 1812 2129 deinen
1822 2083 1965 2139 ſchaͤtzen
1983 2084 2109 2140 haben,
2133 2086 2201 2139 daß
2219 2087 2288 2133 wir

821 2133 925 2185 wohl
940 2133 1186 2189 tauſendmahl
1205 2132 1409 2192 wuͤnſchen,
1411 2133 1539 2200 ſchon
1556 2138 1602 2182 da
1615 2147 1657 2189 zu
1667 2135 1764 2195 ſeyn,
1795 2132 1920 2193 wohin
1929 2140 1994 2195 ſich
2015 2141 2116 2195 unſer
2133 2143 2288 2195 eintziges

821 2188 1015 2245 verlangen
1026 2188 1163 2247 ſehnet;
1192 2192 1258 2241 wir
1276 2190 1352 2248 ſind
1362 2193 1470 2250 gleich
1488 2197 1556 2243 den
1568 2192 1738 2254 ſchiffern,
1754 2197 1808 2245 die
1816 2197 1868 2245 im
1886 2195 2004 2254 ſturm
2018 2200 2092 2248 und
2109 2201 2287 2253 ungewit⸗
