1356 2157
436 502 575 555 loͤſung
603 508 671 545 des
700 512 862 557 gantzen
892 506 1153 560 menſchlichen
1179 510 1254 552 Ge⸗

434 557 613 607 ſchlechts
623 561 715 600 oder
735 553 907 611 voͤlligen
925 560 1254 613 Wiederbringung

434 606 529 650 aller
538 608 676 661 Dinge,
682 607 723 665 ſo
726 613 791 652 dem
795 610 980 662 Vorgeben
990 615 1070 661 nach
1081 617 1149 657 eine
1159 614 1255 657 Uber⸗

437 658 559 707 ſetzung
571 668 635 699 aus
646 668 717 701 dem
728 662 979 713 Frantzoͤſiſchen
988 669 1057 703 und
1071 667 1252 711 An.1722.

434 719 473 758 zu
479 709 685 759 Amſterdam
695 712 842 761 gedruckt
851 713 923 762 ſeyn
933 713 1029 765 ſolte,
1044 720 1114 756 dem
1123 710 1253 766 Jnhalt

432 760 508 801 aber
524 763 603 807 nach
613 763 767 814 ebenfalls
782 772 844 805 vor
857 765 935 814 dieſe
943 764 1033 816 Lehre
1049 764 1254 817 eingerichtet

433 816 544 861 war,*
569 820 682 856 wurde
689 818 856 865 An.1727.
873 818 908 858 in
920 819 1023 858 einem
1035 824 1191 868 entgegen
1202 823 1251 863 ge⸗

434 866 538 917 ſetzten
547 862 747 921 Geſpraͤch
757 870 811 910 im
821 869 959 919 Reiche
985 866 1052 920 der
1037 866 1252 922 Wahrheit

428 933 510 964 von
524 929 591 966 der
598 924 965 983 Wiederbringung
972 928 1159 979 zwiſchen
1170 932 1249 966 OR-

431 977 791 1005 THODOXOPHILO
820 969 1061 1018 Glaubrecht
1087 979 1154 1014 und
1178 973 1251 1011 Go-

430 1026 667 1058 THOFREDO
693 1020 946 1058 DEITTERO,
968 1022 1144 1072 ingleichen
1160 1022 1193 1061 in
1211 1019 1250 1059 ei⸗

430 1084 488 1114 ner
498 1079 625 1116 andern
634 1076 799 1129 Schrifft,
807 1080 866 1121 die
875 1080 928 1121 im
935 1065 1057 1128 Reich
1066 1081 1133 1125 der
1141 1078 1250 1123 Gna⸗

429 1128 502 1169 den
517 1125 822 1177 triumphirende
834 1127 1055 1181 Wahrheit
1074 1131 1166 1178 uͤber
1179 1133 1251 1173 den

428 1171 556 1230 juͤngſt
572 1180 657 1215 von
671 1175 839 1214 Doſitheo
854 1178 988 1216 Eleiſon
1005 1178 1150 1219 wieder
1164 1166 1249 1225 auf⸗

426 1226 672 1290 gewaͤrmten
679 1225 957 1295 Chiliaſtiſchen
963 1232 1155 1286 Jrrthum
1170 1238 1252 1277 von

427 1291 497 1320 der
517 1278 883 1331 Wiederbringung
909 1278 1007 1323 aller
1030 1283 1250 1327 Creaturen

425 1332 702 1377 beantwortet.**

483 1378 537 1428 Zu
545 1377 673 1419 Altona
691 1381 758 1421 und
774 1380 896 1430 daſiger
905 1377 1047 1431 Gegend
1061 1380 1182 1434 fanden
1192 1379 1249 1433 ſich

427 1437 506 1480 auch
524 1434 777 1485 unterſchiedene
792 1434 978 1487 Anhaͤnger
995 1441 1051 1476 der
1062 1435 1248 1494 Peterſeni⸗

428 1487 516 1537 ſchen
532 1486 698 1536 Traͤume,
732 1486 845 1537 welche
863 1489 1012 1541 dieſelben
1032 1490 1194 1537 oͤffentlich
1208 1494 1246 1536 zu

423 1538 643 1589 vertheidigen
662 1540 798 1589 ſuchten.
852 1541 1093 1595 Jnſonderheit
1112 1540 1160 1591 war
1187 1549 1246 1583 un⸗

425 1594 475 1622 ter
485 1590 650 1632 denſelben
660 1591 709 1624 ein
719 1590 881 1636 Prediger
889 1592 946 1636 bey
955 1594 1009 1627 der
1018 1597 1120 1629 neuen
1131 1580 1245 1634 Capel⸗

425 1645 453 1683 le
463 1645 572 1694 hinter
587 1645 736 1693 Altona,
762 1645 853 1694 Herr
866 1646 1097 1700 Hirſchfeld,
1122 1655 1192 1689 dem
1206 1653 1245 1691 zu

424 1694 604 1737 Hamburg
613 1697 645 1730 in
655 1696 742 1731 einer
762 1696 928 1748 beſondern
943 1695 1086 1749 Schrifft
1094 1692 1245 1745 begegnet

424 1744 550 1784 wurde.
584 1743 688 1787 Man
698 1748 761 1796 ließ
771 1748 847 1787 aber
856 1752 999 1796 dagegen
1010 1748 1092 1802 nicht
1113 1757 1163 1788 nur
1181 1746 1244 1784 An.

1134 1803 1247 1847 1725.

465 1866 676 1910 *Unſchuldige
685 1866 889 1911 Nachrichten,
899 1872 993 1903 Anno
1001 1876 1068 1910 1722.
1082 1876 1106 1919 p.
1122 1865 1167 1914 947.
1176 1869 1244 1909 ſeqq.

524 1914 634 1944 **Ibid.
655 1916 777 1947 An.1727.
785 1917 880 1952 p.619.
904 1914 1088 1947 WALCHIVS
1095 1914 1114 1945 l.
1135 1913 1157 1958 c.
1154 1922 1181 1953 p.
1188 1917 1244 1948 271.
