1440 2076
549 426 758 468 Konſulent.
805 432 888 472 Nach
900 426 945 474 der
952 431 1136 482 Ausſoͤhnung
1153 432 1227 484 muß

509 492 699 533 unmenſchlich
721 496 871 536 getrunken
887 499 1057 532 werden—

552 567 827 612 Geheimerath.
868 575 927 615 Ach
941 576 1050 612 Gott!

552 642 772 683 Konſulent.
796 645 888 691 Nun
919 663 961 672 —
990 650 1121 694 ernſthaft
1145 653 1226 687 denn.

514 710 586 744 Was
603 711 647 743 ſoll
663 715 708 744 der
722 711 846 754 Hofrath
867 714 962 754 hier?
991 716 1054 751 Alle
1073 718 1228 761 Zeitungen

497 773 612 808 kriegte
626 780 654 801 er
673 780 704 809 zu
718 773 775 811 ſpaͤt
790 773 910 813 hinaus,
934 777 985 811 alle
997 778 1155 820 Eßwaaren
1167 789 1226 813 ver⸗

513 836 597 856 derbt.
626 834 690 858 Und
703 834 744 858 die
757 823 940 870 jaͤmmerliche
952 817 1136 881 Langeweile!
1158 832 1226 874 Laßt

512 886 617 939 mich,
639 901 696 941 ich
718 903 813 943 bringe
829 904 876 944 ihn
890 901 992 947 zuruͤck.

553 971 713 1012 Madem.
741 950 937 1003 Reinhold.
965 947 1039 1005 Jch
1063 948 1226 1018 denke,
1174 960 1228 1020 ich

514 1039 594 1078 denke
615 1050 663 1080 —
672 1035 731 1059 Sie
745 1034 832 1066 haben
847 1032 871 1065 ſo
886 1033 992 1070 allerley
1001 1022 1225 1078 Propoſitiones

513 1109 556 1131 —
577 1103 652 1129 Nun
671 1102 723 1130 wir
738 1103 845 1132 werden
859 1090 889 1132 es
904 1099 989 1141 ſehen.

662 1375 851 1420 Neunter
876 1378 1072 1427 Auftritt.

604 1465 756 1509 Vorige.
799 1468 924 1512 Hoftath
946 1471 1186 1514 Reinhold.

805 1533 925 1570 Linde.

552 1617 711 1645 Madem.
726 1619 914 1653 Reinhold
935 1622 991 1650 und
1013 1607 1233 1663 Konſulent.

512 1690 566 1731 Ach
588 1707 616 1717 —
638 1696 672 1724 da
686 1695 718 1735 iſt
735 1697 780 1729 er!
