1760 2562
393 477 507 536 Drey
524 485 600 528 und
616 481 827 544 dreyßigſter
841 489 966 549 Brief.

1034 502 1088 550 87

258 569 427 617 aͤngſtlich,
427 575 506 620 daß
530 582 581 613 der
603 580 779 629 gluͤcklichſte
802 589 905 635 Zufall
926 591 979 634 ihn
1003 593 1085 637 nicht

256 643 335 679 ganz
354 639 504 686 zufrieden
521 646 634 689 macht.
697 651 782 690 Man
808 655 936 701 fuͤrchtet
961 659 1083 700 immer,

255 704 314 746 daß
334 704 379 741 ein
401 716 493 744 neuer
507 710 613 755 Unfall
626 718 688 749 uns
704 717 818 760 drohet.
862 725 911 764 Jn
926 723 1080 771 aͤhnlichen

253 772 435 823 Umſtaͤnden
460 780 575 828 befinde
598 785 641 828 ich
665 786 740 831 mich
764 802 846 824 ⸗⸗⸗

319 846 379 885 Sie
419 848 528 897 ſagen,
569 853 661 902 dieſes
691 858 739 904 ſey
777 864 827 896 der
862 864 1077 912 entſcheidende

250 911 355 954 Punct
367 919 472 963 unſers
495 918 664 969 Schickſals
679 928 740 963 und
763 927 924 976 verlangen
942 940 999 969 von
1016 934 1073 972 mir

250 983 407 1032 aufrichtig
434 998 470 1033 zu
496 991 620 1039 wiſſen,
661 995 719 1033 wie
740 999 811 1038 weit
834 1002 878 1038 die
905 1002 1071 1054 Erfuͤllung

247 1054 342 1098 Jhrer
365 1057 510 1107 Wuͤnſche
528 1065 602 1107 noch
615 1068 776 1116 ausgeſetzt
794 1074 864 1117 ſeyn
880 1076 974 1121 ſolle?
1006 1080 1067 1122 Jch

237 1102 387 1165 uͤberlaſſe
404 1120 513 1167 Jhnen
540 1126 633 1167 dieſes
662 1129 757 1170 einzig
778 1134 839 1165 und
861 1134 970 1173 allein,
1003 1139 1065 1173 und

241 1187 285 1233 ich
305 1191 381 1234 habe
399 1196 501 1233 keinen
520 1201 632 1238 Willen
656 1204 707 1240 als
728 1207 785 1240 den
806 1207 956 1255 Jhrigen,
985 1214 1066 1256 Jhre

238 1238 453 1297 Beſtimmung
477 1260 531 1300 ſoll
552 1274 649 1306 meine
677 1278 842 1320 Vorſchrift
870 1277 951 1314 ſeyn.
993 1289 1062 1321 Wie

238 1315 330 1354 lange
351 1303 430 1365 habe
449 1322 491 1361 ich
516 1336 611 1373 dieſen
636 1341 797 1380 Zeitpunct
819 1348 877 1383 mit
905 1354 1062 1389 Gelaſſen⸗

234 1387 297 1436 heit
316 1368 481 1435 erwartet?
509 1396 615 1436 Sollte
635 1406 676 1441 ich
695 1399 762 1435 jetzt
783 1421 958 1451 ungedultig
983 1419 1058 1454 wer⸗

232 1465 302 1504 den,
322 1469 362 1502 da
381 1471 441 1507 das
462 1470 611 1520 Schickſal
629 1475 768 1525 verſoͤhnt
788 1482 906 1529 ſcheint,
930 1489 991 1523 und
1010 1489 1055 1526 die

229 1530 296 1576 Zeit
314 1534 432 1580 unſerer
449 1537 648 1586 Verbindung
671 1543 763 1589 naͤher
786 1543 924 1590 koͤmmt?
957 1555 1052 1597 Nein,

224 1603 318 1647 beſter
334 1608 474 1653 Freund,
494 1609 589 1659 dieſen
606 1615 712 1664 Fehler
728 1619 817 1667 ſollen
835 1621 895 1661 Sie
916 1623 994 1669 nicht
1009 1637 1049 1663 an

226 1659 285 1690 mir
306 1651 420 1700 tadeln.

289 1740 354 1783 Jhr
379 1745 538 1793 poetiſches
565 1752 764 1804 Meiſterſtuͤck
790 1762 825 1806 iſt
846 1763 943 1808 ſchoͤn.
996 1767 1045 1802 Es

219 1801 306 1848 haͤtte
323 1804 407 1856 einen
439 1809 534 1853 hohen
559 1823 651 1859 Preis
682 1831 833 1861 verdient,
864 1840 911 1859 wo
932 1835 1043 1864 anders

216 1874 283 1925 eine
308 1879 431 1929 groͤßere
459 1885 644 1937 Belohnung
672 1898 740 1939 ſeyn
774 1899 869 1937 kann,
908 1902 957 1936 als
980 1906 1039 1941 das

212 1947 273 1999 Lob
303 1949 365 1998 und
396 1956 449 1993 der
475 1956 602 2008 Beyfall
635 1967 665 2010 ſo
689 1966 780 2005 vieler
806 1967 1037 2019 ſcharfſinnigen

655 2051 682 2091 F
700 2058 723 2094 4

955 2062 1036 2098 Ken⸗
