1864 2678
248 520 365 555 winnen
399 518 505 555 ſuchte,
539 514 603 545 eine
633 512 763 548 ungleich
794 510 898 543 hoͤhere
925 506 1059 539 Achtung
1089 499 1263 538 verſchaffte.

246 575 343 608 Wenn
371 572 438 603 aber
467 570 533 604 auch
562 574 591 597 er
618 562 768 603 predigte,
800 561 860 595 daß
888 565 953 585 man
970 556 1094 584 Maria
1094 554 1180 581 nicht
1208 558 1260 579 nur

248 626 296 657 als
329 620 507 660 allmaͤchtige
538 620 596 648 und
627 609 863 651 allbarmherzige
896 607 1095 639 Beſchuͤtzerin
1095 607 1158 636 in
1191 600 1265 628 allen

247 673 372 708 Noͤthen
390 669 553 707 betrachten
571 669 629 698 und
646 664 771 700 anrufen
790 659 872 695 duͤrfe,
899 657 1017 689 ſondern
1033 656 1112 687 auch
1112 656 1201 684 muͤſſe
1220 659 1263 683 q),

249 728 276 765 ſo
304 728 398 757 redete
428 730 457 754 er
482 718 572 758 voͤllig
595 716 636 747 die
657 713 792 751 Sprache
815 709 908 746 ſeines
936 707 1071 739 Ordens,
1101 707 1147 730 der
1171 706 1252 734 Jeſui⸗

251 786 320 819 ten,
342 780 376 817 (†
397 779 433 814 J.
457 776 557 815 1704).

327 876 448 912 Jmmer
478 872 555 905 nicht
585 875 680 909 genug
710 872 745 903 zu
777 864 991 899 verwundern,
1034 861 1087 894 daß
1120 856 1199 894 ſelbſt
1231 857 1271 884 die

254 926 385 968 groͤbſten
407 919 703 961 Ungereimtheiten,
744 917 785 944 die
808 921 865 943 nur
887 914 995 941 irgend
995 909 1158 938 andaͤchtig
1182 905 1274 930 laute⸗

256 982 325 1016 ten,
364 976 443 1013 ohne
457 974 510 1006 alle
532 970 638 1010 Furcht
660 968 689 1000 in
713 968 755 999 die
777 965 858 996 Welt
879 960 1038 996 geſchwatzt
1060 963 1171 987 werden
1196 954 1274 984 durf⸗

257 1032 318 1065 ten,
342 1028 413 1062 und,
437 1030 522 1057 wenn
544 1023 612 1058 auch
635 1021 664 1051 in
688 1023 735 1050 der
757 1015 854 1049 Stille
877 1013 994 1047 belacht,
1020 1011 1086 1038 oder
1108 1013 1136 1036 in
1160 1003 1278 1036 Schrif⸗

260 1084 308 1110 ten
334 1073 457 1116 geruͤgt,
487 1072 609 1109 dennoch
639 1066 784 1108 oͤffentlich
813 1067 871 1096 und
893 1071 951 1093 von
976 1070 1022 1092 der
1043 1055 1277 1095 Kirchengewalt

259 1131 335 1167 nicht
361 1126 514 1168 gehindert
541 1129 608 1155 oder
635 1118 779 1158 geahndet
807 1116 947 1151 wurden;
984 1111 1081 1147 zumal
1112 1117 1140 1138 in
1169 1107 1278 1143 Frank⸗

261 1180 351 1220 reich,
373 1187 417 1211 wo
440 1185 508 1210 man
530 1175 594 1210 doch
616 1174 671 1211 auf
691 1171 733 1202 die
755 1165 971 1207 Proteſtanten
992 1164 1019 1199 ſo
1040 1162 1114 1194 viele
1139 1157 1280 1197 Ruͤckſicht

262 1233 352 1269 nahm
380 1234 439 1262 und
468 1228 558 1266 ihnen
585 1225 641 1261 auf
664 1222 719 1254 alle
740 1218 834 1257 Weiſe
862 1219 905 1248 die
930 1212 1113 1248 Katholiſche
1140 1209 1281 1243 Religion

264 1284 324 1322 ſehr
345 1278 495 1319 ertraͤglich
536 1277 569 1320 zu
586 1270 683 1316 machen
706 1264 839 1315 ſuchte.
842 1265 999 1301 Vielmehr
1021 1261 1123 1297 haͤufte
1141 1267 1210 1291 man
1232 1260 1287 1287 auf

266 1335 355 1373 dieſer
374 1331 466 1365 Seite
492 1330 536 1360 die
562 1322 757 1364 anſtoͤßigſten
777 1319 896 1356 Dinge,
928 1320 970 1346 die
992 1311 1101 1348 Fabeln
1130 1314 1188 1341 und
1216 1307 1285 1341 Lob⸗

268 1382 442 1424 preiſungen
465 1384 512 1411 der
531 1374 688 1415 Heiligen,
716 1372 794 1410 ihrer
813 1366 967 1407 Wunder,
995 1360 1208 1401 Ueberbleibſel
1228 1362 1286 1389 und

269 1426 508 1470 Gnadenplaͤtze,
538 1427 594 1456 und
624 1426 657 1453 da
686 1423 772 1453 unter
798 1420 906 1452 andern
929 1412 1176 1452 Einwendungen
1197 1409 1289 1438 wider

270 1490 322 1518 den
345 1479 600 1521 Reliquiendienſt
623 1477 692 1513 dieſe
714 1480 791 1511 zwar
815 1470 895 1501 leicht
915 1465 1063 1505 gemacht,
1087 1463 1155 1494 aber
1175 1461 1288 1497 ſchwer⸗

274 1538 323 1569 lich
344 1544 377 1573 zu
401 1529 605 1564 beantworten
628 1533 709 1562 war,
743 1524 796 1554 daß
818 1528 875 1552 von
897 1527 948 1557 gar
968 1517 1063 1549 vielen
1084 1515 1220 1550 Koͤrpern
1243 1515 1290 1540 der

273 1586 410 1626 Heiligen
441 1581 580 1622 dieſelben
609 1575 808 1615 Gliedmaßen
836 1579 874 1603 an
903 1569 1037 1602 mehrern
1065 1566 1162 1597 Orten
1193 1562 1292 1592 aufbe⸗

276 1638 374 1677 wahrt
393 1638 452 1667 und
473 1632 574 1673 geehrt
593 1627 723 1666 wuͤrden,
746 1626 774 1662 ſo
797 1623 876 1656 hatte
895 1621 1046 1653 Johann
1064 1613 1236 1653 Ferrand
1236 1611 1291 1648 r),

277 1693 324 1727 ein
344 1689 446 1728 Jeſuit
486 1682 522 1729 zu
523 1685 596 1724 Puy
618 1686 649 1722 (†
669 1682 706 1718 J.
731 1680 836 1719 1672),
861 1678 904 1710 die
924 1670 1171 1714 Verwegenheit,
1196 1673 1228 1703 zu
1254 1668 1293 1701 ſa⸗

279 1746 354 1780 gen,
376 1738 458 1777 ſelbſt
480 1739 532 1769 das
555 1735 598 1772 ſey
620 1732 666 1764 ein
686 1726 840 1769 goͤttliches
862 1727 1013 1761 Wunder,
1045 1722 1100 1757 daß
1121 1716 1296 1749 vergleichen

281 1789 491 1831 Ueberbleibſel
516 1790 565 1818 der
585 1781 738 1824 Heiligen,
770 1779 872 1811 welche
903 1777 932 1806 in
955 1777 1000 1803 der
1022 1771 1126 1802 Natur
1155 1775 1210 1797 nur
1238 1772 1296 1795 ein⸗

282 1841 343 1872 mal
364 1836 466 1875 haͤtten
485 1832 653 1872 vorhanden
674 1830 738 1866 ſeyn
759 1827 884 1862 koͤnnen,
907 1831 963 1854 wie
985 1825 1027 1852 die
1048 1818 1191 1853 Vorhaut
1213 1817 1298 1846 Chri⸗

286 1895 338 1931 ſti,
377 1894 425 1923 der
444 1886 531 1929 Kopf
546 1882 709 1924 Johannes
731 1883 779 1913 des
803 1876 952 1916 Taͤufers,
990 1876 1047 1904 und
1071 1872 1157 1902 andre
1178 1868 1299 1904 derglei⸗

314 2009 343 2034 q)
369 2005 485 2028 Sermons
506 2008 551 2024 sur
568 2000 605 2023 les
618 1996 761 2027 Mysteres,
793 1997 798 2016 T.
820 1995 842 2016 II.
865 1998 881 2019 p.
905 1993 941 2015 228.
975 1985 1103 2012 Außerdem
1103 1985 1171 2012 viel
1171 1985 1260 2012 Unſinn
1281 1986 1301 2002 in

340 2042 411 2070 ſeinen
426 2038 592 2068 Feſtpredigten.

317 2094 341 2121 r)
367 2091 484 2120 Disquis.
495 2085 687 2116 reliquiaria,
676 2079 703 2114 s.
708 2083 738 2106 de
754 2079 908 2107 suspicienda
931 2084 951 2096 et
957 2082 1094 2104 suspecta
1098 2079 1246 2098 earumdem
1253 2077 1304 2099 nu-

344 2135 412 2153 mero
428 2129 609 2155 reliquiarum,
638 2127 703 2147 quae
719 2127 744 2142 in
764 2123 866 2145 diversis
880 2123 999 2144 ecclesiis
1013 2123 1164 2142 servantur,
1184 2118 1312 2139 multitu-

345 2172 407 2193 dine.
442 2166 524 2195 Lugd.
540 2165 594 2190 1647.
625 2172 630 2187 4.
659 2158 724 2184 Vergl.
750 2160 769 2189 I.
792 2162 819 2185 H.
839 2157 937 2185 Jungii
954 2154 1065 2184 disquis.
1078 2156 1202 2178 antiquar
1214 2153 1242 2176 de
1266 2148 1305 2166 Re-

346 2206 450 2233 liquiis,
464 2209 481 2228 p.
502 2206 536 2226 94.
