1397 2351
438 511 526 548 von
556 499 644 547 dem
664 499 976 558 Prieſterlichen
1005 498 1314 551 unterſchieden

439 554 503 611 ſey
543 557 627 603 und
654 558 740 601 eine
778 553 996 609 beſondere
1022 555 1202 604 Gewalt
1221 555 1298 602 des

440 610 593 646 ordinis
636 606 873 647 conferire?
924 612 1033 648 Pater
1083 606 1297 647 Franciſcus

441 665 651 715 Schmier,
691 665 833 706 Rector
867 662 1098 715 Magnificus
1116 661 1208 714 auff
1225 663 1298 711 der

442 722 680 768 Univerſitaͤt
696 730 743 776 zu
759 713 1027 777 Saltzburg/
1039 719 1113 774 hat
1127 727 1205 765 vor
1222 728 1299 766 un⸗

446 779 589 833 gefehr
612 784 723 831 zwey
743 777 915 832 Jahren
932 776 1183 830 weitlaͤuffig
1202 777 1300 818 refe-

439 834 586 876 riret/
621 828 708 883 daß
722 827 941 882 (plerique
973 825 1213 882 Theologi)
1235 827 1299 876 die

441 888 602 944 meiſten
640 880 1111 943 GOttes⸗Gelahrten
1141 887 1186 934 in
1229 890 1299 938 der

441 945 661 1003 Roͤmiſche
698 946 879 1002 Kirchen
902 946 1057 999 ſolches
1082 945 1294 997 (ſimplici-

441 1003 531 1050 ter)
551 995 889 1055 ſchlechterdings
907 996 1124 1053 laͤugneten
1153 1002 1202 1054 (y)
1214 993 1299 1044 und

441 1058 721 1114 vornehmlich
749 1056 877 1108 dieſes
905 1065 993 1111 zum
1016 1058 1200 1105 Beweis
1225 1066 1300 1102 an⸗

440 1116 669 1170 fuͤhreten/
699 1113 783 1167 daß
792 1113 854 1160 die
871 1112 1100 1166 beſtaͤndige
1115 1113 1201 1157 und
1214 1113 1299 1160 ein⸗

443 1164 638 1222 ſtimmige
668 1162 897 1219 Meynung
930 1163 1002 1210 der
1038 1153 1190 1218 Kirche
1219 1167 1300 1211 nur

443 1222 575 1274 ſieben
591 1219 749 1260 ordines
768 1217 941 1263 ſtatuire,
953 1218 1074 1264 deren
1083 1217 1182 1270 doch
1208 1214 1301 1268 acht

443 1278 610 1327 werden
620 1276 815 1333 muͤßten/
825 1277 984 1334 wofern
993 1277 1077 1325 das
1091 1276 1302 1330 Biſchoͤff⸗

443 1339 541 1392 liche
587 1338 731 1386 Ammt
768 1335 833 1384 ein
866 1335 1098 1392 beſonderer
1143 1336 1302 1387 Orden

444 1394 574 1438 waͤre.
635 1389 794 1433 lſaacius
815 1389 1013 1433 Habertus
1030 1387 1202 1447 ſpricht:
1226 1389 1299 1441 Es

443 1450 491 1503 iſt
519 1444 746 1507 Wunder/
780 1445 858 1492 wie
872 1446 975 1492 viele
995 1441 1206 1499 Doctores,
1228 1437 1300 1494 und

412 1504 565 1554 unter
594 1500 720 1549 denen
759 1501 890 1547 vielen
936 1499 997 1548 die
1033 1498 1301 1555 beruͤhmteſte

446 1547 662 1605 laͤugnen/
668 1558 751 1605 daß
761 1559 844 1605 das
858 1552 1299 1605 BiſchoͤfflicheAmmt

1234 1615 1298 1656 ein

495 1739 550 1787 (y)
574 1738 610 1770 in
626 1738 901 1786 Jurisprudentia
934 1739 1200 1773 canonico-civili
1220 1740 1255 1781 T.
1270 1736 1299 1775 I.

536 1789 572 1836 p.
589 1798 662 1828 409.
678 1791 823 1826 Secunda
838 1787 992 1824 ſententia
1006 1797 1101 1834 negat
1114 1785 1298 1837 ſimpliciter

545 1851 618 1877 cum
628 1840 789 1888 plerisque
799 1839 994 1888 Theologis.
1013 1837 1175 1885 Oppones
1183 1842 1205 1873 l.
1218 1849 1296 1874 con-

542 1890 675 1924 ſtantem
685 1889 816 1924 eccleſiæ
825 1884 948 1923 ſenſum
957 1888 991 1921 &
1000 1886 1189 1922 contenſum
1196 1880 1298 1925 fuiſſe,

544 1943 636 1989 quod
657 1940 773 1989 ſeptem
783 1940 843 1979 ſint
863 1943 1020 1978 ordines,
1040 1950 1075 1975 ut
1090 1952 1177 1987 patet
1188 1942 1219 1984 ex
1230 1947 1306 1987 cap.

545 1995 632 2034 illud
632 1995 654 2034 I.
665 1992 735 2043 diſt.
752 2008 800 2039 77.
816 1997 904 2035 Trid.
920 1987 1047 2046 concilio
1060 1987 1132 2046 ſeſſ.
1131 2006 1183 2039 23.
1196 1998 1296 2042 cap.
1271 1987 1297 2032 2.
