1581 2396
214 482 277 510 war
295 472 416 516 entzuͤkt,
439 474 511 514 ſeine
525 471 647 510 neuliche
661 468 868 511 Vermuthung
886 469 912 506 ſo
931 476 1001 508 ganz
1021 467 1065 500 be⸗

214 520 328 571 ſtaͤtiget
342 536 375 568 zu
392 527 483 567 ſehen,
512 531 571 559 und
593 524 717 567 Freitag
736 523 914 557 bewunderte
929 525 987 557 mit
1002 522 1065 565 ihm

214 587 260 617 die
275 585 420 623 Weisheit
439 585 496 614 und
512 569 595 615 Guͤte
617 581 664 610 der
684 580 820 621 goͤtlichen
842 577 1024 619 Vorſehung.

276 655 343 692 Auf
351 653 396 685 die
409 648 519 691 Frage:
542 656 616 684 wem
628 653 682 683 das
696 647 856 690 Schifsgut
870 646 1014 687 eigentlich
1024 653 1069 685 ge⸗

214 712 282 753 hoͤrt
301 709 397 750 habe?
422 713 593 742 antwortete
615 711 663 740 der
685 705 850 745 Spanier:
879 705 934 743 daß
957 707 987 737 es
1008 711 1066 735 von

214 769 286 808 zwei
309 766 484 809 Kaufleuten
507 770 540 800 in
562 767 667 810 Radix
682 766 761 797 waͤre
773 763 922 803 befrachtet
936 766 1070 800 worden;

215 824 284 859 aber
304 834 360 859 nur
375 829 421 859 der
434 825 508 859 Eine
523 832 581 856 von
601 822 689 862 ihnen
709 821 791 863 hatte
818 819 1006 859 Kommiſſion
1026 827 1072 858 ge⸗

214 884 316 925 geben,
328 893 367 916 an
375 878 423 916 der
432 873 634 925 afrikaniſchen
646 880 735 923 Kuͤſte
742 880 901 920 Schwarze
916 877 1071 921 einzuhan⸗

217 947 298 985 deln;
329 949 376 979 der
396 940 508 979 Andere
529 940 686 984 hingegen,
712 943 777 976 dem
798 941 882 981 dieſer
901 939 997 980 Handel
1019 940 1071 972 ein

217 991 331 1045 Greuel
343 1000 465 1042 geweſen
483 999 573 1037 waͤre,
595 998 675 1041 haͤtte
685 998 735 1038 fuͤr
749 998 822 1037 ſeine
833 994 953 1037 Waren
967 996 1072 1035 nichts,

215 1069 264 1103 als
275 1065 469 1106 Goldkoͤrner,
491 1064 637 1106 verlangt.

279 1127 412 1168 Hierauf
428 1123 519 1170 nahm
531 1123 710 1165 Robinſon
729 1128 784 1159 den
801 1125 950 1165 Spanier
968 1123 1014 1156 bei
1025 1126 1074 1156 der

216 1180 320 1221 Hand,
341 1176 438 1218 fuͤhrte
450 1175 547 1220 ihn
515 1176 547 1223 in
563 1176 631 1223 ſein
623 1175 864 1216 Vorrathshaus,
886 1177 944 1205 und
958 1176 990 1206 in
1001 1174 1075 1212 ſeine

217 1231 308 1277 Hoͤle,
321 1241 380 1267 und
393 1238 479 1274 zeigte
491 1222 567 1275 ihm,
583 1240 618 1272 zu
631 1234 735 1272 ſeinem
751 1233 932 1274 Erſtaunen,
951 1233 1007 1270 daß
1020 1236 1077 1263 das

216 1306 383 1351 Wichtigſte
396 1314 453 1339 von
467 1303 530 1339 dem
547 1302 741 1346 geſtrandeten
755 1301 870 1347 Schiffe
884 1300 946 1345 hier
958 1301 1077 1344 beiſam⸗

219 1375 285 1402 men
300 1367 346 1406 ſei.
389 1363 514 1408 Freitag
533 1362 632 1404 mußte
649 1364 712 1406 ihm
733 1367 778 1399 die
796 1363 961 1407 Geſchichte
981 1365 1078 1396 davon

218 1418 368 1456 erzaͤlen;
397 1415 459 1448 und
478 1414 535 1458 der
555 1407 693 1457 Spanier
711 1409 796 1445 konte
820 1420 874 1443 vor
894 1415 989 1447 lauter
1003 1414 1078 1444 Ver⸗

218 1477 401 1514 wunderung
414 1464 499 1507 kaum
513 1462 561 1506 ein
576 1467 666 1505 Wort
678 1463 814 1512 ſprechen.

281 1542 447 1582 Robinſon
465 1538 629 1584 erkundigte
651 1539 706 1580 ſich
723 1537 834 1581 hierauſ
846 1532 930 1584 noch:
952 1537 1001 1578 fuͤr
1012 1539 1077 1578 weſ⸗

220 1597 268 1635 ſen
280 1596 438 1632 Rechnung
453 1580 529 1623 denn
541 1592 587 1624 die
607 1589 795 1624 Diamanten
816 1590 940 1628 geweſen
955 1590 1078 1622 waͤren?

219 1661 286 1696 Und
298 1656 374 1696 wem
389 1663 434 1696 die
447 1657 670 1701 Offizierkleider
681 1657 782 1700 gehoͤrt
798 1656 909 1702 haͤtten,
923 1658 968 1690 die
984 1664 1014 1689 er
1027 1656 1083 1695 auf

223 1727 286 1757 dem
292 1716 413 1769 Schiffe
432 1714 620 1767 vorgefunden
640 1717 734 1762 habe?
749 1721 808 1751 und
826 1716 928 1759 erhielt
943 1725 994 1759 zur
1006 1716 1080 1751 Ant⸗

221 1780 315 1811 wort:
335 1776 435 1811 beides
456 1773 534 1813 waͤre
555 1777 603 1809 der
622 1772 756 1813 Nachlaß
769 1773 849 1806 eines
861 1772 1013 1813 engliſchen
1026 1760 1079 1816 Of⸗

222 1845 319 1887 fiziers
339 1843 511 1886 geweſen,
496 1835 548 1884 der
567 1844 616 1884 ſich
640 1843 722 1883 lange
746 1842 779 1877 in
797 1839 967 1884 Oſtindien
986 1839 1082 1877 aufge⸗

216 1895 324 1942 halten
341 1897 446 1940 gehabt
473 1896 570 1940 haͤtte,
587 1888 654 1929 und
672 1895 728 1934 auf
744 1894 831 1934 ſeiner
851 1893 988 1933 Ruͤkreiſe
1011 1893 1080 1932 nach

224 1962 361 2008 England
374 1964 402 2005 ſo
420 1962 505 1999 krank
521 1963 670 2005 geworden
686 1957 782 2000 waͤre,
796 1961 851 2008 daß
863 1967 942 2002 man
956 1957 1008 2001 ihn
1028 1960 1084 2000 auf
