1477 2182
458 445 544 477 wenn
559 436 620 473 Sie
642 425 749 473 einmal
768 437 831 470 dem
850 426 1002 477 Harcourt
1014 425 1078 474 Jhr
1093 426 1185 464 Wort
1207 430 1253 468 ge⸗

459 493 549 538 geben
567 490 677 533 haben,
705 490 734 532 ſo
749 489 802 534 geb
827 488 867 529 ich
880 486 986 531 Jhnen
1007 486 1053 521 die
1074 478 1259 525 Erlaubniß,

460 551 520 582 ihm
536 547 613 582 Jhre
628 544 732 582 Nichte
748 553 781 582 zu
797 538 968 583 uͤberlaſſen.

467 592 597 644 Sir.
622 597 708 641 Ganz
724 592 815 634 wohl,
833 586 907 636 ganz
922 591 1019 632 wohl!
1051 588 1129 627 Das
1140 586 1211 630 geht
1222 585 1255 629 ja

461 651 538 689 recht
555 637 674 692 gut
636 642 697 696 an.
728 645 787 690 Jch
799 645 862 682 will
880 645 944 678 dem
956 642 1056 684 Herrn
1070 639 1157 681 Kroß
1171 637 1263 679 nach⸗

461 697 539 741 gehn
554 699 614 730 und
632 695 683 736 ihn
703 693 804 730 davon
824 682 1083 734 benachrichtigen.
1107 686 1176 731 (bey
1190 686 1263 726 S.)

460 751 530 787 Der
542 745 664 790 Henker,
686 743 728 787 ich
743 741 860 786 dachte,
881 741 922 784 ich
935 740 1034 775 wollte
1047 738 1085 781 ſie
1101 735 1170 778 doch
1185 735 1279 779 noch

462 806 605 842 beſiegen!
639 801 700 842 (ab)

511 847 612 895 Lady.
625 845 674 898 Jch
687 843 749 897 will
756 853 819 883 nun
827 854 863 889 zu
870 844 984 882 meinen
991 842 1096 879 Leuten
1105 842 1192 883 gehn,
1199 842 1261 875 und

462 904 509 941 die
522 903 683 950 Schriften
696 900 786 942 gleich
801 900 889 941 fertig
898 894 1020 938 machen
1036 893 1134 936 laſſen.
1147 892 1261 935 (ab)

698 977 828 1032 Eilfte
857 967 1019 1026 Scene.

630 1035 729 1081 (Sir
765 1034 932 1076 Griffins
970 1025 1104 1072 Haus)

779 1067 956 1132 Dorinde.

517 1140 583 1181 (ſitzt
618 1139 651 1182 an
657 1135 743 1170 einem
765 1132 861 1171 Tiſch,
886 1133 939 1164 mit
958 1132 1045 1164 einem
1060 1127 1141 1168 Buch
1165 1127 1194 1158 in
1218 1128 1268 1159 der

469 1191 573 1236 Hand;
594 1193 628 1230 ſie
638 1190 718 1230 wirft
730 1191 780 1220 das
787 1186 868 1226 Buch
874 1183 948 1227 weg)
967 1181 1029 1225 Jch
1042 1177 1122 1223 haͤtte
1131 1180 1187 1215 mir
1194 1185 1269 1221 gern

470 1242 516 1277 die
528 1238 703 1279 Langeweile
710 1238 764 1271 mit
772 1233 852 1277 Leſen
867 1231 1038 1272 vertrieben,
1045 1228 1115 1266 aber
1122 1227 1184 1267 ach,
1192 1226 1269 1262 mein

471 1290 558 1335 Kopf
579 1287 609 1333 iſt
623 1284 676 1323 mit
692 1285 787 1329 ſeinen
803 1282 907 1325 eignen
920 1278 1078 1319 Gedanken
1095 1287 1129 1323 zu
1144 1273 1269 1322 beſchaͤf⸗

472 1347 540 1388 tigt,
555 1346 606 1379 als
616 1341 674 1385 daß
683 1341 722 1382 ich
731 1341 789 1384 auf
800 1340 843 1375 die
852 1337 1009 1375 Gedanken
1017 1339 1126 1372 andrer
1134 1331 1283 1375 Achtung

473 1396 561 1441 geben
580 1395 691 1434 koͤnnte.
717 1395 785 1434 Wie
804 1389 948 1436 ſchwankt
960 1388 1038 1426 mein
1045 1386 1119 1432 Herz
1135 1385 1271 1429 zwiſchen

473 1447 586 1492 Furcht
596 1451 657 1483 und
670 1442 835 1488 Hofnung!
861 1440 911 1485 Jn
924 1445 973 1476 der
980 1439 1074 1481 That,
1090 1440 1124 1473 es
1125 1428 1205 1484 ſteht
1221 1431 1270 1470 mir

475 1497 539 1532 eine
550 1495 708 1538 grauſame
725 1492 821 1533 Wahl
833 1492 935 1530 bevor,
949 1489 1094 1523 entweder
1100 1487 1156 1520 den
1164 1479 1273 1527 gebuͤh⸗

477 1552 585 1586 renden
601 1544 777 1589 Wohlſtand
792 1543 907 1579 meines
928 1536 1114 1584 Geſchlechts
1132 1545 1166 1581 zu
1182 1535 1274 1572 verle⸗

477 1600 545 1635 tzen,
560 1600 637 1626 oder
647 1593 720 1631 mich
735 1592 828 1624 einem
842 1588 954 1623 Elende
973 1591 1008 1628 zu
1020 1578 1192 1627 uͤberlaſſen,
1210 1586 1277 1619 von

479 1654 545 1682 dem
553 1645 677 1685 hernach
686 1644 762 1681 keine
770 1642 907 1683 Rettung
913 1638 958 1677 iſt.
987 1638 1053 1673 Und
1064 1634 1134 1676 doch
1146 1621 1292 1676 wuͤnſcht

479 1707 522 1750 ich
537 1707 607 1750 faſt,
627 1705 667 1746 ich
683 1702 762 1746 haͤtte
777 1701 855 1741 nicht
871 1698 999 1743 gethan,
1025 1698 1095 1733 was
1109 1695 1150 1737 ich
1166 1692 1280 1737 gethan

481 1752 566 1797 habe.
598 1750 676 1787 Aber
687 1750 733 1785 die
745 1744 867 1793 Wuͤrfel
876 1745 938 1790 ſind
944 1741 1115 1788 geworfen!
1155 1735 1206 1791 Jch
1199 1730 1286 1786 muß

482 1814 560 1863 ſehn,
577 1812 634 1849 wie
642 1814 669 1848 es
682 1807 818 1853 ablaͤuft!
