3136 3607
916 373 1041 423 1274

1203 363 1443 419 Leinweber
1443 363 1583 419 Leiten

2303 364 2458 414 Leiten.

952 432 1009 462 Der
1024 431 1102 464 reiche
1118 431 1206 461 Mann
1224 432 1325 461 kleidete
1333 431 1377 464 ſich
1387 432 1433 461 mit
1441 432 1560 468 koͤſtlicher
1570 431 1697 467 Leinwand
1707 433 1778 465 (eine
1790 432 1850 466 Art,

985 472 1025 501 die
1039 472 1063 505 ſo
1077 472 1171 504 koſtbar
1184 472 1230 501 wie
1237 472 1306 503 Gold
1320 471 1445 506 geſchaͤtzet
1459 474 1561 505 wurde)
1572 473 1628 501 Luc.
1645 475 1685 503 16,
1698 479 1737 501 19.

990 503 1019 533 §.
1040 508 1067 531 2.
1084 502 1142 538 (b)
1158 500 1215 532 Ein
1234 501 1326 533 leinen
1339 499 1436 538 Tuch;
1458 501 1491 538 (c)
1528 509 1573 533 ein
1590 501 1725 534 linnenes
1738 500 1850 539 Nacht⸗

922 544 1012 580 kleid,
1038 545 1096 577 das
1119 551 1188 576 man
1215 552 1265 577 um
1294 544 1344 584 ſich
1376 546 1485 583 werfen
1504 546 1604 584 konte;
1639 547 1696 581 (d)
1725 547 1850 582 koſtbare

921 583 1084 623 Kleidung,
1098 584 1201 623 welche
1212 586 1272 619 aus
1286 588 1334 619 der
1351 586 1468 625 feinſten
1485 586 1638 621 Leinwand
1650 589 1719 620 oder
1734 586 1851 621 Baum⸗

923 630 1007 662 wolle
1025 629 1200 669 verfertiget.
1228 629 1321 668 Ezech.
1345 633 1399 663 16,
1420 638 1466 663 13.

955 664 988 693 (b)
1020 663 1114 695 Joſeph
1121 662 1226 690 wickelte
1239 662 1313 696 JEſu
1326 661 1381 691 Leib
1389 661 1414 691 in
1424 664 1491 692 reine
1500 662 1638 693 Leinwand.
1649 662 1750 698 Matth.
1760 669 1802 696 27,
1811 669 1852 696 59.

989 705 1076 732 Marc.
1087 710 1131 735 15,
1145 710 1187 735 45.
1203 704 1257 732 Luc.
1273 710 1316 734 23,
1327 710 1369 735 53.

953 730 1002 760 (c)
1013 731 1071 758 Der
1086 730 1223 761 Jüngling,
1239 731 1280 757 der
1290 731 1345 757 dem
1362 728 1522 768 gefangenem
1535 730 1609 764 JEſu
1620 730 1788 764 nachfolgete,
1799 735 1853 759 war

986 771 1035 796 mit
1055 769 1169 798 Leinwad
1193 769 1309 798 bekleidet
1328 776 1371 800 auf
1391 771 1433 797 der
1449 769 1530 804 bloſen
1551 769 1638 803 Haut,
1657 771 1743 801 Marc.
1761 777 1802 802 14,
1815 776 1854 802 51.

988 804 1036 837 ließ
1050 806 1096 833 den
1112 804 1226 834 Leinwad
1238 798 1334 835 fahren
1349 810 1372 831 v.
1389 810 1430 831 52.

992 832 1017 864 §.
1041 837 1068 862 3.
1092 832 1142 868 (e)
1164 831 1223 862 Ein
1250 830 1378 862 linnener
1396 827 1508 867 Talar,
1528 830 1647 870 welcher
1663 830 1712 863 bis
1731 830 1788 867 auf
1809 831 1853 864 die

921 871 1053 913 Knoͤchel
1075 879 1169 911 gieng.
1212 873 1402 913 Dergleichen
1433 874 1583 913 Kleidung
1605 880 1670 908 war
1695 877 1747 908 den
1770 876 1853 911 Prie⸗

925 914 999 952 ſtern
1021 913 1119 952 eigen,
1142 914 1233 953 vergl.
1277 925 1278 945 2
1296 915 1377 952 Moſ.
1404 921 1459 949 28,
1482 921 1531 949 42.
1548 923 1596 949 43.
1640 916 1726 955 Dieſe
1744 917 1853 953 Tracht

922 958 1006 996 hatte
1022 961 1070 991 der
1110 959 1184 998 Sohn
1203 951 1334 996 GOttes,
1350 957 1524 998 Ezech.9,2.
1541 967 1567 992 3.
1589 968 1636 988 11.
1656 966 1677 990 c.
1692 963 1840 993 10,
1756 950 1781 986 2.
1794 964 1840 993 6.7.

921 994 974 1012 als
1001 995 1049 1012 der
1075 994 1162 1019 rechte
1179 992 1389 1021 Hoheprieſter,
1410 990 1527 1019 welcher
1546 990 1600 1015 vor
1616 989 1674 1015 das
1692 986 1770 1018 Volk
1788 972 1851 1021 bat,

921 1036 956 1068 es
969 1033 1144 1074 verſoͤhnete,
1159 1038 1218 1068 und
1230 1040 1278 1072 der
1292 1034 1461 1076 Glaͤubigen
1473 1034 1660 1076 Fuͤrſprecher
1669 1042 1729 1071 und
1741 1038 1850 1076 Schutz

917 1080 997 1108 war.
1039 1075 1137 1117 Beym
1156 1074 1269 1109 Daniel
1284 1084 1306 1107 c.
1321 1087 1365 1112 10,
1382 1084 1408 1111 5.
1423 1076 1521 1115 ſuchen
1531 1078 1601 1117 auch
1618 1079 1691 1116 viele
1702 1078 1850 1116 Chriſtum

921 1119 1009 1148 unter
1026 1116 1102 1146 einer
1118 1115 1273 1155 engliſchen
1284 1116 1490 1155 Erſcheinung,
1510 1115 1596 1148 allein
1615 1120 1663 1149 der
1684 1127 1728 1152 13.
1744 1123 1771 1148 v.
1788 1118 1851 1150 will

922 1155 974 1194 ſich
998 1156 1092 1189 damit
1116 1157 1193 1193 nicht
1222 1155 1384 1195 vereinigen
1406 1157 1509 1197 laſſen,
1537 1159 1597 1189 und
1613 1157 1683 1198 zeigt
1699 1155 1849 1196 vielmehr,

921 1200 981 1238 daß
998 1200 1032 1233 es
1051 1200 1096 1233 ein
1116 1200 1273 1240 erſchafner
1297 1193 1390 1239 Engel
1410 1201 1543 1239 geweſen.

952 1236 1051 1263 Solche
1063 1236 1136 1266 lange
1152 1236 1254 1263 Kleider
1268 1238 1357 1263 trugen
1370 1230 1412 1263 die
1420 1235 1527 1267 Leviten,
1557 1244 1562 1261 2
1577 1235 1671 1267 Chron.
1684 1242 1715 1267 5,
1731 1241 1772 1262 12.

954 1272 1007 1303 Die
1020 1272 1100 1305 ſieben
1114 1271 1202 1305 Engel,
1215 1273 1253 1301 die
1267 1273 1302 1300 die
1320 1267 1388 1310 ſieben
1396 1274 1495 1307 Plagen
1504 1273 1600 1305 hatten,
1617 1278 1700 1303 waren
1713 1271 1793 1303 damit
1806 1278 1849 1302 an⸗

985 1312 1088 1342 gethan.
1105 1313 1206 1342 Offenb.
1227 1321 1273 1342 15,
1291 1314 1317 1341 6.

1215 1340 1543 1385 Leinweber.

988 1393 1064 1429 Das
1087 1394 1269 1434 Geſchlecht,
1291 1393 1413 1434 welches
1430 1401 1487 1427 von
1507 1398 1556 1428 der
1570 1394 1778 1431 Baumwollen
1794 1395 1850 1430 Ar⸗

919 1436 979 1470 beit
994 1435 1129 1472 beruͤhmt
1146 1443 1220 1469 war.
1246 1449 1250 1466 1
1271 1437 1380 1472 Chron.
1399 1447 1436 1472 4,
1453 1445 1501 1465 21.

1241 1481 1518 1530 Leinwerk.

988 1531 1061 1566 Von
1100 1533 1164 1564 dem
1197 1530 1313 1572 feinſten
1342 1531 1489 1572 Geſpinſte
1515 1539 1580 1566 war
1611 1535 1660 1567 der
1688 1530 1847 1573 Vorhang.

921 1581 1058 1613 2Chron.
1074 1588 1101 1613 3,
1119 1587 1166 1613 14.

1309 1625 1460 1669 Leiſe.

986 1671 1013 1713 §.
1034 1684 1059 1707 1.
1076 1675 1130 1714 (a)
1149 1673 1341 1716 Geſchwind,
1373 1674 1511 1715 behende,
1528 1676 1589 1709 und
1608 1675 1636 1716 ſo
1653 1675 1713 1716 daß
1727 1684 1798 1712 man
1814 1676 1849 1711 es

916 1718 1013 1753 weder
1032 1715 1115 1755 hoͤret
1137 1717 1206 1755 noch
1229 1716 1341 1749 merket.

951 1755 1025 1784 Ruth
1038 1753 1091 1779 kam
1101 1752 1155 1783 leiſe
1167 1758 1194 1784 zu
1205 1753 1259 1781 dem
1274 1753 1360 1782 Boas,
1370 1752 1444 1785 Ruth
1461 1758 1519 1785 3,7.

953 1790 1015 1823 Jael
1030 1789 1104 1822 gieng
1119 1789 1173 1822 leiſe
1190 1795 1219 1822 zu
1238 1792 1292 1818 dem
1309 1791 1425 1821 Siſſera,
1439 1791 1522 1819 Richt.
1536 1798 1568 1819 4,
1580 1798 1622 1816 21.

948 1815 1040 1848 David
1054 1821 1154 1846 ſchnitte
1165 1820 1222 1846 leiſe
1231 1821 1304 1843 einen
1313 1815 1394 1847 Zipfel
1409 1822 1460 1843 von
1473 1817 1563 1847 Sauls
1575 1817 1649 1847 Rock.
1674 1824 1677 1843 1
1701 1815 1765 1847 Sam.
1774 1825 1814 1848 24,
1823 1824 1848 1849 5.

951 1855 1057 1887 Davids
1068 1855 1178 1886 Knechte
1195 1856 1294 1884 redeten
1309 1856 1372 1887 leiſe,
1392 1856 1431 1883 als
1447 1857 1493 1886 das
1505 1857 1575 1886 Kind
1589 1864 1638 1886 von
1660 1857 1702 1885 der
1715 1856 1847 1890 Bathſeba

985 1889 1111 1924 geſtorben
1123 1898 1183 1919 war.
1212 1899 1213 1916 2
1228 1892 1305 1921 Sam.
1326 1898 1374 1920 12,
1387 1898 1426 1919 19.

985 1924 1015 1950 §.
1038 1925 1063 1946 2.
1082 1920 1146 1954 (b)
1168 1916 1335 1956 Schwach,
1350 1916 1406 1951 daß
1426 1924 1496 1950 man
1513 1917 1556 1949 die
1574 1915 1670 1957 Zaͤhne
1685 1917 1726 1951 im
1739 1917 1846 1951 Kauen

914 1959 996 1998 nicht
1015 1959 1095 1999 mehr
1118 1958 1221 1999 hoͤret,
1240 1960 1296 1993 wie
1315 1961 1344 1992 in
1364 1962 1412 1992 der
1430 1959 1570 2000 Jugend,
1591 1963 1628 1993 da
1649 1970 1720 1994 man
1737 1962 1846 1998 Rinde,

916 2003 1004 2036 kleine
1028 2002 1138 2040 Beine,
1164 2002 1255 2042 Nuͤſſe
1275 2003 1336 2035 und
1356 2003 1438 2041 harte
1456 2001 1556 2041 Dinge
1574 2004 1711 2041 zerbeiſet,
1734 2005 1790 2039 daß
1813 2006 1846 2037 es

913 2043 997 2076 einen
1012 2042 1120 2082 Schall
1130 2049 1190 2076 von
1206 2042 1258 2082 ſich
1276 2042 1379 2083 giebt;
1398 2044 1458 2075 und
1471 2043 1594 2083 zugleich
1608 2047 1667 2075 das
1676 2043 1845 2080 Vermoͤgen

915 2088 951 2121 zu
975 2084 1120 2115 verdauen
1143 2083 1220 2122 nicht
1243 2083 1329 2123 ſtark:
1359 2086 1414 2117 wie
1440 2085 1500 2116 eine
1523 2085 1581 2117 alte
1601 2084 1723 2125 Muͤhle,
1741 2085 1843 2125 welche

916 2124 1008 2165 ſachte
1029 2125 1160 2163 klappert
1181 2127 1242 2157 und
1262 2126 1340 2162 nicht
1359 2127 1416 2159 viel
1441 2124 1545 2163 maͤhlt.

947 2163 1011 2193 Daß
1030 2163 1068 2189 die
1083 2162 1200 2189 Stimme
1219 2160 1261 2191 der
1282 2157 1406 2191 Muͤllerin
1425 2160 1479 2194 leiſe
1495 2162 1540 2192 (a:
1562 2161 1601 2192 die
1622 2161 1692 2192 Rede
1710 2160 1844 2198 ſchwach).

981 2215 1060 2233 Pred.
1076 2219 1121 2233 12,
1135 2217 1161 2233 4.

1282 2233 1451 2280 Leiſte.

987 2287 1050 2328 (a)
1067 2286 1198 2327 Geſtelle,
1212 2286 1307 2321 damit
1322 2288 1366 2320 die
1383 2288 1444 2320 vier
1460 2285 1545 2328 Fuͤſſe
1560 2288 1642 2322 eines
1655 2286 1771 2328 Tiſches
1785 2296 1843 2321 un⸗

914 2326 959 2358 ter
982 2327 1046 2359 dem
1065 2327 1211 2364 Tiſchblat
1233 2326 1264 2358 in
1290 2326 1426 2358 einander
1444 2323 1559 2365 gefuͤget
1574 2326 1698 2360 werden.
1735 2338 1737 2357 2
1759 2328 1841 2368 Moſ.

916 2374 967 2398 25,
984 2374 1031 2398 25.
1047 2373 1094 2399 27.
1114 2373 1136 2394 c.
1154 2372 1204 2400 37,
1224 2372 1269 2393 12.
1281 2373 1327 2400 14.
1367 2366 1428 2407 (b)
1447 2364 1571 2400 Saͤulen
1585 2374 1626 2398 an
1637 2369 1702 2399 dem
1719 2365 1840 2405 ehernen

914 2412 1014 2450 Meer,
1045 2410 1158 2445 IKoͤn.
1177 2420 1216 2448 7,
1245 2415 1294 2442 28.
1322 2418 1371 2446 29.
1399 2417 1447 2446 35.
1472 2411 1522 2446 36.
1572 2411 1630 2452 (c)
1651 2410 1839 2453 Heerdſteine,

915 2457 1012 2490 Ezech.
1029 2466 1078 2490 40,
1096 2466 1145 2490 43.
1163 2463 1185 2489 c.
1202 2466 1250 2490 43,
1266 2466 1316 2488 20.

1273 2492 1479 2547 Leiſten.

982 2548 1036 2582 (a)
1050 2548 1117 2581 Der
1128 2544 1242 2578 Suͤnde
1251 2545 1432 2586 gehorſam:
1450 2546 1501 2588 ſich
1513 2545 1600 2587 ſolche
1608 2547 1729 2587 gefallen
1743 2548 1839 2587 laſſen,

916 2587 1056 2626 derſelben
1078 2587 1275 2626 nachhangen,
1300 2588 1402 2621 darein
1419 2589 1547 2627 willigen
1562 2589 1622 2622 und
1640 2590 1711 2627 ohne
1727 2591 1842 2625 Wider⸗

918 2629 998 2666 ſtand
1021 2629 1222 2668 vollbringen,
1244 2630 1335 2664 Rom.
1352 2633 1386 2663 6,
1403 2639 1446 2661 12.
1489 2632 1548 2670 (b)
1565 2633 1650 2665 Dem
1667 2633 1779 2664 Weibe
1794 2632 1842 2663 die

916 2672 1045 2711 Pflicht:
1068 2673 1136 2709 das,
1151 2672 1218 2705 was
1237 2670 1292 2710 man
1308 2672 1362 2706 als
1375 2673 1422 2707 ein
1439 2671 1593 2713 Ehemann
1608 2671 1746 2714 ſchuldig,
1755 2673 1840 2713 thun.

917 2716 1027 2753 1Cor.
1041 2720 1122 2748 7,3.

1257 2753 1469 2801 Leiten.

986 2816 1012 2852 §.
1034 2826 1058 2848 1.
1079 2818 1136 2857 (I)
1158 2818 1233 2850 Von
1253 2817 1436 2855 Menſchen:
1472 2818 1528 2854 (a)
1548 2819 1630 2852 einen
1650 2817 1773 2857 Schritt
1785 2825 1841 2853 vor

916 2853 1040 2895 Schritt
1064 2854 1250 2895 fortfuͤhren,
1271 2859 1330 2888 und
1353 2857 1413 2894 ihm
1428 2860 1480 2890 den
1496 2857 1570 2894 Weg
1590 2858 1693 2895 zeigen.

949 2894 1000 2919 Ein
1012 2891 1100 2920 Knabe
1119 2891 1200 2918 leitete
1212 2892 1258 2920 den
1271 2890 1377 2923 Simſon
1392 2892 1436 2923 bey
1444 2892 1485 2920 der
1509 2891 1580 2925 Hand.
1592 2886 1669 2929 Richt.
1683 2893 1723 2921 16,
1733 2894 1775 2919 26.

948 2928 1035 2954 Wenn
1046 2926 1085 2952 ein
1101 2924 1211 2953 Blinder
1224 2924 1270 2953 den
1288 2926 1382 2952 andern
1395 2925 1478 2955 leitet,
1493 2926 1517 2958 ſo
1536 2925 1610 2956 fallen
1624 2926 1654 2957 ſie
1669 2926 1746 2960 beyde
1758 2926 1786 2955 in
1798 2926 1839 2955 die

984 2963 1081 2993 Grube.
1095 2963 1244 2994 Matth.
1210 2960 1252 2994 15,
1267 2970 1306 2994 14.
1325 2965 1379 2993 (S.
1394 2966 1493 2992 leiter
1472 2959 1498 2992 §.
1501 2967 1541 2991 2.)

947 2990 1052 3025 Paulus
1066 2991 1151 3018 wurde
1164 2995 1214 3019 von
1227 2990 1304 3019 denen
1319 2989 1425 3024 geleitet,
1442 2990 1480 3019 die
1494 2990 1540 3021 mit
1550 2989 1602 3024 ihm
1613 2995 1705 3025 waren,
1718 2990 1770 3021 und
1781 2990 1835 3023 kam

981 3035 1028 3066 gen
1044 3031 1198 3067 Damaſcon.
1216 3030 1297 3066 Apſtg.
1308 3038 1357 3066 22,
1371 3038 1409 3058 11.

1961 434 1989 471 §.
2005 445 2033 468 2.
2055 435 2118 475 (b)
2140 432 2236 473 Einen
2257 436 2314 470 wie
2338 437 2382 469 ein
2404 437 2476 477 Hirt
2503 437 2546 470 die
2572 435 2681 478 Heerde
2705 427 2821 479 fuͤhren:

1892 473 1967 509 Das
1993 468 2130 514 ebraͤiſche
2155 477 2246 511 Wort
2266 476 2336 515 ſteht
2360 477 2432 515 auch
2453 482 2511 509 von
2535 479 2583 510 der
2601 477 2821 516 Wolkenſaͤule;

1893 519 1956 559 (c)
1970 520 2061 553 einem
2077 523 2131 553 den
2141 521 2252 559 rechten
2261 522 2338 561 Weg
2352 523 2437 560 durch
2448 524 2492 556 die
2500 522 2621 559 Wuͤſten
2631 526 2718 562 dieſer
2728 524 2823 559 Welt,

1895 564 1933 593 da
1946 559 2105 599 Jrthuͤmer
2116 564 2177 594 und
2192 561 2283 601 Laſter
2292 564 2331 595 im
2351 563 2522 601 Schwange
2532 561 2633 601 gehen,
2648 564 2750 604 weiſen
2761 567 2822 598 und

1895 599 2010 641 fuͤhren.
2021 603 2099 638 (von
2114 602 2227 640 Eſa.9,
2244 605 2287 634 16.
2330 603 2373 637 S.
2393 605 2491 636 Leiter
2507 605 2531 639 §.
2549 606 2597 640 3.)

1926 639 1980 669 (b)
1993 636 2112 673 Unſchuld
2125 641 2186 669 wird
2195 642 2233 670 die
2243 641 2376 673 Frommen
2390 642 2472 671 leiten.
2486 642 2619 676 Spruͤchw.
2628 649 2669 673 11,
2684 647 2708 673 3.

1929 669 1974 697 (c)
1985 668 2034 699 Jch
2041 668 2094 695 will
2104 668 2156 699 dich
2168 669 2215 695 den
2223 669 2289 697 Weg
2295 670 2338 696 der
2341 669 2471 701 Weisheit
2478 669 2582 700 fuͤhren;
2600 671 2637 700 ich
2649 671 2700 697 will
2711 667 2763 701 dich
2777 662 2825 705 auf

1961 706 2054 741 rechter
2069 707 2150 741 Bahn
2166 707 2250 738 leiten.
2268 704 2332 740 Spr.
2344 715 2377 740 4,
2395 714 2435 733 11.

1966 739 1991 772 §.
2011 746 2037 771 3.
2062 739 2123 774 (d)
2148 737 2246 778 Guͤtig
2264 739 2389 777 regieren
2404 741 2464 772 und
2486 739 2537 779 ſich
2551 740 2637 774 eines
2653 738 2825 777 annehmen.

1896 778 1961 813 Bis
1975 778 2033 818 auf
2038 778 2212 817 Conſtantin
2219 781 2273 812 den
2280 779 2394 817 Groſen
2405 779 2457 819 hat
2464 779 2537 812 keine
2547 779 2699 819 Obrigkeit
2709 779 2757 820 fuͤr
2766 782 2826 814 das

1898 823 2113 862 Chriſtenthum
2140 828 2194 857 den
2229 823 2339 865 Schutz
2368 825 2426 864 auf
2447 823 2499 863 ſich
2521 832 2702 864 genommen.
2760 825 2824 865 (c)

1898 864 2003 898 Einem
2026 866 2084 897 das
2108 864 2221 898 Geleite
2238 864 2338 903 geben,
2359 865 2412 904 bey
2435 866 2522 903 ſeiner
2536 867 2650 905 Abreiſe
2668 867 2723 899 mit
2738 868 2824 899 allem

1898 903 2036 944 noͤthigen
2061 906 2208 943 verſehen,
2228 906 2353 944 welches
2372 907 2424 946 bey
2444 910 2497 941 den
2522 908 2610 948 erſten
2630 907 2759 949 Chriſten
2777 909 2824 942 ein

1896 950 2039 981 gemeiner
2053 945 2250 984 Liebesdienſt.
2263 945 2354 979 Rom.
2370 955 2423 980 15,
2444 953 2492 980 24.

1928 982 1981 1012 (d)
1996 982 2033 1010 Es
2047 989 2100 1009 war
2111 983 2228 1010 niemand
2236 983 2284 1011 aus
2299 982 2364 1011 allen
2373 982 2496 1016 Kindern,
2505 982 2544 1013 die
2551 982 2582 1016 ſie
2592 983 2699 1017 geboren
2712 983 2766 1019 hat,
2780 984 2824 1015 der

1961 1018 1992 1050 ſie
2005 1020 2095 1048 leitete.
2105 1019 2161 1052 Eſa.
2174 1026 2215 1052 51,
2227 1022 2266 1047 18.

1962 1060 1990 1091 §.
2006 1067 2034 1091 4.
2062 1059 2130 1098 (lI)
2158 1060 2232 1093 Von
2259 1060 2363 1092 GOtt.
2414 1061 2469 1100 (a)
2495 1061 2562 1094 Vor
2586 1060 2677 1093 einem
2697 1059 2752 1094 wie
2776 1062 2823 1095 ein

1894 1092 2070 1135 Heerfuͤhrer
2092 1095 2253 1137 herziehen,
2270 1098 2324 1129 den
2343 1096 2454 1136 rechten
2471 1098 2546 1137 Weg
2562 1098 2663 1136 weiſen
2678 1100 2737 1131 und
2756 1102 2823 1132 end⸗

1894 1141 1948 1179 lich
1969 1150 2019 1180 zur
2038 1142 2126 1181 Ruhe
2146 1144 2278 1181 bringen.
2322 1145 2383 1183 (b)
2408 1145 2512 1178 Einem
2535 1147 2588 1176 den
2612 1146 2723 1184 rechten
2746 1146 2824 1186 Weg

1893 1180 1998 1219 zeigen,
2016 1183 2070 1214 wie
2087 1184 2132 1216 ein
2150 1183 2221 1223 Hirt
2239 1187 2288 1216 der
2305 1184 2426 1223 Heerde,
2446 1184 2506 1216 und
2523 1192 2573 1224 zur
2586 1185 2705 1222 wahren
2717 1185 2823 1219 Gluͤck⸗

1893 1223 2018 1260 ſeligkeit
2033 1224 2165 1262 bringen.
2209 1224 2273 1259 Der
2294 1224 2394 1264 guͤtige
2413 1226 2505 1260 GOtt
2524 1226 2604 1262 giebt
2627 1227 2719 1267 dabey
2741 1228 2823 1267 geiſt⸗

1892 1263 1963 1300 liche
1973 1261 2092 1303 Kraͤfte,
2109 1263 2168 1301 daß
2180 1271 2252 1297 man
2267 1264 2345 1301 nicht
2362 1271 2421 1297 von
2431 1268 2494 1299 dem
2504 1266 2637 1305 Wahren
2650 1269 2710 1300 und
2719 1267 2826 1300 Guten

1892 1303 2045 1342 abweiche,
2070 1306 2191 1343 ſondern
2218 1306 2262 1338 die
2285 1306 2374 1346 Wege
2396 1306 2522 1341 GOttes
2543 1306 2643 1346 hurtig
2662 1306 2742 1347 laufe
2763 1310 2825 1342 und

1892 1345 1985 1381 dabey
2004 1346 2102 1383 nichts
2116 1347 2271 1385 Widriges
2293 1346 2416 1385 erfahre.

1917 1385 1976 1416 (a)
1990 1384 2067 1415 Mein
2079 1383 2208 1418 Angeſicht
2220 1383 2264 1416 ſoll
2276 1385 2362 1419 gehen,
2380 1380 2445 1420 damit
2462 1380 2513 1421 will
2525 1381 2563 1422 ich
2571 1386 2623 1418 dich
2631 1386 2715 1416 leiten.
2715 1386 2740 1417 2
2753 1387 2824 1424 Moſ.

1958 1425 2001 1451 33,
2017 1426 2057 1449 14.

1925 1448 2029 1483 Vierzig
2051 1448 2120 1483 Jahr
2137 1449 2221 1480 leitete
2237 1452 2315 1482 GOtt
2335 1450 2374 1480 die
2397 1449 2533 1487 Jſraeliten
2556 1451 2630 1485 durch
2650 1451 2692 1481 die
2708 1450 2821 1487 Wuͤſten.

1960 1495 1973 1514 5
1989 1487 2058 1515 Moſ.
2073 1491 2097 1514 8,
2114 1495 2139 1513 2.
2151 1488 2235 1516 Amos
2244 1496 2275 1518 2,
2289 1494 2330 1513 10.

1924 1514 1984 1545 Der
2003 1515 2079 1548 HErr
2098 1515 2172 1543 allein
2192 1516 2275 1544 leitete
2294 1515 2353 1546 ihn;
2369 1515 2423 1544 und
2438 1522 2492 1546 war
2503 1517 2556 1546 kein
2562 1517 2668 1549 fremder
2679 1518 2760 1548 GOtt
2772 1518 2822 1548 mit

1957 1554 2019 1580 ihm.
2046 1562 2059 1580 5
2076 1554 2145 1583 Moſ.
2167 1560 2215 1584 32,
2234 1563 2272 1581 12.
2288 1557 2333 1582 des
2345 1555 2432 1585 Tages
2453 1556 2499 1583 mit
2518 1563 2585 1585 einer
2602 1557 2690 1585 Wolke
2709 1558 2761 1586 und
2777 1560 2824 1587 des

1957 1586 2059 1615 Nachts
2071 1587 2120 1614 mit
2135 1587 2215 1615 einem
2227 1587 2308 1619 hellen
2323 1587 2410 1619 Feuer.
2423 1587 2464 1619 Pſ.
2480 1592 2522 1619 78,
2541 1596 2572 1620 14
2591 1587 2663 1621 ſicher
2675 1589 2722 1623 daß
2732 1589 2762 1622 ſie
2777 1588 2824 1625 ſich

1957 1619 2024 1646 nicht
2036 1617 2179 1650 fuͤrchteten.
2194 1625 2218 1646 v.
2231 1627 2271 1652 53.
2288 1619 2342 1650 Eſa.
2356 1625 2398 1650 48,
2414 1627 2454 1652 17.
2465 1620 2515 1653 Jer
2534 1629 2559 1651 2,
2571 1623 2596 1648 6.

1924 1647 1974 1681 (b)
1988 1649 2064 1682 HErr
2075 1649 2133 1677 leite
2149 1649 2211 1681 mich
2225 1650 2252 1679 in
2265 1650 2348 1679 deiner
2365 1647 2547 1684 Gerechtigkeit
2559 1656 2604 1678 um
2621 1649 2716 1682 meiner
2727 1650 2821 1685 Feinde

1958 1687 2049 1715 willen.
2065 1686 2182 1717 Pſ.5,9.
2193 1686 2234 1719 Pſ.
2246 1694 2288 1717 27,
2299 1695 2337 1713 11.

1924 1713 2015 1743 Sende
2027 1713 2084 1742 dein
2096 1714 2160 1747 Licht
2173 1716 2225 1741 und
2238 1716 2308 1743 deine
2321 1714 2466 1748 Wahrheit,
2483 1715 2531 1747 daß
2547 1714 2579 1747 ſie
2586 1715 2649 1748 mich
2661 1715 2752 1748 leiten,
2766 1716 2821 1746 und

1958 1753 2062 1784 bringen
2071 1760 2102 1786 zu
2114 1754 2212 1781 deinem
2224 1753 2332 1785 heiligen
2345 1755 2440 1785 Berge.
2455 1755 2499 1786 Pſ.
2510 1763 2552 1785 43,
2568 1761 2592 1785 3.

1922 1782 1960 1812 Er
1971 1783 2040 1813 leitet
2052 1783 2091 1810 die
2103 1782 2217 1812 Elenden
2229 1783 2305 1816 recht,
2318 1785 2370 1812 und
2383 1785 2463 1817 lehret
2477 1787 2515 1813 die
2527 1784 2640 1814 Elenden
2652 1784 2733 1819 ſeinen
2741 1785 2818 1820 Weg.

1956 1821 1998 1851 Pſ.
2013 1827 2055 1851 25,
2070 1826 2096 1850 9.

1923 1846 1987 1875 Leite
2001 1846 2062 1878 mich
2074 1847 2101 1875 in
2118 1840 2194 1881 deiner
2217 1840 2344 1885 Wahrheit,
2356 1848 2407 1875 und
2421 1847 2488 1881 lehre
2500 1848 2570 1882 mich.
2581 1846 2621 1883 Pſ.
2632 1854 2707 1881 25,5.

1920 1883 1971 1914 Du
1986 1882 2030 1914 biſt
2048 1883 2116 1912 mein
2127 1885 2190 1913 Fels
2203 1884 2256 1914 und
2271 1883 2352 1913 meine
2367 1884 2461 1917 Burg;
2484 1886 2537 1913 und
2548 1892 2592 1914 um
2603 1886 2689 1915 deines
2699 1885 2822 1918 Namens

1953 1916 2039 1945 willen
2049 1911 2145 1950 wolteſt
2157 1918 2192 1946 du
2204 1917 2269 1950 mich
2276 1918 2351 1946 leiten
2366 1918 2419 1946 und
2427 1916 2524 1949 fuͤhren.
2532 1917 2574 1952 Pſ.
2584 1924 2659 1950 31,
2633 1920 2660 1954 4.

1922 1944 1974 1980 Jch
1992 1948 2043 1977 will
2060 1947 2115 1980 dich
2133 1946 2365 1980 unterweiſen⸗⸗;
2381 1949 2417 1979 ich
2436 1949 2487 1978 will
2499 1949 2552 1987 dich
2569 1949 2616 1978 mit
2627 1950 2735 1980 meinem
2746 1949 2820 1985 Auge

1955 1986 2042 2016 leiten
2040 1987 2122 2015 (mein
2132 1986 2213 2019 Auge,
2227 1988 2388 2019 Vorſehung,
2400 1988 2438 2019 ſey
2450 1988 2511 2017 uͤber
2525 1991 2588 2019 dir)
2600 1989 2643 2021 Pſ.
2656 1995 2696 2021 32,
2712 1995 2737 2017 8.

1921 2015 1971 2046 Du
1983 2013 2060 2049 leiteſt
2073 2015 2136 2048 mich
2147 2015 2210 2047 nach
2224 2015 2320 2045 deinem
2329 2016 2401 2049 Rath
2415 2016 2467 2046 und
2478 2017 2578 2051 nimmſt
2591 2018 2654 2051 mich
2663 2017 2756 2051 endlich
2770 2018 2819 2050 mit

1954 2054 2037 2083 Ehren
2050 2061 2091 2082 an.
2103 2054 2148 2085 Pſ.
2159 2060 2208 2084 73,
2221 2060 2262 2085 24.

1920 2083 1975 2115 Die
1986 2083 2101 2115 Blinden
2113 2083 2165 2113 will
2177 2085 2214 2117 ich
2226 2083 2272 2113 auf
2282 2085 2337 2113 dem
2344 2084 2425 2118 Wege
2438 2085 2496 2119 (der
2504 2086 2605 2116 Gebote
2607 2081 2718 2126 Chriſti)
2728 2086 2816 2121 leiten,

1954 2122 2002 2148 den
2018 2120 2049 2150 ſie
2064 2121 2131 2149 nicht
2144 2121 2235 2152 wiſſen.
2245 2122 2301 2151 Eſa.
2313 2129 2361 2151 42,
2374 2123 2414 2148 16.

1917 2149 1970 2183 Jch
1985 2149 2029 2178 bin
2043 2149 2085 2178 der
2097 2149 2188 2184 HErr,
2206 2151 2264 2180 dein
2286 2146 2357 2183 GOtt,
2377 2152 2413 2184 der
2438 2150 2492 2185 dich
2503 2150 2591 2184 lehret,
2604 2152 2661 2180 was
2672 2150 2770 2190 nuͤtzlich
2781 2153 2820 2186 iſt,

1952 2189 2005 2217 und
2017 2188 2086 2218 leitet
2100 2189 2153 2222 dich
2166 2188 2211 2222 auf
2223 2189 2277 2218 dem
2291 2189 2380 2223 Wege,
2391 2189 2437 2219 den
2447 2190 2481 2219 du
2489 2189 2569 2224 geheſt
2580 2189 2676 2223 (gehen
2679 2184 2754 2224 ſolſt)
2766 2185 2818 2224 Eſa.

1953 2227 1995 2251 48,
2012 2230 2051 2251 17.

1921 2247 1975 2281 Jhr
1986 2249 2121 2279 Erbarmer
2133 2249 2196 2278 wird
2209 2248 2241 2281 ſie
2249 2248 2346 2283 fuͤhren,
2357 2250 2409 2278 und
2419 2250 2482 2279 wird
2495 2249 2526 2283 ſie
2533 2256 2565 2279 an
2573 2250 2614 2280 die
2621 2250 2815 2286 Waſſerqvellen

1953 2288 2014 2316 (des
2029 2287 2178 2318 Evangelii)
2189 2288 2272 2316 leiten.
2285 2288 2341 2319 Eſa.
2354 2294 2402 2319 49,
2419 2294 2458 2314 10.

1919 2314 1965 2345 Da
1983 2316 2020 2346 ich
2033 2314 2086 2346 ihre
2106 2315 2186 2348 Wege
2200 2313 2306 2347 anſahe,
2325 2314 2408 2345 leitete
2425 2315 2463 2350 ich
2482 2314 2515 2349 ſie
2534 2316 2599 2349 (mit
2615 2316 2672 2346 dem
2682 2316 2749 2353 Licht
2767 2318 2815 2349 des

1952 2353 2068 2385 Heiligen
2083 2354 2198 2383 Geiſtes)
2211 2356 2266 2386 Eſa.
2282 2362 2323 2384 57,
2336 2359 2376 2383 18.

1917 2383 2029 2417 Solches
2042 2384 2144 2417 macheſt
2156 2384 2190 2412 du
2204 2385 2242 2414 dir
2254 2385 2330 2418 ſelbſt,
2343 2385 2390 2417 daß
2402 2386 2435 2414 du
2445 2386 2491 2415 den
2508 2386 2610 2416 HErrn,
2625 2387 2713 2415 deinen
2726 2387 2814 2420 GOtt,

1950 2416 2082 2453 verlaͤſſeſt,
2099 2419 2124 2452 ſo
2147 2419 2184 2451 oft
2202 2424 2228 2449 er
2241 2419 2294 2453 dich
2314 2419 2360 2449 den
2378 2420 2475 2453 rechten
2495 2413 2562 2455 Weg
2579 2419 2655 2450 leiten
2675 2419 2735 2450 will.
2754 2422 2813 2455 Jer.

1951 2466 1976 2485 2,
1992 2465 2031 2485 17.

1918 2480 1972 2512 Sie
1985 2482 2083 2510 werden
2093 2481 2208 2510 weinend
2220 2482 2342 2514 kommen,
2361 2484 2413 2511 und
2423 2483 2522 2516 betend,
2537 2483 2561 2514 ſo
2579 2483 2630 2512 will
2644 2483 2680 2517 ich
2695 2483 2725 2517 ſie
2735 2484 2812 2514 leiten

1950 2523 2042 2552 (unter
2058 2519 2217 2552 demuͤthigen
2230 2520 2316 2551 Gebet
2328 2522 2379 2548 will
2393 2523 2430 2551 ich
2442 2523 2473 2552 ſie
2481 2523 2571 2551 wieder
2584 2523 2666 2552 hieher
2680 2522 2814 2556 bringen:)

1949 2555 1988 2586 ich
1998 2555 2054 2582 will
2066 2555 2097 2585 ſie
2108 2555 2184 2583 leiten
2217 2550 2246 2584 an
2249 2556 2298 2583 den
2314 2555 2505 2583 Waſſerbaͤchen
2527 2555 2677 2586 (goͤttlichen
2695 2558 2813 2591 Troſtes)

1952 2586 1998 2619 auf
2011 2588 2150 2619 ſchlechtem
2164 2588 2252 2619 Wege,
2265 2588 2312 2619 daß
2327 2588 2356 2618 ſie
2366 2590 2411 2618 ſich
2423 2590 2490 2617 nicht
2501 2585 2592 2620 ſtoſſen.
2598 2589 2656 2621 Jer.
2669 2596 2709 2620 31,
2720 2596 2746 2621 9.

1917 2616 1968 2650 Jch
1983 2618 2059 2650 nahm
2075 2617 2195 2650 Ephraim
2205 2618 2249 2650 bey
2258 2618 2346 2652 ſeinem
2358 2619 2420 2648 Arm
2427 2618 2479 2650 und
2485 2619 2568 2649 leitete
2578 2619 2622 2652 ihn
2631 2619 2692 2652 (wie
2706 2625 2765 2649 man
2775 2620 2814 2650 die

1951 2656 2048 2687 Kinder
2062 2654 2180 2690 gaͤnglet)
2190 2655 2248 2690 Hoſ.
2261 2664 2301 2687 11,
2311 2663 2334 2686 3.

1952 2691 1981 2724 §.
2009 2696 2035 2722 5.
2057 2688 2225 2728 Beſonders
2269 2689 2302 2729 (1)
2324 2697 2389 2721 von
2409 2689 2541 2730 Chriſto.
2582 2691 2650 2725 Wie
2675 2683 2721 2724 ein
2741 2692 2814 2732 Hirt

1884 2737 1957 2776 ſeine
1980 2736 2112 2777 Schaafe
2133 2736 2190 2774 auf
2202 2742 2271 2778 gute
2288 2740 2389 2772 Weide
2411 2738 2525 2777 fuͤhret,
2548 2738 2578 2775 ſo
2593 2741 2749 2780 verpfleget
2764 2743 2812 2773 der

1883 2777 2017 2818 Erzhirte
2042 2779 2098 2815 die,
2124 2779 2153 2817 ſo
2175 2778 2227 2816 ſich
2251 2779 2355 2812 wollen
2372 2780 2482 2813 weiden
2501 2782 2560 2812 und
2582 2778 2688 2818 fuͤhren
2714 2781 2813 2819 laſſen,

1883 2820 1940 2853 mit
1967 2820 2060 2854 Wort
2082 2825 2142 2853 und
2165 2820 2256 2859 Geiſt,
2280 2824 2338 2858 daß
2364 2821 2399 2860 ſie
2422 2822 2482 2859 hier
2512 2823 2572 2853 und
2593 2824 2660 2854 dort
2683 2823 2809 2862 reichlich

1882 2858 2007 2897 gelabet,
2021 2858 2171 2897 geſpeiſet,
2185 2857 2343 2898 getraͤnket,
2360 2859 2522 2898 erleuchtet,
2542 2858 2677 2900 getroͤſtet
2689 2863 2748 2894 und
2765 2869 2814 2900 ge⸗

1883 2899 1984 2937 ſtaͤrket
2009 2903 2134 2932 werden.
2173 2904 2234 2938 (2)
2258 2904 2343 2933 Vom
2364 2901 2499 2939 Heiligen
2521 2903 2628 2940 Geiſt:
2661 2906 2710 2937 der
2731 2904 2812 2941 Geiſt

1883 2942 2008 2976 GOttes
2031 2942 2182 2979 erleuchtet
2199 2941 2276 2979 nicht
2296 2950 2353 2974 nur
2372 2945 2424 2975 den
2441 2942 2605 2980 Verſtand,
2621 2943 2683 2981 daß
2694 2942 2751 2975 wir
2761 2951 2810 2983 zur

1882 2982 2021 3021 richtigen
2038 2982 2219 3015 Erkenntnis
2235 2986 2295 3015 und
2312 2982 2528 3022 Beurtheilung
2552 2985 2601 3015 der
2621 2992 2671 3022 zur
2690 2983 2810 3023 Seelig⸗

1878 3020 1933 3057 keit
1949 3020 2090 3061 noͤthigen
2101 3020 2207 3061 Lehren
2218 3021 2380 3063 gelangen,
2399 3023 2521 3063 ſondern
2537 3022 2627 3059 lenket
2641 3027 2701 3060 und
2720 3032 2808 3063 regie⸗

2756 3077 2804 3101 ret
