1497 2097
876 300 911 327 81

276 389 402 427 „Was?
422 404 465 411 —
492 388 550 426 Jch
572 387 645 425 ſollte
666 385 693 421 ſo
714 385 817 423 gottlos
838 384 912 423 ſeyn,

188 451 244 481 und
263 451 313 480 das
329 448 437 487 Kloſter
453 446 659 480 abbrennen?“

272 508 376 546 „Aber
401 510 470 540 mir
500 508 581 546 willſt
603 511 638 539 du
661 509 711 538 das
734 506 796 543 doch
820 511 912 542 zumu⸗

187 575 276 616 then?
294 590 337 601 —
348 569 390 618 Du
427 572 535 613 meinſt,
557 573 599 604 bei
614 571 670 604 mir
684 570 765 608 gieng
781 572 833 600 das
848 570 913 607 noch

187 644 286 675 drein?
306 658 349 664 —
377 641 458 675 Nein
481 637 610 677 Freund!
632 638 689 671 Ein
711 637 818 677 Kloſter
844 635 913 675 habe

182 705 225 744 ich
240 705 304 740 noch
321 704 393 740 nicht
407 700 589 740 abgebrennt,
612 701 667 730 und
690 708 738 730 um
764 697 913 730 deinetwil⸗

187 771 231 801 len
247 769 319 806 ſoll's
335 768 401 804 auch
417 766 490 803 nicht
509 774 571 803 zum
595 765 739 802 erſtenmal
761 761 914 801 geſchehen.

171 832 263 866 Was
258 827 292 874 du
330 831 402 869 nicht
417 829 486 868 thun
503 828 607 867 magſt,
630 827 687 860 will
710 827 747 864 ich
764 828 829 856 eben
847 826 912 864 auch

186 896 259 935 nicht
281 894 364 935 thun.
404 894 467 927 Und
489 901 570 926 wenn
594 894 659 932 ich's
683 891 761 933 thaͤt,
813 897 831 914 —
858 898 912 922 wo⸗

186 964 285 1004 fuͤr?“

270 1025 363 1065 „Fuͤr
379 1034 458 1056 1000
475 1023 569 1059 Stuͤck
590 1022 766 1057 Dukaten.“

273 1068 406 1117 „Dafuͤr
423 1079 498 1110 baut
516 1083 584 1107 man
607 1078 667 1105 kein
696 1083 782 1105 neues
804 1079 913 1112 Kloſter

188 1152 253 1190 auf,
275 1155 331 1184 und
347 1151 436 1183 meine
452 1148 548 1191 Muͤhe
563 1146 657 1181 wuͤrde
673 1147 727 1179 mir
742 1146 830 1179 damit
846 1146 912 1184 auch

187 1218 261 1257 nicht
276 1216 416 1257 bezahlt.“

273 1280 394 1321 „Mehr
414 1280 484 1321 habe
505 1280 543 1315 ich
566 1280 637 1317 nicht
659 1276 739 1316 dafuͤr
760 1282 791 1314 zu
815 1274 911 1313 geben.

187 1341 245 1381 Jch
268 1340 314 1374 bin
338 1345 391 1372 aus
414 1340 521 1372 meines
536 1338 641 1371 Vaters
656 1336 740 1376 Haus
763 1335 911 1374 entflohen.

185 1404 374 1445 Zweitauſend
392 1403 525 1437 Dukaten
548 1403 603 1442 ſind
627 1401 701 1433 mein
723 1405 823 1440 ganzes
841 1399 911 1432 Ver⸗

189 1453 298 1501 moͤgen.
342 1461 401 1493 Die
416 1463 516 1500 Haͤlfte
538 1467 627 1490 davon
649 1465 712 1495 gebe
728 1464 765 1494 ich
788 1464 846 1492 dir,
869 1464 910 1487 die

188 1535 288 1576 Haͤlfte
305 1534 416 1574 brauche
439 1533 477 1571 ich
498 1541 532 1571 zu
554 1533 658 1565 meiner
673 1528 784 1569 Flucht,
806 1537 839 1567 zu
862 1537 910 1560 un⸗

189 1602 257 1639 ſerm
274 1598 456 1642 Unterhalt.“

657 1662 688 1702 F
