1467 2130
976 300 1022 332 61

210 387 326 429 ſeinem
353 387 458 439 hohen
486 386 578 428 Alter
606 386 731 435 laͤchelte
761 387 812 428 die
835 383 1024 431 Zufrieden⸗

211 432 300 483 heit,
314 434 361 474 die
373 437 506 480 Tochter
522 435 608 473 eines
631 423 861 486 tugendhaften
882 433 1027 475 Lebens,

212 491 277 526 und
297 489 345 531 die
359 489 534 536 Heiterkeit
550 491 604 527 der
627 488 749 536 Seele,
772 487 819 525 die
834 488 954 536 Frucht
971 489 1025 526 der

213 537 401 590 Weisheit,
422 542 484 576 aus
510 538 610 583 ſeinen
629 536 758 578 Blicken
776 538 907 585 hervor.
948 537 1027 576 Das

212 590 381 632 Andenken
398 601 439 631 an
453 592 512 629 das
527 589 640 635 Gute,
662 587 790 636 welches
807 599 837 627 er
858 588 890 627 in
904 581 1028 633 ſeinem

212 642 409 684 Vaterlande
440 641 576 689 geſtiftet
609 643 692 690 hat,
714 640 927 680 verwandelte
957 641 1028 688 ihm

210 699 268 736 den
282 698 414 740 Winter
427 697 526 743 ſeines
543 691 662 737 Lebens
678 696 711 736 in
732 694 819 735 einen
840 691 1029 744 Fruͤhling,

208 751 276 786 und
296 748 376 794 ſeine
396 749 484 794 Tage
504 748 613 796 floſſen
633 747 731 786 neben
751 749 810 786 den
839 747 950 792 Tagen
971 747 1029 784 des

198 785 354 837 Prinzen
376 793 517 838 ſanft
479 791 519 842 in
539 793 587 831 die
607 791 765 838 Ewigkeit
785 793 933 838 hinuͤber.

314 848 430 884 Lernet
461 847 525 885 edle
549 845 734 892 Juͤnglinge
758 850 821 883 aus
844 845 941 887 dieſer
962 845 1031 884 Ge⸗

212 890 333 938 ſchichte
358 890 407 928 die
440 890 538 937 große
571 886 771 937 Wahrheit,
799 890 860 934 daß
893 892 1030 934 Tugend

210 947 279 982 und
299 944 454 990 Religion
474 944 523 983 die
549 943 648 991 beſten
672 943 793 986 Mittel
822 942 923 990 ſind,
955 951 1030 980 eure

211 993 387 1043 Wohlfart
405 1004 442 1039 zu
459 992 650 1039 befoͤrdern,
679 992 754 1040 auch
775 991 821 1030 die
842 994 952 1037 Gunſt
974 994 1028 1032 der

212 1043 350 1092 Großen
371 1053 407 1088 zu
426 1041 606 1089 erwerben,
627 1043 691 1080 und
705 1044 779 1089 auch
795 1043 827 1080 in
849 1045 919 1082 dem
942 1045 1028 1082 Sol⸗

210 1093 395 1141 datenſtand
423 1104 496 1134 euer
526 1093 627 1135 Gluͤck
671 1102 713 1147 zu
723 1096 861 1136 machen.
916 1096 1030 1131 Lernet

211 1152 388 1200 vornehme
409 1149 515 1191 Vaͤter
537 1154 599 1188 aus
619 1152 687 1188 dem
708 1149 867 1196 Beiſpiele
884 1153 938 1187 des
955 1151 1029 1189 Va⸗

210 1205 280 1240 ters
304 1205 360 1242 des
382 1205 509 1247 Muley
531 1201 581 1240 die
603 1196 747 1248 wichtige
779 1199 902 1244 Pflicht
933 1209 1030 1237 euren

212 1250 381 1300 Soͤhnen,
413 1252 465 1297 ehe
482 1250 534 1300 ihr
563 1249 604 1295 ſie
630 1250 664 1287 in
686 1253 744 1288 den
775 1249 1030 1292 Soldatenſtand

212 1309 313 1340 treten
331 1304 445 1347 laſſet,
468 1302 534 1340 eine
557 1310 630 1349 gute
645 1300 826 1349 Erziehung
849 1310 886 1343 zu
909 1298 1032 1346 geben,

212 1351 270 1396 fuͤr
292 1349 340 1389 die
367 1349 516 1395 Bildung
531 1346 620 1397 ihres
640 1349 838 1393 Verſtandes
854 1349 917 1384 und
941 1349 1030 1396 ihres

212 1402 356 1447 Herzens
375 1410 412 1446 zu
432 1400 557 1446 ſorgen.
609 1400 674 1440 Ein
676 1392 883 1452 geſchickter,
905 1402 1031 1451 tugend⸗

215 1453 325 1500 hafter
345 1454 410 1490 und
435 1446 683 1504 wohlerzogener
710 1448 871 1503 Juͤngling
893 1451 974 1488 wird
994 1452 1032 1490 in

216 1504 318 1549 jedem
342 1507 483 1547 Stande
499 1493 614 1553 beſſer,
633 1503 695 1544 als
732 1494 790 1542 ein
813 1500 1030 1547 ungebildeter

216 1550 537 1597 fortkommen.

320 1604 465 1649 Lernet,
480 1602 533 1652 ihr
562 1602 677 1653 Lehrer
703 1606 756 1642 der
777 1602 934 1649 Jugend!
964 1595 1030 1643 von

204 1633 326 1689 einem
337 1648 500 1693 wuͤrdigen
514 1649 615 1699 Zarin
638 1648 687 1689 die
699 1654 899 1697 vortrefliche
914 1654 1030 1709 Kunſt,

214 1699 267 1739 bei
287 1704 356 1743 dem
377 1700 571 1749 Unterrichte
596 1700 658 1738 und
682 1699 731 1739 bei
763 1703 814 1740 der
843 1705 1027 1753 Erziehung

898 1782 974 1814 jun⸗
