1530 2247
212 376 358 416 Anhaͤnger
382 379 438 408 und
468 376 614 408 Bekenner
639 375 743 409 finden,
777 378 859 405 wenn
881 379 946 405 man
973 373 1011 407 ſie

212 428 290 464 ſehen
310 428 419 459 koͤnnte,
448 429 530 455 wenn
552 426 586 458 ſie
604 424 651 459 ſich
670 426 720 454 den
745 421 892 457 Menſchen
916 429 946 451 in
969 420 1010 456 ih⸗

214 487 258 509 rer
279 479 420 511 reizenden
438 475 545 512 Geſtalt
565 475 703 510 darſtellen
720 475 823 505 wollte.
867 473 939 503 Aber
955 471 1014 502 wie

211 533 285 561 kann
309 529 368 559 dies
395 526 544 565 geſchehen,
579 526 631 557 wie
656 528 727 556 kann
746 526 781 559 ſie
804 524 917 560 ſichtbar
943 528 1038 555 wer⸗

213 585 277 605 den,
295 582 339 599 als
358 579 388 599 in
403 577 602 604 tugendhaften
623 574 678 596 und
696 571 908 597 vollkommenen
928 569 1012 595 Men⸗

179 630 311 674 ſchen?
347 636 405 667 Die
425 632 613 669 Wirklichkeit
630 633 727 667 ſolcher
747 631 893 666 Menſchen
913 629 1013 663 beſiegt

214 690 267 716 den
289 682 463 717 Unglauben,
501 682 557 711 und
584 682 720 711 benimmt
752 681 811 711 dem
842 677 1015 713 Schwachen

214 740 267 767 alle
292 735 410 770 Zweifel
440 732 506 765 uͤber
536 733 581 764 die
605 729 786 768 Moͤglichkeit
818 732 864 762 der
888 725 1016 764 Ausfuͤh⸗

214 795 299 822 rung.
343 789 413 820 Nun
434 787 500 822 ſieht
524 788 580 817 und
604 782 680 822 fuͤhlt
704 791 749 815 ein
767 783 851 819 jeder,
881 786 940 814 was
960 782 1014 813 alle

214 843 315 873 Worte
339 840 397 876 ſehr
420 838 640 870 unvollkommen
664 832 855 874 ausdruͤcken;
881 842 909 865 er
934 832 1016 869 ſieht,

215 897 276 925 was
303 900 338 924 er
364 892 439 926 ſelbſt
469 891 588 926 werden,
630 887 753 924 wornach
789 895 817 920 er
844 887 894 923 ſich
918 887 1015 918 bilden

215 946 274 979 ſoll,
302 943 356 972 wie
382 941 515 975 ſchoͤn
488 943 524 983 es
539 938 586 974 iſt,
613 936 639 973 ſo
660 944 693 973 zu
715 936 850 972 ſeyn.—
885 936 933 977 So
956 933 1015 967 viel

216 1002 326 1024 vermag
342 995 393 1020 das
413 989 563 1025 Beyſpiel.

287 1107 359 1136 Aber
380 1100 453 1137 nicht
470 1107 568 1137 genug,
588 1101 638 1135 daß
656 1100 741 1135 dieſes
759 1098 894 1136 Jntereße
910 1098 936 1133 ſo
955 1100 1015 1128 ent⸗

217 1158 296 1187 fernt
322 1154 364 1184 iſt,
390 1154 420 1180 es
443 1150 514 1181 wird
539 1147 603 1182 noch
628 1146 743 1183 ſeltener
766 1146 854 1184 jedem
875 1146 927 1179 auf
944 1144 1020 1180 ſeine

220 1208 275 1236 Art
299 1202 459 1237 dargeſtellt,
493 1199 656 1235 entwickelt,
695 1201 750 1230 und
778 1195 945 1233 anſchaulich
973 1202 1018 1231 ge⸗

220 1258 319 1290 macht.
358 1257 427 1285 Den
445 1253 554 1289 meiſten
572 1250 718 1287 Menſchen
740 1250 859 1287 gebricht
875 1254 905 1280 es
919 1255 955 1279 an
970 1249 1019 1280 der

221 1310 354 1342 noͤthigen
375 1305 499 1339 Geduld,
531 1303 579 1338 ſich
607 1301 686 1337 durch
710 1301 858 1338 Folianten
884 1298 1021 1336 hindurch

221 1370 254 1393 zu
272 1362 407 1392 arbeiten,
435 1357 515 1391 durch
542 1357 602 1385 eine
626 1352 857 1391 unverſtuͤndliche
874 1351 1022 1386 Termino⸗

220 1414 305 1444 logie,
338 1413 400 1438 eine
431 1407 596 1444 barbariſche
628 1404 794 1441 Schreibart
825 1406 883 1436 und
914 1401 1024 1438 Schul⸗

221 1463 328 1499 ſprache
342 1471 382 1496 zu
407 1462 544 1493 erlernen,
580 1462 639 1490 was
667 1465 732 1489 man
757 1457 835 1493 beßer
858 1456 1021 1492 empfindet,

221 1519 267 1552 was
293 1515 367 1551 ſich
380 1515 411 1540 in
427 1513 558 1543 wenigen
585 1509 694 1545 Zeilen,
721 1511 773 1537 aus
797 1507 859 1537 dem
874 1501 1023 1541 gehoͤrigen

223 1564 460 1598 Geſichtspunkte,
478 1562 525 1590 in
535 1557 747 1596 gewoͤhnlichen,
774 1556 862 1594 jedem
885 1555 1021 1593 verſtaͤnd⸗

224 1618 313 1653 lichen
334 1612 507 1649 Ausdruͤken,
534 1613 564 1654 in
581 1612 658 1654 einer
673 1609 826 1648 bluͤhenden
842 1610 1022 1647 Schreibart,

222 1668 299 1697 nicht
315 1672 367 1692 aus
391 1669 451 1692 dem
471 1662 571 1701 Kopfe,
588 1665 642 1700 aus
666 1656 882 1694 willkuͤhrlichen
906 1655 1022 1690 Begrif⸗

225 1722 285 1754 fen,
310 1716 506 1752 Vorderſaͤzen,
523 1717 585 1747 und
597 1713 804 1750 zweifelhaften
819 1711 1023 1749 Authoritaͤten

225 1776 284 1805 und
303 1773 428 1805 Stellen,
454 1769 570 1804 ſondern
593 1772 645 1800 aus
672 1767 732 1799 dem
756 1765 876 1804 Herzen,
898 1770 950 1797 aus
974 1766 1024 1797 der
