<?xml version="1.0" encoding="utf-8"?>
<PcGts xmlns="http://schema.primaresearch.org/PAGE/gts/pagecontent/2019-07-15" xmlns:xsi="http://www.w3.org/2001/XMLSchema-instance" pcGtsId="PAGE_01" xsi:schemaLocation="http://schema.primaresearch.org/PAGE/gts/pagecontent/2019-07-15 http://schema.primaresearch.org/PAGE/gts/pagecontent/2019-07-15/pagecontent.xsd">
  <Metadata>
    <Creator>OCR-D DFG Phase III</Creator>
    <Created>2024-01-19T13:09:23Z</Created>
    <LastChange>2024-01-19T13:09:23Z</LastChange>
    <Comments>ODEM: OCR-D extension for mass digitization (2021-2024)</Comments>
  </Metadata>
  <Page imageFilename="https://opendata.uni-halle.de/retrieve/230538a5-5d05-4d55-b2a9-96bbea1308eb/00000879.jpg" imageWidth="1897" imageHeight="2682" type="content" primaryLanguage="German">
    <Border>
      <Coords points="110,173 113,2537 1495,2522 1492,154"/>
    </Border>
    <ReadingOrder>
      <OrderedGroup id="ro_1678105861683" caption="Regions reading order">
        <RegionRefIndexed index="2" regionRef="TextRegion_1676276539174_1369"/>
        <RegionRefIndexed index="3" regionRef="TextRegion_1676276539174_1368"/>
      </OrderedGroup>
    </ReadingOrder>
    <TextRegion orientation="1.1364944" readingDirection="left-to-right" id="TextRegion_1676276539174_1369" custom="readingOrder {index:2;}">
      <Coords points="238,414 1281,414 1281,1155 238,1155"/>
      <TextLine id="region0001_line0001" custom="readingOrder {index:0;}">
        <Coords points="264,419 239,421 239,478 313,476 318,484 337,480 344,474 377,475 383,482 393,482 399,476 402,480 407,480 420,475 455,473 572,472 579,477 588,477 594,472 687,470 749,471 755,477 763,477 770,471 776,477 785,477 791,471 836,468 923,469 1037,465 1047,476 1060,475 1065,466 1092,465 1098,474 1112,474 1124,464 1281,459 1280,423 1239,420 1103,422 1097,415 1082,414 933,414 921,414 909,421 882,418 870,422 861,415 851,416 845,425 801,424 792,416 779,417 767,426 744,426 727,423 718,415 701,415 691,415 677,422 654,427 593,428 591,420 587,417 576,417 561,428 539,428 525,427 521,414 504,415 502,422 497,422 490,428 443,430 436,429 429,420 399,419 371,421 360,431 351,431 331,421"/>
        <Baseline points="239,467 1280,450"/>
        <Word id="region0001_line0001_word0000" custom="readingOrder {index:0;}">
          <Coords points="243,431 243,477 313,476 315,479 337,479 344,474 353,474 353,431 351,431 347,429"/>
          <TextEquiv conf="0.92190987">
            <Unicode>Muͤhe</Unicode>
          </TextEquiv>
        </Word>
        <Word id="region0001_line0001_word0001" custom="readingOrder {index:1;}">
          <Coords points="369,428 417,427 418,473 370,474"/>
          <TextEquiv conf="0.9282802">
            <Unicode>iſt,</Unicode>
          </TextEquiv>
        </Word>
        <Word id="region0001_line0001_word0002" custom="readingOrder {index:2;}">
          <Coords points="503,419 502,422 497,422 490,428 448,430 449,470 592,467 591,420 591,420 587,417 576,417 561,428 539,428 525,427 522,418"/>
          <TextEquiv conf="0.9259997">
            <Unicode>wodurch</Unicode>
          </TextEquiv>
        </Word>
        <Word id="region0001_line0001_word0003" custom="readingOrder {index:3;}">
          <Coords points="605,434 637,433 637,460 605,461"/>
          <TextEquiv conf="0.9296181">
            <Unicode>er</Unicode>
          </TextEquiv>
        </Word>
        <Word id="region0001_line0001_word0004" custom="readingOrder {index:4;}">
          <Coords points="678,421 677,422 654,427 650,427 651,468 801,465 800,423 795,419 775,419 767,426 744,426 727,423 724,420"/>
          <TextEquiv conf="0.44408706">
            <Unicode>erkaͤmpſt</Unicode>
          </TextEquiv>
        </Word>
        <Word id="region0001_line0001_word0005" custom="readingOrder {index:5;}">
          <Coords points="848,419 845,425 821,424 821,457 911,456 911,419 909,421 892,419 877,419 870,422 866,419"/>
          <TextEquiv conf="0.9298984">
            <Unicode>wird.</Unicode>
          </TextEquiv>
        </Word>
        <Word id="region0001_line0001_word0006" custom="readingOrder {index:6;}">
          <Coords points="969,417 970,464 1153,461 1152,421 1103,422 1097,415 1087,414"/>
          <TextEquiv>
            <Unicode>Nothluͤgen</Unicode>
          </TextEquiv>
        </Word>
        <Word id="region0001_line0001_word0007" custom="readingOrder {index:7;}">
          <Coords points="1170,423 1244,421 1244,447 1170,449"/>
          <TextEquiv>
            <Unicode>wer⸗</Unicode>
          </TextEquiv>
        </Word>
        <TextEquiv>
          <Unicode>Muͤhe iſt, wodurch er erkaͤmpſt wird. Nothluͤgen wer⸗</Unicode>
        </TextEquiv>
      </TextLine>
      <TextLine id="region0001_line0002" custom="readingOrder {index:1;}">
        <Coords points="431,476 423,482 419,478 403,481 393,488 371,488 365,478 353,480 347,485 340,479 320,485 317,489 263,489 256,482 246,482 239,486 239,532 317,533 324,540 333,540 339,534 346,534 352,542 370,540 374,533 399,533 406,543 417,542 424,539 428,532 439,531 462,531 466,539 476,539 491,522 498,526 495,541 507,540 517,531 606,529 648,531 660,535 696,531 705,532 714,538 726,537 736,531 772,526 1179,520 1221,523 1235,527 1241,523 1280,522 1281,516 1280,476 1241,475 1232,465 1224,465 1212,474 1206,468 1197,468 1186,469 1169,477 1164,470 1153,469 1144,479 1095,480 1082,469 1072,470 1064,480 983,470 915,472 895,477 860,474 854,479 839,480 825,480 820,475 809,476 800,481 739,484 717,484 713,477 697,473 657,472 628,473 622,477 620,484 591,485 585,479 577,479 568,485 542,487 537,479 525,478 517,488 494,489 492,483 484,478 474,478 462,489 450,489 445,477"/>
        <Baseline points="239,522 1281,511"/>
        <Word id="region0001_line0002_word0000" custom="readingOrder {index:0;}">
          <Coords points="244,492 304,491 305,526 245,527"/>
          <TextEquiv conf="0.9307703">
            <Unicode>den</Unicode>
          </TextEquiv>
        </Word>
        <Word id="region0001_line0002_word0001" custom="readingOrder {index:1;}">
          <Coords points="323,488 324,535 338,535 339,534 346,534 346,535 373,534 374,533 388,533 387,488 371,488 371,487"/>
          <TextEquiv conf="0.9316622">
            <Unicode>ſehr</Unicode>
          </TextEquiv>
        </Word>
        <Word id="region0001_line0002_word0002" custom="readingOrder {index:2;}">
          <Coords points="402,486 403,535 426,534 428,532 439,531 462,531 463,533 480,533 491,522 498,526 496,533 511,533 510,488 494,489 492,484 466,484 462,489 450,489 448,485"/>
          <TextEquiv conf="0.92598325">
            <Unicode>haͤufig</Unicode>
          </TextEquiv>
        </Word>
        <Word id="region0001_line0002_word0003" custom="readingOrder {index:3;}">
          <Coords points="524,486 525,522 558,522 557,486 555,486 542,487 541,486"/>
          <TextEquiv conf="0.9274052">
            <Unicode>in</Unicode>
          </TextEquiv>
        </Word>
        <Word id="region0001_line0002_word0004" custom="readingOrder {index:4;}">
          <Coords points="576,487 628,486 629,520 577,521"/>
          <TextEquiv conf="0.92815745">
            <Unicode>der</Unicode>
          </TextEquiv>
        </Word>
        <Word id="region0001_line0002_word0005" custom="readingOrder {index:5;}">
          <Coords points="650,480 651,529 748,527 747,483 739,484 717,484 713,478"/>
          <TextEquiv conf="0.9295003">
            <Unicode>Folge</Unicode>
          </TextEquiv>
        </Word>
        <Word id="region0001_line0002_word0006" custom="readingOrder {index:6;}">
          <Coords points="760,483 896,480 897,515 761,518"/>
          <TextEquiv conf="0.92484754">
            <Unicode>entdeckt.</Unicode>
          </TextEquiv>
        </Word>
        <Word id="region0001_line0002_word0007" custom="readingOrder {index:7;}">
          <Coords points="955,478 1026,476 1027,513 956,515"/>
          <TextEquiv conf="0.932316">
            <Unicode>Und</Unicode>
          </TextEquiv>
        </Word>
        <Word id="region0001_line0002_word0008" custom="readingOrder {index:8;}">
          <Coords points="1067,475 1064,480 1043,477 1044,512 1100,511 1099,479 1095,480 1089,475"/>
          <TextEquiv conf="0.9271262">
            <Unicode>wie</Unicode>
          </TextEquiv>
        </Word>
        <Word id="region0001_line0002_word0009" custom="readingOrder {index:9;}">
          <Coords points="1150,472 1144,479 1119,479 1120,518 1241,515 1240,473 1236,470 1216,470 1212,474 1208,470 1180,471 1169,477 1165,471"/>
          <TextEquiv conf="0.92788804">
            <Unicode>mislich</Unicode>
          </TextEquiv>
        </Word>
        <TextEquiv conf="0.9285656">
          <Unicode>den ſehr haͤufig in der Folge entdeckt. Und wie mislich</Unicode>
        </TextEquiv>
      </TextLine>
      <TextLine id="region0001_line0003" custom="readingOrder {index:2;}">
        <Coords points="252,538 239,539 239,599 243,598 249,602 258,602 267,594 275,593 283,593 291,601 300,601 307,599 312,592 356,589 572,589 855,583 867,594 878,593 887,583 980,579 996,582 1075,580 1143,576 1238,577 1280,575 1281,567 1280,531 1237,531 1226,526 1214,533 1148,533 1116,537 1088,535 1084,530 1073,526 998,527 986,530 979,537 967,539 955,538 949,529 940,529 930,537 924,529 905,530 894,538 885,538 879,530 867,531 856,539 820,536 816,540 781,541 777,533 763,533 757,542 688,543 665,543 662,536 648,532 585,532 565,544 543,543 537,537 527,537 519,543 431,546 371,541 309,545 303,537 292,537 287,540"/>
        <Baseline points="239,585 331,579 1281,565"/>
        <Word id="region0001_line0003_word0000" custom="readingOrder {index:0;}">
          <Coords points="340,545 247,547 248,594 271,594 275,593 283,593 283,593 312,593 312,592 341,590"/>
          <TextEquiv conf="0.92610115">
            <Unicode>ſiehts</Unicode>
          </TextEquiv>
        </Word>
        <Word id="region0001_line0003_word0001" custom="readingOrder {index:1;}">
          <Coords points="359,548 442,546 443,580 360,582"/>
          <TextEquiv conf="0.92671317">
            <Unicode>dann</Unicode>
          </TextEquiv>
        </Word>
        <Word id="region0001_line0003_word0002" custom="readingOrder {index:2;}">
          <Coords points="456,553 512,552 513,578 457,579"/>
          <TextEquiv conf="0.9300783">
            <Unicode>um</Unicode>
          </TextEquiv>
        </Word>
        <Word id="region0001_line0003_word0003" custom="readingOrder {index:3;}">
          <Coords points="526,544 527,579 585,578 584,543 566,543 565,544 554,543"/>
          <TextEquiv conf="0.9324637">
            <Unicode>den</Unicode>
          </TextEquiv>
        </Word>
        <Word id="region0001_line0003_word0004" custom="readingOrder {index:4;}">
          <Coords points="599,539 600,578 733,575 732,542 688,543 665,543 662,537"/>
          <TextEquiv conf="0.9293154">
            <Unicode>Namen</Unicode>
          </TextEquiv>
        </Word>
        <Word id="region0001_line0003_word0005" custom="readingOrder {index:5;}">
          <Coords points="759,538 757,542 748,542 749,574 833,572 832,537 818,537 816,540 781,541 779,538"/>
          <TextEquiv conf="0.9287719">
            <Unicode>eines</Unicode>
          </TextEquiv>
        </Word>
        <Word id="region0001_line0003_word0006" custom="readingOrder {index:6;}">
          <Coords points="859,536 856,539 848,538 849,583 921,581 980,579 986,580 995,580 994,534 981,534 979,537 967,539 955,538 952,534 932,535 930,537 928,535 896,535 894,538 885,538 883,536"/>
          <TextEquiv conf="0.9057343">
            <Unicode>ehrlichen</Unicode>
          </TextEquiv>
        </Word>
        <Word id="region0001_line0003_word0007" custom="readingOrder {index:7;}">
          <Coords points="1012,534 1013,570 1159,567 1158,533 1148,533 1116,537 1088,535 1085,532"/>
          <TextEquiv conf="0.9057343">
            <Unicode>Mannes</Unicode>
          </TextEquiv>
        </Word>
        <Word id="region0001_line0003_word0008" custom="readingOrder {index:8;}">
          <Coords points="1220,529 1214,533 1178,533 1179,564 1242,563 1241,531 1237,531 1232,529"/>
          <TextEquiv conf="0.93239045">
            <Unicode>und</Unicode>
          </TextEquiv>
        </Word>
        <TextEquiv conf="0.92414474">
          <Unicode>ſiehts dann um den Namen eines ehrlichen Mannes und</Unicode>
        </TextEquiv>
      </TextLine>
      <TextLine id="region0001_line0004" custom="readingOrder {index:3;}">
        <Coords points="325,593 315,605 239,606 239,649 315,648 329,655 337,647 478,645 510,647 524,655 535,654 539,646 577,646 591,654 608,651 613,646 628,644 659,644 666,652 686,651 693,643 802,643 804,648 819,652 825,649 829,642 912,639 923,633 930,640 938,640 943,636 954,641 1055,637 1064,645 1073,644 1079,638 1280,634 1281,618 1279,597 1249,591 1186,590 1180,582 1170,583 1160,591 1152,591 1089,587 1083,584 1068,585 1064,588 1044,585 1039,588 1022,582 961,584 924,587 901,596 854,599 830,597 821,588 762,587 736,589 727,598 704,600 700,590 683,588 665,593 660,601 560,603 555,602 548,592 534,594 519,591 506,600 490,599 485,595 476,595 469,599 451,600 444,593 430,595 425,591 416,592 406,597 402,603 367,604 365,598 360,594 350,594 344,598 337,593"/>
        <Baseline points="239,639 845,632 952,623 985,629 1280,625"/>
        <Word id="region0001_line0004_word0000" custom="readingOrder {index:0;}">
          <Coords points="247,616 303,615 304,641 248,642"/>
          <TextEquiv conf="0.9200728">
            <Unicode>um</Unicode>
          </TextEquiv>
        </Word>
        <Word id="region0001_line0004_word0001" custom="readingOrder {index:1;}">
          <Coords points="321,603 322,648 336,647 337,647 398,646 398,603 367,604 366,602"/>
          <TextEquiv conf="0.9286538">
            <Unicode>ſeine</Unicode>
          </TextEquiv>
        </Word>
        <Word id="region0001_line0004_word0002" custom="readingOrder {index:2;}">
          <Coords points="412,602 465,601 466,639 413,640"/>
          <TextEquiv conf="0.92615974">
            <Unicode>bis</Unicode>
          </TextEquiv>
        </Word>
        <Word id="region0001_line0004_word0003" custom="readingOrder {index:3;}">
          <Coords points="475,600 476,645 478,645 510,647 510,647 539,647 539,646 570,646 569,603 560,603 555,602 552,598 507,599 506,600 498,600"/>
          <TextEquiv conf="0.9320749">
            <Unicode>dahin</Unicode>
          </TextEquiv>
        </Word>
        <Word id="word_1676276601005_1398" custom="readingOrder {index:4;}">
          <Coords points="585,602 660,601 663,595 702,595 704,600 727,598 731,594 740,593 740,643 693,643 692,644 659,645 659,644 628,644 618,645 586,646"/>
          <TextEquiv conf="0.9232044">
            <Unicode>genoſſene</Unicode>
          </TextEquiv>
        </Word>
        <Word id="region0001_line0004_word0005" custom="readingOrder {index:5;}">
          <Coords points="749,589 749,643 774,643 775,645 799,645 801,642 843,640 843,597 802,597 793,588"/>
          <TextEquiv conf="0.9261914">
            <Unicode>Ruhe</Unicode>
          </TextEquiv>
        </Word>
        <Word id="region0001_line0004_word0006" custom="readingOrder {index:6;}">
          <Coords points="858,633 945,631 944,595 901,596 901,596 857,599"/>
          <TextEquiv conf="0.92552704">
            <Unicode>aus?</Unicode>
          </TextEquiv>
        </Word>
        <Word id="region0001_line0004_word0007" custom="readingOrder {index:7;}">
          <Coords points="974,592 1087,590 1088,634 975,636"/>
          <TextEquiv conf="0.92172">
            <Unicode>Selbſt</Unicode>
          </TextEquiv>
        </Word>
        <Word id="region0001_line0004_word0008" custom="readingOrder {index:8;}">
          <Coords points="1104,593 1156,592 1157,628 1105,629"/>
          <TextEquiv conf="0.92904174">
            <Unicode>die</Unicode>
          </TextEquiv>
        </Word>
        <Word id="region0001_line0004_word0009" custom="readingOrder {index:9;}">
          <Coords points="1168,587 1169,626 1245,624 1244,590 1186,590 1183,586"/>
          <TextEquiv>
            <Unicode>lau⸗</Unicode>
          </TextEquiv>
        </Word>
        <TextEquiv>
          <Unicode>um ſeine bis dahin genoſſene Ruhe aus? Selbſt die lau⸗</Unicode>
        </TextEquiv>
      </TextLine>
      <TextLine id="region0001_line0005" custom="readingOrder {index:4;}">
        <Coords points="308,649 296,660 271,660 259,658 239,660 239,709 295,709 301,717 309,717 317,708 413,707 419,710 441,708 453,717 466,716 472,707 585,702 719,700 729,700 737,705 760,699 839,698 876,699 881,703 901,699 907,705 915,705 921,698 962,697 971,701 982,696 1181,692 1187,701 1198,701 1208,692 1280,690 1280,648 1174,650 1142,647 1137,642 1124,642 1116,648 1086,649 1081,645 1071,646 1056,650 1044,649 1039,642 1033,640 1013,641 1001,650 982,649 975,642 964,643 957,647 950,644 928,646 924,643 911,644 896,650 888,645 877,645 868,652 832,654 805,649 799,654 768,655 759,647 742,646 727,655 643,658 618,658 612,652 593,658 580,649 574,650 567,659 524,656 511,650 504,650 495,656 473,657 471,650 466,647 428,647 417,652 362,651 329,656 315,649"/>
        <Baseline points="239,699 1280,680"/>
        <Word id="region0001_line0005_word0000" custom="readingOrder {index:0;}">
          <Coords points="346,707 345,656 299,656 296,660 271,660 259,658 244,659 245,709"/>
          <TextEquiv conf="0.9238009">
            <Unicode>terſte</Unicode>
          </TextEquiv>
        </Word>
        <Word id="region0001_line0005_word0001" custom="readingOrder {index:1;}">
          <Coords points="361,656 362,708 413,707 417,709 438,708 441,708 441,708 472,707 472,707 537,704 536,657 524,656 516,652 500,653 495,656 473,657 472,653"/>
          <TextEquiv conf="0.92736727">
            <Unicode>Unſchuld</Unicode>
          </TextEquiv>
        </Word>
        <Word id="region0001_line0005_word0002" custom="readingOrder {index:2;}">
          <Coords points="569,655 567,659 543,657 544,693 623,691 622,658 618,658 614,654 604,654 593,658 588,654"/>
          <TextEquiv conf="0.9279606">
            <Unicode>wird</Unicode>
          </TextEquiv>
        </Word>
        <Word id="region0001_line0005_word0003" custom="readingOrder {index:3;}">
          <Coords points="634,665 689,664 689,690 634,691"/>
          <TextEquiv conf="0.93174803">
            <Unicode>am</Unicode>
          </TextEquiv>
        </Word>
        <Word id="region0001_line0005_word0004" custom="readingOrder {index:4;}">
          <Coords points="731,652 727,655 703,655 704,698 795,696 794,654 768,655 764,651"/>
          <TextEquiv conf="0.92893773">
            <Unicode>erſten</Unicode>
          </TextEquiv>
        </Word>
        <Word id="region0001_line0005_word0005" custom="readingOrder {index:5;}">
          <Coords points="805,653 806,694 896,692 895,651 869,652 868,652 832,654 824,653"/>
          <TextEquiv conf="0.9302284">
            <Unicode>durch</Unicode>
          </TextEquiv>
        </Word>
        <Word id="region0001_line0005_word0006" custom="readingOrder {index:6;}">
          <Coords points="907,650 908,694 997,692 996,650 982,649 981,648"/>
          <TextEquiv conf="0.9314665">
            <Unicode>ſolche</Unicode>
          </TextEquiv>
        </Word>
        <Word id="region0001_line0005_word0007" custom="readingOrder {index:7;}">
          <Coords points="1006,646 1006,646 1007,691 1239,686 1238,649 1174,650 1142,647 1138,643 1122,644 1116,648 1086,649 1081,645 1071,646 1056,650 1044,649 1041,645"/>
          <TextEquiv conf="0.9204467">
            <Unicode>Entdeckungen</Unicode>
          </TextEquiv>
        </Word>
        <TextEquiv conf="0.9277445">
          <Unicode>terſte Unſchuld wird am erſten durch ſolche Entdeckungen</Unicode>
        </TextEquiv>
      </TextLine>
      <TextLine id="region0001_line0006" custom="readingOrder {index:5;}">
        <Coords points="348,707 342,709 339,717 330,717 322,712 315,713 310,718 239,718 238,767 373,765 378,771 387,774 395,773 401,765 417,765 425,766 429,771 448,772 460,767 470,766 477,772 507,766 540,763 587,764 596,770 609,769 611,764 699,758 736,758 746,762 757,758 778,758 794,764 804,760 850,763 851,760 870,759 957,756 964,762 972,762 978,754 1012,754 1028,762 1036,762 1047,753 1062,752 1117,753 1134,756 1142,753 1190,749 1280,748 1280,706 1122,708 1118,705 1105,706 1098,699 1088,700 1082,709 1023,709 992,708 980,699 950,702 944,709 876,710 848,709 842,701 823,702 814,709 812,704 805,700 786,703 750,703 743,706 729,702 657,704 628,712 613,713 607,704 591,704 580,713 569,715 453,718 442,716 437,711 416,711 400,715 394,707 379,708 371,715 367,715 365,709 361,707"/>
        <Baseline points="238,757 1280,737"/>
        <Word id="region0001_line0006_word0000" custom="readingOrder {index:0;}">
          <Coords points="313,715 310,718 251,718 253,767 373,765 374,767 400,766 401,765 417,765 422,766 454,765 453,718 453,718 442,716 438,712 408,713 400,715 399,713 373,714 371,715 367,715 367,714 340,714 339,717 330,717 326,715"/>
          <TextEquiv conf="0.92733544">
            <Unicode>verdaͤchtig</Unicode>
          </TextEquiv>
        </Word>
        <Word id="region0001_line0006_word0001" custom="readingOrder {index:1;}">
          <Coords points="581,712 580,713 569,715 469,717 471,766 515,765 540,763 585,763 620,763 639,762 639,711 631,711 628,712 613,713 611,711"/>
          <TextEquiv conf="0.9291802">
            <Unicode>gemacht.</Unicode>
          </TextEquiv>
        </Word>
        <Word id="region0001_line0006_word0002" custom="readingOrder {index:2;}">
          <Coords points="696,713 769,712 770,757 697,758"/>
          <TextEquiv>
            <Unicode>Alſo</Unicode>
          </TextEquiv>
        </Word>
        <Word id="region0001_line0006_word0003" custom="readingOrder {index:3;}">
          <Coords points="788,709 789,760 926,757 925,709 876,710 848,709 847,708 815,708 814,709 814,708"/>
          <TextEquiv conf="0.92453796">
            <Unicode>ſicherer</Unicode>
          </TextEquiv>
        </Word>
        <Word id="region0001_line0006_word0004" custom="readingOrder {index:4;}">
          <Coords points="950,707 951,752 1006,751 1005,708 992,708 989,706"/>
          <TextEquiv conf="0.9321207">
            <Unicode>iſts</Unicode>
          </TextEquiv>
        </Word>
        <Word id="region0001_line0006_word0005" custom="readingOrder {index:5;}">
          <Coords points="1084,705 1082,709 1023,709 1020,708 1021,752 1140,749 1139,707 1122,708 1118,705 1105,706 1103,704"/>
          <TextEquiv conf="0.9273633">
            <Unicode>gewis,</Unicode>
          </TextEquiv>
        </Word>
        <Word id="region0001_line0006_word0006" custom="readingOrder {index:6;}">
          <Coords points="1157,714 1245,712 1245,738 1157,740"/>
          <TextEquiv conf="0.93156344">
            <Unicode>wenn</Unicode>
          </TextEquiv>
        </Word>
        <TextEquiv>
          <Unicode>verdaͤchtig gemacht. Alſo ſicherer iſts gewis, wenn</Unicode>
        </TextEquiv>
      </TextLine>
      <TextLine id="region0001_line0007" custom="readingOrder {index:6;}">
        <Coords points="284,768 277,777 239,777 239,821 395,819 398,824 406,826 417,820 432,819 455,820 463,826 471,825 478,819 631,816 653,818 666,823 708,816 828,813 833,806 844,803 853,812 902,813 917,821 929,820 941,813 952,812 973,813 982,820 1002,817 1007,812 1033,810 1199,807 1234,816 1281,813 1281,763 1192,764 1181,760 1143,764 1138,757 1117,754 1086,756 1072,761 1057,759 1052,763 1026,766 979,768 921,768 913,760 904,760 897,767 879,759 870,760 864,768 852,768 850,764 836,763 826,768 814,769 805,762 794,765 778,759 755,760 747,763 738,760 722,761 710,770 694,772 656,770 649,763 636,764 628,770 596,771 588,765 571,764 520,765 494,773 477,773 470,767 460,768 450,773 427,773 417,766 404,766 397,775 375,773 369,777 312,778 303,777 295,768"/>
        <Baseline points="239,811 1191,797 1281,802"/>
        <Word id="region0001_line0007_word0000" custom="readingOrder {index:0;}">
          <Coords points="251,780 310,779 310,814 251,815"/>
          <TextEquiv conf="0.93208086">
            <Unicode>wir</Unicode>
          </TextEquiv>
        </Word>
        <Word id="region0001_line0007_word0001" custom="readingOrder {index:1;}">
          <Coords points="324,785 385,784 385,813 324,814"/>
          <TextEquiv conf="0.9202922">
            <Unicode>uns</Unicode>
          </TextEquiv>
        </Word>
        <Word id="region0001_line0007_word0002" custom="readingOrder {index:2;}">
          <Coords points="509,774 401,776 402,821 416,821 417,820 432,819 455,820 455,820 477,820 478,819 510,818"/>
          <TextEquiv conf="0.8956264">
            <Unicode>ſolcher</Unicode>
          </TextEquiv>
        </Word>
        <Word id="region0001_line0007_word0003" custom="readingOrder {index:3;}">
          <Coords points="530,775 647,773 647,811 530,813"/>
          <TextEquiv conf="0.9267569">
            <Unicode>Mittel</Unicode>
          </TextEquiv>
        </Word>
        <Word id="region0001_line0007_word0004" custom="readingOrder {index:4;}">
          <Coords points="713,782 660,783 661,819 693,818 708,816 713,815"/>
          <TextEquiv conf="0.91964835">
            <Unicode>zur</Unicode>
          </TextEquiv>
        </Word>
        <Word id="region0001_line0007_word0005" custom="readingOrder {index:5;}">
          <Coords points="745,770 746,815 755,815 828,813 833,806 844,803 853,812 875,812 1000,810 1000,767 979,768 921,768 920,767 864,768 864,768 852,768 852,768 820,769 814,769 814,769"/>
          <TextEquiv conf="0.9198592">
            <Unicode>Vertheidigung</Unicode>
          </TextEquiv>
        </Word>
        <Word id="region0001_line0007_word0006" custom="readingOrder {index:6;}">
          <Coords points="1014,767 1075,765 1075,798 1014,800"/>
          <TextEquiv conf="0.9216397">
            <Unicode>und</Unicode>
          </TextEquiv>
        </Word>
        <Word id="region0001_line0007_word0007" custom="readingOrder {index:7;}">
          <Coords points="1100,761 1100,807 1246,804 1245,763 1192,764 1181,760 1143,764 1140,760"/>
          <TextEquiv conf="0.9216397">
            <Unicode>Rettung</Unicode>
          </TextEquiv>
        </Word>
        <TextEquiv conf="0.91969293">
          <Unicode>wir uns ſolcher Mittel zur Vertheidigung und Rettung</Unicode>
        </TextEquiv>
      </TextLine>
      <TextLine id="region0001_line0008" custom="readingOrder {index:7;}">
        <Coords points="842,804 833,807 828,814 831,820 822,826 815,826 809,817 796,817 789,820 784,827 768,829 746,828 733,818 721,819 712,825 705,819 697,819 684,826 680,821 665,824 653,819 632,818 605,820 584,828 562,828 557,824 528,827 523,823 515,824 507,829 487,831 471,829 451,822 429,824 425,821 416,822 406,827 376,823 360,833 325,834 319,824 305,823 293,835 239,836 239,879 291,881 299,886 364,878 371,884 380,884 387,876 428,876 439,882 448,876 658,874 691,874 697,880 706,880 710,877 715,881 723,880 730,873 791,870 929,869 935,876 940,876 951,869 1052,867 1055,871 1075,874 1085,867 1104,866 1281,862 1280,824 1244,823 1236,821 1235,817 1224,813 1213,816 1208,823 1166,823 1159,813 1147,814 1142,823 1068,824 1062,814 1053,814 1040,824 1005,824 1001,818 982,822 976,818 965,819 959,823 881,827 868,827 863,818 855,817"/>
        <Baseline points="239,869 1280,853"/>
        <Word id="region0001_line0008_word0000" custom="readingOrder {index:0;}">
          <Coords points="254,871 358,869 357,833 325,834 319,824 305,823 293,835 253,835"/>
          <TextEquiv conf="0.8905797">
            <Unicode>unſrer</Unicode>
          </TextEquiv>
        </Word>
        <Word id="region0001_line0008_word0001" custom="readingOrder {index:1;}">
          <Coords points="421,821 416,822 406,827 376,823 371,826 371,867 456,866 456,823 451,822 429,824 425,821"/>
          <TextEquiv conf="0.9248584">
            <Unicode>ſelbſt</Unicode>
          </TextEquiv>
        </Word>
        <Word id="region0001_line0008_word0002" custom="readingOrder {index:2;}">
          <Coords points="522,823 515,824 507,829 487,831 471,829 470,829 470,858 532,857 532,827 528,827 523,823"/>
          <TextEquiv conf="0.93209785">
            <Unicode>und</Unicode>
          </TextEquiv>
        </Word>
        <Word id="region0001_line0008_word0003" custom="readingOrder {index:3;}">
          <Coords points="547,859 606,858 606,823 596,823 584,828 562,828 557,824 547,825"/>
          <TextEquiv conf="0.9293924">
            <Unicode>des</Unicode>
          </TextEquiv>
        </Word>
        <Word id="region0001_line0008_word0004" custom="readingOrder {index:4;}">
          <Coords points="619,818 617,819 617,865 774,861 774,828 768,829 746,828 733,818 721,819 712,825 705,819 697,819 684,826 680,821 665,824 653,819 640,818"/>
          <TextEquiv conf="0.8526131">
            <Unicode>Naͤchſten</Unicode>
          </TextEquiv>
        </Word>
        <Word id="region0001_line0008_word0005" custom="readingOrder {index:5;}">
          <Coords points="828,814 831,820 822,826 815,826 809,817 796,817 793,818 793,859 948,856 948,823 881,827 868,827 863,818 855,817 851,813"/>
          <TextEquiv conf="0.92839944">
            <Unicode>bedienen,</Unicode>
          </TextEquiv>
        </Word>
        <Word id="region0001_line0008_word0006" custom="readingOrder {index:6;}">
          <Coords points="965,848 1013,847 1013,824 1005,824 1001,818 982,822 976,818 965,819"/>
          <TextEquiv conf="0.9328546">
            <Unicode>die</Unicode>
          </TextEquiv>
        </Word>
        <Word id="region0001_line0008_word0007" custom="readingOrder {index:7;}">
          <Coords points="1028,854 1179,851 1178,823 1166,823 1159,813 1147,814 1142,823 1068,824 1062,814 1053,814 1040,824 1027,824"/>
          <TextEquiv conf="0.9231794">
            <Unicode>algemein</Unicode>
          </TextEquiv>
        </Word>
        <Word id="region0001_line0008_word0008" custom="readingOrder {index:8;}">
          <Coords points="1196,843 1248,842 1247,823 1244,823 1236,821 1235,817 1224,813 1213,816 1208,823 1195,823"/>
          <TextEquiv conf="0.9317122">
            <Unicode>als</Unicode>
          </TextEquiv>
        </Word>
        <TextEquiv conf="0.91618747">
          <Unicode>unſrer ſelbſt und des Naͤchſten bedienen, die algemein als</Unicode>
        </TextEquiv>
      </TextLine>
      <TextLine id="region0001_line0009" custom="readingOrder {index:8;}">
        <Coords points="396,877 389,889 348,886 330,888 326,883 310,884 303,889 291,890 239,892 239,939 316,939 320,941 329,941 333,938 376,937 412,939 416,942 446,939 453,946 459,947 470,945 482,936 505,934 637,931 642,936 655,939 660,931 793,932 832,929 838,937 848,937 858,929 897,926 1154,923 1164,930 1171,929 1175,923 1199,922 1208,923 1217,931 1238,925 1281,925 1280,877 1197,879 1190,869 1165,869 1152,880 1076,880 1074,875 1054,873 1050,870 1037,872 1031,880 994,880 988,875 976,875 971,881 961,881 955,874 947,873 938,877 936,882 890,884 865,884 857,875 843,875 837,878 831,873 739,876 715,884 700,884 695,880 673,884 667,880 647,879 640,884 590,887 581,886 575,876 563,877 550,887 507,891 459,889 452,879 439,883 428,877 419,878 416,881 413,877"/>
        <Baseline points="239,928 1281,915"/>
        <Word id="region0001_line0009_word0000" custom="readingOrder {index:0;}">
          <Coords points="308,884 303,889 291,890 256,891 256,939 316,939 317,939 331,939 333,938 376,937 392,937 474,936 473,889 459,889 453,881 443,881 439,883 436,881 392,882 389,889 348,886 330,888 327,884"/>
          <TextEquiv conf="0.9161721">
            <Unicode>rechtmaͤßig</Unicode>
          </TextEquiv>
        </Word>
        <Word id="region0001_line0009_word0001" custom="readingOrder {index:1;}">
          <Coords points="555,882 550,887 507,891 484,890 485,924 630,921 629,884 590,887 581,886 578,882"/>
          <TextEquiv conf="0.92683876">
            <Unicode>anerkant</Unicode>
          </TextEquiv>
        </Word>
        <Word id="region0001_line0009_word0002" custom="readingOrder {index:2;}">
          <Coords points="643,886 718,885 719,930 644,931"/>
          <TextEquiv conf="0.9267658">
            <Unicode>ſind.</Unicode>
          </TextEquiv>
        </Word>
        <Word id="region0001_line0009_word0003" custom="readingOrder {index:3;}">
          <Coords points="771,882 772,929 896,926 895,883 890,884 865,884 861,879"/>
          <TextEquiv conf="0.9260867">
            <Unicode>Buͤßen</Unicode>
          </TextEquiv>
        </Word>
        <Word id="region0001_line0009_word0004" custom="readingOrder {index:4;}">
          <Coords points="936,879 936,882 912,883 913,917 970,916 969,881 961,881 959,879"/>
          <TextEquiv conf="0.932203">
            <Unicode>wir</Unicode>
          </TextEquiv>
        </Word>
        <Word id="region0001_line0009_word0005" custom="readingOrder {index:5;}">
          <Coords points="978,876 979,913 1109,911 1108,880 1076,880 1074,875 1069,874 1034,875 1031,880 994,880 988,875"/>
          <TextEquiv conf="0.92809206">
            <Unicode>daruͤber</Unicode>
          </TextEquiv>
        </Word>
        <Word id="region0001_line0009_word0006" custom="readingOrder {index:6;}">
          <Coords points="1160,873 1152,880 1117,880 1118,919 1249,916 1248,877 1197,879 1192,872"/>
          <TextEquiv conf="0.6766875">
            <Unicode>anfaͤng⸗</Unicode>
          </TextEquiv>
        </Word>
        <TextEquiv conf="0.89040655">
          <Unicode>rechtmaͤßig anerkant ſind. Buͤßen wir daruͤber anfaͤng⸗</Unicode>
        </TextEquiv>
      </TextLine>
      <TextLine id="region0001_line0010" custom="readingOrder {index:9;}">
        <Coords points="264,941 258,945 239,944 239,994 298,994 303,998 311,998 317,993 345,992 350,996 375,992 388,994 397,1001 412,1000 416,997 439,996 446,1002 457,1002 467,994 486,991 540,991 547,996 555,996 561,991 579,989 755,986 803,988 815,992 864,991 870,986 889,985 912,993 924,985 962,982 1137,980 1139,984 1147,986 1159,984 1161,980 1177,978 1281,976 1280,932 1254,934 1250,931 1240,932 1237,928 1225,929 1219,931 1216,936 1168,937 1163,930 1148,928 1138,937 1120,938 1115,928 1102,927 1097,931 1095,938 1016,940 983,939 978,930 966,930 959,940 877,941 872,931 860,930 846,941 788,943 783,932 771,932 766,935 762,944 754,944 733,943 727,933 703,934 694,943 683,940 659,944 657,940 634,933 589,934 570,937 561,942 554,936 543,936 533,942 526,936 508,937 504,940 481,938 473,945 460,948 400,949 396,941 384,940 377,949 366,950 359,940 349,940 343,948 332,948 315,947 311,940 296,940 289,946 280,940"/>
        <Baseline points="239,985 1281,967"/>
        <Word id="region0001_line0010_word0000" custom="readingOrder {index:0;}">
          <Coords points="259,950 314,949 315,991 260,992"/>
          <TextEquiv conf="0.9281042">
            <Unicode>lich</Unicode>
          </TextEquiv>
        </Word>
        <Word id="region0001_line0010_word0001" custom="readingOrder {index:1;}">
          <Coords points="332,949 333,992 345,992 346,993 374,992 375,992 376,992 432,991 431,948 400,949 399,948 378,948 377,949 366,950 365,948"/>
          <TextEquiv conf="0.92991996">
            <Unicode>einige</Unicode>
          </TextEquiv>
        </Word>
        <Word id="region0001_line0010_word0002" custom="readingOrder {index:2;}">
          <Coords points="577,944 466,946 460,948 445,948 446,993 477,992 486,991 534,991 567,990 577,989"/>
          <TextEquiv conf="0.9255197">
            <Unicode>zeitliche</Unicode>
          </TextEquiv>
        </Word>
        <Word id="region0001_line0010_word0003" custom="readingOrder {index:3;}">
          <Coords points="595,945 596,983 740,980 739,943 733,943 732,942 694,943 694,943 694,943 661,944 659,944 659,944"/>
          <TextEquiv conf="0.9193109">
            <Unicode>Vorteile</Unicode>
          </TextEquiv>
        </Word>
        <Word id="region0001_line0010_word0004" custom="readingOrder {index:4;}">
          <Coords points="764,938 762,944 755,944 756,985 823,984 822,941 788,943 785,938"/>
          <TextEquiv conf="0.9234393">
            <Unicode>ein;</Unicode>
          </TextEquiv>
        </Word>
        <Word id="region0001_line0010_word0005" custom="readingOrder {index:5;}">
          <Coords points="852,937 853,983 882,982 881,940 877,941 874,936"/>
          <TextEquiv conf="0.9291736">
            <Unicode>ſo</Unicode>
          </TextEquiv>
        </Word>
        <Word id="region0001_line0010_word0006" custom="readingOrder {index:6;}">
          <Coords points="961,935 959,940 898,940 899,983 1057,980 1056,938 1016,940 983,939 981,935"/>
          <TextEquiv conf="0.92702466">
            <Unicode>gewinnen</Unicode>
          </TextEquiv>
        </Word>
        <Word id="region0001_line0010_word0007" custom="readingOrder {index:7;}">
          <Coords points="1096,933 1095,938 1072,938 1073,970 1130,968 1129,937 1120,938 1117,932"/>
          <TextEquiv conf="0.93018174">
            <Unicode>wir</Unicode>
          </TextEquiv>
        </Word>
        <Word id="region0001_line0010_word0008" custom="readingOrder {index:8;}">
          <Coords points="1145,934 1146,978 1181,977 1180,936 1168,937 1165,933"/>
          <TextEquiv conf="0.72047126">
            <Unicode>ſie</Unicode>
          </TextEquiv>
        </Word>
        <Word id="region0001_line0010_word0009" custom="readingOrder {index:9;}">
          <Coords points="1218,931 1216,936 1189,936 1190,968 1250,967 1249,931 1240,932 1239,931"/>
          <TextEquiv conf="0.9292853">
            <Unicode>mit</Unicode>
          </TextEquiv>
        </Word>
        <TextEquiv conf="0.9062431">
          <Unicode>lich einige zeitliche Vorteile ein; ſo gewinnen wir ſie mit</Unicode>
        </TextEquiv>
      </TextLine>
      <TextLine id="region0001_line0011" custom="readingOrder {index:10;}">
        <Coords points="327,995 315,1007 273,1004 269,1001 239,1003 239,1052 273,1051 309,1057 324,1053 335,1058 371,1049 393,1049 411,1054 452,1049 522,1047 551,1056 561,1053 565,1048 597,1047 601,1051 631,1046 637,1051 651,1049 654,1045 728,1046 835,1042 854,1044 866,1049 881,1047 886,1050 894,1050 900,1043 934,1039 1091,1037 1129,1039 1131,1043 1141,1045 1158,1039 1280,1033 1281,1027 1280,997 1269,996 1259,990 1227,989 1222,985 1213,985 1206,990 1164,992 1160,985 1147,987 1138,984 1130,993 1087,996 1086,989 1081,984 1068,986 1063,996 1044,996 1004,991 998,985 987,985 977,991 935,997 913,998 911,993 891,988 884,991 879,998 867,999 864,992 855,991 848,991 843,999 835,999 825,991 815,993 803,989 744,990 720,1000 702,1000 695,993 684,993 675,1000 668,993 658,992 650,1002 625,1002 618,1002 612,992 600,992 590,999 583,993 565,994 553,1003 547,1004 538,995 528,995 521,1004 511,1005 504,995 491,996 486,1005 449,1006 396,1005 384,1002 377,996 368,997 361,1007 355,1007 345,996"/>
        <Baseline points="239,1042 1281,1024"/>
        <Word id="region0001_line0011_word0000" custom="readingOrder {index:0;}">
          <Coords points="259,1011 312,1010 313,1044 260,1045"/>
          <TextEquiv conf="0.9307009">
            <Unicode>der</Unicode>
          </TextEquiv>
        </Word>
        <Word id="region0001_line0011_word0001" custom="readingOrder {index:1;}">
          <Coords points="321,1004 322,1050 369,1049 371,1049 392,1049 391,1003 388,1003 363,1003 361,1007 355,1007 351,1003"/>
          <TextEquiv conf="0.9307009">
            <Unicode>Zeit</Unicode>
          </TextEquiv>
        </Word>
        <Word id="region0001_line0011_word0002" custom="readingOrder {index:2;}">
          <Coords points="487,1002 486,1005 449,1006 404,1005 405,1051 441,1050 452,1049 522,1047 527,1049 567,1048 597,1047 597,1047 617,1047 616,1000 555,1001 553,1003 547,1004 544,1001 523,1002 521,1004 511,1005 509,1002"/>
          <TextEquiv conf="0.9094848">
            <Unicode>gemeiniglich</Unicode>
          </TextEquiv>
        </Word>
        <Word id="region0001_line0011_word0003" custom="readingOrder {index:3;}">
          <Coords points="651,999 650,1002 626,1002 627,1043 748,1041 747,998 723,998 720,1000 702,1000 700,998 676,999 675,1000 674,999"/>
          <TextEquiv conf="0.9242742">
            <Unicode>wieder.</Unicode>
          </TextEquiv>
        </Word>
        <Word id="region0001_line0011_word0004" custom="readingOrder {index:4;}">
          <Coords points="760,998 761,1044 803,1043 835,1042 839,1042 917,1040 934,1039 965,1038 965,994 954,994 935,997 913,998 911,995 880,995 879,998 867,999 865,995 844,996 843,999 835,999 831,996"/>
          <TextEquiv conf="0.923994">
            <Unicode>Wenigſtens</Unicode>
          </TextEquiv>
        </Word>
        <Word id="region0001_line0011_word0005" custom="readingOrder {index:5;}">
          <Coords points="981,992 982,1029 1038,1028 1037,995 1008,991"/>
          <TextEquiv conf="0.9319377">
            <Unicode>kan</Unicode>
          </TextEquiv>
        </Word>
        <Word id="region0001_line0011_word0006" custom="readingOrder {index:6;}">
          <Coords points="1065,990 1063,996 1054,996 1055,1027 1119,1026 1118,993 1087,996 1086,990"/>
          <TextEquiv conf="0.93131554">
            <Unicode>eine</Unicode>
          </TextEquiv>
        </Word>
        <Word id="region0001_line0011_word0007" custom="readingOrder {index:7;}">
          <Coords points="1135,989 1136,1038 1201,1036 1250,1034 1250,989 1227,989 1225,987 1209,987 1206,990 1164,992 1162,988"/>
          <TextEquiv>
            <Unicode>ſtand⸗</Unicode>
          </TextEquiv>
        </Word>
        <TextEquiv>
          <Unicode>der Zeit gemeiniglich wieder. Wenigſtens kan eine ſtand⸗</Unicode>
        </TextEquiv>
      </TextLine>
      <TextLine id="region0001_line0012" custom="readingOrder {index:11;}">
        <Coords points="371,1050 351,1054 343,1062 336,1062 333,1057 324,1054 310,1057 305,1063 282,1058 276,1054 239,1056 238,1114 256,1114 261,1122 267,1123 274,1121 284,1112 309,1112 324,1115 327,1111 367,1110 444,1108 455,1115 463,1115 469,1109 489,1108 495,1114 519,1107 725,1102 731,1109 741,1109 747,1101 803,1100 884,1100 890,1106 900,1106 904,1103 914,1107 925,1099 1109,1094 1124,1095 1128,1100 1138,1101 1145,1094 1244,1093 1280,1089 1281,1078 1280,1048 1246,1049 1239,1042 1230,1042 1221,1050 1155,1052 1151,1043 1140,1046 1127,1041 1117,1042 1110,1052 1078,1052 1031,1051 1025,1044 1005,1044 996,1051 980,1052 972,1051 966,1045 946,1045 940,1050 933,1050 926,1044 914,1044 904,1054 881,1048 834,1046 817,1048 802,1055 773,1051 734,1049 720,1057 693,1059 659,1058 652,1049 636,1051 627,1057 621,1058 615,1050 589,1054 574,1051 566,1058 561,1054 551,1057 533,1052 529,1059 513,1060 506,1051 496,1051 486,1059 469,1060 462,1053 451,1053 444,1058 435,1051 411,1055 393,1050"/>
        <Baseline points="238,1105 1281,1080"/>
        <Word id="region0001_line0012_word0000" custom="readingOrder {index:0;}">
          <Coords points="259,1063 260,1116 280,1116 284,1112 309,1112 323,1115 324,1115 327,1111 359,1110 358,1061 344,1061 343,1062 336,1062 336,1061 306,1062 305,1063 301,1062"/>
          <TextEquiv conf="0.9295885">
            <Unicode>hafte</Unicode>
          </TextEquiv>
        </Word>
        <Word id="region0001_line0012_word0001" custom="readingOrder {index:1;}">
          <Coords points="366,1061 367,1110 367,1110 444,1108 447,1110 468,1110 469,1109 489,1108 490,1109 513,1109 519,1107 676,1103 675,1058 659,1058 656,1054 630,1055 627,1057 621,1058 619,1055 568,1056 566,1058 564,1057 552,1057 551,1057 550,1057 530,1057 529,1059 513,1060 511,1058 487,1058 486,1059 469,1060 468,1059"/>
          <TextEquiv conf="0.92362016">
            <Unicode>Wahrheitsliebe</Unicode>
          </TextEquiv>
        </Word>
        <Word id="region0001_line0012_word0002" custom="readingOrder {index:2;}">
          <Coords points="688,1059 689,1102 747,1101 747,1101 749,1101 748,1058 694,1059 693,1059 691,1059"/>
          <TextEquiv conf="0.85923785">
            <Unicode>auſ</Unicode>
          </TextEquiv>
        </Word>
        <Word id="region0001_line0012_word0003" custom="readingOrder {index:3;}">
          <Coords points="763,1060 819,1059 820,1092 764,1093"/>
          <TextEquiv conf="0.9131737">
            <Unicode>den</Unicode>
          </TextEquiv>
        </Word>
        <Word id="region0001_line0012_word0004" custom="readingOrder {index:4;}">
          <Coords points="830,1054 831,1100 959,1098 963,1097 963,1052 905,1052 904,1054 899,1052"/>
          <TextEquiv>
            <Unicode>Beyfall</Unicode>
          </TextEquiv>
        </Word>
        <Word id="region0001_line0012_word0005" custom="readingOrder {index:5;}">
          <Coords points="980,1052 981,1087 1055,1086 1054,1051 1039,1051"/>
          <TextEquiv conf="0.8813694">
            <Unicode>aller</Unicode>
          </TextEquiv>
        </Word>
        <Word id="region0001_line0012_word0006" custom="readingOrder {index:6;}">
          <Coords points="1111,1050 1110,1052 1078,1052 1070,1051 1071,1094 1177,1092 1176,1051 1155,1052 1153,1049"/>
          <TextEquiv conf="0.92898035">
            <Unicode>weiſen</Unicode>
          </TextEquiv>
        </Word>
        <Word id="region0001_line0012_word0007" custom="readingOrder {index:7;}">
          <Coords points="1188,1085 1251,1084 1250,1050 1189,1050 1187,1051"/>
          <TextEquiv conf="0.92898035">
            <Unicode>und</Unicode>
          </TextEquiv>
        </Word>
        <TextEquiv>
          <Unicode>hafte Wahrheitsliebe auſ den Beyfall aller weiſen und</Unicode>
        </TextEquiv>
      </TextLine>
      <TextLine id="region0001_line0013" custom="readingOrder {index:12;}">
        <Coords points="367,1111 360,1114 343,1112 336,1120 325,1120 322,1116 306,1113 296,1121 239,1124 238,1167 303,1167 310,1171 333,1167 340,1171 354,1167 380,1169 383,1165 398,1165 407,1172 426,1171 431,1163 534,1163 556,1172 563,1171 567,1164 588,1162 595,1168 604,1168 609,1162 630,1160 809,1158 817,1167 826,1165 831,1157 850,1157 853,1161 860,1162 868,1161 871,1157 999,1154 1006,1160 1013,1160 1020,1154 1064,1153 1078,1154 1084,1160 1103,1161 1112,1154 1148,1151 1182,1150 1189,1154 1210,1150 1280,1153 1280,1107 1203,1107 1196,1097 1181,1099 1173,1108 1063,1111 1020,1109 1013,1099 1004,1099 994,1106 980,1101 923,1103 896,1112 870,1112 864,1102 852,1103 843,1110 831,1104 820,1105 815,1108 793,1105 783,1112 767,1115 735,1114 727,1112 721,1106 711,1106 668,1117 648,1117 626,1116 619,1109 613,1107 581,1109 572,1117 562,1108 519,1108 496,1114 493,1119 459,1121 441,1120 438,1115 430,1110 408,1111 400,1120 388,1120 382,1119 378,1111"/>
        <Baseline points="238,1157 376,1155"/>
        <Word id="word_1676276539204_1372" custom="readingOrder {index:0;}">
          <Coords points="259,1123 289,1121 384,1119 388,1120 400,1120 401,1119 440,1118 441,1120 459,1121 493,1119 494,1117 501,1117 501,1155 259,1155"/>
          <TextEquiv conf="0.92459714">
            <Unicode>rechtſchaffenen</Unicode>
          </TextEquiv>
        </Word>
        <Word id="word_1676276539204_1374" custom="readingOrder {index:1;}">
          <Coords points="511,1117 571,1116 572,1117 573,1116 625,1115 626,1116 648,1117 653,1117 653,1155 511,1155"/>
          <TextEquiv conf="0.92898786">
            <Unicode>Chriſten</Unicode>
          </TextEquiv>
        </Word>
        <Word id="region0001_line0013_word0002" custom="readingOrder {index:2;}">
          <Coords points="676,1115 675,1115 676,1152 801,1150 800,1113 776,1113 767,1115 736,1114"/>
          <TextEquiv conf="0.9165688">
            <Unicode>allemal</Unicode>
          </TextEquiv>
        </Word>
        <Word id="word_1676276539204_1376" custom="readingOrder {index:3;}">
          <Coords points="816,1112 869,1110 870,1112 896,1112 901,1110 918,1110 918,1155 816,1155"/>
          <TextEquiv conf="0.9188295">
            <Unicode>ſichere</Unicode>
          </TextEquiv>
        </Word>
        <Word id="region0001_line0013_word0004" custom="readingOrder {index:4;}">
          <Coords points="932,1108 933,1156 999,1154 1000,1155 1019,1155 1020,1154 1064,1153 1072,1154 1106,1153 1105,1110 1063,1111 1020,1109 1018,1107"/>
          <TextEquiv conf="0.9288449">
            <Unicode>Rechnung</Unicode>
          </TextEquiv>
        </Word>
        <Word id="region0001_line0013_word0005" custom="readingOrder {index:5;}">
          <Coords points="1176,1103 1173,1108 1117,1109 1118,1148 1256,1145 1255,1107 1203,1107 1200,1103"/>
          <TextEquiv conf="0.9155927">
            <Unicode>machen.</Unicode>
          </TextEquiv>
        </Word>
        <TextEquiv conf="0.9222368">
          <Unicode>rechtſchaffenen Chriſten allemal ſichere Rechnung machen.</Unicode>
        </TextEquiv>
      </TextLine>
      <TextEquiv>
        <Unicode>Muͤhe iſt, wodurch er erkaͤmpſt wird. Nothluͤgen wer⸗
den ſehr haͤufig in der Folge entdeckt. Und wie mislich
ſiehts dann um den Namen eines ehrlichen Mannes und
um ſeine bis dahin genoſſene Ruhe aus? Selbſt die lau⸗
terſte Unſchuld wird am erſten durch ſolche Entdeckungen
verdaͤchtig gemacht. Alſo ſicherer iſts gewis, wenn
wir uns ſolcher Mittel zur Vertheidigung und Rettung
unſrer ſelbſt und des Naͤchſten bedienen, die algemein als
rechtmaͤßig anerkant ſind. Buͤßen wir daruͤber anfaͤng⸗
lich einige zeitliche Vorteile ein; ſo gewinnen wir ſie mit
der Zeit gemeiniglich wieder. Wenigſtens kan eine ſtand⸗
hafte Wahrheitsliebe auſ den Beyfall aller weiſen und
rechtſchaffenen Chriſten allemal ſichere Rechnung machen.</Unicode>
      </TextEquiv>
    </TextRegion>
    <TextRegion orientation="1.1364944" readingDirection="left-to-right" id="TextRegion_1676276539174_1368" custom="readingOrder {index:3;}">
      <Coords points="238,1155 1281,1155 1281,2186 238,2205"/>
      <TextLine id="region0001_line0014" custom="readingOrder {index:0;}">
        <Coords points="363,1168 347,1172 286,1173 283,1177 283,1207 287,1212 288,1221 293,1224 452,1220 480,1222 485,1227 497,1227 503,1223 536,1225 572,1219 618,1218 645,1219 651,1225 661,1225 667,1219 734,1216 740,1220 749,1221 754,1216 801,1214 846,1215 855,1224 868,1224 876,1214 891,1212 928,1214 947,1221 952,1221 955,1216 980,1218 984,1215 1028,1210 1112,1209 1118,1214 1126,1214 1131,1208 1151,1208 1194,1214 1205,1209 1280,1204 1281,1170 1254,1169 1248,1166 1247,1160 1242,1155 1215,1152 1202,1152 1196,1155 1162,1153 1158,1156 1157,1165 1131,1164 1126,1156 1115,1155 1105,1163 1098,1160 1084,1161 1079,1165 1014,1169 1003,1159 994,1159 988,1167 966,1166 958,1161 940,1163 936,1160 927,1160 917,1170 874,1171 869,1162 840,1162 833,1171 793,1172 771,1171 765,1166 753,1168 747,1163 735,1163 726,1171 694,1174 636,1173 628,1166 619,1167 612,1174 573,1176 558,1174 534,1164 494,1166 485,1177 456,1178 418,1177 406,1172 393,1173"/>
        <Baseline points="288,1214 1280,1195"/>
        <Word id="region0001_line0014_word0000" custom="readingOrder {index:0;}">
          <Coords points="346,1178 417,1177 417,1215 346,1216"/>
          <TextEquiv conf="0.92850584">
            <Unicode>Und</Unicode>
          </TextEquiv>
        </Word>
        <Word id="region0001_line0014_word0001" custom="readingOrder {index:1;}">
          <Coords points="503,1221 502,1186 425,1187 425,1220 452,1220 471,1221"/>
          <TextEquiv conf="0.92850584">
            <Unicode>nun,</Unicode>
          </TextEquiv>
        </Word>
        <Word id="region0001_line0014_word0002" custom="readingOrder {index:2;}">
          <Coords points="516,1172 516,1219 665,1216 665,1173 636,1173 632,1169 616,1169 612,1174 573,1176 558,1174 551,1171"/>
          <TextEquiv conf="0.92433244">
            <Unicode>Freunde,</Unicode>
          </TextEquiv>
        </Word>
        <Word id="region0001_line0014_word0003" custom="readingOrder {index:3;}">
          <Coords points="726,1170 726,1171 694,1174 678,1173 678,1212 823,1210 823,1171 793,1172 771,1171 769,1169"/>
          <TextEquiv conf="0.92839885">
            <Unicode>nachdem</Unicode>
          </TextEquiv>
        </Word>
        <Word id="region0001_line0014_word0004" custom="readingOrder {index:4;}">
          <Coords points="839,1168 839,1214 882,1213 887,1212 887,1170 874,1171 871,1167"/>
          <TextEquiv conf="0.929532">
            <Unicode>ihr</Unicode>
          </TextEquiv>
        </Word>
        <Word id="region0001_line0014_word0005" custom="readingOrder {index:5;}">
          <Coords points="920,1166 917,1170 897,1170 897,1212 905,1212 983,1211 983,1166 966,1166 965,1165"/>
          <TextEquiv conf="0.9240312">
            <Unicode>wißt,</Unicode>
          </TextEquiv>
        </Word>
        <Word id="region0001_line0014_word0006" custom="readingOrder {index:6;}">
          <Coords points="994,1166 994,1201 1025,1201 1025,1168 1014,1169 1010,1166"/>
          <TextEquiv conf="0.9287033">
            <Unicode>in</Unicode>
          </TextEquiv>
        </Word>
        <Word id="region0001_line0014_word0007" custom="readingOrder {index:7;}">
          <Coords points="1081,1163 1079,1165 1042,1167 1042,1206 1168,1204 1167,1162 1157,1162 1157,1165 1131,1164 1130,1163 1105,1163 1105,1163 1105,1163"/>
          <TextEquiv conf="0.93088174">
            <Unicode>welchen</Unicode>
          </TextEquiv>
        </Word>
        <Word id="region0001_line0014_word0008" custom="readingOrder {index:8;}">
          <Coords points="1178,1160 1179,1206 1253,1205 1252,1168 1248,1166 1247,1160 1246,1159"/>
          <TextEquiv>
            <Unicode>Faͤl⸗</Unicode>
          </TextEquiv>
        </Word>
        <TextEquiv>
          <Unicode>Und nun, Freunde, nachdem ihr wißt, in welchen Faͤl⸗</Unicode>
        </TextEquiv>
      </TextLine>
      <TextLine id="region0001_line0015" custom="readingOrder {index:1;}">
        <Coords points="381,1224 366,1231 359,1227 350,1227 342,1235 334,1230 325,1230 319,1236 294,1238 284,1238 282,1231 277,1227 264,1231 239,1230 239,1281 460,1278 462,1284 470,1289 484,1286 489,1277 511,1278 521,1287 537,1286 547,1277 660,1274 723,1276 731,1285 744,1284 751,1275 770,1273 778,1280 787,1280 794,1272 1044,1270 1050,1276 1059,1276 1065,1269 1091,1265 1106,1266 1112,1270 1128,1267 1141,1271 1148,1266 1156,1266 1162,1272 1172,1272 1178,1266 1202,1265 1214,1266 1220,1273 1229,1273 1238,1266 1281,1265 1281,1218 1245,1218 1237,1211 1224,1212 1216,1220 1210,1220 1203,1213 1177,1217 1170,1212 1159,1212 1156,1215 1138,1213 1131,1218 1108,1219 1098,1212 1090,1212 1083,1221 1068,1216 1054,1216 1048,1220 1025,1221 1019,1215 1009,1215 996,1221 972,1224 953,1224 935,1219 930,1224 920,1226 825,1229 808,1226 800,1219 783,1219 779,1222 767,1220 757,1229 747,1221 705,1219 690,1221 681,1228 669,1231 621,1233 616,1224 604,1223 595,1233 524,1234 514,1224 503,1224 497,1228 467,1226 458,1232 448,1225 437,1223"/>
        <Baseline points="239,1271 1281,1255"/>
        <Word id="region0001_line0015_word0000" custom="readingOrder {index:0;}">
          <Coords points="263,1239 310,1238 311,1276 264,1277"/>
          <TextEquiv conf="0.92310303">
            <Unicode>len</Unicode>
          </TextEquiv>
        </Word>
        <Word id="region0001_line0015_word0001" custom="readingOrder {index:1;}">
          <Coords points="327,1238 375,1237 376,1273 328,1274"/>
          <TextEquiv conf="0.9207693">
            <Unicode>die</Unicode>
          </TextEquiv>
        </Word>
        <Word id="region0001_line0015_word0002" custom="readingOrder {index:2;}">
          <Coords points="392,1234 392,1278 460,1278 460,1280 487,1279 489,1277 511,1278 512,1279 545,1278 547,1277 577,1276 577,1233 524,1234 521,1231"/>
          <TextEquiv conf="0.8903992">
            <Unicode>Nothluͤgen</Unicode>
          </TextEquiv>
        </Word>
        <Word id="region0001_line0015_word0003" custom="readingOrder {index:3;}">
          <Coords points="596,1230 595,1233 588,1233 588,1267 685,1265 685,1229 676,1229 669,1231 621,1233 619,1230"/>
          <TextEquiv conf="0.9274366">
            <Unicode>einem</Unicode>
          </TextEquiv>
        </Word>
        <Word id="region0001_line0015_word0004" custom="readingOrder {index:4;}">
          <Coords points="695,1228 696,1275 723,1276 724,1277 750,1277 751,1275 770,1273 774,1276 790,1276 794,1272 838,1272 837,1229 825,1229 808,1226 808,1226 760,1227 757,1229 754,1227"/>
          <TextEquiv conf="0.92980963">
            <Unicode>Chriſten</Unicode>
          </TextEquiv>
        </Word>
        <Word id="region0001_line0015_word0005" custom="readingOrder {index:5;}">
          <Coords points="928,1224 920,1226 848,1228 848,1265 1038,1261 1038,1222 978,1223 972,1224 953,1224 952,1224"/>
          <TextEquiv>
            <Unicode>unerlaubt</Unicode>
          </TextEquiv>
        </Word>
        <Word id="region0001_line0015_word0006" custom="readingOrder {index:6;}">
          <Coords points="1050,1221 1051,1267 1081,1267 1091,1265 1106,1266 1106,1266 1124,1266 1123,1220 1083,1221 1083,1221 1082,1221"/>
          <TextEquiv conf="0.9244416">
            <Unicode>ſind,</Unicode>
          </TextEquiv>
        </Word>
        <Word id="region0001_line0015_word0007" custom="readingOrder {index:7;}">
          <Coords points="1132,1220 1133,1265 1255,1263 1254,1218 1217,1218 1216,1220 1210,1220 1208,1218"/>
          <TextEquiv conf="0.92280626">
            <Unicode>ſchließt</Unicode>
          </TextEquiv>
        </Word>
        <TextEquiv>
          <Unicode>len die Nothluͤgen einem Chriſten unerlaubt ſind, ſchließt</Unicode>
        </TextEquiv>
      </TextLine>
      <TextLine id="region0001_line0016" custom="readingOrder {index:2;}">
        <Coords points="1092,1266 1084,1271 1080,1279 1021,1279 1014,1271 1001,1272 987,1280 927,1283 919,1282 908,1275 898,1275 890,1281 843,1284 828,1283 824,1275 807,1273 798,1284 778,1285 679,1287 671,1279 661,1279 654,1287 641,1287 635,1281 625,1281 617,1288 602,1289 409,1292 398,1290 391,1284 382,1284 374,1293 311,1293 307,1296 285,1297 278,1287 263,1287 256,1297 239,1297 239,1339 285,1340 295,1350 303,1350 315,1340 352,1337 430,1339 436,1344 444,1344 450,1339 586,1333 797,1332 804,1339 812,1339 819,1332 889,1329 898,1335 911,1328 922,1328 997,1329 1006,1335 1015,1335 1023,1329 1074,1327 1097,1328 1104,1335 1113,1335 1118,1330 1135,1329 1142,1334 1156,1334 1165,1329 1214,1321 1281,1320 1281,1278 1153,1279 1146,1278 1144,1272 1140,1271 1112,1271 1105,1267"/>
        <Baseline points="239,1329 1128,1320 1281,1310"/>
        <Word id="region0001_line0016_word0000" custom="readingOrder {index:0;}">
          <Coords points="262,1293 262,1339 275,1339 320,1339 319,1293 311,1293 307,1296 285,1297 281,1292"/>
          <TextEquiv conf="0.9301045">
            <Unicode>iezt</Unicode>
          </TextEquiv>
        </Word>
        <Word id="region0001_line0016_word0001" custom="readingOrder {index:1;}">
          <Coords points="377,1289 374,1293 336,1293 337,1334 450,1332 449,1291 409,1292 398,1290 396,1288"/>
          <TextEquiv conf="0.92499727">
            <Unicode>weiter,</Unicode>
          </TextEquiv>
        </Word>
        <Word id="region0001_line0016_word0002" custom="readingOrder {index:2;}">
          <Coords points="465,1296 571,1294 572,1326 466,1328"/>
          <TextEquiv conf="0.929449">
            <Unicode>wenn</Unicode>
          </TextEquiv>
        </Word>
        <Word id="region0001_line0016_word0003" custom="readingOrder {index:3;}">
          <Coords points="618,1287 617,1288 602,1289 581,1289 582,1322 644,1321 643,1287"/>
          <TextEquiv conf="0.9236364">
            <Unicode>und</Unicode>
          </TextEquiv>
        </Word>
        <Word id="region0001_line0016_word0004" custom="readingOrder {index:4;}">
          <Coords points="660,1285 661,1323 698,1322 697,1286 679,1287 676,1284"/>
          <TextEquiv conf="0.9291713">
            <Unicode>in</Unicode>
          </TextEquiv>
        </Word>
        <Word id="region0001_line0016_word0005" custom="readingOrder {index:5;}">
          <Coords points="718,1290 784,1288 785,1321 719,1323"/>
          <TextEquiv conf="0.92525923">
            <Unicode>wie</Unicode>
          </TextEquiv>
        </Word>
        <Word id="region0001_line0016_word0006" custom="readingOrder {index:6;}">
          <Coords points="802,1277 800,1281 801,1327 877,1326 876,1281 843,1284 828,1283 825,1277"/>
          <TextEquiv conf="0.9288597">
            <Unicode>fern</Unicode>
          </TextEquiv>
        </Word>
        <Word id="region0001_line0016_word0007" custom="readingOrder {index:7;}">
          <Coords points="894,1280 895,1324 932,1323 931,1282 927,1283 919,1282 914,1279"/>
          <TextEquiv>
            <Unicode>ſie</Unicode>
          </TextEquiv>
        </Word>
        <Word id="region0001_line0016_word0008" custom="readingOrder {index:8;}">
          <Coords points="999,1273 987,1280 945,1282 946,1326 1162,1322 1161,1279 1153,1279 1146,1278 1144,1272 1140,1271 1112,1271 1112,1271 1084,1271 1080,1279 1021,1279 1015,1273"/>
          <TextEquiv conf="0.9103265">
            <Unicode>rechtmaͤßig</Unicode>
          </TextEquiv>
        </Word>
        <Word id="region0001_line0016_word0009" custom="readingOrder {index:9;}">
          <Coords points="1179,1284 1254,1282 1254,1307 1179,1309"/>
          <TextEquiv>
            <Unicode>wer⸗</Unicode>
          </TextEquiv>
        </Word>
        <TextEquiv>
          <Unicode>iezt weiter, wenn und in wie fern ſie rechtmaͤßig wer⸗</Unicode>
        </TextEquiv>
      </TextLine>
      <TextLine id="region0001_line0017" custom="readingOrder {index:3;}">
        <Coords points="561,1336 496,1339 480,1349 397,1351 382,1348 372,1341 347,1341 338,1346 306,1352 282,1349 275,1345 239,1347 239,1396 435,1392 495,1394 733,1387 739,1393 749,1393 755,1387 783,1387 787,1392 800,1392 805,1387 840,1386 848,1395 863,1395 873,1388 891,1387 897,1393 905,1393 913,1386 942,1383 1061,1383 1066,1388 1076,1388 1081,1382 1162,1380 1169,1373 1177,1371 1188,1379 1221,1379 1231,1383 1239,1382 1242,1378 1281,1376 1280,1337 1252,1337 1248,1329 1242,1325 1231,1325 1220,1337 1185,1337 1179,1329 1166,1330 1157,1338 1078,1337 1072,1329 1061,1329 1052,1336 1046,1330 1035,1330 1028,1340 944,1341 925,1341 921,1334 914,1331 898,1336 891,1332 883,1332 876,1342 864,1343 802,1343 796,1335 780,1335 772,1345 762,1345 760,1339 753,1334 740,1335 732,1344 709,1345 690,1344 681,1337 666,1335 613,1340 595,1335"/>
        <Baseline points="239,1386 1281,1366"/>
        <Word id="region0001_line0017_word0000" custom="readingOrder {index:0;}">
          <Coords points="264,1355 322,1354 323,1388 265,1389"/>
          <TextEquiv conf="0.92964494">
            <Unicode>den</Unicode>
          </TextEquiv>
        </Word>
        <Word id="region0001_line0017_word0001" custom="readingOrder {index:1;}">
          <Coords points="339,1350 340,1387 503,1384 502,1347 482,1347 480,1349 397,1351 387,1349"/>
          <TextEquiv conf="0.9095419">
            <Unicode>koͤnnen.</Unicode>
          </TextEquiv>
        </Word>
        <Word id="region0001_line0017_word0002" custom="readingOrder {index:2;}">
          <Coords points="548,1347 618,1346 619,1384 549,1385"/>
          <TextEquiv conf="0.9284888">
            <Unicode>Die</Unicode>
          </TextEquiv>
        </Word>
        <Word id="region0001_line0017_word0003" custom="readingOrder {index:3;}">
          <Coords points="641,1344 642,1389 700,1388 733,1387 733,1387 755,1387 868,1385 867,1343 864,1343 802,1343 801,1341 775,1342 772,1345 762,1345 761,1342 733,1342 732,1344 709,1345 690,1344 689,1343"/>
          <TextEquiv conf="0.921068">
            <Unicode>Unterſuchung</Unicode>
          </TextEquiv>
        </Word>
        <Word id="region0001_line0017_word0004" custom="readingOrder {index:4;}">
          <Coords points="883,1338 920,1338 921,1383 884,1383"/>
          <TextEquiv conf="0.93226576">
            <Unicode>iſt</Unicode>
          </TextEquiv>
        </Word>
        <Word id="region0001_line0017_word0005" custom="readingOrder {index:5;}">
          <Coords points="934,1348 997,1347 998,1372 935,1373"/>
          <TextEquiv conf="0.9320447">
            <Unicode>nun</Unicode>
          </TextEquiv>
        </Word>
        <Word id="region0001_line0017_word0006" custom="readingOrder {index:6;}">
          <Coords points="1030,1336 1028,1340 1013,1340 1014,1379 1093,1377 1092,1337 1078,1337 1076,1335"/>
          <TextEquiv conf="0.92632973">
            <Unicode>nicht</Unicode>
          </TextEquiv>
        </Word>
        <Word id="region0001_line0017_word0007" custom="readingOrder {index:7;}">
          <Coords points="1159,1335 1157,1338 1115,1337 1116,1371 1202,1369 1201,1337 1185,1337 1183,1335"/>
          <TextEquiv conf="0.92457396">
            <Unicode>mehr</Unicode>
          </TextEquiv>
        </Word>
        <Word id="region0001_line0017_word0008" custom="readingOrder {index:8;}">
          <Coords points="1226,1333 1227,1376 1257,1375 1256,1337 1252,1337 1249,1332"/>
          <TextEquiv conf="0.9110555">
            <Unicode>ſo</Unicode>
          </TextEquiv>
        </Word>
        <TextEquiv conf="0.92389035">
          <Unicode>den koͤnnen. Die Unterſuchung iſt nun nicht mehr ſo</Unicode>
        </TextEquiv>
      </TextLine>
      <TextLine id="region0001_line0018" custom="readingOrder {index:4;}">
        <Coords points="1177,1372 1169,1374 1161,1383 1156,1384 1151,1394 1121,1394 1115,1390 1104,1390 1099,1394 1064,1397 994,1396 989,1395 982,1385 973,1386 955,1397 833,1399 827,1394 816,1394 808,1400 801,1392 788,1393 783,1401 773,1403 732,1402 725,1392 714,1392 703,1402 676,1404 593,1404 587,1394 562,1395 553,1405 483,1405 477,1399 466,1400 458,1406 450,1406 442,1398 433,1398 425,1408 323,1410 314,1409 307,1400 239,1402 238,1459 266,1458 272,1463 280,1462 288,1456 311,1460 317,1455 351,1452 381,1454 387,1460 395,1460 403,1454 520,1449 568,1450 576,1458 589,1458 597,1449 621,1448 645,1450 653,1447 742,1445 751,1453 759,1453 767,1446 837,1442 1136,1436 1183,1438 1192,1444 1207,1443 1214,1438 1281,1437 1281,1383 1231,1384 1222,1381 1189,1381"/>
        <Baseline points="238,1448 1281,1427"/>
        <Word id="region0001_line0018_word0000" custom="readingOrder {index:0;}">
          <Coords points="263,1444 399,1441 398,1408 323,1410 314,1409 307,1400 262,1401"/>
          <TextEquiv conf="0.92191607">
            <Unicode>ſchwer;</Unicode>
          </TextEquiv>
        </Word>
        <Word id="region0001_line0018_word0001" custom="readingOrder {index:1;}">
          <Coords points="433,1431 537,1429 536,1405 483,1405 477,1399 466,1400 458,1406 450,1406 442,1398 433,1398 432,1399"/>
          <TextEquiv conf="0.92726016">
            <Unicode>indem</Unicode>
          </TextEquiv>
        </Word>
        <Word id="region0001_line0018_word0002" custom="readingOrder {index:2;}">
          <Coords points="562,1439 610,1438 609,1404 593,1404 587,1394 562,1395 561,1396"/>
          <TextEquiv conf="0.92007643">
            <Unicode>ihr</Unicode>
          </TextEquiv>
        </Word>
        <Word id="region0001_line0018_word0003" custom="readingOrder {index:3;}">
          <Coords points="632,1430 691,1429 690,1402 676,1404 631,1404"/>
          <TextEquiv conf="0.9245605">
            <Unicode>nur</Unicode>
          </TextEquiv>
        </Word>
        <Word id="region0001_line0018_word0004" custom="readingOrder {index:4;}">
          <Coords points="714,1434 767,1433 766,1402 732,1402 725,1392 714,1392 713,1392"/>
          <TextEquiv conf="0.93040055">
            <Unicode>bey</Unicode>
          </TextEquiv>
        </Word>
        <Word id="region0001_line0018_word0005" custom="readingOrder {index:5;}">
          <Coords points="792,1424 889,1422 888,1398 833,1399 827,1394 816,1394 808,1400 801,1392 791,1392"/>
          <TextEquiv conf="0.6714219">
            <Unicode>iedem</Unicode>
          </TextEquiv>
        </Word>
        <Word id="region0001_line0018_word0006" custom="readingOrder {index:6;}">
          <Coords points="910,1423 1164,1418 1163,1380 1161,1383 1156,1384 1151,1394 1121,1394 1115,1390 1104,1390 1099,1394 1064,1397 994,1396 989,1395 982,1385 973,1386 955,1397 909,1397"/>
          <TextEquiv conf="0.5864823">
            <Unicode>vorkommenden</Unicode>
          </TextEquiv>
        </Word>
        <Word id="region0001_line0018_word0007" custom="readingOrder {index:7;}">
          <Coords points="1186,1379 1187,1425 1261,1424 1260,1383 1231,1384 1222,1381 1189,1381 1186,1379"/>
          <TextEquiv conf="0.9280214">
            <Unicode>Fall</Unicode>
          </TextEquiv>
        </Word>
        <TextEquiv conf="0.8512674">
          <Unicode>ſchwer; indem ihr nur bey iedem vorkommenden Fall</Unicode>
        </TextEquiv>
      </TextLine>
      <TextLine id="region0001_line0019" custom="readingOrder {index:5;}">
        <Coords points="366,1455 350,1459 337,1457 330,1467 238,1471 238,1522 269,1521 283,1523 296,1512 314,1511 343,1510 350,1519 358,1519 364,1513 374,1510 402,1509 414,1519 425,1519 434,1509 444,1509 451,1516 461,1516 467,1509 485,1508 488,1512 504,1512 507,1508 544,1507 549,1515 561,1516 567,1507 574,1506 639,1504 665,1506 670,1513 680,1513 686,1507 697,1507 702,1511 712,1507 765,1502 834,1502 850,1508 863,1502 932,1497 1020,1500 1027,1507 1041,1506 1047,1499 1139,1495 1144,1504 1158,1506 1164,1504 1168,1496 1245,1493 1277,1491 1281,1488 1280,1453 1231,1450 1229,1442 1225,1439 1216,1439 1203,1450 1179,1452 1160,1452 1156,1445 1146,1444 1139,1439 1126,1443 1121,1453 1045,1452 1039,1443 1026,1445 1011,1452 1005,1446 992,1446 985,1442 976,1443 961,1455 909,1454 904,1449 895,1449 888,1454 800,1458 786,1457 784,1450 778,1446 769,1447 755,1458 700,1458 688,1451 675,1453 667,1460 658,1460 651,1450 636,1451 629,1458 624,1454 612,1454 604,1461 581,1462 577,1462 568,1452 554,1452 549,1455 534,1452 524,1463 481,1462 470,1455 456,1454 446,1463 431,1464 426,1455 416,1455 408,1458 401,1466 387,1467 386,1460 381,1455"/>
        <Baseline points="238,1507 1281,1481"/>
        <Word id="region0001_line0019_word0000" custom="readingOrder {index:0;}">
          <Coords points="331,1464 330,1467 267,1469 268,1515 293,1514 296,1512 314,1511 343,1510 345,1513 364,1512 374,1510 402,1509 405,1511 432,1511 434,1509 444,1509 445,1510 465,1510 467,1509 478,1508 478,1461 447,1461 446,1463 431,1464 429,1462 403,1462 401,1466 387,1467 386,1463"/>
          <TextEquiv conf="0.9185417">
            <Unicode>gewiſſenhaft</Unicode>
          </TextEquiv>
        </Word>
        <Word id="region0001_line0019_word0001" custom="readingOrder {index:1;}">
          <Coords points="525,1461 524,1463 491,1462 492,1509 506,1509 507,1508 544,1507 545,1508 567,1508 567,1507 574,1506 601,1505 600,1461 581,1462 577,1462 576,1460"/>
          <TextEquiv conf="0.56597865">
            <Unicode>pruͤfen</Unicode>
          </TextEquiv>
        </Word>
        <Word id="region0001_line0019_word0002" custom="readingOrder {index:2;}">
          <Coords points="613,1460 614,1505 639,1504 665,1506 665,1506 717,1505 716,1458 668,1459 667,1460 658,1460 657,1459"/>
          <TextEquiv conf="0.79810494">
            <Unicode>duͤrft,</Unicode>
          </TextEquiv>
        </Word>
        <Word id="region0001_line0019_word0003" custom="readingOrder {index:3;}">
          <Coords points="746,1494 784,1493 783,1454 759,1454 755,1458 745,1458"/>
          <TextEquiv conf="0.9274001">
            <Unicode>ob</Unicode>
          </TextEquiv>
        </Word>
        <Word id="region0001_line0019_word0004" custom="readingOrder {index:4;}">
          <Coords points="798,1467 829,1466 830,1491 799,1492"/>
          <TextEquiv conf="0.92294174">
            <Unicode>er</Unicode>
          </TextEquiv>
        </Word>
        <Word id="region0001_line0019_word0005" custom="readingOrder {index:5;}">
          <Coords points="878,1466 841,1466 842,1502 875,1501 878,1500"/>
          <TextEquiv conf="0.9283153">
            <Unicode>zu</Unicode>
          </TextEquiv>
        </Word>
        <Word id="region0001_line0019_word0006" custom="readingOrder {index:6;}">
          <Coords points="895,1457 950,1456 951,1490 896,1491"/>
          <TextEquiv conf="0.9316139">
            <Unicode>den</Unicode>
          </TextEquiv>
        </Word>
        <Word id="region0001_line0019_word0007" custom="readingOrder {index:7;}">
          <Coords points="972,1452 972,1498 1003,1499 1063,1498 1077,1497 1077,1452 1045,1452 1044,1450 1012,1451 1011,1452 1010,1451"/>
          <TextEquiv conf="0.92474484">
            <Unicode>bisher</Unicode>
          </TextEquiv>
        </Word>
        <Word id="region0001_line0019_word0008" custom="readingOrder {index:8;}">
          <Coords points="1124,1448 1121,1453 1102,1453 1103,1497 1139,1495 1140,1497 1168,1497 1168,1496 1196,1495 1195,1451 1179,1452 1160,1452 1157,1447"/>
          <TextEquiv conf="0.92095923">
            <Unicode>naͤher</Unicode>
          </TextEquiv>
        </Word>
        <Word id="region0001_line0019_word0009" custom="readingOrder {index:9;}">
          <Coords points="1212,1447 1213,1485 1261,1484 1260,1451 1231,1450 1230,1446"/>
          <TextEquiv>
            <Unicode>be⸗</Unicode>
          </TextEquiv>
        </Word>
        <TextEquiv>
          <Unicode>gewiſſenhaft pruͤfen duͤrft, ob er zu den bisher naͤher be⸗</Unicode>
        </TextEquiv>
      </TextLine>
      <TextLine id="region0001_line0020" custom="readingOrder {index:6;}">
        <Coords points="514,1510 507,1514 487,1513 478,1521 460,1523 456,1523 449,1515 440,1515 434,1522 412,1520 347,1524 341,1515 328,1514 319,1523 313,1517 303,1517 297,1526 239,1528 239,1579 282,1579 289,1574 307,1570 329,1568 335,1573 343,1573 349,1568 367,1567 377,1566 386,1570 397,1566 431,1566 464,1572 472,1566 477,1565 501,1575 515,1565 549,1565 562,1569 568,1565 609,1562 716,1561 730,1561 736,1567 747,1567 753,1561 884,1559 917,1556 1023,1554 1094,1557 1098,1554 1139,1551 1280,1550 1281,1540 1280,1507 1224,1507 1219,1502 1208,1502 1202,1507 1118,1512 1095,1510 1088,1501 1079,1502 1069,1511 1049,1512 968,1510 963,1505 952,1505 946,1510 902,1513 895,1505 878,1504 862,1504 850,1509 836,1505 804,1506 776,1514 752,1515 744,1506 733,1506 724,1513 720,1508 712,1508 703,1511 701,1516 696,1518 635,1516 629,1510 618,1511 611,1517 560,1522 536,1521 526,1510"/>
        <Baseline points="239,1566 377,1555 1281,1539"/>
        <Word id="region0001_line0020_word0000" custom="readingOrder {index:0;}">
          <Coords points="300,1521 297,1526 263,1527 264,1569 372,1567 377,1566 378,1566 438,1565 437,1518 434,1522 412,1520 347,1524 344,1520 321,1521 319,1523 317,1521"/>
          <TextEquiv conf="0.91104263">
            <Unicode>zeichneten</Unicode>
          </TextEquiv>
        </Word>
        <Word id="region0001_line0020_word0001" custom="readingOrder {index:1;}">
          <Coords points="444,1518 445,1566 474,1565 477,1565 478,1565 570,1564 569,1521 560,1522 536,1521 531,1516 482,1517 478,1521 460,1523 456,1523 451,1517"/>
          <TextEquiv conf="0.9142873">
            <Unicode>gehoͤre,</Unicode>
          </TextEquiv>
        </Word>
        <Word id="region0001_line0020_word0002" custom="readingOrder {index:2;}">
          <Coords points="601,1517 599,1518 600,1552 671,1551 670,1517 666,1517"/>
          <TextEquiv conf="0.91980225">
            <Unicode>oder</Unicode>
          </TextEquiv>
        </Word>
        <Word id="region0001_line0020_word0003" custom="readingOrder {index:3;}">
          <Coords points="701,1515 701,1516 696,1518 683,1518 684,1559 777,1558 776,1514 752,1515 751,1514"/>
          <TextEquiv conf="0.922505">
            <Unicode>nicht.</Unicode>
          </TextEquiv>
        </Word>
        <Word id="region0001_line0020_word0004" custom="readingOrder {index:4;}">
          <Coords points="834,1513 835,1551 943,1549 942,1511 927,1511 902,1513 900,1511"/>
          <TextEquiv conf="0.93228114">
            <Unicode>Wenn</Unicode>
          </TextEquiv>
        </Word>
        <Word id="region0001_line0020_word0005" custom="readingOrder {index:5;}">
          <Coords points="953,1511 954,1550 1097,1547 1096,1510 1095,1510 1093,1508 1071,1508 1069,1511 1049,1512 983,1510"/>
          <TextEquiv conf="0.93025833">
            <Unicode>demnach</Unicode>
          </TextEquiv>
        </Word>
        <Word id="region0001_line0020_word0006" custom="readingOrder {index:6;}">
          <Coords points="1110,1517 1179,1516 1179,1541 1110,1542"/>
          <TextEquiv conf="0.89647985">
            <Unicode>eure</Unicode>
          </TextEquiv>
        </Word>
        <Word id="region0001_line0020_word0007" custom="readingOrder {index:7;}">
          <Coords points="1191,1508 1262,1507 1263,1540 1192,1541"/>
          <TextEquiv conf="0.9318188">
            <Unicode>oder</Unicode>
          </TextEquiv>
        </Word>
        <TextEquiv conf="0.9198094">
          <Unicode>zeichneten gehoͤre, oder nicht. Wenn demnach eure oder</Unicode>
        </TextEquiv>
      </TextLine>
      <TextLine id="region0001_line0021" custom="readingOrder {index:7;}">
        <Coords points="324,1570 319,1571 309,1583 239,1584 239,1625 428,1623 447,1624 453,1630 480,1625 479,1617 482,1614 492,1615 500,1623 594,1619 602,1627 613,1626 616,1619 623,1619 631,1626 639,1626 647,1618 679,1616 783,1616 790,1622 800,1622 806,1616 988,1611 995,1612 1005,1622 1016,1622 1024,1614 1032,1613 1044,1621 1055,1621 1062,1612 1082,1609 1118,1611 1121,1615 1140,1617 1150,1610 1170,1609 1234,1609 1244,1614 1280,1611 1280,1562 1211,1561 1172,1566 1103,1566 1093,1564 1083,1557 1072,1559 1069,1567 1059,1566 1053,1559 1040,1559 1029,1567 1023,1567 1018,1558 1008,1557 993,1567 943,1569 937,1563 926,1560 899,1560 885,1564 882,1571 857,1573 853,1566 847,1562 837,1562 830,1572 824,1573 807,1572 800,1562 786,1562 776,1572 764,1573 730,1570 724,1567 694,1570 681,1564 671,1565 663,1571 646,1573 639,1563 625,1567 608,1564 600,1569 578,1565 568,1566 561,1570 548,1566 529,1569 519,1577 501,1576 477,1566 472,1567 466,1573 431,1567 396,1568 387,1571 356,1569 348,1578 337,1579 333,1572"/>
        <Baseline points="239,1615 1280,1601"/>
        <Word id="region0001_line0021_word0000" custom="readingOrder {index:0;}">
          <Coords points="269,1620 363,1618 363,1579 311,1580 309,1583 269,1583"/>
          <TextEquiv conf="0.913707">
            <Unicode>eures</Unicode>
          </TextEquiv>
        </Word>
        <Word id="region0001_line0021_word0001" custom="readingOrder {index:1;}">
          <Coords points="371,1578 372,1624 428,1623 447,1624 447,1624 480,1623 479,1617 482,1614 492,1615 500,1623 511,1623 532,1622 531,1574 522,1574 519,1577 501,1576 498,1575"/>
          <TextEquiv>
            <Unicode>Naͤchſten</Unicode>
          </TextEquiv>
        </Word>
        <Word id="region0001_line0021_word0002" custom="readingOrder {index:2;}">
          <Coords points="699,1572 548,1575 548,1621 594,1619 595,1620 616,1620 616,1619 623,1619 624,1619 646,1619 647,1618 679,1616 699,1616"/>
          <TextEquiv conf="0.92303693">
            <Unicode>Unſchuld</Unicode>
          </TextEquiv>
        </Word>
        <Word id="region0001_line0021_word0003" custom="readingOrder {index:3;}">
          <Coords points="714,1573 714,1616 804,1614 804,1571 776,1572 776,1572 764,1573 754,1572"/>
          <TextEquiv conf="0.928609">
            <Unicode>durch</Unicode>
          </TextEquiv>
        </Word>
        <Word id="region0001_line0021_word0004" custom="readingOrder {index:4;}">
          <Coords points="830,1572 830,1572 824,1573 820,1573 820,1608 885,1606 885,1570 882,1570 882,1571 857,1573 856,1571"/>
          <TextEquiv conf="0.92450964">
            <Unicode>eine</Unicode>
          </TextEquiv>
        </Word>
        <Word id="region0001_line0021_word0005" custom="readingOrder {index:5;}">
          <Coords points="899,1567 899,1613 988,1611 995,1612 996,1613 1063,1611 1082,1609 1099,1609 1099,1565 1093,1564 1091,1563 1070,1563 1069,1567 1059,1566 1057,1563 1032,1564 1029,1567 1023,1567 1021,1564 995,1565 993,1567 943,1569 940,1566"/>
          <TextEquiv conf="0.92936754">
            <Unicode>Unwahrheit</Unicode>
          </TextEquiv>
        </Word>
        <Word id="region0001_line0021_word0006" custom="readingOrder {index:6;}">
          <Coords points="1125,1570 1260,1567 1260,1605 1125,1608"/>
          <TextEquiv conf="0.92833877">
            <Unicode>gerettet,</Unicode>
          </TextEquiv>
        </Word>
        <TextEquiv>
          <Unicode>eures Naͤchſten Unſchuld durch eine Unwahrheit gerettet,</Unicode>
        </TextEquiv>
      </TextLine>
      <TextLine id="region0001_line0022" custom="readingOrder {index:8;}">
        <Coords points="482,1615 483,1623 480,1626 469,1629 462,1635 399,1637 393,1628 380,1627 373,1638 307,1639 301,1633 292,1633 286,1639 239,1641 239,1683 528,1677 547,1678 561,1687 582,1677 602,1676 683,1675 695,1679 718,1676 727,1680 742,1674 797,1671 833,1672 838,1680 849,1682 861,1672 878,1671 912,1672 919,1678 933,1678 945,1671 981,1669 1182,1666 1221,1659 1280,1658 1281,1626 1232,1627 1190,1621 1176,1623 1171,1619 1144,1623 1139,1617 1117,1613 1106,1613 1094,1621 1082,1623 1045,1623 1036,1617 1028,1618 1021,1624 926,1626 918,1618 909,1618 902,1625 886,1617 878,1618 871,1626 861,1626 856,1619 844,1618 827,1627 740,1630 734,1619 724,1619 709,1631 692,1631 682,1618 647,1619 639,1631 619,1632 614,1628 606,1628 599,1632 560,1634 544,1633 538,1627 526,1628 521,1633 504,1633 492,1616"/>
        <Baseline points="239,1674 1280,1649"/>
        <Word id="region0001_line0022_word0000" custom="readingOrder {index:0;}">
          <Coords points="273,1666 344,1664 344,1638 307,1639 301,1633 292,1633 286,1639 273,1639"/>
          <TextEquiv conf="0.9250233">
            <Unicode>oder</Unicode>
          </TextEquiv>
        </Word>
        <Word id="region0001_line0022_word0001" custom="readingOrder {index:1;}">
          <Coords points="364,1663 430,1661 430,1636 399,1637 393,1628 380,1627 373,1638 364,1638"/>
          <TextEquiv conf="0.92856">
            <Unicode>eine</Unicode>
          </TextEquiv>
        </Word>
        <Word id="region0001_line0022_word0002" custom="readingOrder {index:2;}">
          <Coords points="482,1618 483,1623 480,1626 469,1629 462,1635 445,1636 446,1661 539,1659 538,1627 538,1627 526,1628 521,1633 504,1633 493,1618"/>
          <TextEquiv conf="0.8920082">
            <Unicode>andre</Unicode>
          </TextEquiv>
        </Word>
        <Word id="region0001_line0022_word0003" custom="readingOrder {index:3;}">
          <Coords points="555,1669 627,1668 627,1631 619,1632 614,1628 606,1628 599,1632 560,1634 555,1633"/>
          <TextEquiv conf="0.9297588">
            <Unicode>gute</Unicode>
          </TextEquiv>
        </Word>
        <Word id="region0001_line0022_word0004" custom="readingOrder {index:4;}">
          <Coords points="643,1663 756,1661 755,1629 740,1630 734,1619 724,1619 709,1631 692,1631 682,1618 647,1619 642,1626"/>
          <TextEquiv conf="0.92785">
            <Unicode>Sache</Unicode>
          </TextEquiv>
        </Word>
        <Word id="region0001_line0022_word0005" custom="readingOrder {index:5;}">
          <Coords points="771,1666 954,1662 953,1625 926,1626 918,1618 909,1618 902,1625 886,1617 878,1618 871,1626 861,1626 856,1619 844,1618 827,1627 770,1628"/>
          <TextEquiv conf="0.9172601">
            <Unicode>vertheidigt</Unicode>
          </TextEquiv>
        </Word>
        <Word id="region0001_line0022_word0006" custom="readingOrder {index:6;}">
          <Coords points="967,1652 1085,1649 1084,1622 1082,1623 1045,1623 1036,1617 1028,1618 1021,1624 966,1625"/>
          <TextEquiv conf="0.9288478">
            <Unicode>werden</Unicode>
          </TextEquiv>
        </Word>
        <Word id="region0001_line0022_word0007" custom="readingOrder {index:7;}">
          <Coords points="1102,1649 1190,1657 1189,1635 1190,1621 1176,1623 1171,1619 1144,1623 1139,1617 1117,1613 1106,1613 1101,1616"/>
          <TextEquiv conf="0.91371536">
            <Unicode>koͤnte</Unicode>
          </TextEquiv>
        </Word>
        <Word id="region0001_line0022_word0008" custom="readingOrder {index:8;}">
          <Coords points="1211,1632 1264,1632 1261,1652 1211,1649"/>
          <TextEquiv conf="0.92328">
            <Unicode>—</Unicode>
          </TextEquiv>
        </Word>
        <TextEquiv conf="0.92070043">
          <Unicode>oder eine andre gute Sache vertheidigt werden koͤnte —</Unicode>
        </TextEquiv>
      </TextLine>
      <TextLine id="region0001_line0023" custom="readingOrder {index:9;}">
        <Coords points="820,1674 813,1678 738,1677 713,1686 693,1688 587,1690 585,1683 580,1679 562,1687 560,1691 538,1691 532,1681 518,1682 510,1692 428,1693 420,1683 411,1683 404,1691 395,1683 381,1683 369,1692 349,1694 239,1698 239,1740 513,1734 542,1736 546,1741 575,1739 598,1741 609,1735 642,1731 984,1724 1049,1725 1054,1730 1065,1730 1071,1725 1091,1723 1235,1719 1239,1722 1248,1722 1252,1719 1281,1718 1280,1681 1232,1678 1226,1671 1217,1671 1207,1678 1200,1678 1194,1670 1182,1670 1175,1680 1098,1678 1093,1673 1065,1678 1060,1673 1050,1673 1041,1679 1031,1681 993,1679 988,1674 979,1675 972,1680 953,1680 948,1676 939,1676 928,1682 891,1683 884,1676 861,1673 848,1684 837,1684 832,1674"/>
        <Baseline points="239,1730 1280,1709"/>
        <Word id="region0001_line0023_word0000" custom="readingOrder {index:0;}">
          <Coords points="274,1703 363,1701 364,1728 275,1730"/>
          <TextEquiv conf="0.9304006">
            <Unicode>wenn</Unicode>
          </TextEquiv>
        </Word>
        <Word id="region0001_line0023_word0001" custom="readingOrder {index:1;}">
          <Coords points="379,1685 369,1692 368,1692 369,1737 478,1735 477,1692 428,1693 421,1684 410,1684 404,1691 397,1684"/>
          <TextEquiv conf="0.927643">
            <Unicode>keinem</Unicode>
          </TextEquiv>
        </Word>
        <Word id="region0001_line0023_word0002" custom="readingOrder {index:2;}">
          <Coords points="515,1685 510,1692 494,1692 495,1733 635,1730 634,1689 587,1690 585,1684 567,1684 562,1687 560,1691 538,1691 534,1685"/>
          <TextEquiv conf="0.9298927">
            <Unicode>einzigen</Unicode>
          </TextEquiv>
        </Word>
        <Word id="region0001_line0023_word0003" custom="readingOrder {index:3;}">
          <Coords points="649,1695 734,1693 734,1720 650,1722"/>
          <TextEquiv conf="0.92184585">
            <Unicode>eurer</Unicode>
          </TextEquiv>
        </Word>
        <Word id="region0001_line0023_word0004" custom="readingOrder {index:4;}">
          <Coords points="742,1683 743,1722 925,1719 925,1682 891,1683 888,1680 851,1681 848,1684 837,1684 835,1681"/>
          <TextEquiv conf="0.92783827">
            <Unicode>Mitbruͤder</Unicode>
          </TextEquiv>
        </Word>
        <Word id="region0001_line0023_word0005" custom="readingOrder {index:5;}">
          <Coords points="938,1681 939,1721 1069,1719 1068,1679 1038,1679 1031,1681 1009,1679"/>
          <TextEquiv conf="0.89798576">
            <Unicode>dadurch</Unicode>
          </TextEquiv>
        </Word>
        <Word id="region0001_line0023_word0006" custom="readingOrder {index:6;}">
          <Coords points="1082,1680 1133,1679 1133,1712 1082,1714"/>
          <TextEquiv conf="0.92535454">
            <Unicode>der</Unicode>
          </TextEquiv>
        </Word>
        <Word id="region0001_line0023_word0007" custom="readingOrder {index:7;}">
          <Coords points="1178,1675 1175,1680 1147,1679 1147,1712 1264,1710 1264,1680 1232,1678 1229,1674 1211,1674 1207,1678 1200,1678 1197,1675"/>
          <TextEquiv>
            <Unicode>minde⸗</Unicode>
          </TextEquiv>
        </Word>
        <TextEquiv>
          <Unicode>wenn keinem einzigen eurer Mitbruͤder dadurch der minde⸗</Unicode>
        </TextEquiv>
      </TextLine>
      <TextLine id="region0001_line0024" custom="readingOrder {index:10;}">
        <Coords points="316,1741 311,1745 239,1747 239,1802 270,1801 275,1806 285,1805 296,1798 390,1796 404,1801 411,1796 456,1793 472,1794 477,1801 484,1801 498,1799 503,1793 567,1791 584,1791 588,1794 600,1793 605,1797 614,1797 619,1792 628,1796 648,1791 654,1798 665,1800 669,1799 676,1789 681,1787 879,1784 902,1782 913,1774 919,1774 928,1782 1058,1781 1064,1782 1073,1790 1088,1789 1097,1781 1126,1782 1132,1788 1140,1787 1146,1781 1154,1781 1160,1787 1168,1787 1176,1781 1281,1776 1281,1740 1257,1738 1255,1731 1248,1726 1230,1727 1219,1737 1209,1737 1202,1728 1192,1728 1185,1736 1178,1737 1173,1735 1172,1729 1168,1726 1153,1729 1135,1726 1124,1737 1108,1738 1008,1740 997,1739 991,1730 980,1732 974,1740 927,1739 921,1731 909,1731 897,1739 864,1741 857,1731 849,1731 836,1741 829,1734 817,1732 809,1743 725,1744 719,1738 707,1738 700,1744 682,1745 677,1736 663,1734 657,1736 649,1746 631,1746 624,1736 609,1736 603,1738 599,1744 592,1740 576,1741 571,1746 569,1741 554,1741 546,1742 543,1748 480,1749 446,1748 439,1742 429,1742 422,1749 408,1749 402,1741"/>
        <Baseline points="239,1790 911,1775 920,1775 1281,1767"/>
        <Word id="region0001_line0024_word0000" custom="readingOrder {index:0;}">
          <Coords points="273,1754 315,1753 316,1797 274,1798"/>
          <TextEquiv conf="0.9296199">
            <Unicode>ſte</Unicode>
          </TextEquiv>
        </Word>
        <Word id="region0001_line0024_word0001" custom="readingOrder {index:1;}">
          <Coords points="335,1750 336,1793 467,1791 466,1749 453,1748 422,1749 422,1749 408,1749 408,1749"/>
          <TextEquiv conf="0.9280328">
            <Unicode>Schade</Unicode>
          </TextEquiv>
        </Word>
        <Word id="region0001_line0024_word0002" custom="readingOrder {index:2;}">
          <Coords points="545,1744 543,1748 481,1749 482,1794 502,1794 503,1793 567,1791 584,1791 585,1792 642,1791 641,1746 631,1746 628,1742 600,1743 599,1744 597,1743 574,1743 571,1746 570,1743"/>
          <TextEquiv conf="0.9250316">
            <Unicode>zuwuͤchſe,</Unicode>
          </TextEquiv>
        </Word>
        <Word id="region0001_line0024_word0003" custom="readingOrder {index:3;}">
          <Coords points="655,1742 656,1791 674,1790 676,1789 681,1787 779,1785 779,1743 725,1744 721,1740 703,1741 700,1744 682,1745 680,1741"/>
          <TextEquiv>
            <Unicode>ſondern</Unicode>
          </TextEquiv>
        </Word>
        <Word id="region0001_line0024_word0004" custom="readingOrder {index:4;}">
          <Coords points="811,1741 809,1743 794,1743 795,1777 912,1775 913,1774 919,1774 920,1774 943,1774 942,1739 927,1739 926,1738 897,1739 897,1739 864,1741 863,1740 837,1740 836,1741 835,1740"/>
          <TextEquiv conf="0.92057204">
            <Unicode>vielmehr</Unicode>
          </TextEquiv>
        </Word>
        <Word id="region0001_line0024_word0005" custom="readingOrder {index:5;}">
          <Coords points="975,1739 974,1740 965,1740 966,1773 1014,1772 1013,1740 1008,1740 997,1739 997,1738"/>
          <TextEquiv conf="0.9223076">
            <Unicode>ein</Unicode>
          </TextEquiv>
        </Word>
        <Word id="region0001_line0024_word0006" custom="readingOrder {index:6;}">
          <Coords points="1127,1733 1124,1737 1108,1738 1029,1739 1030,1781 1264,1776 1263,1738 1257,1738 1255,1731 1224,1731 1219,1737 1209,1737 1205,1732 1187,1732 1185,1736 1178,1737 1173,1735 1172,1732"/>
          <TextEquiv>
            <Unicode>augenſcheinli⸗</Unicode>
          </TextEquiv>
        </Word>
        <TextEquiv>
          <Unicode>ſte Schade zuwuͤchſe, ſondern vielmehr ein augenſcheinli⸗</Unicode>
        </TextEquiv>
      </TextLine>
      <TextLine id="region0001_line0025" custom="readingOrder {index:11;}">
        <Coords points="913,1775 901,1786 855,1787 846,1790 841,1797 823,1800 782,1799 775,1793 764,1793 756,1800 739,1800 732,1790 717,1791 707,1801 703,1801 696,1800 694,1793 689,1789 680,1790 665,1801 607,1802 601,1796 593,1796 584,1802 518,1807 503,1807 499,1799 481,1802 479,1806 424,1809 407,1809 405,1802 393,1799 379,1809 307,1810 301,1803 289,1803 280,1810 238,1811 239,1850 260,1853 266,1849 279,1847 285,1854 296,1858 311,1854 391,1852 403,1861 417,1860 425,1852 485,1848 706,1844 720,1852 729,1844 1012,1838 1041,1833 1098,1837 1281,1836 1281,1793 1253,1791 1246,1783 1237,1783 1230,1791 1224,1787 1214,1787 1209,1791 1169,1795 1090,1795 1037,1801 1031,1801 1023,1793 1005,1793 999,1787 975,1787 969,1794 935,1795 927,1789 928,1783 924,1779 919,1775"/>
        <Baseline points="912,1775 919,1775"/>
        <Word id="region0001_line0025_word0000" custom="readingOrder {index:0;}">
          <Coords points="276,1838 342,1836 341,1809 307,1810 301,1803 289,1803 280,1810 275,1810"/>
          <TextEquiv conf="0.9192621">
            <Unicode>cher</Unicode>
          </TextEquiv>
        </Word>
        <Word id="region0001_line0025_word0001" custom="readingOrder {index:1;}">
          <Coords points="369,1839 551,1835 550,1804 518,1807 503,1807 499,1799 481,1802 479,1806 424,1809 407,1809 405,1802 393,1799 379,1809 368,1809"/>
          <TextEquiv conf="0.92219865">
            <Unicode>algemeiner</Unicode>
          </TextEquiv>
        </Word>
        <Word id="region0001_line0025_word0002" custom="readingOrder {index:2;}">
          <Coords points="575,1826 644,1824 643,1801 607,1802 601,1796 593,1796 584,1802 574,1802"/>
          <TextEquiv conf="0.93011194">
            <Unicode>oder</Unicode>
          </TextEquiv>
        </Word>
        <Word id="region0001_line0025_word0003" custom="readingOrder {index:3;}">
          <Coords points="677,1832 848,1828 847,1789 846,1790 841,1797 823,1800 782,1799 775,1793 764,1793 756,1800 739,1800 732,1790 717,1791 707,1801 703,1801 696,1800 694,1793 689,1789 680,1790 676,1792"/>
          <TextEquiv conf="0.913308">
            <Unicode>beſonderer</Unicode>
          </TextEquiv>
        </Word>
        <Word id="region0001_line0025_word0004" custom="readingOrder {index:4;}">
          <Coords points="904,1783 901,1786 869,1787 870,1822 997,1819 997,1787 975,1787 969,1794 935,1795 927,1789 928,1783 928,1783"/>
          <TextEquiv conf="0.9198785">
            <Unicode>Vorteil</Unicode>
          </TextEquiv>
        </Word>
        <Word id="region0001_line0025_word0005" custom="readingOrder {index:5;}">
          <Coords points="1024,1802 1079,1801 1079,1809 1024,1810"/>
          <TextEquiv conf="0.92888504">
            <Unicode>—</Unicode>
          </TextEquiv>
        </Word>
        <Word id="region0001_line0025_word0006" custom="readingOrder {index:6;}">
          <Coords points="1103,1815 1189,1813 1189,1793 1169,1795 1103,1795"/>
          <TextEquiv conf="0.92972964">
            <Unicode>wenn</Unicode>
          </TextEquiv>
        </Word>
        <Word id="region0001_line0025_word0007" custom="readingOrder {index:7;}">
          <Coords points="1215,1813 1265,1812 1265,1791 1253,1791 1246,1783 1237,1783 1230,1791 1224,1787 1215,1787"/>
          <TextEquiv conf="0.9328654">
            <Unicode>die</Unicode>
          </TextEquiv>
        </Word>
        <TextEquiv conf="0.9245299">
          <Unicode>cher algemeiner oder beſonderer Vorteil — wenn die</Unicode>
        </TextEquiv>
      </TextLine>
      <TextLine id="region0001_line0026" custom="readingOrder {index:12;}">
        <Coords points="270,1849 260,1854 239,1851 238,1912 352,1911 358,1917 366,1917 373,1911 380,1909 461,1906 478,1907 484,1916 494,1916 500,1907 510,1906 538,1905 544,1912 552,1912 560,1905 659,1904 669,1913 686,1912 693,1902 707,1901 757,1901 764,1906 772,1906 779,1901 878,1898 912,1899 923,1904 933,1904 938,1899 994,1896 1002,1897 1009,1906 1017,1906 1028,1898 1052,1898 1060,1905 1072,1905 1079,1898 1118,1894 1281,1893 1280,1851 1207,1848 1202,1844 1194,1844 1188,1848 1132,1852 1078,1851 1073,1843 1061,1842 1044,1843 1038,1850 1027,1845 1015,1845 1006,1850 966,1847 915,1854 909,1844 899,1843 886,1855 840,1854 829,1853 823,1847 812,1847 803,1852 793,1845 785,1845 776,1852 770,1847 761,1847 752,1853 743,1847 726,1849 720,1853 703,1847 689,1857 679,1849 624,1847 598,1849 589,1859 582,1860 558,1860 554,1852 542,1851 533,1857 528,1854 518,1854 510,1860 503,1853 489,1853 479,1862 466,1864 372,1866 366,1857 355,1856 344,1866 335,1866 328,1856 309,1856 296,1859 285,1855 279,1848"/>
        <Baseline points="238,1901 1281,1884"/>
        <Word id="region0001_line0026_word0000" custom="readingOrder {index:0;}">
          <Coords points="272,1848 270,1849 260,1853 261,1910 389,1907 388,1865 372,1866 366,1857 355,1856 344,1866 335,1866 328,1856 309,1856 296,1859 285,1855 279,1848"/>
          <TextEquiv conf="0.85222566">
            <Unicode>Sache</Unicode>
          </TextEquiv>
        </Word>
        <Word id="region0001_line0026_word0001" custom="readingOrder {index:1;}">
          <Coords points="403,1867 463,1866 464,1894 404,1895"/>
          <TextEquiv conf="0.9319526">
            <Unicode>von</Unicode>
          </TextEquiv>
        </Word>
        <Word id="region0001_line0026_word0002" custom="readingOrder {index:2;}">
          <Coords points="485,1855 484,1857 485,1903 592,1901 591,1856 589,1859 582,1860 558,1860 555,1854 535,1855 533,1857 529,1855 516,1855 510,1860 505,1855"/>
          <TextEquiv conf="0.9243977">
            <Unicode>ſolcher</Unicode>
          </TextEquiv>
        </Word>
        <Word id="region0001_line0026_word0003" custom="readingOrder {index:3;}">
          <Coords points="616,1852 617,1902 838,1897 837,1853 829,1853 823,1847 810,1847 803,1852 797,1847 780,1848 776,1852 771,1848 758,1848 752,1853 746,1849 725,1849 720,1853 711,1849 698,1850 689,1857 680,1850"/>
          <TextEquiv conf="0.9223624">
            <Unicode>Erheblichkeit</Unicode>
          </TextEquiv>
        </Word>
        <Word id="region0001_line0026_word0004" custom="readingOrder {index:4;}">
          <Coords points="894,1847 886,1855 860,1854 861,1892 938,1890 937,1850 915,1854 910,1846"/>
          <TextEquiv conf="0.93236715">
            <Unicode>waͤr,</Unicode>
          </TextEquiv>
        </Word>
        <Word id="region0001_line0026_word0005" custom="readingOrder {index:5;}">
          <Coords points="967,1849 968,1893 1030,1892 1029,1848 1009,1848 1006,1850 988,1848"/>
          <TextEquiv conf="0.9316379">
            <Unicode>daß</Unicode>
          </TextEquiv>
        </Word>
        <Word id="region0001_line0026_word0006" custom="readingOrder {index:6;}">
          <Coords points="1046,1844 1047,1890 1093,1889 1092,1851 1078,1851 1073,1843"/>
          <TextEquiv conf="0.9214283">
            <Unicode>ihr</Unicode>
          </TextEquiv>
        </Word>
        <Word id="region0001_line0026_word0007" custom="readingOrder {index:7;}">
          <Coords points="1116,1853 1171,1852 1172,1879 1117,1880"/>
          <TextEquiv conf="0.92932373">
            <Unicode>vor</Unicode>
          </TextEquiv>
        </Word>
        <Word id="region0001_line0026_word0008" custom="readingOrder {index:8;}">
          <Coords points="1194,1845 1195,1879 1266,1878 1265,1850 1207,1848 1203,1844"/>
          <TextEquiv conf="0.9312115">
            <Unicode>dem</Unicode>
          </TextEquiv>
        </Word>
        <TextEquiv conf="0.91965634">
          <Unicode>Sache von ſolcher Erheblichkeit waͤr, daß ihr vor dem</Unicode>
        </TextEquiv>
      </TextLine>
      <TextLine id="region0001_line0027" custom="readingOrder {index:13;}">
        <Coords points="743,1903 719,1907 702,1914 679,1917 637,1916 633,1907 619,1907 612,1917 575,1918 571,1915 561,1915 557,1918 494,1921 466,1919 457,1911 442,1914 437,1911 426,1912 415,1920 407,1920 399,1913 390,1912 380,1912 372,1920 363,1921 358,1921 352,1915 342,1915 338,1918 304,1914 238,1915 238,1970 341,1968 349,1974 362,1968 370,1968 376,1974 385,1973 391,1967 417,1966 421,1973 442,1972 446,1965 611,1960 624,1961 636,1969 646,1969 657,1960 705,1957 823,1957 839,1963 850,1963 856,1956 878,1955 909,1956 914,1960 923,1960 928,1956 969,1953 1097,1950 1128,1952 1132,1955 1144,1951 1281,1949 1280,1908 1228,1906 1224,1903 1214,1903 1210,1906 1178,1907 1156,1904 1151,1900 1135,1902 1131,1900 1122,1900 1115,1904 1085,1907 1038,1907 1033,1904 1023,1904 1017,1908 983,1911 908,1909 868,1912 863,1904 847,1901 819,1904 811,1914 797,1914 774,1906"/>
        <Baseline points="238,1960 1281,1939"/>
        <Word id="region0001_line0027_word0000" custom="readingOrder {index:0;}">
          <Coords points="270,1922 271,1969 446,1965 446,1965 455,1965 454,1918 417,1919 415,1920 407,1920 406,1919 372,1920 372,1920 363,1921 358,1921 357,1920"/>
          <TextEquiv conf="0.90968126">
            <Unicode>Richtſtuhl</Unicode>
          </TextEquiv>
        </Word>
        <Word id="region0001_line0027_word0001" custom="readingOrder {index:1;}">
          <Coords points="483,1923 572,1922 573,1952 484,1953"/>
          <TextEquiv conf="0.92439234">
            <Unicode>eures</Unicode>
          </TextEquiv>
        </Word>
        <Word id="region0001_line0027_word0002" custom="readingOrder {index:2;}">
          <Coords points="614,1913 612,1917 602,1917 603,1960 679,1958 705,1957 710,1957 710,1912 706,1912 702,1914 679,1917 637,1916 635,1913"/>
          <TextEquiv conf="0.9272404">
            <Unicode>eignen</Unicode>
          </TextEquiv>
        </Word>
        <Word id="region0001_line0027_word0003" custom="readingOrder {index:3;}">
          <Coords points="732,1911 733,1956 928,1953 927,1909 908,1909 868,1912 866,1908 814,1909 811,1914 797,1914 785,1910"/>
          <TextEquiv conf="0.925332">
            <Unicode>Gewiſſens,</Unicode>
          </TextEquiv>
        </Word>
        <Word id="region0001_line0027_word0004" custom="readingOrder {index:4;}">
          <Coords points="951,1918 1006,1917 1007,1942 952,1943"/>
          <TextEquiv conf="0.91785103">
            <Unicode>vor</Unicode>
          </TextEquiv>
        </Word>
        <Word id="region0001_line0027_word0005" custom="readingOrder {index:5;}">
          <Coords points="1024,1911 1092,1909 1093,1940 1025,1942"/>
          <TextEquiv conf="0.9294068">
            <Unicode>dem</Unicode>
          </TextEquiv>
        </Word>
        <Word id="region0001_line0027_word0006" custom="readingOrder {index:6;}">
          <Coords points="1117,1907 1118,1945 1200,1943 1199,1906 1178,1907 1168,1905"/>
          <TextEquiv conf="0.92833406">
            <Unicode>Gott</Unicode>
          </TextEquiv>
        </Word>
        <Word id="region0001_line0027_word0007" custom="readingOrder {index:7;}">
          <Coords points="1215,1909 1268,1908 1269,1939 1216,1940"/>
          <TextEquiv conf="0.92796814">
            <Unicode>der</Unicode>
          </TextEquiv>
        </Word>
        <TextEquiv conf="0.92377573">
          <Unicode>Richtſtuhl eures eignen Gewiſſens, vor dem Gott der</Unicode>
        </TextEquiv>
      </TextLine>
      <TextLine id="region0001_line0028" custom="readingOrder {index:14;}">
        <Coords points="687,1962 676,1971 584,1973 559,1973 554,1968 545,1968 537,1974 510,1977 457,1977 451,1973 434,1972 421,1974 420,1979 410,1979 401,1970 393,1970 382,1979 373,1980 366,1972 352,1975 332,1971 238,1974 239,2029 347,2026 354,2033 363,2033 370,2025 383,2024 389,2030 406,2033 411,2024 418,2023 464,2027 471,2024 567,2017 799,2014 821,2015 826,2020 836,2019 842,2014 849,2014 860,2020 866,2019 870,2014 880,2014 885,2017 893,2017 899,2013 916,2013 921,2018 942,2017 947,2012 955,2011 1043,2008 1102,2010 1108,2018 1118,2018 1124,2010 1210,2009 1217,2016 1228,2016 1235,2010 1280,2009 1281,2000 1280,1967 1214,1966 1207,1956 1198,1956 1190,1964 1183,1959 1175,1959 1168,1965 1158,1965 1156,1960 1147,1954 1140,1954 1134,1959 1113,1957 1104,1965 977,1969 957,1967 952,1960 945,1957 926,1959 916,1968 897,1967 891,1958 859,1959 851,1967 841,1967 838,1963 825,1960 812,1969 770,1972 710,1970 704,1964"/>
        <Baseline points="238,2017 602,2005 1281,1998"/>
        <Word id="region0001_line0028_word0000" custom="readingOrder {index:0;}">
          <Coords points="278,1979 278,2028 347,2026 348,2027 369,2026 370,2025 383,2024 385,2026 410,2025 411,2024 418,2023 438,2025 471,2024 471,2024 473,2024 472,1977 457,1977 455,1975 421,1976 420,1979 410,1979 407,1976 385,1977 382,1979 373,1980 370,1977"/>
          <TextEquiv conf="0.92345256">
            <Unicode>Wahrheit,</Unicode>
          </TextEquiv>
        </Word>
        <Word id="region0001_line0028_word0001" custom="readingOrder {index:1;}">
          <Coords points="501,2011 563,2010 563,1976 511,1976 510,1977 501,1977"/>
          <TextEquiv conf="0.9293081">
            <Unicode>und</Unicode>
          </TextEquiv>
        </Word>
        <Word id="region0001_line0028_word0002" custom="readingOrder {index:2;}">
          <Coords points="593,1981 649,1980 649,2008 593,2009"/>
          <TextEquiv conf="0.93070763">
            <Unicode>vor</Unicode>
          </TextEquiv>
        </Word>
        <Word id="region0001_line0028_word0003" custom="readingOrder {index:3;}">
          <Coords points="661,1972 662,2009 740,2007 739,1970 722,1970"/>
          <TextEquiv conf="0.9315506">
            <Unicode>allen</Unicode>
          </TextEquiv>
        </Word>
        <Word id="region0001_line0028_word0004" custom="readingOrder {index:4;}">
          <Coords points="807,1969 776,1972 777,2014 1004,2009 1020,2009 1019,1968 977,1969 957,1967 956,1966 917,1967 916,1968 904,1967"/>
          <TextEquiv conf="0.9189108">
            <Unicode>rechtſchaffenen</Unicode>
          </TextEquiv>
        </Word>
        <Word id="region0001_line0028_word0005" custom="readingOrder {index:5;}">
          <Coords points="1107,1962 1104,1965 1054,1966 1054,2008 1066,2008 1269,2005 1268,1966 1214,1966 1209,1960 1193,1960 1190,1964 1185,1960 1172,1960 1168,1965 1158,1965 1156,1961"/>
          <TextEquiv conf="0.9214297">
            <Unicode>verſtaͤndigen</Unicode>
          </TextEquiv>
        </Word>
        <TextEquiv conf="0.92589325">
          <Unicode>Wahrheit, und vor allen rechtſchaffenen verſtaͤndigen</Unicode>
        </TextEquiv>
      </TextLine>
      <TextLine id="region0001_line0029" custom="readingOrder {index:15;}">
        <Coords points="580,2020 576,2023 546,2022 536,2032 524,2033 514,2026 503,2024 471,2025 464,2028 449,2026 435,2035 408,2036 405,2033 389,2031 385,2027 372,2028 363,2037 325,2030 239,2031 239,2086 362,2082 368,2089 372,2089 384,2081 390,2081 397,2088 405,2088 413,2081 422,2080 519,2078 525,2084 554,2084 560,2076 649,2072 751,2073 757,2078 767,2078 772,2073 780,2073 789,2080 798,2080 803,2072 812,2071 851,2070 859,2075 871,2076 881,2075 883,2070 895,2069 916,2071 927,2078 937,2077 947,2072 960,2072 967,2077 975,2077 981,2070 998,2067 1077,2066 1118,2061 1167,2067 1280,2066 1281,2024 1188,2024 1124,2030 1113,2029 1095,2021 1037,2021 1029,2016 1021,2016 1014,2022 1004,2023 995,2012 968,2015 960,2025 932,2027 869,2027 852,2017 833,2027 812,2025 805,2018 791,2018 784,2023 773,2024 765,2017 756,2017 748,2022 734,2018 677,2020 628,2030 608,2022"/>
        <Baseline points="239,2075 1142,2052 1280,2055"/>
        <Word id="region0001_line0029_word0000" custom="readingOrder {index:0;}">
          <Coords points="278,2038 279,2084 357,2082 362,2082 362,2082 383,2082 384,2081 390,2081 390,2081 415,2081 422,2080 449,2079 448,2034 436,2034 435,2035 408,2036 407,2035 364,2036 363,2037 358,2036"/>
          <TextEquiv conf="0.92679185">
            <Unicode>Menſchen</Unicode>
          </TextEquiv>
        </Word>
        <Word id="region0001_line0029_word0001" custom="readingOrder {index:1;}">
          <Coords points="464,2032 464,2079 519,2078 519,2078 558,2077 560,2076 597,2074 597,2029 537,2030 536,2032 524,2033 520,2030"/>
          <TextEquiv conf="0.88770866">
            <Unicode>Beyfall</Unicode>
          </TextEquiv>
        </Word>
        <Word id="region0001_line0029_word0002" custom="readingOrder {index:2;}">
          <Coords points="611,2034 673,2033 673,2065 611,2066"/>
          <TextEquiv conf="0.9294411">
            <Unicode>und</Unicode>
          </TextEquiv>
        </Word>
        <Word id="region0001_line0029_word0003" custom="readingOrder {index:3;}">
          <Coords points="687,2028 687,2072 742,2073 806,2072 812,2071 851,2070 852,2071 883,2070 883,2070 895,2069 903,2070 943,2069 943,2026 932,2027 869,2027 865,2025 837,2025 833,2027 817,2025"/>
          <TextEquiv conf="0.92614955">
            <Unicode>Rechtfertigung</Unicode>
          </TextEquiv>
        </Word>
        <Word id="region0001_line0029_word0004" custom="readingOrder {index:4;}">
          <Coords points="965,2021 966,2068 995,2067 998,2067 1056,2066 1070,2066 1069,2021 1037,2021 1034,2019 1016,2020 1014,2022 1004,2023 1001,2020"/>
          <TextEquiv conf="0.9139154">
            <Unicode>faͤndet</Unicode>
          </TextEquiv>
        </Word>
        <Word id="region0001_line0029_word0005" custom="readingOrder {index:5;}">
          <Coords points="1095,2040 1148,2039 1148,2045 1095,2046"/>
          <TextEquiv conf="0.92705697">
            <Unicode>—</Unicode>
          </TextEquiv>
        </Word>
        <Word id="region0001_line0029_word0006" custom="readingOrder {index:6;}">
          <Coords points="1180,2029 1269,2027 1269,2052 1180,2054"/>
          <TextEquiv conf="0.93245703">
            <Unicode>wenn</Unicode>
          </TextEquiv>
        </Word>
        <TextEquiv conf="0.9205029">
          <Unicode>Menſchen Beyfall und Rechtfertigung faͤndet — wenn</Unicode>
        </TextEquiv>
      </TextLine>
      <TextLine id="region0001_line0030" custom="readingOrder {index:16;}">
        <Coords points="635,2075 613,2078 592,2086 574,2089 555,2089 553,2085 539,2083 531,2090 478,2094 469,2093 462,2083 451,2083 441,2090 437,2082 424,2082 411,2089 397,2089 391,2083 383,2083 368,2091 361,2087 343,2087 336,2092 316,2091 305,2095 239,2099 239,2140 375,2139 388,2141 396,2138 432,2135 713,2129 754,2132 762,2140 775,2140 784,2132 811,2128 941,2125 953,2126 963,2134 978,2134 987,2126 1097,2121 1099,2129 1103,2132 1113,2131 1118,2123 1129,2123 1157,2124 1163,2132 1172,2132 1179,2124 1281,2123 1281,2078 1267,2078 1262,2074 1253,2074 1247,2078 1221,2080 1205,2071 1105,2070 1095,2072 1087,2078 1076,2080 985,2083 897,2080 883,2076 859,2076 852,2072 844,2072 820,2075 804,2084 778,2087 756,2083 749,2076 741,2076 729,2084 720,2084 706,2082 693,2075"/>
        <Baseline points="239,2130 1281,2112"/>
        <Word id="region0001_line0030_word0000" custom="readingOrder {index:0;}">
          <Coords points="313,2092 305,2095 279,2097 280,2136 396,2133 395,2090 369,2091 368,2091 367,2091 337,2092 336,2092 330,2092"/>
          <TextEquiv conf="0.92709374">
            <Unicode>endlich</Unicode>
          </TextEquiv>
        </Word>
        <Word id="region0001_line0030_word0001" custom="readingOrder {index:1;}">
          <Coords points="417,2089 417,2127 481,2126 481,2093 478,2094 469,2093 465,2088 443,2088 441,2090 440,2088"/>
          <TextEquiv conf="0.9328039">
            <Unicode>kein</Unicode>
          </TextEquiv>
        </Word>
        <Word id="region0001_line0030_word0002" custom="readingOrder {index:2;}">
          <Coords points="497,2126 610,2124 610,2089 524,2090 497,2092"/>
          <TextEquiv conf="0.9278144">
            <Unicode>andres</Unicode>
          </TextEquiv>
        </Word>
        <Word id="region0001_line0030_word0003" custom="readingOrder {index:3;}">
          <Coords points="630,2086 630,2124 747,2121 747,2083 729,2083 729,2084 720,2084 718,2083"/>
          <TextEquiv conf="0.93139404">
            <Unicode>Mittel</Unicode>
          </TextEquiv>
        </Word>
        <Word id="region0001_line0030_word0004" custom="readingOrder {index:4;}">
          <Coords points="815,2094 762,2095 763,2131 794,2130 811,2128 815,2127"/>
          <TextEquiv conf="0.9264035">
            <Unicode>zur</Unicode>
          </TextEquiv>
        </Word>
        <Word id="region0001_line0030_word0005" custom="readingOrder {index:5;}">
          <Coords points="837,2079 838,2125 982,2123 981,2082 897,2080 890,2078"/>
          <TextEquiv conf="0.9280024">
            <Unicode>Rettung</Unicode>
          </TextEquiv>
        </Word>
        <Word id="region0001_line0030_word0006" custom="readingOrder {index:6;}">
          <Coords points="1003,2087 1089,2085 1089,2110 1003,2112"/>
          <TextEquiv conf="0.9276385">
            <Unicode>eurer</Unicode>
          </TextEquiv>
        </Word>
        <Word id="region0001_line0030_word0007" custom="readingOrder {index:7;}">
          <Coords points="1102,2076 1186,2075 1187,2121 1103,2122"/>
          <TextEquiv conf="0.9286837">
            <Unicode>ſelbſt</Unicode>
          </TextEquiv>
        </Word>
        <Word id="region0001_line0030_word0008" custom="readingOrder {index:8;}">
          <Coords points="1209,2080 1209,2113 1272,2112 1272,2079 1224,2080 1221,2080 1221,2080"/>
          <TextEquiv conf="0.93010604">
            <Unicode>und</Unicode>
          </TextEquiv>
        </Word>
        <TextEquiv conf="0.92888224">
          <Unicode>endlich kein andres Mittel zur Rettung eurer ſelbſt und</Unicode>
        </TextEquiv>
      </TextLine>
      <TextLine id="region0001_line0031" custom="readingOrder {index:17;}">
        <Coords points="586,2132 579,2137 565,2136 557,2144 538,2146 513,2145 501,2138 492,2138 482,2145 476,2139 467,2139 456,2145 447,2138 396,2139 388,2142 362,2142 354,2154 238,2156 239,2195 397,2198 460,2195 466,2202 478,2205 498,2204 502,2194 520,2197 532,2193 606,2189 626,2192 634,2197 647,2198 658,2191 688,2187 777,2186 805,2180 856,2184 993,2183 1000,2190 1009,2190 1016,2183 1073,2182 1080,2193 1094,2192 1102,2181 1202,2183 1281,2181 1281,2138 1100,2137 1096,2128 1081,2130 1076,2126 1064,2127 1056,2138 1015,2137 1010,2128 999,2127 985,2138 921,2138 916,2133 905,2133 898,2138 851,2141 807,2148 775,2143 749,2142 739,2131 731,2132 715,2140 709,2134 688,2136 681,2132 672,2132 658,2140 641,2142 631,2134 622,2134 617,2136 613,2143 604,2143 600,2134"/>
        <Baseline points="239,2186 490,2185 835,2171 1281,2170"/>
        <Word id="region0001_line0031_word0000" custom="readingOrder {index:0;}">
          <Coords points="280,2158 371,2156 372,2186 281,2188"/>
          <TextEquiv conf="0.9283019">
            <Unicode>eures</Unicode>
          </TextEquiv>
        </Word>
        <Word id="region0001_line0031_word0001" custom="readingOrder {index:1;}">
          <Coords points="389,2146 390,2198 397,2198 460,2195 463,2199 500,2198 502,2194 520,2197 532,2193 548,2192 547,2145 538,2146 513,2145 511,2144 483,2144 482,2145 481,2144 457,2145 456,2145 456,2145"/>
          <TextEquiv conf="0.92519164">
            <Unicode>Naͤchſten</Unicode>
          </TextEquiv>
        </Word>
        <Word id="region0001_line0031_word0002" custom="readingOrder {index:2;}">
          <Coords points="562,2141 563,2191 573,2190 606,2189 611,2189 652,2189 651,2140 641,2142 637,2139 614,2139 613,2143 604,2143 602,2140"/>
          <TextEquiv conf="0.92289466">
            <Unicode>uͤbrig</Unicode>
          </TextEquiv>
        </Word>
        <Word id="region0001_line0031_word0003" custom="readingOrder {index:3;}">
          <Coords points="667,2141 668,2181 762,2179 761,2142 749,2142 747,2139 715,2140 715,2140 715,2140"/>
          <TextEquiv>
            <Unicode>bliebe</Unicode>
          </TextEquiv>
        </Word>
        <Word id="region0001_line0031_word0004" custom="readingOrder {index:4;}">
          <Coords points="784,2158 837,2156 837,2165 784,2167"/>
          <TextEquiv conf="0.93251395">
            <Unicode>—</Unicode>
          </TextEquiv>
        </Word>
        <Word id="region0001_line0031_word0005" custom="readingOrder {index:5;}">
          <Coords points="862,2141 925,2140 926,2174 863,2175"/>
          <TextEquiv conf="0.9303133">
            <Unicode>und</Unicode>
          </TextEquiv>
        </Word>
        <Word id="region0001_line0031_word0006" custom="readingOrder {index:6;}">
          <Coords points="991,2133 985,2138 940,2138 941,2180 1014,2179 1013,2133 1013,2133"/>
          <TextEquiv conf="0.9273321">
            <Unicode>noch</Unicode>
          </TextEquiv>
        </Word>
        <Word id="region0001_line0031_word0007" custom="readingOrder {index:7;}">
          <Coords points="1060,2131 1056,2138 1036,2137 1037,2182 1150,2179 1149,2137 1100,2137 1097,2130"/>
          <TextEquiv>
            <Unicode>naͤher:</Unicode>
          </TextEquiv>
        </Word>
        <Word id="region0001_line0031_word0008" custom="readingOrder {index:8;}">
          <Coords points="1185,2143 1276,2141 1276,2167 1185,2169"/>
          <TextEquiv conf="0.9247667">
            <Unicode>wenn</Unicode>
          </TextEquiv>
        </Word>
        <TextEquiv>
          <Unicode>eures Naͤchſten uͤbrig bliebe — und noch naͤher: wenn</Unicode>
        </TextEquiv>
      </TextLine>
      <TextEquiv>
        <Unicode>Und nun, Freunde, nachdem ihr wißt, in welchen Faͤl⸗
len die Nothluͤgen einem Chriſten unerlaubt ſind, ſchließt
iezt weiter, wenn und in wie fern ſie rechtmaͤßig wer⸗
den koͤnnen. Die Unterſuchung iſt nun nicht mehr ſo
ſchwer; indem ihr nur bey iedem vorkommenden Fall
gewiſſenhaft pruͤfen duͤrft, ob er zu den bisher naͤher be⸗
zeichneten gehoͤre, oder nicht. Wenn demnach eure oder
eures Naͤchſten Unſchuld durch eine Unwahrheit gerettet,
oder eine andre gute Sache vertheidigt werden koͤnte —
wenn keinem einzigen eurer Mitbruͤder dadurch der minde⸗
ſte Schade zuwuͤchſe, ſondern vielmehr ein augenſcheinli⸗
cher algemeiner oder beſonderer Vorteil — wenn die
Sache von ſolcher Erheblichkeit waͤr, daß ihr vor dem
Richtſtuhl eures eignen Gewiſſens, vor dem Gott der
Wahrheit, und vor allen rechtſchaffenen verſtaͤndigen
Menſchen Beyfall und Rechtfertigung faͤndet — wenn
endlich kein andres Mittel zur Rettung eurer ſelbſt und
eures Naͤchſten uͤbrig bliebe — und noch naͤher: wenn</Unicode>
      </TextEquiv>
    </TextRegion>
  </Page>
</PcGts>
