1626 2271
588 303 661 328 202

584 384 769 426 angeſtellte
789 385 895 427 Leute,
924 384 993 428 den
1007 385 1128 428 fuͤnften
1168 388 1259 425 Theil
1275 382 1358 416 alles
1380 380 1448 429 Ge⸗

589 438 705 473 treides
721 437 931 479 einſammele,
959 440 1024 473 und
1040 438 1096 477 ihn
1113 438 1156 474 in
1167 436 1352 481 koͤniglichen
1369 440 1443 476 Ma⸗

580 486 721 527 gazinen
737 484 790 527 fuͤr
806 489 853 523 die
869 488 965 530 ſieben
981 486 1100 531 darauf
1114 487 1276 531 folgenden
1284 488 1442 529 unfrucht⸗

587 542 686 577 baren
705 541 810 584 Jahre
825 541 1038 585 aufbewahre.
1059 545 1131 586 Auf
1145 545 1220 586 dieſe
1230 544 1329 586 Weiſe
1338 542 1444 580 koͤnnte

590 598 658 630 und
683 592 791 631 wuͤrde
807 599 859 629 der
883 595 1094 631 eintretenden
1110 596 1198 636 Noth
1223 603 1275 630 am
1294 596 1442 639 ſicherſten

589 646 778 688 vorgebeugt
799 648 932 682 werden.
986 647 1096 691 Dieſer
1118 647 1223 690 Rath,
1248 652 1300 682 der
1324 649 1353 688 ſo
1378 654 1443 682 ver⸗

588 696 720 740 nuͤnftig
737 699 803 733 und
821 694 1039 740 gemeinnuͤtzig
1062 704 1149 740 war,
1184 698 1271 739 gefiel
1294 703 1360 736 dem
1380 699 1442 736 Koͤ⸗

588 747 661 789 nige
685 752 751 783 und
775 749 879 791 ſeinen
901 749 1074 793 Hofleuten
1099 749 1280 792 ungemein,
1319 755 1382 786 und
1403 751 1442 793 ſie

588 804 697 832 waren
714 795 810 839 voͤllig
828 797 886 831 mit
900 798 1047 833 einander
1060 799 1157 833 darin
1173 797 1364 841 einſtimmig,
1382 796 1443 837 daß

587 862 666 889 man
683 853 775 893 wohl
783 853 948 894 ſchwerlich
963 862 1000 895 zu
1019 847 1125 900 dieſem
1146 848 1274 901 Behufe
1286 854 1374 889 einen
1395 861 1448 895 ge⸗

590 904 748 950 ſchicktern
771 905 882 943 Mann
905 900 1014 940 wuͤrde
1037 902 1214 948 ausfuͤndig
1233 907 1354 947 machen
1373 905 1442 942 koͤn⸗

589 968 671 1003 nen,
697 959 747 996 als
764 958 881 1005 Joſeph
901 961 997 1004 ſelbſt.
1050 960 1180 1011 Pharao
1196 965 1269 1005 trug
1290 961 1351 1004 ihm
1376 962 1441 1006 alſo

588 1012 658 1051 dieß
675 1012 767 1054 große
785 1014 850 1048 und
869 1012 1008 1057 wichtige
1028 1009 1188 1060 Geſchaͤfte
1204 1022 1246 1049 an,
1287 1012 1362 1057 ſetzte
1384 1013 1441 1058 ihn

588 1064 672 1108 nicht
687 1066 782 1100 allein
801 1064 877 1101 uͤber
894 1064 957 1111 ſein
975 1066 1089 1109 Haus,
1118 1065 1253 1108 ſondern
1272 1067 1345 1107 auch
1365 1063 1441 1103 uͤber

587 1124 665 1159 ganz
684 1114 862 1158 Aegypten,
891 1118 956 1152 und
973 1116 1033 1160 gab
1057 1117 1121 1161 ihm
1139 1122 1232 1154 unter
1248 1118 1327 1154 allen
1340 1118 1442 1160 ſeinen

587 1167 722 1212 uͤbrigen
736 1168 966 1212 Hofbedienten
982 1157 1040 1204 den
1057 1169 1152 1209 erſten
1169 1168 1279 1211 Rang.
1309 1167 1365 1211 Ja,
1387 1175 1442 1203 um

589 1224 646 1268 ihn
672 1225 752 1268 recht
775 1222 947 1268 vorzuͤglich
973 1222 1229 1269 auszuzeichnen,
1261 1229 1329 1261 und
1354 1224 1440 1268 ſeine

587 1277 710 1319 Wuͤrde
730 1278 893 1320 allgemein
909 1276 1041 1314 bekannt
1055 1286 1093 1322 zu
1110 1278 1257 1322 machen,
1277 1285 1326 1322 zog
1344 1287 1375 1314 er
1389 1278 1443 1320 ſei⸗

587 1340 649 1372 nen
666 1332 776 1374 eignen
794 1331 881 1374 Ring
901 1332 960 1374 ab,
985 1335 1050 1368 und
1070 1333 1167 1373 ſteckte
1179 1333 1235 1376 ihn
1251 1342 1295 1369 an
1303 1332 1441 1376 Joſephs

587 1384 702 1427 Hand,
731 1383 790 1424 ließ
814 1384 877 1426 ihm
897 1384 947 1419 ein
965 1383 1108 1422 Gewand
1130 1390 1192 1421 von
1215 1384 1322 1426 weißer
1339 1386 1443 1423 Seide

588 1434 739 1476 anlegen,
763 1435 829 1470 eine
843 1435 955 1478 goldne
970 1435 1060 1475 Kette
1080 1445 1133 1473 um
1151 1437 1252 1479 ſeinen
1268 1436 1348 1480 Hals
1366 1434 1441 1481 haͤn⸗

587 1497 665 1530 gen,
703 1490 759 1533 ihn
789 1491 850 1532 auf
877 1491 967 1525 einen
989 1488 1185 1534 koͤniglichen‧
1201 1492 1319 1532 Wagen
1342 1492 1441 1533 ſetzen,

586 1542 632 1578 im
656 1541 754 1577 Lande
778 1540 1017 1584 herumfahren,
1067 1545 1134 1578 und
1159 1539 1280 1579 uͤberall
1296 1550 1352 1576 vor
1374 1543 1441 1585 ihm

588 1592 767 1633 ausrufen:
789 1589 938 1636 Dieſer
961 1593 1005 1633 iſt
1023 1596 1096 1630 des
1120 1593 1281 1630 Landes
1294 1594 1442 1630 Vater!

587 1644 731 1689 Zugleich
748 1644 807 1684 gab
824 1645 890 1685 ihm
906 1646 1036 1690 Pharao
1055 1643 1333 1688 uneingeſchraͤnkte
1350 1647 1443 1685 Voll⸗

587 1696 705 1738 macht,
740 1696 820 1730 alles
851 1696 885 1729 in
913 1696 1022 1738 ſeinem
1044 1694 1144 1731 Lande
1167 1702 1204 1739 zu
1227 1696 1443 1737 veranſtalten,

587 1743 659 1776 was
668 1751 707 1777 er
724 1739 777 1785 fuͤr
794 1743 852 1784 gut
880 1732 1029 1785 befinden
1047 1739 1178 1791 wuͤrde,
1196 1747 1261 1779 und
1276 1745 1443 1784 beſtimmte

586 1800 645 1842 ihn
671 1800 714 1837 im
736 1798 935 1844 eigentlichen
964 1799 1075 1837 Sinne
1097 1808 1133 1845 zu
1158 1800 1269 1844 ſeinem
1285 1801 1443 1844 geheimen

587 1860 692 1898 Rath.
745 1857 886 1902 Dreyßig
904 1856 1007 1903 Jahre
1023 1864 1090 1894 war
1108 1859 1226 1903 Joſeph
1244 1858 1305 1902 alt,
1333 1860 1384 1894 als
1409 1867 1441 1894 er

587 1909 652 1949 aus
677 1911 745 1954 dem
772 1909 904 1948 Staube
928 1913 982 1948 der
1005 1907 1197 1956 Niedrigkeit
1217 1918 1254 1955 zu
1268 1909 1369 1954 dieſen
1385 1919 1441 1952 an⸗
