1552 2338
229 316 323 371 boͤſe
343 323 517 366 Affecten
532 335 581 371 zu
597 322 821 380 daͤmpffen.

938 337 1008 381 481

115 381 222 429 ſeines
233 382 376 424 Affects
385 396 421 431 zu
432 386 587 442 meiden/
603 380 670 430 und
684 382 737 431 die
752 383 877 441 Ubung
896 401 952 434 der
963 404 1018 434 tu⸗

113 441 335 493 gendhafften
350 443 629 495 Wuͤrckungen/
643 452 678 499 ſo
694 450 880 501 demſelben
898 465 936 503 zu
952 456 1018 494 wi⸗

115 490 173 529 der
182 489 293 540 ſind/
292 498 352 532 vor
369 495 420 533 die
430 485 543 542 Hand
564 505 602 542 zu
612 496 780 549 nehmen/
798 502 877 540 oder
895 512 932 550 zu
943 507 1016 541 ver⸗

111 541 267 592 ſuchen/
282 548 325 587 ob
345 553 381 589 es
397 549 468 594 ihm
486 549 550 592 mit
560 553 664 592 einem
675 550 826 601 Dinge/
845 557 910 596 das
930 557 1015 606 ſeine

109 594 275 638 Affecten
295 596 384 645 nicht
400 598 434 646 ſo
453 599 555 649 ſtarck
571 603 708 651 reitzet/
733 594 834 653 beſſer
857 605 1013 654 gelingen

108 649 223 689 wolle.
273 649 369 693 Wie
387 658 478 693 etwa
495 656 546 693 ein
563 652 736 704 Menſch/
750 661 845 698 deme
863 666 900 697 es
914 660 1011 708 ſauer

106 694 272 743 worden/
290 698 352 750 ſich
368 704 495 744 wieder
510 703 707 754 denjenigen
723 716 759 752 zu
771 708 1017 758 vertheidigen/

107 749 171 787 mit
180 749 344 793 welchem
362 760 395 790 er
405 754 471 792 das
484 752 661 807 erſtemahl
676 767 803 796 contra
817 757 1014 810 gefochten/

107 797 197 843 deſto
209 796 345 848 emſiger
354 797 535 840 lectiones
552 803 699 854 nimmt/
705 807 772 847 und
783 798 822 846 es
831 808 893 848 mit
902 809 1011 851 einem

105 843 353 897 Schwaͤchern
363 852 410 893 im
421 862 546 892 contra
556 854 681 904 fechten
689 858 852 908 verſucht/
869 861 932 908 oder
943 864 1010 902 wie

106 904 161 943 ein
159 903 363 957 Patiente/
381 911 439 950 der
453 912 514 953 ſich
526 914 593 951 das
602 913 779 959 erſtemahl
788 919 821 955 in
832 918 884 957 die
896 919 1011 966 friſche

103 952 195 995 Lufft
203 952 384 1002 gemacht/
402 959 472 995 und
483 962 555 1004 ihm
572 960 696 1008 ſolches
706 961 797 1008 nicht
813 963 895 1004 eben
905 964 1009 1015 allzu⸗

100 1003 198 1049 wohl
206 997 425 1049 bekommen/
434 1007 497 1055 ſich
506 1009 632 1051 wieder
649 1008 698 1052 im
706 1009 818 1058 Bette
831 1013 883 1054 ein
892 1013 1007 1062 wenig

102 1051 205 1093 innen
215 1043 312 1098 haͤlt/
323 1054 403 1095 oder
413 1051 497 1105 ſeine
506 1055 759 1109 Artzneyungen
771 1059 1007 1114 continuiret/

100 1104 161 1146 und
179 1101 268 1151 etwan
303 1107 492 1157 verſuchet/
505 1106 560 1158 wie
561 1117 598 1154 es
609 1113 679 1161 ihm
693 1114 894 1163 bekomme/
900 1125 1002 1160 wenn

100 1168 135 1199 er
146 1158 206 1205 ſich
215 1160 326 1211 auſſer
338 1162 416 1203 dem
428 1163 568 1209 Bette/
586 1165 670 1213 doch
677 1168 760 1209 aber
770 1168 802 1210 in
813 1169 921 1211 einem
929 1178 1004 1213 ver⸗

99 1209 298 1250 ſchloſſenen
318 1212 500 1250 Gemache
509 1213 659 1250 aufhaͤlt.

217 1276 271 1308 25.
302 1264 477 1313 Befindet
494 1277 528 1308 er
546 1270 658 1310 aber/
671 1272 745 1320 daß
760 1282 794 1311 er
809 1274 871 1320 bey
880 1273 1004 1321 dieſem

100 1312 262 1362 Verſuch
280 1319 406 1354 unten
422 1310 618 1369 gelegen/
635 1313 700 1366 und
710 1330 798 1365 von
805 1322 873 1363 der
880 1320 1002 1374 boͤſen

99 1357 383 1415 Geſellſchafft
419 1367 516 1409 oder
539 1367 607 1408 der
628 1367 750 1417 ſeiner
776 1368 1003 1420 Gemuͤths⸗

98 1412 304 1469 Neigung
337 1413 558 1471 gefaͤlligen
586 1422 730 1468 Sache
759 1423 1001 1485 hingeriſſen

95 1466 289 1512 worden/
293 1466 351 1514 und
376 1478 411 1509 er
423 1468 539 1518 hiebey
548 1470 631 1519 doch
642 1470 772 1522 lange/
773 1472 839 1522 oder
862 1474 1003 1526 laͤnger/

96 1517 156 1558 als
168 1526 201 1560 er
209 1516 295 1570 ſonſt
304 1517 467 1567 gewohnt
473 1518 650 1573 geweſen/
666 1521 1002 1584 wiederſtanden/

96 1567 158 1614 hat
168 1579 201 1612 er
220 1571 302 1613 eben
310 1570 456 1622 daſſelbe
472 1582 510 1621 zu
523 1572 754 1623 beobachten/
789 1584 848 1620 was
865 1575 920 1626 wir
932 1590 999 1624 nur

95 1620 170 1670 jetzo
180 1631 247 1664 von
256 1626 332 1665 dem
343 1621 453 1672 geſagt
467 1616 599 1673 haben/
609 1630 668 1672 der
678 1630 740 1672 mit
747 1634 871 1684 groſſer
879 1630 997 1682 Muͤhe

96 1674 150 1714 die
160 1672 390 1723 Verſuchung
401 1674 647 1722 uͤberwunden.
697 1680 862 1731 Daferne
873 1692 906 1725 er
915 1684 997 1726 aber

94 1720 292 1770 leichtlich
300 1723 531 1770 uͤberwunden
548 1728 716 1781 worden/
718 1728 928 1786 dergeſtalt/
927 1728 1003 1787 daß

95 1785 131 1818 er
139 1778 202 1824 bey
219 1776 281 1826 ſich
310 1781 409 1824 keine
421 1781 542 1829 Krafft
556 1783 622 1830 faſt
633 1784 836 1834 gefunden/
846 1790 997 1832 Wider⸗

90 1824 187 1874 ſtand
208 1836 247 1875 zu
254 1824 362 1876 thun/
380 1828 422 1880 ſo
435 1830 497 1875 hat
510 1842 544 1875 er
559 1833 623 1884 ſich
638 1834 712 1876 wol
729 1836 765 1877 in
781 1836 856 1885 acht
867 1846 904 1886 zu
913 1838 996 1886 neh⸗

93 1876 188 1930 men/
202 1870 410 1937 dergleichen
428 1880 639 1935 Gelegenheit
656 1886 739 1930 noch
751 1889 822 1930 eine
830 1886 996 1930 Zeitlang

521 1937 596 1988 Hh

861 1951 900 1992 zu
910 1945 993 1989 mei⸗
