1857 2753
574 998 697 1031 Verbin⸗

525 1038 598 1069 dung
624 1037 676 1068 mit

525 1085 571 1112 der
588 1081 687 1122 abhand

523 1128 601 1168 lung.

553 1983 639 2026 Text

545 2219 657 2262 v.4.

606 2300 639 2339 5.

714 489 820 529 GOtt
845 485 944 538 dafuͤr
968 487 1085 536 preiſen
1106 492 1175 529 und
1200 490 1240 540 ſie
1257 488 1340 537 recht
1359 489 1577 538 gebrauchen,
1606 495 1676 531 und

715 545 774 594 ſich
797 543 887 594 ſelbſt
910 542 1049 586 daruͤber
1072 545 1223 593 manches
1238 541 1460 596 Wachstums
1486 553 1541 587 des
1560 552 1674 588 innern

717 605 893 655 Menſchen
919 605 1090 646 berauben.
1176 607 1231 650 Es
1257 608 1371 650 bleibet
1395 606 1462 658 alſo
1487 612 1586 656 gewis
1613 621 1674 649 un⸗

715 666 924 714 umgaͤnglich
942 664 1053 715 noͤtig,
1084 668 1149 719 daß
1175 672 1209 707 in
1236 669 1352 720 unſern
1369 668 1502 718 Tagen,
1538 674 1580 710 da
1594 681 1674 710 man

716 737 780 767 aus
798 734 851 770 der
870 732 1002 780 theuren
1020 732 1117 773 Gabe
1134 737 1189 772 des
1200 730 1376 780 Evangelii
1391 744 1452 783 gar
1469 736 1573 782 wenig
1584 734 1674 783 mehr

714 788 840 836 macht,
866 789 897 837 ſo
923 789 991 839 ſehr
1016 803 1093 830 man
1112 791 1169 841 ſich
1188 793 1267 838 auch
1289 794 1350 833 mit
1367 798 1438 834 dem
1460 795 1594 835 Munde
1612 797 1676 847 deſ⸗

714 849 818 898 ſelben
836 846 961 894 ruͤmet,
1001 851 1052 901 oft
1072 856 1141 892 und
1163 851 1230 890 viel
1260 850 1339 903 dieſe
1366 851 1504 902 goͤtliche
1527 853 1674 904 Herlich⸗

714 907 792 953 keit,
823 909 871 944 die
888 910 981 945 darin
999 907 1112 957 lieget,
1139 903 1286 956 erwogen
1302 913 1367 950 und
1365 910 1545 964 betrachtet
1560 918 1673 965 werde.

802 998 882 1041 Wir
919 1001 1027 1051 finden
1061 1003 1094 1039 in
1132 1002 1188 1039 der
1223 1000 1372 1052 heutigen
1400 998 1676 1051 Sontagsepiſtel

713 1050 821 1102 ſchoͤne
839 1052 1053 1103 Gelegenheit
1071 1057 1170 1102 dazu,
1199 1054 1311 1102 welche
1326 1059 1386 1095 wir
1402 1062 1484 1096 denn
1502 1061 1672 1106 ergreifen,

714 1121 782 1155 und
800 1125 865 1156 uns
883 1118 1016 1169 ſogleich
1030 1120 1085 1167 zur
1104 1119 1228 1170 naͤhern
1253 1120 1487 1171 Betrachtung
1515 1122 1672 1173 derſelben

714 1180 856 1216 wenden.
916 1175 1013 1227 Laſſet
1036 1186 1102 1217 uns
1128 1179 1203 1217 aber
1225 1180 1340 1229 vorher
1365 1189 1424 1219 vor
1451 1186 1521 1220 dem
1537 1181 1672 1231 HErrn

713 1242 780 1274 uns
799 1231 1001 1284 demuͤtigen,
1035 1241 1101 1276 und
1125 1237 1200 1285 ihn,
1233 1242 1292 1277 den
1310 1240 1422 1280 Vater
1447 1244 1492 1279 im
1508 1241 1670 1290 Himmel,

711 1299 777 1329 von
797 1283 1068 1342 Herzensgrunde
1084 1293 1250 1344 anflehen,
1281 1299 1347 1345 daß
1367 1309 1400 1333 er
1413 1310 1481 1335 uns
1499 1306 1560 1336 den
1578 1306 1672 1345 Geiſt

711 1368 766 1402 der
792 1363 959 1414 Weisheit
982 1367 1050 1405 und
1075 1368 1130 1403 der
1147 1365 1375 1419 Offenbarung
1381 1372 1416 1423 zu
1463 1367 1559 1416 ſeiner
1582 1369 1672 1419 ſelbſt

710 1423 891 1466 Erkentnis
913 1426 979 1462 und
996 1418 1198 1478 erleuchtete
1219 1423 1321 1473 Augen
1349 1426 1461 1477 unſers
1487 1428 1669 1477 Verſtaͤnd⸗

708 1482 803 1532 niſſes
828 1483 923 1531 gebe,
957 1485 1021 1534 auf
1042 1487 1107 1535 daß
1132 1488 1193 1525 wir
1214 1487 1367 1527 erkennen
1384 1483 1521 1535 moͤgen,
1554 1489 1669 1536 welche

708 1548 749 1583 da
768 1546 816 1592 ſey
835 1549 882 1583 die
898 1546 1064 1594 Hofnung
1081 1547 1192 1596 unſers
1211 1548 1368 1598 Berufs:
1399 1539 1504 1588 damit
1520 1551 1592 1595 alle,
1619 1554 1667 1591 die

708 1598 786 1644 noch
803 1605 867 1637 von
883 1600 998 1649 ſolcher
1015 1601 1186 1652 Seligkeit
1202 1590 1363 1654 entfernet
1378 1604 1466 1654 ſind,
1503 1612 1567 1660 zum
1583 1609 1668 1661 Ver⸗

709 1661 828 1711 langen
859 1662 997 1710 darnach
1027 1667 1188 1713 gereitzet;
1229 1666 1290 1705 alle
1314 1666 1410 1714 aber,
1453 1670 1503 1707 die
1534 1669 1666 1721 dieſelbe

709 1725 798 1776 ſchon
815 1726 941 1776 erfaren
961 1726 1074 1778 haben,
1095 1728 1159 1779 auf
1171 1728 1269 1779 dieſen
1287 1728 1530 1783 allerheiligſten
1540 1732 1665 1775 Grund

709 1791 818 1826 weiter
847 1789 979 1829 erbauet
1003 1794 1070 1829 und
1096 1790 1250 1840 geſtaͤrket
1267 1795 1392 1832 werden
1411 1791 1538 1840 moͤgen.
1598 1792 1665 1845 Laſ⸗

705 1847 749 1898 ſet
766 1854 831 1887 uns
849 1849 904 1898 ihn
921 1852 1037 1890 darum
1053 1846 1197 1908 demuͤtig
1224 1850 1364 1903 anrufen
1390 1854 1424 1891 in
1450 1856 1522 1893 dem
1544 1854 1667 1902 Gebet

704 1918 774 1957 des
793 1915 950 1967 HErrn.

704 1990 880 2062 Epiſtel
888 2006 965 2049 am
974 1990 1189 2065 zwoͤlften
1201 1995 1434 2064 Sontage
1446 1994 1552 2065 nach
1564 1996 1665 2056 dem

852 2069 968 2130 Feſt
985 2072 1056 2123 der
1069 2075 1157 2130 heil.
1169 2060 1487 2136 Dreieinigkeit,

1010 2153 1032 2182 2
1050 2135 1206 2193 Cor.3,
1224 2140 1352 2193 4⸗⸗11.

703 2206 813 2302 Ein
823 2203 920 2263 ſolch
932 2207 1185 2259 Vertrauen
1197 2209 1298 2257 aber
1305 2206 1435 2266 haben
1446 2208 1523 2258 wir
1539 2207 1665 2267 durch

776 2269 1021 2338 Chriſtum
1037 2285 1089 2337 zu
1107 2273 1254 2328 GOtt.
1321 2278 1460 2341 Nicht,
1485 2281 1566 2337 daß
1584 2285 1665 2328 wir
