1664 2264
684 287 755 334 176

799 288 903 330 Von
917 288 989 330 den
1001 270 1262 334 Boͤhmiſchen
1275 285 1486 329 Bruͤdern.

682 368 781 401 gegen
800 359 846 396 die
866 360 990 400 Alten,
1002 359 1066 397 und
1085 362 1143 397 alle
1162 361 1227 403 ihre
1243 356 1375 406 taͤgliche
1399 353 1497 403 Arbeit
1511 362 1560 399 und

680 393 857 449 Ubungen:
884 402 1045 450 gleichwie
1062 405 1143 442 denn
1159 404 1237 450 auch
1255 406 1303 444 die
1313 403 1452 449 Bruͤder
1469 414 1509 443 an
1521 404 1560 451 ih⸗

680 462 739 489 nen
759 443 846 491 einen
864 453 1063 497 erbaulichen
1078 457 1142 494 und
1163 455 1340 503 ernſtlichen
1354 455 1504 498 Wandel
1518 465 1561 501 ge⸗

678 505 775 550 wahr
789 510 943 550 wurden,
964 508 1030 545 und
1044 516 1109 546 von
1126 506 1229 554 dieſen
1245 515 1367 553 zweyen
1382 508 1445 554 auf
1455 506 1502 546 die
1510 517 1562 546 an⸗

681 561 752 597 dere
770 559 975 604 urtheileten,
987 560 1065 603 auch
1082 560 1263 607 dieſelbige,
1282 560 1407 609 weil
1358 556 1402 609 ſie
1417 562 1457 610 ſie
1471 561 1501 600 in
1514 562 1562 601 der

681 608 776 653 Lehre
795 610 860 645 und
881 617 936 647 am
951 605 1106 649 Glauben
1124 597 1239 654 geſund
1255 608 1419 656 erfunden,
1434 617 1468 653 zu
1488 607 1561 653 ihrer

683 658 908 700 Communion
928 658 989 699 mit
1007 668 1041 702 zu
1062 660 1183 707 lieſſen,
1208 661 1262 700 bis
1285 660 1404 706 endlich
1420 662 1469 701 die
1493 662 1561 702 liebe

683 711 789 758 Gaͤſte
805 711 864 750 mit
882 711 1134 759 beyderſeitigem
1151 712 1267 754 vielem
1283 712 1381 762 Troſt
1394 712 1560 754 wiederum

685 758 866 807 abgereiſet.
902 766 1028 798 Comen
1043 761 1064 796 l.
1082 773 1111 795 c.

1066 820 1101 852 §.
1127 817 1217 859 558.

730 855 796 902 Jm
815 856 907 904 Jahr
928 868 1022 903 1540
1040 844 1185 901 ſchickten
1204 858 1253 898 die
1267 854 1410 903 Bruͤder
1425 856 1561 898 abermal

680 907 740 946 den
750 907 861 953 obigen
871 907 1065 955 Johannem
1075 908 1270 956 Auguſtam,
1280 910 1345 949 und
1354 911 1415 952 den
1424 909 1562 957 Matthi⸗

679 969 736 1000 am
762 959 964 1007 Erythraͤum
984 962 1059 1000 oder
1089 961 1287 1007 Czerwenka
1319 967 1398 1003 aus.
1452 960 1561 1013 Jener

680 1009 818 1054 beſuchte
849 1010 1039 1058 Lutherum;
1070 1009 1155 1057 finde
1193 1011 1271 1051 aber
1302 1009 1437 1058 nirgend
1468 1011 1560 1057 nichts

679 1058 919 1106 aufgezeichnet,
935 1063 1011 1097 was
1028 1068 1256 1106 vorgegangen
1266 1059 1330 1107 ſeye
1345 1059 1493 1108 zwiſchen
1503 1063 1560 1100 bee⸗

677 1112 750 1149 den.
796 1109 920 1161 Dieſer
937 1109 1012 1149 aber
1027 1109 1104 1157 ging
1121 1111 1200 1158 nach
1214 1110 1421 1159 Straßburg
1436 1122 1480 1151 an
1489 1111 1560 1155 Bu⸗

680 1168 786 1198 cerum
808 1163 872 1199 und
900 1162 949 1200 die
971 1160 1095 1210 dortige
1116 1161 1326 1207 Theologos,
1345 1160 1461 1206 welche
1482 1161 1559 1209 ſchon

679 1213 722 1245 A.
743 1221 847 1254 1533.
858 1220 901 1250 an
914 1212 962 1251 die
972 1209 1114 1256 Bruͤder
1122 1212 1331 1258 geſchrieben,
1353 1215 1417 1252 und
1424 1214 1483 1261 ſich
1493 1211 1560 1253 uͤber

678 1264 730 1304 die
746 1263 1062 1310 Widerherſtellung
1077 1265 1131 1304 der
1143 1262 1399 1312 Kirchen⸗Zucht
1408 1264 1469 1304 mit
1477 1264 1560 1305 ihnen

678 1309 928 1356 berathſchlaget
938 1310 1059 1354 hatten.
1107 1310 1201 1355 Nun
1201 1310 1305 1355 haben
1314 1312 1403 1358 zwar
1413 1313 1462 1352 die
1469 1309 1560 1358 Bruͤ⸗

676 1362 731 1399 der
750 1362 883 1400 damals
898 1360 996 1408 gleich
1010 1360 1138 1408 darauf
1138 1360 1374 1408 geantwortet:
1396 1362 1558 1407 nachdeme

676 1412 753 1449 aber
770 1413 809 1447 A.
833 1423 938 1457 1540.
953 1409 1115 1455 Bucerus
1131 1420 1194 1452 von
1209 1421 1309 1451 neuen
1324 1420 1369 1451 an
1386 1414 1426 1461 ſie
1440 1413 1558 1460 ſchrieb,

676 1463 708 1509 ſo
728 1464 872 1507 ſendeten
887 1464 926 1512 ſie
942 1463 1156 1508 obgedachten
1174 1463 1388 1509 Matthiam,
1414 1465 1518 1505 damit
1532 1470 1559 1502 er

674 1511 836 1559 muͤndlich
854 1514 939 1560 deſto
953 1509 1185 1561 ausfuͤhrlicher
1199 1523 1266 1554 von
1282 1516 1335 1555 der
1348 1513 1558 1561 Beſchaffen⸗

676 1562 738 1605 heit
755 1563 838 1607 ihrer
856 1560 1126 1609 Kirchen ⸗ Zucht
1148 1563 1208 1602 mit
1232 1563 1329 1609 ihnen
1354 1565 1448 1604 reden
1463 1563 1560 1604 koͤnte.

675 1614 743 1653 Als
759 1622 824 1653 nun
841 1612 1034 1661 Matthias,
1051 1611 1192 1658 welchen
1210 1624 1247 1662 zu
1273 1609 1372 1661 hoͤren
1390 1614 1559 1659 Bucerus,

675 1662 865 1710 Fabricius,
881 1661 1002 1709 Capito
1016 1665 1082 1702 und
1098 1663 1266 1707 Calvinus
1280 1663 1463 1711 zuſammen
1480 1666 1560 1703 kom⸗

676 1720 750 1748 men
763 1721 891 1757 waren,
908 1714 958 1751 die
975 1711 1247 1761 Beſchaffenheit
1275 1711 1455 1759 derjenigen
1469 1713 1561 1755 Ord⸗

673 1771 774 1806 nung,
794 1765 908 1808 welche
925 1764 974 1804 die
991 1761 1133 1807 Bruͤder
1147 1765 1180 1803 in
1199 1764 1282 1812 ihrer
1295 1764 1410 1809 Kirche
1437 1764 1559 1809 hielten,

674 1814 839 1856 erzehlete:
867 1815 898 1856 ſo
915 1815 1004 1856 konte
1015 1812 1179 1856 Bucerus
1188 1816 1240 1856 der
1248 1810 1408 1856 Thraͤnen
1416 1815 1474 1856 ſich
1483 1812 1561 1858 nicht

1500 1865 1561 1902 ent⸗
