<?xml version="1.0" encoding="utf-8"?>
<PcGts xmlns="http://schema.primaresearch.org/PAGE/gts/pagecontent/2019-07-15" xmlns:xsi="http://www.w3.org/2001/XMLSchema-instance" pcGtsId="PAGE_01" xsi:schemaLocation="http://schema.primaresearch.org/PAGE/gts/pagecontent/2019-07-15 http://schema.primaresearch.org/PAGE/gts/pagecontent/2019-07-15/pagecontent.xsd">
  <Metadata>
    <Creator>OCR-D DFG Phase III</Creator>
    <Created>2024-01-19T13:10:47Z</Created>
    <LastChange>2024-01-19T13:10:47Z</LastChange>
    <Comments>ODEM: OCR-D extension for mass digitization (2021-2024)</Comments>
  </Metadata>
  <Page imageFilename="https://opendata.uni-halle.de/retrieve/3abc6acf-6959-4d5a-9009-7a4e5414a867/00000240.jpg" imageWidth="1596" imageHeight="2414" type="content" primaryLanguage="German">
    <Border>
      <Coords points="224,249 193,2319 1524,2315 1544,265"/>
    </Border>
    <ReadingOrder>
      <OrderedGroup id="ro_1683207198197" caption="Regions reading order">
        <RegionRefIndexed index="1" regionRef="TextRegion_1673951866222_2630"/>
        <RegionRefIndexed index="2" regionRef="region0006"/>
        <RegionRefIndexed index="3" regionRef="TextRegion_1673951890272_2647"/>
        <RegionRefIndexed index="4" regionRef="region0009"/>
        <RegionRefIndexed index="5" regionRef="TextRegion_1673951897112_2653"/>
        <RegionRefIndexed index="6" regionRef="TextRegion_1673951897112_2652"/>
      </OrderedGroup>
    </ReadingOrder>
    <GraphicRegion id="Graphic_1673951876422_2638" custom="readingOrder {index:0;}">
      <Coords points="938,382 1096,382 1096,469 938,469"/>
    </GraphicRegion>
    <TextRegion orientation="-0.86589617" type="page-number" readingDirection="left-to-right" id="TextRegion_1673951866222_2630" custom="readingOrder {index:1;} structure {type:page-number;}">
      <Coords points="581,402 674,402 674,456 581,456"/>
      <TextLine id="line_1673951866272_2633" custom="readingOrder {index:0;}">
        <Coords points="581,402 674,402 674,449 581,448"/>
        <Baseline points="581,438 674,439"/>
        <Word id="region0005_line0001_word0000" custom="readingOrder {index:0;}">
          <Coords points="587,410 666,411 665,444 586,443"/>
          <TextEquiv conf="0.92502666">
            <Unicode>216</Unicode>
          </TextEquiv>
        </Word>
        <TextEquiv conf="0.9625133">
          <Unicode>216</Unicode>
        </TextEquiv>
      </TextLine>
      <TextEquiv>
        <Unicode>216 Ei</Unicode>
      </TextEquiv>
    </TextRegion>
    <TextRegion orientation="-0.86589617" readingDirection="left-to-right" id="region0006" custom="readingOrder {index:2;}">
      <Coords points="582,498 1466,498 1466,613 582,613"/>
      <TextLine id="region0006_line0001" custom="readingOrder {index:0;}">
        <Coords points="1230,504 1224,509 1222,517 1210,517 1202,524 1186,525 1158,522 1153,517 1140,517 1133,521 1068,522 1022,518 1013,513 1000,513 995,518 976,519 848,515 804,510 797,505 780,509 775,505 766,504 761,509 750,509 742,498 726,501 721,509 657,504 652,498 633,498 630,502 626,498 605,498 603,502 583,503 582,546 610,545 764,556 810,554 821,563 835,565 849,561 858,561 867,566 882,566 889,561 1005,564 1034,570 1045,579 1053,579 1061,571 1092,575 1096,572 1145,570 1205,572 1211,581 1223,581 1231,573 1330,581 1415,582 1422,583 1431,591 1439,592 1447,585 1466,585 1466,526 1245,523 1246,508 1242,505"/>
        <Baseline points="582,535 1059,562 1466,575"/>
        <Word id="region0006_line0001_word0000" custom="readingOrder {index:0;}">
          <Coords points="587,506 586,546 610,545 633,547 800,549 801,509 781,509 780,509 780,509 762,508 761,509 750,509 749,508 722,508 721,509 704,508"/>
          <TextEquiv conf="0.89493555">
            <Unicode>niederwaͤrts</Unicode>
          </TextEquiv>
        </Word>
        <Word id="region0006_line0001_word0001" custom="readingOrder {index:1;}">
          <Coords points="827,518 925,520 924,557 826,555"/>
          <TextEquiv conf="0.92930675">
            <Unicode>gegen</Unicode>
          </TextEquiv>
        </Word>
        <Word id="region0006_line0001_word0002" custom="readingOrder {index:2;}">
          <Coords points="998,515 995,518 976,519 950,518 949,549 1016,550 1017,515 1017,515"/>
          <TextEquiv conf="0.9229665">
            <Unicode>uns</Unicode>
          </TextEquiv>
        </Word>
        <Word id="region0006_line0001_word0003" custom="readingOrder {index:3;}">
          <Coords points="1043,523 1099,523 1098,563 1042,563"/>
          <TextEquiv conf="0.9312033">
            <Unicode>zu,</Unicode>
          </TextEquiv>
        </Word>
        <Word id="region0006_line0001_word0004" custom="readingOrder {index:4;}">
          <Coords points="1138,562 1237,564 1238,505 1229,504 1224,509 1222,517 1210,517 1202,524 1186,525 1158,522 1153,517 1140,517 1138,517"/>
          <TextEquiv conf="0.5417372">
            <Unicode>durch</Unicode>
          </TextEquiv>
        </Word>
        <Word id="region0006_line0001_word0005" custom="readingOrder {index:5;}">
          <Coords points="1262,558 1312,559 1312,523 1262,523"/>
          <TextEquiv conf="0.93099904">
            <Unicode>die</Unicode>
          </TextEquiv>
        </Word>
        <Word id="region0006_line0001_word0006" custom="readingOrder {index:6;}">
          <Coords points="1337,570 1461,572 1461,525 1337,524"/>
          <TextEquiv conf="0.88711256">
            <Unicode>Milch⸗</Unicode>
          </TextEquiv>
        </Word>
        <TextEquiv conf="0.8626087">
          <Unicode>niederwaͤrts gegen uns zu, durch die Milch⸗</Unicode>
        </TextEquiv>
      </TextLine>
      <TextLine id="region0006_line0002" custom="readingOrder {index:1;}">
        <Coords points="596,546 582,549 582,602 588,608 596,608 604,602 611,601 650,603 655,610 667,612 677,612 684,604 737,605 743,606 747,612 773,613 778,607 853,613 946,612 949,608 950,584 947,580 909,577 907,572 900,567 867,567 858,562 836,566 824,565 818,564 817,559 810,555 795,555 788,564 742,562 736,561 730,554 693,558 689,553 676,551 661,551 654,557 649,557 619,551 610,546"/>
        <Baseline points="582,592 949,603"/>
        <Word id="region0006_line0002_word0000" custom="readingOrder {index:0;}">
          <Coords points="589,557 588,605 600,605 604,602 611,601 650,603 652,606 682,606 684,604 697,604 698,558 693,558 693,558 693,558"/>
          <TextEquiv conf="0.9289003">
            <Unicode>ſtraſſe</Unicode>
          </TextEquiv>
        </Word>
        <Word id="region0006_line0002_word0001" custom="readingOrder {index:1;}">
          <Coords points="716,558 715,605 737,605 743,606 743,606 881,608 882,567 867,567 858,562 836,566 824,565 818,564 817,559 792,559 788,564 742,562 736,561 734,558"/>
          <TextEquiv conf="0.9227846">
            <Unicode>begraͤnzt.</Unicode>
          </TextEquiv>
        </Word>
        <TextEquiv conf="0.92584246">
          <Unicode>ſtraſſe begraͤnzt.</Unicode>
        </TextEquiv>
      </TextLine>
      <TextEquiv conf="0.8942256">
        <Unicode>niederwaͤrts gegen uns zu, durch die Milch⸗
ſtraſſe begraͤnzt.</Unicode>
      </TextEquiv>
    </TextRegion>
    <TextRegion orientation="-0.86589617" readingDirection="left-to-right" id="TextRegion_1673951890272_2647" custom="readingOrder {index:3;}">
      <Coords points="581,638 1464,638 1464,773 1460,845 576,845 576,730"/>
      <TextLine id="region0007_line0001" custom="readingOrder {index:0;}">
        <Coords points="785,638 726,638 711,642 676,643 610,641 605,646 604,675 641,686 710,687 713,692 721,694 732,689 806,690 822,687 830,692 836,690 848,699 860,698 872,692 885,695 964,693 1017,700 1032,698 1044,703 1121,705 1133,711 1145,706 1187,709 1197,700 1211,704 1220,701 1226,707 1226,712 1239,710 1341,711 1349,708 1359,708 1364,712 1464,711 1464,660 1434,659 1427,662 1408,665 1336,664 1331,656 1319,655 1311,664 1210,661 1205,670 1200,661 1142,656 1124,647 1112,647 1101,653 1070,644 996,643 969,647 964,642 920,640 855,645 846,639"/>
        <Baseline points="604,672 1209,699 1464,701"/>
        <Word id="region0007_line0001_word0000" custom="readingOrder {index:0;}">
          <Coords points="747,660 662,659 661,686 710,687 713,692 715,692 723,692 732,689 746,689"/>
          <TextEquiv conf="0.92872125">
            <Unicode>227.</Unicode>
          </TextEquiv>
        </Word>
        <Word id="region0007_line0001_word0001" custom="readingOrder {index:1;}">
          <Coords points="874,651 766,649 765,689 806,690 822,687 830,692 836,690 848,699 860,698 872,692 873,692"/>
          <TextEquiv conf="0.91517013">
            <Unicode>Aufg.</Unicode>
          </TextEquiv>
        </Word>
        <Word id="region0007_line0001_word0002" custom="readingOrder {index:2;}">
          <Coords points="989,696 990,655 905,654 904,694 964,693 986,695"/>
          <TextEquiv conf="0.92337555">
            <Unicode>Ein</Unicode>
          </TextEquiv>
        </Word>
        <Word id="region0007_line0001_word0003" custom="readingOrder {index:3;}">
          <Coords points="1007,653 1006,698 1017,700 1032,698 1040,701 1192,704 1197,700 1211,704 1220,701 1223,704 1240,705 1240,661 1210,661 1205,670 1200,661 1142,656 1140,655"/>
          <TextEquiv>
            <Unicode>Werkzeug,</Unicode>
          </TextEquiv>
        </Word>
        <Word id="region0007_line0001_word0004" custom="readingOrder {index:4;}">
          <Coords points="1316,657 1311,664 1270,662 1270,698 1345,699 1345,664 1336,664 1332,657"/>
          <TextEquiv conf="0.9323465">
            <Unicode>mit</Unicode>
          </TextEquiv>
        </Word>
        <Word id="region0007_line0001_word0005" custom="readingOrder {index:5;}">
          <Coords points="1364,700 1458,702 1459,662 1428,662 1427,662 1408,665 1365,664"/>
          <TextEquiv conf="0.3939987">
            <Unicode>wel⸗</Unicode>
          </TextEquiv>
        </Word>
        <TextEquiv>
          <Unicode>227. Aufg. Ein Werkzeug, mit wel⸗</Unicode>
        </TextEquiv>
      </TextLine>
      <TextLine id="region0007_line0002" custom="readingOrder {index:1;}">
        <Coords points="604,677 598,679 593,687 581,687 582,735 992,748 1189,759 1197,766 1213,766 1223,760 1364,763 1368,766 1377,766 1382,763 1398,762 1425,767 1427,772 1463,771 1464,712 1429,712 1403,717 1365,717 1359,709 1349,709 1340,712 1338,716 1247,716 1243,711 1226,713 1220,702 1211,705 1197,701 1187,710 1188,714 1133,712 1044,706 1032,699 1017,701 964,694 896,699 887,699 882,694 872,693 860,699 848,700 836,691 830,693 822,688 809,689 803,694 721,695 706,692 631,688 626,687 619,679"/>
        <Baseline points="581,726 1463,757"/>
        <Word id="region0007_line0002_word0000" custom="readingOrder {index:0;}">
          <Coords points="594,684 593,687 586,687 586,728 693,729 693,691 631,688 626,687 623,684"/>
          <TextEquiv conf="0.9260638">
            <Unicode>chem</Unicode>
          </TextEquiv>
        </Word>
        <Word id="region0007_line0002_word0001" custom="readingOrder {index:1;}">
          <Coords points="706,699 799,700 799,730 706,729"/>
          <TextEquiv conf="0.90870196">
            <Unicode>man</Unicode>
          </TextEquiv>
        </Word>
        <Word id="region0007_line0002_word0002" custom="readingOrder {index:2;}">
          <Coords points="811,690 811,731 924,733 924,696 896,699 887,699 882,694 872,693 860,699 848,700 836,691 830,693 825,690"/>
          <TextEquiv conf="0.92900634">
            <Unicode>kleine</Unicode>
          </TextEquiv>
        </Word>
        <Word id="region0007_line0002_word0003" custom="readingOrder {index:3;}">
          <Coords points="933,733 1094,735 1094,709 1044,706 1032,699 1017,701 964,694 933,696"/>
          <TextEquiv>
            <Unicode>Weiten</Unicode>
          </TextEquiv>
        </Word>
        <Word id="region0007_line0002_word0004" custom="readingOrder {index:4;}">
          <Coords points="1106,736 1172,737 1172,713 1133,712 1106,710"/>
          <TextEquiv conf="0.92221373">
            <Unicode>am</Unicode>
          </TextEquiv>
        </Word>
        <Word id="region0007_line0002_word0005" custom="readingOrder {index:5;}">
          <Coords points="1185,743 1358,745 1358,709 1349,709 1340,712 1338,716 1247,716 1243,711 1226,713 1220,702 1211,705 1197,701 1187,710 1188,714 1185,713"/>
          <TextEquiv>
            <Unicode>Himmel</Unicode>
          </TextEquiv>
        </Word>
        <Word id="region0007_line0002_word0006" custom="readingOrder {index:6;}">
          <Coords points="1369,751 1457,752 1457,712 1429,712 1403,717 1369,717"/>
          <TextEquiv>
            <Unicode>meſ⸗</Unicode>
          </TextEquiv>
        </Word>
        <TextEquiv>
          <Unicode>chem man kleine Weiten am Himmel meſ⸗</Unicode>
        </TextEquiv>
      </TextLine>
      <TextLine id="region0008_line0002" custom="readingOrder {index:2;}">
        <Coords points="587,730 577,738 576,786 589,791 602,786 617,785 727,789 741,786 751,791 767,793 779,798 794,794 838,794 995,798 1097,805 1153,813 1240,813 1249,824 1259,823 1266,813 1349,815 1416,824 1460,826 1460,766 1445,764 1378,771 1313,764 1245,765 1229,762 1222,756 1172,753 1137,754 1116,759 1055,758 1015,753 991,743 940,740 905,741 875,748 870,748 863,740 855,740 846,750 806,749 791,746 718,743 697,739 683,731 669,732 663,738 617,740 614,730"/>
        <Baseline points="576,775 989,788 1460,815"/>
        <Word id="region0008_line0002_word0000" custom="readingOrder {index:0;}">
          <Coords points="584,738 583,786 601,786 602,786 617,785 645,786 646,739 642,739 617,740 617,739"/>
          <TextEquiv conf="0.9248215">
            <Unicode>ſen</Unicode>
          </TextEquiv>
        </Word>
        <Word id="region0008_line0002_word0001" custom="readingOrder {index:1;}">
          <Coords points="671,742 670,787 727,789 741,786 750,790 791,791 792,746 791,746 718,743 717,743"/>
          <TextEquiv conf="0.9213753">
            <Unicode>kann;</Unicode>
          </TextEquiv>
        </Word>
        <Word id="region0008_line0002_word0002" custom="readingOrder {index:2;}">
          <Coords points="848,747 846,750 831,749 831,785 891,785 892,747 879,747 875,748 870,748 869,747"/>
          <TextEquiv conf="0.9306365">
            <Unicode>ein</Unicode>
          </TextEquiv>
        </Word>
        <Word id="region0008_line0002_word0003" custom="readingOrder {index:3;}">
          <Coords points="911,747 910,786 1129,789 1129,755 1116,759 1055,758 1015,753 1003,748"/>
          <TextEquiv conf="0.8829078">
            <Unicode>Mikrometer</Unicode>
          </TextEquiv>
        </Word>
        <Word id="region0008_line0002_word0004" custom="readingOrder {index:4;}">
          <Coords points="1143,800 1327,803 1327,765 1313,764 1245,765 1229,762 1222,756 1172,753 1143,753"/>
          <TextEquiv>
            <Unicode>(Dioptr.</Unicode>
          </TextEquiv>
        </Word>
        <Word id="region0008_line0002_word0005" custom="readingOrder {index:5;}">
          <Coords points="1348,798 1455,800 1455,765 1445,764 1378,771 1348,767"/>
          <TextEquiv conf="0.90549964">
            <Unicode>103.)</Unicode>
          </TextEquiv>
        </Word>
        <TextEquiv>
          <Unicode>ſen kann; ein Mikrometer (Dioptr. 103.)</Unicode>
        </TextEquiv>
      </TextLine>
      <TextLine id="region0008_line0003" custom="readingOrder {index:3;}">
        <Coords points="734,787 725,793 577,791 576,836 626,837 633,844 644,844 654,838 675,838 680,844 711,845 718,840 882,844 887,839 888,814 883,809 860,808 856,802 847,799 794,795 779,799 769,795 751,794 744,788"/>
        <Baseline points="577,826 887,835"/>
        <Word id="region0008_line0003_word0000" custom="readingOrder {index:0;}">
          <Coords points="582,792 581,836 626,837 629,840 649,840 654,838 675,838 677,841 715,841 718,840 817,842 817,796 794,795 779,799 769,795 754,794"/>
          <TextEquiv conf="0.9216614">
            <Unicode>anzugeben.</Unicode>
          </TextEquiv>
        </Word>
        <TextEquiv conf="0.9216614">
          <Unicode>anzugeben.</Unicode>
        </TextEquiv>
      </TextLine>
      <TextEquiv>
        <Unicode>227. Aufg. Ein Werkzeug, mit wel⸗
chem man kleine Weiten am Himmel meſ⸗
ſen kann; ein Mikrometer (Dioptr. 103.)
anzugeben.</Unicode>
      </TextEquiv>
    </TextRegion>
    <TextRegion orientation="-0.86589617" readingDirection="left-to-right" id="region0009" custom="readingOrder {index:4;}">
      <Coords points="570,866 1492,866 1492,1415 570,1415"/>
      <TextLine id="region0009_line0001" custom="readingOrder {index:0;}">
        <Coords points="768,866 591,866 591,896 593,900 602,903 602,911 608,917 723,921 730,928 738,927 744,920 833,926 893,926 899,929 960,928 995,930 1001,937 1009,937 1015,932 1071,933 1084,941 1090,941 1101,934 1114,934 1119,937 1135,939 1285,947 1299,952 1310,952 1323,946 1365,947 1399,954 1410,952 1415,957 1427,958 1436,954 1452,956 1483,954 1481,939 1485,935 1492,935 1492,897 1390,895 1377,898 1369,907 1354,907 1302,902 1288,893 1279,891 1232,889 1226,882 1216,882 1209,892 1198,896 1170,896 1161,895 1153,886 1143,886 1134,894 1083,889 1077,882 1067,882 1062,886 1049,887 1026,886 1020,880 1004,881 997,886 957,885 953,882 920,883 913,873 900,870"/>
        <Baseline points="602,908 1481,943"/>
        <Word id="region0009_line0001_word0000" custom="readingOrder {index:0;}">
          <Coords points="778,879 660,877 659,918 723,921 730,928 738,927 744,920 777,922"/>
          <TextEquiv conf="0.92170733">
            <Unicode>Aufl.</Unicode>
          </TextEquiv>
        </Word>
        <Word id="region0009_line0001_word0001" custom="readingOrder {index:1;}">
          <Coords points="800,884 825,884 824,919 799,919"/>
          <TextEquiv>
            <Unicode>I.</Unicode>
          </TextEquiv>
        </Word>
        <Word id="region0009_line0001_word0002" custom="readingOrder {index:2;}">
          <Coords points="934,884 838,882 837,926 893,926 899,929 933,928"/>
          <TextEquiv conf="0.89061975">
            <Unicode>Man</Unicode>
          </TextEquiv>
        </Word>
        <Word id="region0009_line0001_word0003" custom="readingOrder {index:3;}">
          <Coords points="941,885 940,928 960,928 987,930 1114,931 1115,892 1083,889 1081,887 1058,886 1049,887 1026,886 1026,886 997,886 997,886 971,885"/>
          <TextEquiv conf="0.89061975">
            <Unicode>verfertige</Unicode>
          </TextEquiv>
        </Word>
        <Word id="region0009_line0001_word0004" custom="readingOrder {index:4;}">
          <Coords points="1135,924 1222,925 1222,882 1216,882 1209,892 1198,896 1170,896 1161,895 1153,886 1143,886 1135,892"/>
          <TextEquiv conf="0.9250989">
            <Unicode>einen</Unicode>
          </TextEquiv>
        </Word>
        <Word id="region0009_line0001_word0005" custom="readingOrder {index:5;}">
          <Coords points="1247,937 1320,938 1320,903 1302,902 1288,893 1279,891 1247,889"/>
          <TextEquiv conf="0.9302422">
            <Unicode>Ring</Unicode>
          </TextEquiv>
        </Word>
        <Word id="region0009_line0001_word0006" custom="readingOrder {index:6;}">
          <Coords points="1339,931 1397,932 1398,901 1374,900 1369,907 1354,907 1339,905"/>
          <TextEquiv conf="0.92076665">
            <Unicode>24.</Unicode>
          </TextEquiv>
        </Word>
        <Word id="region0009_line0001_word0007" custom="readingOrder {index:7;}">
          <Coords points="1410,937 1454,937 1454,896 1410,895"/>
          <TextEquiv conf="0.9290451">
            <Unicode>F.</Unicode>
          </TextEquiv>
        </Word>
        <TextEquiv>
          <Unicode>Aufl. I. Man verfertige einen Ring 24. F.</Unicode>
        </TextEquiv>
      </TextLine>
      <TextLine id="region0009_line0002" custom="readingOrder {index:1;}">
        <Coords points="582,913 575,919 570,919 570,967 716,973 729,974 731,978 750,974 772,976 780,982 788,982 794,976 862,978 886,981 892,989 906,989 912,984 929,986 933,990 945,991 954,989 958,984 975,983 999,987 1005,992 1015,992 1022,987 1092,988 1099,995 1110,995 1117,988 1151,987 1163,994 1175,991 1212,992 1226,995 1244,991 1284,993 1288,996 1311,999 1424,1004 1429,1009 1437,1009 1443,1005 1492,1007 1492,936 1485,936 1482,939 1483,955 1452,957 1436,955 1433,958 1418,959 1410,953 1399,955 1346,947 1323,947 1310,953 1299,953 1223,947 1216,943 1205,943 1200,946 1120,943 1119,938 1114,935 1101,935 1090,942 1084,942 1071,934 1049,933 1044,937 1000,940 950,939 919,936 914,935 912,930 899,930 893,927 885,928 882,934 866,934 841,931 827,925 814,929 793,928 788,923 770,924 764,921 744,921 738,928 730,929 670,925 652,919 602,921 594,913"/>
        <Baseline points="570,957 1492,997"/>
        <Word id="region0009_line0002_word0000" custom="readingOrder {index:0;}">
          <Coords points="581,924 614,925 614,962 581,961"/>
          <TextEquiv conf="0.9320052">
            <Unicode>in</Unicode>
          </TextEquiv>
        </Word>
        <Word id="region0009_line0002_word0001" custom="readingOrder {index:1;}">
          <Coords points="639,927 710,928 710,964 639,963"/>
          <TextEquiv conf="0.9266788">
            <Unicode>dem</Unicode>
          </TextEquiv>
        </Word>
        <Word id="region0009_line0002_word0002" custom="readingOrder {index:2;}">
          <Coords points="739,927 738,928 737,928 736,972 793,972 794,928 793,928 792,927"/>
          <TextEquiv conf="0.9234932">
            <Unicode>ſich</Unicode>
          </TextEquiv>
        </Word>
        <Word id="region0009_line0002_word0003" custom="readingOrder {index:3;}">
          <Coords points="823,926 819,927 819,975 909,976 909,930 899,930 893,927 885,928 882,934 866,934 841,931 829,926"/>
          <TextEquiv conf="0.9236832">
            <Unicode>durch</Unicode>
          </TextEquiv>
        </Word>
        <Word id="region0009_line0002_word0004" custom="readingOrder {index:4;}">
          <Coords points="938,938 937,976 1022,977 1023,939 1015,938 1000,940 950,939 939,938"/>
          <TextEquiv>
            <Unicode>zwey</Unicode>
          </TextEquiv>
        </Word>
        <Word id="region0009_line0002_word0005" custom="readingOrder {index:5;}">
          <Coords points="1046,980 1170,982 1170,944 1120,943 1119,938 1114,935 1101,935 1090,942 1084,942 1071,934 1049,933 1046,934"/>
          <TextEquiv conf="0.9266382">
            <Unicode>Loͤcher,</Unicode>
          </TextEquiv>
        </Word>
        <Word id="region0009_line0002_word0006" custom="readingOrder {index:6;}">
          <Coords points="1206,975 1298,976 1298,952 1223,947 1216,943 1206,943"/>
          <TextEquiv conf="0.92999405">
            <Unicode>deren</Unicode>
          </TextEquiv>
        </Word>
        <Word id="region0009_line0002_word0007" custom="readingOrder {index:7;}">
          <Coords points="1318,982 1454,984 1454,956 1452,957 1436,955 1433,958 1418,959 1410,953 1399,955 1346,947 1323,947 1318,948"/>
          <TextEquiv>
            <Unicode>Mittel⸗</Unicode>
          </TextEquiv>
        </Word>
        <TextEquiv>
          <Unicode>in dem ſich durch zwey Loͤcher, deren Mittel⸗</Unicode>
        </TextEquiv>
      </TextLine>
      <TextLine id="region0009_line0003" custom="readingOrder {index:2;}">
        <Coords points="748,975 732,979 731,982 683,979 678,975 669,975 664,979 570,976 571,1022 576,1022 583,1030 597,1028 600,1023 624,1021 694,1026 881,1031 889,1041 894,1042 900,1042 915,1032 948,1032 1022,1041 1026,1046 1035,1048 1049,1047 1062,1040 1073,1043 1080,1049 1089,1048 1095,1040 1202,1043 1220,1044 1228,1048 1238,1045 1261,1046 1282,1051 1282,1040 1294,1048 1305,1042 1318,1049 1347,1044 1352,1055 1367,1050 1388,1059 1419,1054 1491,1054 1492,1013 1289,1002 1284,994 1256,997 1251,993 1238,992 1224,997 1176,998 1175,993 1163,995 1151,988 1137,988 1131,990 1129,998 1071,997 983,991 975,984 968,984 961,991 945,992 832,985 825,978 814,978 808,984 756,983 754,977"/>
        <Baseline points="571,1012 1491,1044"/>
        <Word id="region0009_line0003_word0000" custom="readingOrder {index:0;}">
          <Coords points="697,987 580,985 580,1027 580,1027 597,1027 600,1023 624,1021 694,1026 697,1026"/>
          <TextEquiv conf="0.9209282">
            <Unicode>puncte</Unicode>
          </TextEquiv>
        </Word>
        <Word id="region0009_line0003_word0001" custom="readingOrder {index:1;}">
          <Coords points="721,983 721,1020 869,1023 869,987 837,985"/>
          <TextEquiv conf="0.930775">
            <Unicode>einander</Unicode>
          </TextEquiv>
        </Word>
        <Word id="region0009_line0003_word0002" custom="readingOrder {index:2;}">
          <Coords points="963,988 961,991 945,992 890,988 890,1034 911,1034 915,1032 948,1032 976,1035 1004,1036 1004,992 983,991 980,988"/>
          <TextEquiv conf="0.92576">
            <Unicode>gerade</Unicode>
          </TextEquiv>
        </Word>
        <Word id="region0009_line0003_word0003" custom="readingOrder {index:3;}">
          <Coords points="1030,1035 1207,1038 1207,997 1176,998 1175,993 1163,995 1151,988 1137,988 1131,990 1129,998 1071,997 1030,994"/>
          <TextEquiv conf="0.9287284">
            <Unicode>gegenuͤber</Unicode>
          </TextEquiv>
        </Word>
        <Word id="region0009_line0003_word0004" custom="readingOrder {index:4;}">
          <Coords points="1225,1038 1356,1040 1356,1005 1289,1002 1284,994 1256,997 1251,993 1238,992 1225,996"/>
          <TextEquiv>
            <Unicode>ſtehen;</Unicode>
          </TextEquiv>
        </Word>
        <Word id="region0009_line0003_word0005" custom="readingOrder {index:5;}">
          <Coords points="1386,1038 1451,1039 1451,1010 1386,1007"/>
          <TextEquiv conf="0.92736644">
            <Unicode>zwo</Unicode>
          </TextEquiv>
        </Word>
        <TextEquiv>
          <Unicode>puncte einander gerade gegenuͤber ſtehen; zwo</Unicode>
        </TextEquiv>
      </TextLine>
      <TextLine id="region0009_line0004" custom="readingOrder {index:3;}">
        <Coords points="658,1024 652,1030 571,1030 571,1076 603,1078 624,1074 723,1076 781,1083 792,1090 805,1091 816,1085 866,1085 874,1091 899,1086 919,1086 935,1091 951,1088 973,1090 983,1096 990,1095 994,1090 1154,1096 1199,1102 1286,1102 1296,1099 1311,1104 1325,1104 1330,1109 1340,1109 1345,1104 1352,1104 1358,1110 1369,1110 1375,1104 1491,1105 1491,1065 1388,1060 1377,1058 1374,1053 1367,1051 1352,1056 1347,1045 1318,1050 1305,1043 1294,1049 1282,1041 1282,1052 1261,1047 1238,1046 1228,1049 1220,1045 1165,1042 1113,1050 1080,1050 1075,1045 1062,1041 1051,1048 1035,1049 994,1044 988,1036 948,1033 915,1033 906,1040 894,1043 889,1042 881,1032 864,1033 860,1035 858,1032 846,1031 839,1036 834,1036 831,1031 812,1032 806,1036 772,1034 768,1029 755,1029 749,1034 710,1033 678,1032 667,1025"/>
        <Baseline points="571,1065 1491,1095"/>
        <Word id="region0009_line0004_word0000" custom="readingOrder {index:0;}">
          <Coords points="695,1040 579,1038 579,1076 603,1078 624,1074 695,1075"/>
          <TextEquiv conf="0.91996366">
            <Unicode>gerade</Unicode>
          </TextEquiv>
        </Word>
        <Word id="region0009_line0004_word0001" custom="readingOrder {index:1;}">
          <Coords points="712,1040 774,1041 774,1075 712,1074"/>
          <TextEquiv conf="0.9314263">
            <Unicode>und</Unicode>
          </TextEquiv>
        </Word>
        <Word id="region0009_line0004_word0002" custom="readingOrder {index:2;}">
          <Coords points="793,1040 793,1086 813,1086 816,1085 866,1085 869,1087 890,1088 899,1086 905,1086 905,1042 898,1042 894,1043 889,1042 889,1042"/>
          <TextEquiv conf="0.92555755">
            <Unicode>gleiche</Unicode>
          </TextEquiv>
        </Word>
        <Word id="region0009_line0004_word0003" custom="readingOrder {index:3;}">
          <Coords points="921,1040 921,1086 1117,1089 1117,1049 1113,1050 1080,1050 1075,1045 1065,1042 1060,1042 1051,1048 1035,1049 994,1044 991,1041"/>
          <TextEquiv conf="0.91462654">
            <Unicode>Schrauben</Unicode>
          </TextEquiv>
        </Word>
        <Word id="region0009_line0004_word0004" custom="readingOrder {index:4;}">
          <Coords points="1135,1047 1215,1048 1215,1093 1135,1092"/>
          <TextEquiv conf="0.92787874">
            <Unicode>AC;</Unicode>
          </TextEquiv>
        </Word>
        <Word id="region0009_line0004_word0005" custom="readingOrder {index:5;}">
          <Coords points="1234,1092 1312,1093 1312,1046 1305,1043 1294,1049 1282,1041 1282,1052 1261,1047 1238,1046 1234,1047"/>
          <TextEquiv conf="0.78930146">
            <Unicode>BD,</Unicode>
          </TextEquiv>
        </Word>
        <Word id="region0009_line0004_word0006" custom="readingOrder {index:6;}">
          <Coords points="1325,1094 1453,1096 1453,1063 1388,1060 1377,1058 1374,1053 1367,1051 1352,1056 1347,1045 1325,1048"/>
          <TextEquiv>
            <Unicode>ſchrau⸗</Unicode>
          </TextEquiv>
        </Word>
        <TextEquiv>
          <Unicode>gerade und gleiche Schrauben AC; BD, ſchrau⸗</Unicode>
        </TextEquiv>
      </TextLine>
      <TextLine id="region0009_line0005" custom="readingOrder {index:4;}">
        <Coords points="665,1076 654,1080 632,1081 603,1080 596,1076 571,1077 570,1122 620,1122 657,1126 691,1125 700,1132 708,1131 716,1135 720,1135 722,1130 742,1131 756,1132 762,1137 773,1136 776,1132 801,1133 812,1130 825,1133 880,1133 898,1137 964,1140 968,1146 981,1149 991,1148 1001,1141 1050,1144 1061,1149 1065,1137 1069,1137 1077,1145 1166,1144 1214,1150 1277,1152 1285,1156 1298,1155 1299,1152 1426,1158 1492,1157 1491,1119 1445,1115 1438,1106 1427,1106 1420,1113 1412,1114 1320,1109 1296,1100 1285,1103 1281,1108 1258,1107 1220,1105 1219,1102 1204,1102 1197,1105 1098,1101 1071,1098 1064,1093 1036,1092 1033,1095 983,1097 962,1095 951,1089 924,1092 919,1087 899,1087 874,1092 866,1086 858,1085 848,1090 792,1091 776,1087 733,1085 723,1077 682,1081 677,1076"/>
        <Baseline points="570,1111 1492,1147"/>
        <Word id="region0009_line0005_word0000" custom="readingOrder {index:0;}">
          <Coords points="579,1083 638,1084 637,1121 578,1120"/>
          <TextEquiv conf="0.92869544">
            <Unicode>ben</Unicode>
          </TextEquiv>
        </Word>
        <Word id="region0009_line0005_word0001" custom="readingOrder {index:1;}">
          <Coords points="662,1084 661,1125 691,1125 699,1131 702,1131 708,1131 709,1131 721,1132 722,1130 742,1131 756,1132 756,1132 775,1133 775,1086 741,1085"/>
          <TextEquiv conf="0.92496324">
            <Unicode>laſſen,</Unicode>
          </TextEquiv>
        </Word>
        <Word id="region0009_line0005_word0002" custom="readingOrder {index:2;}">
          <Coords points="850,1088 848,1090 812,1090 812,1122 876,1123 876,1091 874,1092 869,1088"/>
          <TextEquiv conf="0.92899984">
            <Unicode>und</Unicode>
          </TextEquiv>
        </Word>
        <Word id="region0009_line0005_word0003" custom="readingOrder {index:3;}">
          <Coords points="903,1087 902,1135 1012,1137 1012,1095 983,1097 962,1095 951,1089 924,1092 919,1087"/>
          <TextEquiv conf="0.92674714">
            <Unicode>bringe</Unicode>
          </TextEquiv>
        </Word>
        <Word id="region0009_line0005_word0004" custom="readingOrder {index:4;}">
          <Coords points="1038,1136 1094,1137 1094,1100 1071,1098 1064,1093 1038,1092"/>
          <TextEquiv conf="0.92240834">
            <Unicode>ihn</Unicode>
          </TextEquiv>
        </Word>
        <Word id="region0009_line0005_word0005" custom="readingOrder {index:5;}">
          <Coords points="1120,1126 1162,1127 1162,1103 1120,1101"/>
          <TextEquiv conf="0.9249614">
            <Unicode>an</Unicode>
          </TextEquiv>
        </Word>
        <Word id="region0009_line0005_word0006" custom="readingOrder {index:6;}">
          <Coords points="1186,1128 1235,1129 1235,1105 1220,1105 1219,1102 1204,1102 1197,1105 1186,1104"/>
          <TextEquiv conf="0.9253941">
            <Unicode>ein</Unicode>
          </TextEquiv>
        </Word>
        <Word id="region0009_line0005_word0007" custom="readingOrder {index:7;}">
          <Coords points="1261,1138 1452,1140 1452,1115 1445,1115 1438,1106 1427,1106 1420,1113 1412,1114 1320,1109 1296,1100 1285,1103 1281,1108 1261,1107"/>
          <TextEquiv>
            <Unicode>aſtronomi⸗</Unicode>
          </TextEquiv>
        </Word>
        <TextEquiv>
          <Unicode>ben laſſen, und bringe ihn an ein aſtronomi⸗</Unicode>
        </TextEquiv>
      </TextLine>
      <TextLine id="region0009_line0006" custom="readingOrder {index:5;}">
        <Coords points="593,1122 570,1124 570,1175 583,1177 599,1175 609,1180 620,1179 623,1175 657,1176 685,1185 753,1178 806,1180 809,1185 938,1186 958,1194 968,1194 974,1190 1013,1189 1037,1192 1047,1198 1093,1196 1116,1199 1133,1198 1142,1202 1148,1197 1154,1197 1164,1203 1195,1203 1200,1207 1216,1206 1218,1203 1248,1202 1263,1205 1267,1210 1273,1211 1285,1205 1429,1208 1436,1214 1446,1216 1452,1211 1492,1213 1492,1167 1451,1164 1445,1157 1424,1159 1420,1164 1378,1162 1365,1155 1355,1155 1349,1161 1330,1162 1306,1161 1301,1160 1299,1156 1279,1155 1275,1160 1238,1159 1218,1157 1216,1152 1210,1149 1187,1146 1129,1146 1116,1148 1099,1145 1090,1149 1087,1146 1077,1146 1069,1138 1064,1139 1061,1150 1050,1145 1043,1148 1019,1148 1015,1143 1001,1142 991,1149 981,1150 958,1146 902,1144 890,1141 888,1137 880,1134 862,1135 858,1138 827,1138 826,1134 819,1131 804,1132 797,1137 787,1137 716,1136 708,1132 700,1133 691,1126 650,1126 637,1131 629,1130 620,1123"/>
        <Baseline points="570,1163 1492,1202"/>
        <Word id="region0009_line0006_word0000" custom="readingOrder {index:0;}">
          <Coords points="662,1134 577,1133 576,1175 583,1177 599,1175 605,1178 620,1178 623,1175 657,1176 661,1177"/>
          <TextEquiv conf="0.92900985">
            <Unicode>ſches</Unicode>
          </TextEquiv>
        </Word>
        <Word id="region0009_line0006_word0001" custom="readingOrder {index:1;}">
          <Coords points="680,1135 679,1181 719,1181 753,1178 806,1180 808,1183 845,1183 846,1138 827,1138 827,1137 798,1136 797,1137 787,1137 716,1136 715,1135"/>
          <TextEquiv conf="0.92535293">
            <Unicode>Fernrohr</Unicode>
          </TextEquiv>
        </Word>
        <Word id="region0009_line0006_word0002" custom="readingOrder {index:2;}">
          <Coords points="861,1138 860,1181 893,1182 893,1141 890,1141 888,1138"/>
          <TextEquiv conf="0.9322553">
            <Unicode>ſo</Unicode>
          </TextEquiv>
        </Word>
        <Word id="region0009_line0006_word0003" custom="readingOrder {index:3;}">
          <Coords points="913,1149 972,1150 971,1182 912,1181"/>
          <TextEquiv conf="0.9232762">
            <Unicode>an,</Unicode>
          </TextEquiv>
        </Word>
        <Word id="region0009_line0006_word0004" custom="readingOrder {index:4;}">
          <Coords points="1000,1185 1068,1186 1069,1138 1064,1139 1061,1150 1050,1145 1043,1148 1019,1148 1015,1143 1001,1142 1001,1142"/>
          <TextEquiv conf="0.93254304">
            <Unicode>daß</Unicode>
          </TextEquiv>
        </Word>
        <Word id="region0009_line0006_word0005" custom="readingOrder {index:5;}">
          <Coords points="1078,1179 1126,1180 1126,1146 1116,1148 1099,1145 1090,1149 1087,1146 1078,1146"/>
          <TextEquiv conf="0.9328802">
            <Unicode>die</Unicode>
          </TextEquiv>
        </Word>
        <Word id="region0009_line0006_word0006" custom="readingOrder {index:6;}">
          <Coords points="1143,1188 1340,1191 1340,1161 1330,1162 1306,1161 1301,1160 1299,1156 1279,1155 1275,1160 1238,1159 1218,1157 1216,1152 1210,1149 1187,1146 1143,1146"/>
          <TextEquiv conf="0.91964096">
            <Unicode>Schrauben</Unicode>
          </TextEquiv>
        </Word>
        <Word id="region0009_line0006_word0007" custom="readingOrder {index:7;}">
          <Coords points="1356,1193 1450,1194 1450,1163 1445,1157 1424,1159 1420,1164 1378,1162 1365,1155 1356,1155"/>
          <TextEquiv conf="0.9295818">
            <Unicode>durch</Unicode>
          </TextEquiv>
        </Word>
        <TextEquiv conf="0.92806756">
          <Unicode>ſches Fernrohr ſo an, daß die Schrauben durch</Unicode>
        </TextEquiv>
      </TextLine>
      <TextLine id="region0009_line0007" custom="readingOrder {index:6;}">
        <Coords points="570,1176 571,1221 652,1224 661,1228 694,1223 780,1230 781,1234 791,1237 804,1232 810,1232 815,1237 824,1237 830,1233 848,1233 857,1238 867,1239 870,1236 915,1235 928,1244 936,1243 942,1238 994,1240 1021,1244 1048,1242 1056,1236 1061,1237 1072,1245 1109,1247 1114,1253 1123,1256 1133,1254 1135,1249 1160,1249 1167,1243 1174,1243 1181,1249 1207,1251 1220,1244 1234,1254 1263,1256 1270,1261 1329,1256 1350,1256 1381,1262 1491,1262 1492,1224 1451,1223 1447,1221 1447,1217 1436,1215 1429,1209 1369,1207 1331,1213 1309,1212 1305,1206 1290,1206 1284,1212 1273,1212 1256,1209 1248,1203 1230,1204 1227,1207 1165,1206 1154,1198 1146,1199 1141,1205 1133,1199 1122,1198 1116,1203 1047,1199 1037,1193 1013,1190 976,1191 968,1195 958,1195 946,1193 938,1187 889,1185 835,1188 830,1185 809,1186 806,1181 771,1184 765,1179 753,1179 745,1185 685,1186 677,1183 609,1181 601,1178"/>
        <Baseline points="571,1211 1491,1253"/>
        <Word id="region0009_line0007_word0000" custom="readingOrder {index:0;}">
          <Coords points="577,1187 635,1188 635,1221 577,1220"/>
          <TextEquiv conf="0.9220726">
            <Unicode>den</Unicode>
          </TextEquiv>
        </Word>
        <Word id="region0009_line0007_word0001" custom="readingOrder {index:1;}">
          <Coords points="660,1187 659,1227 661,1228 694,1223 780,1230 781,1234 784,1235 796,1235 804,1232 810,1232 813,1235 826,1236 830,1233 848,1233 853,1236 870,1236 870,1236 915,1235 918,1237 978,1238 979,1192 974,1192 968,1195 958,1195 946,1193 944,1191"/>
          <TextEquiv conf="0.9158741">
            <Unicode>gemeinſchaftlichen</Unicode>
          </TextEquiv>
        </Word>
        <Word id="region0009_line0007_word0002" custom="readingOrder {index:2;}">
          <Coords points="1007,1190 997,1190 997,1240 1049,1240 1056,1236 1061,1237 1066,1240 1215,1243 1215,1206 1165,1206 1154,1198 1146,1199 1141,1205 1133,1199 1122,1198 1116,1203 1047,1199 1037,1193 1014,1190"/>
          <TextEquiv>
            <Unicode>Brennpunct</Unicode>
          </TextEquiv>
        </Word>
        <Word id="region0009_line0007_word0003" custom="readingOrder {index:3;}">
          <Coords points="1233,1242 1345,1244 1345,1210 1331,1213 1309,1212 1305,1206 1290,1206 1284,1212 1273,1212 1256,1209 1248,1203 1233,1203"/>
          <TextEquiv conf="0.9313425">
            <Unicode>beyder</Unicode>
          </TextEquiv>
        </Word>
        <Word id="region0009_line0007_word0004" custom="readingOrder {index:4;}">
          <Coords points="1361,1239 1449,1240 1449,1222 1447,1221 1447,1217 1436,1215 1429,1209 1369,1207 1361,1208"/>
          <TextEquiv conf="0.7628326">
            <Unicode>Glaͤ⸗</Unicode>
          </TextEquiv>
        </Word>
        <TextEquiv>
          <Unicode>den gemeinſchaftlichen Brennpunct beyder Glaͤ⸗</Unicode>
        </TextEquiv>
      </TextLine>
      <TextLine id="region0009_line0008" custom="readingOrder {index:7;}">
        <Coords points="588,1221 571,1227 570,1276 582,1279 591,1278 599,1274 650,1279 657,1282 669,1283 673,1280 733,1281 736,1286 744,1288 756,1281 793,1281 817,1286 834,1283 866,1293 883,1289 901,1294 922,1291 955,1293 967,1288 981,1287 991,1293 1006,1291 1043,1296 1049,1301 1085,1298 1096,1294 1128,1300 1139,1293 1146,1293 1152,1296 1174,1297 1181,1307 1193,1300 1203,1299 1221,1308 1229,1308 1234,1304 1313,1310 1325,1308 1352,1308 1359,1311 1385,1311 1403,1319 1426,1317 1436,1322 1447,1318 1491,1319 1492,1280 1471,1274 1420,1270 1419,1265 1414,1262 1396,1264 1390,1270 1383,1268 1382,1263 1376,1260 1350,1257 1311,1257 1296,1262 1280,1259 1270,1262 1263,1257 1238,1257 1220,1245 1214,1246 1208,1252 1181,1250 1174,1244 1167,1244 1160,1250 1160,1254 1131,1255 1123,1257 1113,1253 1091,1254 1072,1250 1061,1238 1052,1239 1047,1248 1000,1246 994,1241 981,1240 976,1245 928,1245 915,1236 878,1241 857,1239 850,1235 824,1238 799,1236 791,1238 774,1232 747,1234 729,1228 694,1224 683,1224 668,1230 645,1225 632,1229 603,1230 599,1223"/>
        <Baseline points="570,1264 789,1270 896,1281 990,1278 1491,1309"/>
        <Word id="region0009_line0008_word0000" custom="readingOrder {index:0;}">
          <Coords points="626,1235 576,1234 576,1277 582,1279 591,1278 599,1274 626,1276"/>
          <TextEquiv conf="0.93125516">
            <Unicode>ſer</Unicode>
          </TextEquiv>
        </Word>
        <Word id="region0009_line0008_word0001" custom="readingOrder {index:1;}">
          <Coords points="651,1234 651,1279 657,1282 658,1282 669,1282 673,1280 733,1281 734,1283 750,1283 756,1281 793,1281 805,1283 805,1237 795,1236 791,1238 787,1236"/>
          <TextEquiv conf="0.9248684">
            <Unicode>(Dioptr.</Unicode>
          </TextEquiv>
        </Word>
        <Word id="region0009_line0008_word0002" custom="readingOrder {index:2;}">
          <Coords points="837,1238 837,1283 919,1284 919,1239 894,1238 878,1241 857,1239 855,1238"/>
          <TextEquiv conf="0.92273176">
            <Unicode>89.)</Unicode>
          </TextEquiv>
        </Word>
        <Word id="region0009_line0008_word0003" custom="readingOrder {index:3;}">
          <Coords points="943,1286 1065,1288 1065,1243 1061,1238 1052,1239 1047,1248 1000,1246 994,1241 981,1240 976,1245 943,1245"/>
          <TextEquiv conf="0.92282575">
            <Unicode>gehen;</Unicode>
          </TextEquiv>
        </Word>
        <Word id="region0009_line0008_word0004" custom="readingOrder {index:4;}">
          <Coords points="1110,1253 1104,1253 1104,1281 1155,1282 1155,1254 1131,1255 1123,1257 1113,1253"/>
          <TextEquiv conf="0.93199015">
            <Unicode>wo</Unicode>
          </TextEquiv>
        </Word>
        <Word id="region0009_line0008_word0005" custom="readingOrder {index:5;}">
          <Coords points="1169,1289 1234,1290 1234,1254 1220,1245 1214,1246 1208,1252 1181,1250 1174,1244 1169,1244"/>
          <TextEquiv conf="0.93057036">
            <Unicode>ſich</Unicode>
          </TextEquiv>
        </Word>
        <Word id="region0009_line0008_word0006" custom="readingOrder {index:6;}">
          <Coords points="1254,1283 1301,1284 1301,1260 1296,1262 1280,1259 1270,1262 1263,1257 1254,1257"/>
          <TextEquiv conf="0.9299252">
            <Unicode>die</Unicode>
          </TextEquiv>
        </Word>
        <Word id="region0009_line0008_word0007" custom="readingOrder {index:7;}">
          <Coords points="1322,1294 1449,1296 1449,1272 1420,1270 1419,1265 1414,1262 1396,1264 1390,1270 1383,1268 1382,1263 1376,1260 1350,1257 1322,1257"/>
          <TextEquiv conf="0.90562105">
            <Unicode>Sache,</Unicode>
          </TextEquiv>
        </Word>
        <TextEquiv conf="0.9249735">
          <Unicode>ſer (Dioptr. 89.) gehen; wo ſich die Sache,</Unicode>
        </TextEquiv>
      </TextLine>
      <TextLine id="region0009_line0009" custom="readingOrder {index:8;}">
        <Coords points="599,1275 591,1279 582,1280 570,1277 570,1326 770,1332 822,1337 829,1345 837,1345 846,1337 940,1340 951,1349 972,1352 1012,1344 1060,1345 1088,1348 1092,1356 1100,1358 1111,1357 1117,1348 1141,1349 1148,1354 1163,1348 1171,1352 1189,1353 1193,1360 1205,1362 1212,1361 1217,1355 1241,1356 1247,1362 1256,1362 1262,1358 1322,1357 1422,1366 1430,1373 1439,1373 1446,1368 1491,1370 1491,1326 1483,1322 1445,1320 1436,1323 1426,1318 1403,1320 1385,1312 1359,1312 1352,1309 1325,1309 1295,1313 1276,1309 1248,1308 1244,1305 1221,1309 1210,1307 1203,1300 1193,1301 1181,1308 1174,1298 1152,1297 1146,1294 1133,1297 1130,1304 1111,1303 1111,1297 1107,1295 1090,1296 1082,1302 1049,1302 1012,1299 1006,1292 991,1294 981,1288 967,1289 955,1294 922,1292 901,1295 883,1290 866,1294 834,1284 820,1286 817,1290 769,1287 764,1282 756,1282 746,1289 664,1286 615,1281 609,1275"/>
        <Baseline points="570,1316 1123,1337 1491,1360"/>
        <Word id="region0009_line0009_word0000" custom="readingOrder {index:0;}">
          <Coords points="576,1284 625,1285 624,1322 575,1321"/>
          <TextEquiv conf="0.9323056">
            <Unicode>die</Unicode>
          </TextEquiv>
        </Word>
        <Word id="region0009_line0009_word0001" custom="readingOrder {index:1;}">
          <Coords points="651,1295 729,1297 728,1326 650,1324"/>
          <TextEquiv conf="0.93231016">
            <Unicode>man</Unicode>
          </TextEquiv>
        </Word>
        <Word id="region0009_line0009_word0002" custom="readingOrder {index:2;}">
          <Coords points="754,1288 753,1331 770,1332 807,1335 845,1336 846,1289 817,1288 817,1290 791,1288"/>
          <TextEquiv conf="0.90886015">
            <Unicode>durch</Unicode>
          </TextEquiv>
        </Word>
        <Word id="region0009_line0009_word0003" custom="readingOrder {index:3;}">
          <Coords points="874,1293 873,1328 935,1329 936,1294 910,1293 901,1295 895,1293"/>
          <TextEquiv conf="0.929699">
            <Unicode>das</Unicode>
          </TextEquiv>
        </Word>
        <Word id="region0009_line0009_word0004" custom="readingOrder {index:4;}">
          <Coords points="967,1289 963,1291 962,1340 1130,1343 1131,1302 1130,1304 1111,1303 1111,1297 1107,1295 1090,1296 1082,1302 1049,1302 1012,1299 1006,1292 991,1294 983,1289"/>
          <TextEquiv conf="0.9238482">
            <Unicode>Fernrohr</Unicode>
          </TextEquiv>
        </Word>
        <Word id="region0009_line0009_word0005" custom="readingOrder {index:5;}">
          <Coords points="1140,1341 1261,1343 1261,1308 1248,1308 1244,1305 1221,1309 1210,1307 1203,1300 1193,1301 1181,1308 1174,1298 1152,1297 1146,1294 1140,1295"/>
          <TextEquiv conf="0.92509276">
            <Unicode>ſiehet,</Unicode>
          </TextEquiv>
        </Word>
        <Word id="region0009_line0009_word0006" custom="readingOrder {index:6;}">
          <Coords points="1298,1344 1444,1346 1444,1320 1436,1323 1426,1318 1403,1320 1385,1312 1359,1312 1352,1309 1325,1309 1298,1312"/>
          <TextEquiv conf="0.90639913">
            <Unicode>abbildet,</Unicode>
          </TextEquiv>
        </Word>
        <TextEquiv conf="0.92264503">
          <Unicode>die man durch das Fernrohr ſiehet, abbildet,</Unicode>
        </TextEquiv>
      </TextLine>
      <TextLine id="region0009_line0010" custom="readingOrder {index:9;}">
        <Coords points="623,1329 614,1335 570,1335 570,1382 621,1383 737,1392 771,1391 777,1399 790,1399 796,1392 1030,1401 1041,1402 1049,1412 1086,1414 1132,1415 1137,1409 1144,1408 1152,1415 1162,1415 1173,1414 1177,1408 1188,1407 1426,1415 1431,1410 1431,1387 1426,1382 1397,1381 1395,1373 1391,1370 1312,1364 1307,1358 1293,1358 1288,1364 1205,1363 1173,1360 1172,1353 1159,1349 1148,1355 1141,1350 1126,1350 1116,1358 1100,1359 1069,1355 1067,1348 1060,1346 1043,1346 1040,1349 1036,1345 1013,1345 1005,1349 972,1353 951,1350 940,1341 932,1342 926,1349 882,1348 880,1341 876,1339 858,1339 852,1347 841,1347 798,1344 795,1337 770,1333 721,1331 705,1333 694,1338 690,1332 675,1332 672,1335 668,1332 655,1331 650,1335 637,1335 633,1330"/>
        <Baseline points="570,1372 967,1387 1084,1399 1431,1406"/>
        <Word id="region0009_line0010_word0000" custom="readingOrder {index:0;}">
          <Coords points="576,1342 639,1343 638,1380 575,1379"/>
          <TextEquiv conf="0.92929053">
            <Unicode>und</Unicode>
          </TextEquiv>
        </Word>
        <Word id="region0009_line0010_word0001" custom="readingOrder {index:1;}">
          <Coords points="656,1343 705,1344 704,1384 655,1383"/>
          <TextEquiv conf="0.9314826">
            <Unicode>die</Unicode>
          </TextEquiv>
        </Word>
        <Word id="region0009_line0010_word0002" custom="readingOrder {index:2;}">
          <Coords points="722,1341 721,1390 737,1392 771,1391 772,1392 795,1393 796,1392 845,1393 917,1395 917,1348 882,1348 880,1343 854,1343 852,1347 841,1347 798,1344 797,1342"/>
          <TextEquiv conf="0.9219173">
            <Unicode>Schrauben</Unicode>
          </TextEquiv>
        </Word>
        <Word id="region0009_line0010_word0003" custom="readingOrder {index:3;}">
          <Coords points="935,1344 934,1396 1065,1398 1065,1347 1060,1346 1043,1346 1040,1349 1036,1345 1012,1345 1005,1349 972,1353 951,1350 943,1344"/>
          <TextEquiv conf="0.9149494">
            <Unicode>deutlich</Unicode>
          </TextEquiv>
        </Word>
        <Word id="region0009_line0010_word0004" custom="readingOrder {index:4;}">
          <Coords points="1081,1399 1210,1401 1210,1363 1205,1363 1173,1360 1172,1353 1159,1349 1148,1355 1141,1350 1126,1350 1116,1358 1100,1359 1081,1356"/>
          <TextEquiv conf="0.93258667">
            <Unicode>geſehen</Unicode>
          </TextEquiv>
        </Word>
        <Word id="region0009_line0010_word0005" custom="readingOrder {index:5;}">
          <Coords points="1228,1391 1368,1393 1368,1368 1312,1364 1307,1358 1293,1358 1288,1364 1228,1363"/>
          <TextEquiv conf="0.92783034">
            <Unicode>werden.</Unicode>
          </TextEquiv>
        </Word>
        <TextEquiv conf="0.92634284">
          <Unicode>und die Schrauben deutlich geſehen werden.</Unicode>
        </TextEquiv>
      </TextLine>
      <TextEquiv>
        <Unicode>Aufl. I. Man verfertige einen Ring 24. F.
in dem ſich durch zwey Loͤcher, deren Mittel⸗
puncte einander gerade gegenuͤber ſtehen; zwo
gerade und gleiche Schrauben AC; BD, ſchrau⸗
ben laſſen, und bringe ihn an ein aſtronomi⸗
ſches Fernrohr ſo an, daß die Schrauben durch
den gemeinſchaftlichen Brennpunct beyder Glaͤ⸗
ſer (Dioptr. 89.) gehen; wo ſich die Sache,
die man durch das Fernrohr ſiehet, abbildet,
und die Schrauben deutlich geſehen werden.</Unicode>
      </TextEquiv>
    </TextRegion>
    <TextRegion orientation="-0.86589617" readingDirection="left-to-right" id="TextRegion_1673951897112_2653" custom="readingOrder {index:5;}">
      <Coords points="555,1422 1449,1422 1449,2129 555,2129"/>
      <TextLine id="region0010_line0001" custom="readingOrder {index:0;}">
        <Coords points="855,1423 818,1429 810,1424 790,1426 782,1423 587,1423 587,1450 590,1454 597,1456 600,1466 608,1468 693,1472 701,1475 734,1476 783,1476 786,1483 793,1484 805,1476 822,1477 847,1482 911,1482 952,1485 961,1494 975,1493 981,1487 1002,1486 1033,1494 1042,1489 1148,1491 1157,1498 1166,1498 1174,1492 1246,1499 1332,1498 1405,1504 1412,1510 1420,1511 1428,1504 1449,1505 1449,1460 1434,1459 1432,1451 1428,1448 1405,1450 1399,1458 1340,1455 1319,1445 1284,1445 1280,1441 1244,1444 1218,1452 1177,1450 1166,1441 1157,1441 1151,1446 1137,1446 1130,1439 1118,1439 1111,1446 1106,1446 1099,1439 1089,1439 1081,1445 1040,1445 992,1441 971,1437 965,1430 944,1430 939,1434 933,1428 919,1425"/>
        <Baseline points="598,1458 1449,1494"/>
        <Word id="region0010_line0001_word0000" custom="readingOrder {index:0;}">
          <Coords points="694,1471 695,1436 651,1435 650,1470 651,1470"/>
          <TextEquiv conf="0.8674112">
            <Unicode>II.</Unicode>
          </TextEquiv>
        </Word>
        <Word id="region0010_line0001_word0001" custom="readingOrder {index:1;}">
          <Coords points="842,1436 720,1434 719,1475 734,1476 783,1476 785,1482 795,1482 805,1476 822,1477 841,1480"/>
          <TextEquiv conf="0.92608416">
            <Unicode>Dieſes</Unicode>
          </TextEquiv>
        </Word>
        <Word id="region0010_line0001_word0002" custom="readingOrder {index:2;}">
          <Coords points="860,1435 859,1482 911,1482 952,1485 953,1486 995,1486 1002,1486 1004,1486 1036,1487 1037,1445 992,1441 971,1437 971,1437"/>
          <TextEquiv conf="0.92777693">
            <Unicode>Werkzeug</Unicode>
          </TextEquiv>
        </Word>
        <Word id="region0010_line0001_word0003" custom="readingOrder {index:3;}">
          <Coords points="1088,1439 1081,1445 1055,1445 1055,1476 1135,1477 1135,1444 1130,1439 1117,1439 1111,1446 1106,1446 1099,1439"/>
          <TextEquiv conf="0.9001757">
            <Unicode>wird</Unicode>
          </TextEquiv>
        </Word>
        <Word id="region0010_line0001_word0004" custom="readingOrder {index:4;}">
          <Coords points="1157,1442 1156,1489 1231,1490 1231,1447 1218,1452 1177,1450 1167,1442"/>
          <TextEquiv conf="0.924793">
            <Unicode>zum</Unicode>
          </TextEquiv>
        </Word>
        <Word id="region0010_line0001_word0005" custom="readingOrder {index:5;}">
          <Coords points="1254,1489 1444,1492 1444,1459 1434,1459 1432,1451 1428,1448 1405,1450 1399,1458 1340,1455 1319,1445 1284,1445 1280,1441 1254,1443"/>
          <TextEquiv conf="0.9240499">
            <Unicode>Gebrauche</Unicode>
          </TextEquiv>
        </Word>
        <TextEquiv conf="0.91171515">
          <Unicode>II. Dieſes Werkzeug wird zum Gebrauche</Unicode>
        </TextEquiv>
      </TextLine>
      <TextLine id="region0010_line0002" custom="readingOrder {index:1;}">
        <Coords points="585,1465 579,1468 555,1467 556,1516 572,1516 580,1520 588,1516 615,1518 621,1527 627,1529 640,1527 647,1522 716,1522 720,1525 789,1528 791,1534 799,1537 816,1537 823,1530 863,1529 913,1533 936,1542 953,1542 959,1537 981,1537 1009,1539 1014,1544 1031,1540 1084,1544 1145,1541 1180,1547 1257,1548 1268,1555 1310,1548 1420,1553 1424,1556 1448,1553 1449,1507 1440,1505 1428,1505 1420,1512 1412,1511 1394,1508 1388,1503 1368,1507 1358,1502 1332,1499 1278,1498 1226,1504 1220,1497 1203,1494 1174,1493 1166,1499 1157,1499 1148,1492 1052,1495 1042,1490 1033,1495 1002,1487 986,1488 983,1494 961,1495 918,1490 911,1483 898,1484 894,1489 873,1488 838,1486 827,1479 805,1477 793,1485 708,1479 700,1478 693,1473 681,1472 675,1477 644,1477 631,1475 625,1470"/>
        <Baseline points="556,1507 1448,1543"/>
        <Word id="region0010_line0002_word0000" custom="readingOrder {index:0;}">
          <Coords points="573,1474 572,1516 580,1520 588,1516 615,1518 619,1524 644,1524 647,1522 716,1522 720,1525 723,1525 856,1527 857,1487 838,1486 827,1479 808,1477 805,1477 793,1485 708,1479 700,1478 697,1476 677,1475 675,1477 644,1477 631,1475 631,1475"/>
          <TextEquiv conf="0.9259975">
            <Unicode>folgendermaſſen</Unicode>
          </TextEquiv>
        </Word>
        <Word id="region0010_line0002_word0001" custom="readingOrder {index:1;}">
          <Coords points="884,1527 1122,1531 1122,1492 1052,1495 1042,1490 1033,1495 1002,1487 986,1488 983,1494 961,1495 918,1490 911,1483 898,1484 894,1489 884,1488"/>
          <TextEquiv conf="0.92716986">
            <Unicode>eingerichtet.</Unicode>
          </TextEquiv>
        </Word>
        <Word id="region0010_line0002_word0002" custom="readingOrder {index:2;}">
          <Coords points="1144,1524 1243,1526 1243,1502 1226,1504 1220,1497 1203,1494 1174,1493 1166,1499 1157,1499 1148,1492 1144,1492"/>
          <TextEquiv conf="0.9306504">
            <Unicode>Man</Unicode>
          </TextEquiv>
        </Word>
        <Word id="region0010_line0002_word0003" custom="readingOrder {index:3;}">
          <Coords points="1269,1532 1351,1534 1351,1501 1332,1499 1278,1498 1269,1498"/>
          <TextEquiv conf="0.9285842">
            <Unicode>ſtelle</Unicode>
          </TextEquiv>
        </Word>
        <Word id="region0010_line0002_word0004" custom="readingOrder {index:4;}">
          <Coords points="1377,1528 1440,1529 1441,1505 1440,1505 1428,1505 1420,1512 1412,1511 1394,1508 1388,1503 1378,1505"/>
          <TextEquiv conf="0.92604005">
            <Unicode>das</Unicode>
          </TextEquiv>
        </Word>
        <TextEquiv conf="0.9276884">
          <Unicode>folgendermaſſen eingerichtet. Man ſtelle das</Unicode>
        </TextEquiv>
      </TextLine>
      <TextLine id="region0010_line0003" custom="readingOrder {index:2;}">
        <Coords points="556,1517 556,1575 577,1573 593,1577 632,1571 656,1571 701,1575 720,1582 729,1575 741,1575 802,1580 808,1587 817,1589 834,1587 838,1583 858,1586 864,1581 886,1582 899,1586 924,1586 935,1592 941,1591 945,1587 993,1588 1006,1590 1009,1595 1016,1597 1030,1597 1037,1592 1079,1591 1109,1597 1144,1597 1191,1593 1245,1600 1320,1600 1335,1603 1366,1604 1368,1611 1373,1614 1384,1613 1389,1604 1448,1604 1449,1563 1443,1557 1435,1557 1430,1562 1420,1562 1370,1558 1362,1553 1342,1549 1310,1549 1284,1552 1277,1556 1263,1555 1257,1549 1245,1549 1239,1555 1229,1555 1183,1552 1177,1546 1145,1542 1100,1543 1090,1548 1081,1542 1069,1542 1064,1547 1059,1547 1042,1545 1037,1541 1015,1545 987,1543 981,1538 936,1543 913,1534 882,1535 876,1531 863,1530 853,1531 846,1536 799,1538 773,1533 769,1528 756,1528 750,1531 721,1531 720,1526 715,1523 705,1523 696,1530 627,1530 621,1528 615,1519 588,1517 580,1521 572,1517"/>
        <Baseline points="556,1562 677,1561 1039,1582 1449,1594"/>
        <Word id="region0010_line0003_word0000" custom="readingOrder {index:0;}">
          <Coords points="572,1526 572,1573 577,1573 581,1574 609,1574 632,1571 656,1571 701,1575 702,1575 727,1575 729,1575 741,1575 741,1531 721,1531 720,1527 699,1527 696,1530 627,1530 621,1528 620,1526"/>
          <TextEquiv>
            <Unicode>Fernrohr</Unicode>
          </TextEquiv>
        </Word>
        <Word id="region0010_line0003_word0001" custom="readingOrder {index:1;}">
          <Coords points="757,1531 757,1576 780,1578 944,1580 944,1542 936,1543 913,1534 882,1535 877,1532 851,1532 846,1536 799,1538 773,1533 771,1531"/>
          <TextEquiv conf="0.9311322">
            <Unicode>dergeſtalt,</Unicode>
          </TextEquiv>
        </Word>
        <Word id="region0010_line0003_word0002" custom="readingOrder {index:2;}">
          <Coords points="970,1580 1035,1581 1035,1541 1015,1545 987,1543 981,1538 970,1539"/>
          <TextEquiv conf="0.89890826">
            <Unicode>daß</Unicode>
          </TextEquiv>
        </Word>
        <Word id="region0010_line0003_word0003" custom="readingOrder {index:3;}">
          <Coords points="1054,1574 1101,1575 1101,1542 1100,1543 1090,1548 1081,1542 1069,1542 1064,1547 1059,1547 1054,1546"/>
          <TextEquiv conf="0.92438865">
            <Unicode>ein</Unicode>
          </TextEquiv>
        </Word>
        <Word id="region0010_line0003_word0004" custom="readingOrder {index:4;}">
          <Coords points="1120,1577 1233,1579 1233,1555 1229,1555 1183,1552 1177,1546 1145,1542 1120,1542"/>
          <TextEquiv conf="0.92925525">
            <Unicode>Stern</Unicode>
          </TextEquiv>
        </Word>
        <Word id="region0010_line0003_word0005" custom="readingOrder {index:5;}">
          <Coords points="1245,1578 1292,1579 1292,1551 1284,1552 1277,1556 1263,1555 1257,1549 1245,1549"/>
          <TextEquiv conf="0.92925525">
            <Unicode>im</Unicode>
          </TextEquiv>
        </Word>
        <Word id="region0010_line0003_word0006" custom="readingOrder {index:6;}">
          <Coords points="1308,1588 1443,1590 1443,1557 1435,1557 1430,1562 1420,1562 1370,1558 1362,1553 1342,1549 1310,1549 1308,1549"/>
          <TextEquiv conf="0.9048533">
            <Unicode>Aequa⸗</Unicode>
          </TextEquiv>
        </Word>
        <TextEquiv>
          <Unicode>Fernrohr dergeſtalt, daß ein Stern im Aequa⸗</Unicode>
        </TextEquiv>
      </TextLine>
      <TextLine id="region0010_line0004" custom="readingOrder {index:3;}">
        <Coords points="674,1573 667,1575 663,1580 590,1578 577,1574 556,1576 555,1620 589,1618 611,1619 629,1625 644,1624 651,1632 658,1634 673,1631 675,1628 710,1628 721,1629 723,1634 731,1637 740,1637 747,1629 774,1630 851,1637 926,1637 1149,1647 1154,1651 1176,1649 1218,1652 1227,1656 1242,1650 1396,1658 1449,1657 1448,1615 1349,1613 1329,1610 1325,1603 1320,1601 1302,1602 1296,1609 1245,1607 1234,1606 1229,1600 1220,1597 1180,1594 1149,1596 1138,1602 1123,1603 1088,1601 1085,1595 1079,1592 1067,1593 1063,1600 1016,1598 989,1594 981,1588 970,1588 962,1593 935,1593 924,1587 913,1586 904,1590 886,1583 864,1582 858,1587 842,1584 817,1590 747,1582 741,1576 729,1576 720,1583 700,1576 697,1582 693,1582 687,1573"/>
        <Baseline points="555,1610 1448,1647"/>
        <Word id="region0010_line0004_word0000" custom="readingOrder {index:0;}">
          <Coords points="571,1582 623,1583 622,1616 570,1615"/>
          <TextEquiv conf="0.93175256">
            <Unicode>tor</Unicode>
          </TextEquiv>
        </Word>
        <Word id="region0010_line0004_word0001" custom="readingOrder {index:1;}">
          <Coords points="650,1581 649,1629 674,1629 675,1628 710,1628 721,1629 721,1630 745,1630 746,1582 722,1582 720,1583 716,1582 697,1581 697,1582 693,1582 693,1581"/>
          <TextEquiv conf="0.92737067">
            <Unicode>gleich</Unicode>
          </TextEquiv>
        </Word>
        <Word id="region0010_line0004_word0002" custom="readingOrder {index:2;}">
          <Coords points="770,1594 827,1595 827,1622 770,1621"/>
          <TextEquiv conf="0.93242955">
            <Unicode>am</Unicode>
          </TextEquiv>
        </Word>
        <Word id="region0010_line0004_word0003" custom="readingOrder {index:3;}">
          <Coords points="861,1584 858,1587 854,1586 854,1625 948,1626 948,1593 935,1593 924,1587 913,1586 904,1590 889,1584"/>
          <TextEquiv conf="0.93095917">
            <Unicode>Ende</Unicode>
          </TextEquiv>
        </Word>
        <Word id="region0010_line0004_word0004" custom="readingOrder {index:4;}">
          <Coords points="970,1589 969,1625 1024,1626 1024,1598 1016,1598 989,1594 982,1589"/>
          <TextEquiv conf="0.9322676">
            <Unicode>der</Unicode>
          </TextEquiv>
        </Word>
        <Word id="region0010_line0004_word0005" custom="readingOrder {index:5;}">
          <Coords points="1052,1626 1139,1627 1139,1601 1138,1602 1123,1603 1088,1601 1085,1595 1079,1592 1067,1593 1063,1600 1052,1599"/>
          <TextEquiv conf="0.924456">
            <Unicode>einen</Unicode>
          </TextEquiv>
        </Word>
        <Word id="region0010_line0004_word0006" custom="readingOrder {index:6;}">
          <Coords points="1166,1637 1342,1639 1342,1612 1329,1610 1325,1603 1320,1601 1302,1602 1296,1609 1245,1607 1234,1606 1229,1600 1220,1597 1180,1594 1166,1594"/>
          <TextEquiv conf="0.9284714">
            <Unicode>Schraube</Unicode>
          </TextEquiv>
        </Word>
        <Word id="region0010_line0004_word0007" custom="readingOrder {index:7;}">
          <Coords points="1351,1645 1367,1645 1367,1613 1351,1613"/>
          <TextEquiv conf="0.66788805">
            <Unicode>a</Unicode>
          </TextEquiv>
        </Word>
        <Word id="region0010_line0004_word0008" custom="readingOrder {index:8;}">
          <Coords points="1395,1631 1441,1632 1441,1614 1395,1613"/>
          <TextEquiv>
            <Unicode>er⸗</Unicode>
          </TextEquiv>
        </Word>
        <TextEquiv>
          <Unicode>tor gleich am Ende der einen Schraube a er⸗</Unicode>
        </TextEquiv>
      </TextLine>
      <TextLine id="region0010_line0005" custom="readingOrder {index:4;}">
        <Coords points="579,1619 555,1622 555,1672 592,1672 597,1676 613,1672 634,1674 696,1682 817,1681 862,1687 932,1686 937,1689 1034,1697 1039,1702 1047,1704 1061,1703 1069,1697 1134,1697 1142,1693 1151,1695 1156,1700 1186,1699 1232,1705 1312,1705 1327,1708 1333,1708 1343,1700 1352,1705 1354,1716 1360,1716 1370,1708 1395,1710 1400,1715 1411,1718 1449,1717 1448,1668 1441,1667 1316,1663 1296,1660 1284,1654 1252,1651 1242,1651 1228,1657 1214,1652 1197,1657 1182,1657 1176,1650 1166,1650 1156,1657 1149,1648 1135,1648 1130,1655 1067,1654 971,1646 966,1641 952,1641 948,1644 881,1643 869,1640 822,1639 818,1633 802,1633 797,1638 763,1639 731,1638 722,1634 702,1634 698,1631 658,1635 651,1633 644,1625 623,1629 611,1620"/>
        <Baseline points="555,1661 1342,1701 1345,1701 1449,1707"/>
        <Word id="region0010_line0005_word0000" custom="readingOrder {index:0;}">
          <Coords points="569,1626 568,1672 592,1672 592,1672 611,1673 613,1672 620,1673 715,1674 716,1634 702,1634 698,1631 658,1635 651,1633 646,1627 634,1627 623,1629 620,1627"/>
          <TextEquiv conf="0.92253774">
            <Unicode>ſcheinet,</Unicode>
          </TextEquiv>
        </Word>
        <Word id="region0010_line0005_word0001" custom="readingOrder {index:1;}">
          <Coords points="801,1633 797,1638 763,1639 758,1638 758,1668 821,1669 821,1638 818,1633"/>
          <TextEquiv conf="0.9276564">
            <Unicode>und</Unicode>
          </TextEquiv>
        </Word>
        <Word id="region0010_line0005_word0002" custom="readingOrder {index:2;}">
          <Coords points="856,1669 921,1670 921,1643 881,1643 869,1640 856,1639"/>
          <TextEquiv conf="0.92781085">
            <Unicode>von</Unicode>
          </TextEquiv>
        </Word>
        <Word id="region0010_line0005_word0003" custom="readingOrder {index:3;}">
          <Coords points="955,1671 1010,1671 1010,1649 971,1646 966,1641 955,1641"/>
          <TextEquiv conf="0.921017">
            <Unicode>der</Unicode>
          </TextEquiv>
        </Word>
        <Word id="region0010_line0005_word0004" custom="readingOrder {index:4;}">
          <Coords points="1043,1681 1206,1683 1206,1654 1197,1657 1182,1657 1176,1650 1166,1650 1156,1657 1149,1648 1135,1648 1130,1655 1067,1654 1043,1652"/>
          <TextEquiv conf="0.92834914">
            <Unicode>gemeinen</Unicode>
          </TextEquiv>
        </Word>
        <Word id="region0010_line0005_word0005" custom="readingOrder {index:5;}">
          <Coords points="1232,1684 1438,1687 1438,1666 1316,1663 1296,1660 1284,1654 1252,1651 1242,1651 1232,1655"/>
          <TextEquiv>
            <Unicode>Bewegung,</Unicode>
          </TextEquiv>
        </Word>
        <TextEquiv>
          <Unicode>ſcheinet, und von der gemeinen Bewegung,</Unicode>
        </TextEquiv>
      </TextLine>
      <TextLine id="region0010_line0006" custom="readingOrder {index:5;}">
        <Coords points="613,1673 598,1677 587,1674 555,1675 555,1722 657,1724 687,1730 731,1732 745,1730 749,1733 765,1734 777,1740 789,1737 802,1744 867,1736 876,1739 909,1740 913,1741 917,1748 928,1751 937,1749 943,1742 967,1742 976,1752 991,1751 998,1745 1011,1745 1026,1748 1031,1753 1041,1756 1056,1752 1078,1754 1085,1751 1114,1748 1143,1752 1149,1748 1159,1748 1168,1754 1197,1754 1221,1764 1233,1762 1237,1758 1260,1763 1266,1758 1449,1760 1449,1718 1429,1721 1388,1717 1381,1709 1370,1709 1363,1717 1354,1717 1351,1705 1343,1701 1334,1708 1336,1715 1322,1715 1319,1708 1312,1706 1303,1707 1297,1715 1251,1711 1245,1706 1237,1706 1231,1711 1217,1711 1211,1704 1196,1701 1157,1702 1148,1694 1134,1698 1079,1697 1061,1704 1047,1705 939,1697 938,1690 932,1687 913,1689 909,1697 867,1695 842,1694 841,1688 832,1684 762,1683 738,1686 713,1681 677,1682 631,1679"/>
        <Baseline points="555,1712 1236,1748 1449,1749"/>
        <Word id="region0010_line0006_word0000" custom="readingOrder {index:0;}">
          <Coords points="569,1685 675,1686 674,1722 568,1721"/>
          <TextEquiv conf="0.9303125">
            <Unicode>indem</Unicode>
          </TextEquiv>
        </Word>
        <Word id="region0010_line0006_word0001" custom="readingOrder {index:1;}">
          <Coords points="701,1689 764,1690 763,1727 700,1726"/>
          <TextEquiv conf="0.9278011">
            <Unicode>das</Unicode>
          </TextEquiv>
        </Word>
        <Word id="region0010_line0006_word0002" custom="readingOrder {index:2;}">
          <Coords points="789,1684 788,1736 856,1737 867,1736 871,1737 956,1739 956,1698 939,1697 938,1690 932,1687 913,1689 909,1697 867,1695 842,1694 841,1688 833,1684"/>
          <TextEquiv conf="0.9179006">
            <Unicode>Fernrohr</Unicode>
          </TextEquiv>
        </Word>
        <Word id="region0010_line0006_word0003" custom="readingOrder {index:3;}">
          <Coords points="974,1700 973,1737 1052,1738 1052,1704 1047,1705 980,1700"/>
          <TextEquiv conf="0.92086774">
            <Unicode>ganz</Unicode>
          </TextEquiv>
        </Word>
        <Word id="region0010_line0006_word0004" custom="readingOrder {index:4;}">
          <Coords points="1073,1735 1151,1737 1151,1697 1148,1694 1134,1698 1079,1697 1073,1699"/>
          <TextEquiv conf="0.93023956">
            <Unicode>ſtille</Unicode>
          </TextEquiv>
        </Word>
        <Word id="region0010_line0006_word0005" custom="readingOrder {index:5;}">
          <Coords points="1171,1742 1265,1743 1265,1712 1251,1711 1245,1706 1237,1706 1231,1711 1217,1711 1211,1704 1196,1701 1171,1701"/>
          <TextEquiv conf="0.9294174">
            <Unicode>liegt,</Unicode>
          </TextEquiv>
        </Word>
        <Word id="region0010_line0006_word0006" custom="readingOrder {index:6;}">
          <Coords points="1303,1732 1328,1732 1328,1715 1322,1715 1319,1708 1312,1706 1303,1706"/>
          <TextEquiv conf="0.92267525">
            <Unicode>in</Unicode>
          </TextEquiv>
        </Word>
        <Word id="region0010_line0006_word0007" custom="readingOrder {index:7;}">
          <Coords points="1341,1733 1439,1735 1439,1719 1429,1721 1388,1717 1381,1709 1370,1709 1363,1717 1354,1717 1351,1705 1343,1701 1341,1702"/>
          <TextEquiv conf="0.92267525">
            <Unicode>einer</Unicode>
          </TextEquiv>
        </Word>
        <TextEquiv conf="0.92523617">
          <Unicode>indem das Fernrohr ganz ſtille liegt, in einer</Unicode>
        </TextEquiv>
      </TextLine>
      <TextLine id="region0010_line0007" custom="readingOrder {index:6;}">
        <Coords points="648,1725 641,1731 555,1732 556,1784 583,1783 600,1776 618,1773 660,1773 725,1784 942,1791 952,1793 966,1802 970,1802 976,1796 1028,1796 1083,1803 1248,1806 1286,1811 1407,1813 1448,1811 1449,1768 1434,1768 1433,1763 1428,1760 1414,1760 1407,1767 1400,1768 1335,1766 1328,1759 1320,1759 1313,1766 1234,1762 1221,1765 1205,1757 1199,1760 1172,1759 1159,1749 1149,1749 1143,1754 1114,1749 1085,1752 1078,1755 1041,1757 1016,1752 1011,1746 998,1746 991,1752 976,1753 967,1743 949,1743 946,1750 928,1752 919,1749 873,1748 872,1740 867,1737 849,1739 847,1747 822,1744 802,1745 789,1738 777,1741 767,1739 761,1734 749,1734 745,1731 736,1731 729,1735 697,1735 664,1732 657,1725"/>
        <Baseline points="555,1769 670,1764 1100,1792 1448,1801"/>
        <Word id="region0010_line0007_word0000" custom="readingOrder {index:0;}">
          <Coords points="569,1732 569,1777 596,1777 600,1776 618,1773 660,1773 694,1778 706,1779 706,1735 697,1735 682,1733"/>
          <TextEquiv conf="0.92862153">
            <Unicode>geraden</Unicode>
          </TextEquiv>
        </Word>
        <Word id="region0010_line0007_word0001" custom="readingOrder {index:1;}">
          <Coords points="733,1735 733,1773 812,1774 812,1744 802,1745 789,1738 777,1741 767,1739 762,1735"/>
          <TextEquiv>
            <Unicode>Linie</Unicode>
          </TextEquiv>
        </Word>
        <Word id="region0010_line0007_word0002" custom="readingOrder {index:2;}">
          <Coords points="837,1773 877,1773 877,1748 873,1748 872,1740 867,1737 849,1739 847,1747 837,1745"/>
          <TextEquiv conf="0.93044096">
            <Unicode>ab</Unicode>
          </TextEquiv>
        </Word>
        <Word id="region0010_line0007_word0003" custom="readingOrder {index:3;}">
          <Coords points="901,1783 976,1784 976,1753 967,1743 949,1743 946,1750 928,1752 919,1749 901,1748"/>
          <TextEquiv conf="0.9276279">
            <Unicode>nach</Unicode>
          </TextEquiv>
        </Word>
        <Word id="region0010_line0007_word0004" custom="readingOrder {index:4;}">
          <Coords points="999,1776 1072,1777 1072,1755 1041,1757 1016,1752 1011,1746 999,1746"/>
          <TextEquiv conf="0.9276279">
            <Unicode>dem</Unicode>
          </TextEquiv>
        </Word>
        <Word id="region0010_line0007_word0005" custom="readingOrder {index:5;}">
          <Coords points="1096,1780 1190,1781 1190,1759 1172,1759 1159,1749 1149,1749 1143,1754 1114,1749 1096,1750"/>
          <TextEquiv conf="0.9303698">
            <Unicode>Ende</Unicode>
          </TextEquiv>
        </Word>
        <Word id="region0010_line0007_word0006" custom="readingOrder {index:6;}">
          <Coords points="1207,1780 1260,1781 1260,1763 1234,1762 1221,1765 1207,1758"/>
          <TextEquiv conf="0.92970896">
            <Unicode>der</Unicode>
          </TextEquiv>
        </Word>
        <Word id="region0010_line0007_word0007" custom="readingOrder {index:7;}">
          <Coords points="1278,1782 1397,1784 1397,1767 1335,1766 1328,1759 1320,1759 1313,1766 1278,1764"/>
          <TextEquiv conf="0.9270459">
            <Unicode>andern</Unicode>
          </TextEquiv>
        </Word>
        <Word id="region0010_line0007_word0008" custom="readingOrder {index:8;}">
          <Coords points="1417,1780 1437,1780 1437,1768 1434,1768 1433,1763 1428,1760 1417,1760"/>
          <TextEquiv conf="0.9129995">
            <Unicode>b</Unicode>
          </TextEquiv>
        </Word>
        <TextEquiv>
          <Unicode>geraden Linie ab nach dem Ende der andern b</Unicode>
        </TextEquiv>
      </TextLine>
      <TextLine id="region0010_line0008" custom="readingOrder {index:7;}">
        <Coords points="628,1774 606,1776 601,1781 556,1785 556,1837 580,1837 598,1829 616,1833 622,1829 644,1829 649,1835 657,1836 676,1828 722,1828 743,1829 764,1836 812,1837 832,1849 848,1841 881,1841 917,1847 1065,1849 1072,1852 1141,1855 1199,1854 1229,1858 1237,1867 1247,1866 1252,1861 1318,1860 1328,1863 1376,1866 1379,1870 1386,1871 1393,1871 1408,1863 1448,1863 1448,1822 1309,1818 1303,1811 1292,1811 1285,1818 1278,1817 1255,1815 1248,1807 1230,1807 1223,1815 1143,1808 1138,1803 1118,1803 1112,1808 1099,1809 1054,1808 1034,1806 1032,1799 1028,1797 1008,1797 1002,1803 966,1803 952,1794 924,1791 861,1790 843,1795 823,1794 817,1788 803,1788 794,1793 792,1788 788,1786 777,1786 769,1792 761,1792 713,1782 670,1783 660,1774"/>
        <Baseline points="556,1821 725,1819 901,1836 1448,1853"/>
        <Word id="region0010_line0008_word0000" custom="readingOrder {index:0;}">
          <Coords points="602,1780 601,1781 568,1784 567,1831 593,1831 598,1829 610,1832 618,1832 622,1829 644,1829 647,1832 666,1832 676,1828 716,1828 717,1783 713,1782 670,1783 668,1781"/>
          <TextEquiv conf="0.930419">
            <Unicode>gefuͤhret</Unicode>
          </TextEquiv>
        </Word>
        <Word id="region0010_line0008_word0001" custom="readingOrder {index:1;}">
          <Coords points="774,1789 769,1792 761,1792 744,1788 744,1829 764,1836 812,1837 813,1837 846,1838 846,1794 843,1795 823,1794 818,1789 801,1789 794,1793 792,1789"/>
          <TextEquiv conf="0.9114963">
            <Unicode>wird;</Unicode>
          </TextEquiv>
        </Word>
        <Word id="region0010_line0008_word0002" custom="readingOrder {index:2;}">
          <Coords points="893,1828 986,1829 986,1803 966,1803 952,1794 924,1791 893,1790"/>
          <TextEquiv conf="0.91700435">
            <Unicode>Man</Unicode>
          </TextEquiv>
        </Word>
        <Word id="region0010_line0008_word0003" custom="readingOrder {index:3;}">
          <Coords points="1012,1828 1153,1831 1153,1808 1143,1808 1138,1803 1118,1803 1112,1808 1099,1809 1054,1808 1034,1806 1032,1799 1028,1797 1012,1797"/>
          <TextEquiv conf="0.9224221">
            <Unicode>bemerke</Unicode>
          </TextEquiv>
        </Word>
        <Word id="region0010_line0008_word0004" custom="readingOrder {index:4;}">
          <Coords points="1176,1837 1252,1838 1252,1811 1248,1807 1230,1807 1223,1815 1176,1810"/>
          <TextEquiv conf="0.9275809">
            <Unicode>nach</Unicode>
          </TextEquiv>
        </Word>
        <Word id="region0010_line0008_word0005" custom="readingOrder {index:5;}">
          <Coords points="1275,1832 1361,1834 1361,1819 1309,1818 1303,1811 1292,1811 1285,1818 1278,1817 1275,1816"/>
          <TextEquiv conf="0.93014234">
            <Unicode>einer</Unicode>
          </TextEquiv>
        </Word>
        <Word id="region0010_line0008_word0006" custom="readingOrder {index:6;}">
          <Coords points="1385,1841 1437,1842 1437,1821 1385,1820"/>
          <TextEquiv conf="0.8489536">
            <Unicode>ge⸗</Unicode>
          </TextEquiv>
        </Word>
        <TextEquiv conf="0.91257405">
          <Unicode>gefuͤhret wird; Man bemerke nach einer ge⸗</Unicode>
        </TextEquiv>
      </TextLine>
      <TextLine id="region0010_line0009" custom="readingOrder {index:8;}">
        <Coords points="685,1828 671,1830 657,1837 556,1838 555,1881 717,1879 728,1880 732,1884 747,1888 762,1885 812,1888 825,1897 852,1902 907,1897 917,1897 927,1904 938,1904 942,1899 995,1899 1042,1903 1057,1911 1068,1904 1124,1906 1167,1912 1397,1913 1402,1918 1411,1917 1418,1912 1428,1915 1449,1915 1448,1867 1435,1865 1424,1865 1419,1868 1408,1864 1393,1872 1347,1872 1326,1869 1324,1864 1318,1861 1301,1862 1295,1869 1237,1868 1229,1859 1199,1855 1156,1856 1146,1863 1120,1861 1117,1855 1110,1854 1101,1855 1094,1860 1072,1858 1070,1852 1065,1850 1031,1850 1006,1856 971,1856 955,1852 921,1850 893,1844 848,1842 832,1850 812,1838 801,1840 785,1837 780,1840 766,1840 743,1830"/>
        <Baseline points="555,1870 732,1871 857,1887 1192,1901 1449,1904"/>
        <Word id="region0010_line0009_word0000" custom="readingOrder {index:0;}">
          <Coords points="567,1845 671,1846 670,1877 566,1876"/>
          <TextEquiv conf="0.9249142">
            <Unicode>nauen</Unicode>
          </TextEquiv>
        </Word>
        <Word id="region0010_line0009_word0001" custom="readingOrder {index:1;}">
          <Coords points="697,1835 696,1879 717,1879 728,1880 731,1883 767,1884 767,1840 766,1840 756,1835"/>
          <TextEquiv conf="0.92519575">
            <Unicode>Uhr</Unicode>
          </TextEquiv>
        </Word>
        <Word id="region0010_line0009_word0002" custom="readingOrder {index:2;}">
          <Coords points="785,1841 784,1877 831,1878 831,1849 818,1841"/>
          <TextEquiv conf="0.92579275">
            <Unicode>die</Unicode>
          </TextEquiv>
        </Word>
        <Word id="region0010_line0009_word0003" custom="readingOrder {index:3;}">
          <Coords points="847,1890 939,1891 940,1851 921,1850 893,1844 848,1842 848,1842"/>
          <TextEquiv conf="0.92579275">
            <Unicode>Zeit,</Unicode>
          </TextEquiv>
        </Word>
        <Word id="region0010_line0009_word0004" custom="readingOrder {index:4;}">
          <Coords points="974,1888 1084,1890 1084,1859 1072,1858 1070,1852 1065,1850 1031,1850 1006,1856 974,1856"/>
          <TextEquiv conf="0.92381513">
            <Unicode>welche</Unicode>
          </TextEquiv>
        </Word>
        <Word id="region0010_line0009_word0005" custom="readingOrder {index:5;}">
          <Coords points="1102,1884 1157,1885 1157,1855 1156,1856 1146,1863 1120,1861 1117,1855 1110,1854 1102,1854"/>
          <TextEquiv conf="0.93245673">
            <Unicode>der</Unicode>
          </TextEquiv>
        </Word>
        <Word id="region0010_line0009_word0006" custom="readingOrder {index:6;}">
          <Coords points="1170,1886 1285,1888 1285,1868 1237,1868 1229,1859 1199,1855 1170,1855"/>
          <TextEquiv conf="0.9323876">
            <Unicode>Stern</Unicode>
          </TextEquiv>
        </Word>
        <Word id="region0010_line0009_word0007" custom="readingOrder {index:7;}">
          <Coords points="1304,1892 1436,1894 1436,1865 1435,1865 1424,1865 1419,1868 1408,1864 1393,1872 1347,1872 1326,1869 1324,1864 1318,1861 1304,1861"/>
          <TextEquiv conf="0.9233499">
            <Unicode>braucht</Unicode>
          </TextEquiv>
        </Word>
        <TextEquiv conf="0.9267131">
          <Unicode>nauen Uhr die Zeit, welche der Stern braucht</Unicode>
        </TextEquiv>
      </TextLine>
      <TextLine id="region0010_line0010" custom="readingOrder {index:9;}">
        <Coords points="672,1879 663,1881 658,1887 642,1889 637,1882 619,1882 612,1888 605,1888 596,1881 555,1885 555,1933 610,1934 617,1941 625,1940 630,1934 789,1936 848,1951 860,1946 896,1946 975,1954 981,1960 994,1960 999,1955 1028,1955 1051,1955 1056,1961 1065,1961 1073,1956 1111,1957 1119,1961 1146,1958 1292,1966 1336,1965 1341,1962 1380,1964 1399,1960 1449,1964 1449,1918 1430,1918 1422,1913 1411,1918 1402,1919 1397,1914 1387,1914 1380,1918 1337,1922 1227,1917 1222,1913 1210,1912 1203,1916 1149,1917 1084,1912 1079,1905 1068,1905 1057,1912 1028,1911 1023,1910 1018,1902 995,1900 978,1901 972,1907 966,1908 927,1905 917,1898 902,1899 899,1902 852,1903 811,1893 751,1891 732,1885 728,1881"/>
        <Baseline points="555,1923 795,1926 978,1944 1165,1951 1449,1953"/>
        <Word id="region0010_line0010_word0000" custom="readingOrder {index:0;}">
          <Coords points="666,1890 566,1889 565,1933 610,1934 612,1936 627,1936 630,1934 665,1934"/>
          <TextEquiv conf="0.9232016">
            <Unicode>dieſen</Unicode>
          </TextEquiv>
        </Word>
        <Word id="region0010_line0010_word0001" custom="readingOrder {index:1;}">
          <Coords points="690,1887 689,1928 810,1929 810,1892 751,1891 739,1887"/>
          <TextEquiv conf="0.9324028">
            <Unicode>Raum</Unicode>
          </TextEquiv>
        </Word>
        <Word id="region0010_line0010_word0002" custom="readingOrder {index:2;}">
          <Coords points="841,1901 840,1938 878,1938 878,1902 852,1903 843,1901"/>
          <TextEquiv conf="0.93059313">
            <Unicode>zu</Unicode>
          </TextEquiv>
        </Word>
        <Word id="region0010_line0010_word0003" custom="readingOrder {index:3;}">
          <Coords points="905,1938 1129,1941 1129,1915 1084,1912 1079,1905 1068,1905 1057,1912 1028,1911 1023,1910 1018,1902 995,1900 978,1901 972,1907 966,1908 927,1905 917,1898 905,1898"/>
          <TextEquiv conf="0.9234697">
            <Unicode>durchlaufen,</Unicode>
          </TextEquiv>
        </Word>
        <Word id="region0010_line0010_word0004" custom="readingOrder {index:4;}">
          <Coords points="1164,1934 1227,1935 1228,1917 1227,1917 1222,1913 1210,1912 1203,1916 1164,1917"/>
          <TextEquiv conf="0.92859185">
            <Unicode>und</Unicode>
          </TextEquiv>
        </Word>
        <Word id="region0010_line0010_word0005" custom="readingOrder {index:5;}">
          <Coords points="1251,1937 1435,1940 1435,1918 1430,1918 1422,1913 1411,1918 1402,1919 1397,1914 1387,1914 1380,1918 1337,1922 1251,1918"/>
          <TextEquiv conf="0.9311101">
            <Unicode>verwandle</Unicode>
          </TextEquiv>
        </Word>
        <TextEquiv conf="0.9282282">
          <Unicode>dieſen Raum zu durchlaufen, und verwandle</Unicode>
        </TextEquiv>
      </TextLine>
      <TextLine id="region0010_line0011" custom="readingOrder {index:10;}">
        <Coords points="573,1933 555,1934 555,1986 565,1989 579,1985 599,1986 619,1990 633,1996 639,1995 643,1990 673,1990 704,1986 759,1987 842,1992 864,1998 926,2003 931,2003 937,1996 943,1995 951,2000 955,2011 961,2010 965,2004 973,2003 1110,2012 1159,2012 1176,2022 1182,2021 1188,2014 1233,2015 1273,2010 1319,2013 1344,2021 1385,2022 1406,2015 1418,2019 1448,2018 1449,1985 1436,1983 1436,1971 1433,1967 1418,1966 1409,1961 1395,1963 1393,1970 1341,1963 1336,1966 1291,1967 1274,1971 1248,1971 1243,1967 1234,1967 1229,1971 1168,1970 1164,1962 1146,1959 1119,1962 1111,1958 1075,1957 1065,1962 1042,1962 1036,1956 1028,1956 1017,1962 958,1961 946,1958 937,1951 896,1947 860,1947 848,1952 835,1948 795,1944 789,1937 775,1937 767,1945 715,1942 712,1937 698,1936 691,1942 648,1944 638,1935 630,1935 625,1941 617,1942 610,1935"/>
        <Baseline points="555,1975 833,1980 926,1992 1127,2002 1448,2008"/>
        <Word id="region0010_line0011_word0000" custom="readingOrder {index:0;}">
          <Coords points="566,1943 565,1989 579,1985 599,1986 617,1990 660,1990 661,1944 650,1944 648,1944 648,1944"/>
          <TextEquiv conf="0.9289862">
            <Unicode>ſolche</Unicode>
          </TextEquiv>
        </Word>
        <Word id="region0010_line0011_word0001" custom="readingOrder {index:1;}">
          <Coords points="698,1945 729,1945 729,1981 698,1981"/>
          <TextEquiv conf="0.9249141">
            <Unicode>in</Unicode>
          </TextEquiv>
        </Word>
        <Word id="region0010_line0011_word0002" custom="readingOrder {index:2;}">
          <Coords points="762,1946 762,1982 850,1983 850,1951 848,1952 835,1948 821,1946"/>
          <TextEquiv conf="0.918235">
            <Unicode>einen</Unicode>
          </TextEquiv>
        </Word>
        <Word id="region0010_line0011_word0003" custom="readingOrder {index:3;}">
          <Coords points="880,1949 879,1994 943,1995 943,1995 943,1995 999,1996 1000,1962 958,1961 946,1958 937,1951 924,1950"/>
          <TextEquiv conf="0.9305373">
            <Unicode>Bogen</Unicode>
          </TextEquiv>
        </Word>
        <Word id="region0010_line0011_word0004" custom="readingOrder {index:4;}">
          <Coords points="1023,1989 1082,1990 1082,1957 1075,1957 1065,1962 1042,1962 1036,1956 1028,1956 1023,1958"/>
          <TextEquiv conf="0.9273716">
            <Unicode>des</Unicode>
          </TextEquiv>
        </Word>
        <Word id="region0010_line0011_word0005" custom="readingOrder {index:5;}">
          <Coords points="1108,2004 1310,2007 1310,1966 1291,1967 1274,1971 1248,1971 1243,1967 1234,1967 1229,1971 1168,1970 1164,1962 1146,1959 1119,1962 1111,1958 1108,1957"/>
          <TextEquiv conf="0.8469089">
            <Unicode>Aequators</Unicode>
          </TextEquiv>
        </Word>
        <Word id="region0010_line0011_word0006" custom="readingOrder {index:6;}">
          <Coords points="1329,2013 1429,2015 1432,1966 1418,1966 1409,1961 1395,1963 1393,1970 1341,1963 1336,1966 1332,1966"/>
          <TextEquiv>
            <Unicode>(99).</Unicode>
          </TextEquiv>
        </Word>
        <TextEquiv>
          <Unicode>ſolche in einen Bogen des Aequators (99).</Unicode>
        </TextEquiv>
      </TextLine>
      <TextLine id="region0010_line0012" custom="readingOrder {index:11;}">
        <Coords points="704,1987 686,1990 683,1997 633,1997 619,1991 599,1987 579,1986 569,1990 555,1987 556,2037 634,2039 674,2043 682,2050 695,2050 703,2043 711,2042 719,2042 727,2047 739,2040 838,2043 915,2052 951,2052 958,2055 1005,2058 1094,2062 1121,2065 1127,2071 1140,2071 1148,2068 1174,2064 1227,2067 1262,2063 1269,2067 1301,2068 1306,2065 1322,2066 1328,2062 1448,2067 1448,2024 1419,2023 1413,2017 1395,2018 1385,2023 1344,2022 1319,2014 1273,2011 1234,2015 1224,2023 1218,2016 1202,2015 1199,2018 1196,2015 1188,2015 1182,2022 1176,2023 1159,2013 1144,2015 1138,2011 1121,2011 1114,2018 1112,2013 1107,2011 1095,2012 1092,2017 1077,2016 1069,2009 1056,2009 1042,2014 1038,2009 1024,2008 1018,2014 990,2013 985,2005 973,2004 966,2012 955,2012 949,1999 939,1996 931,2004 934,2011 918,2011 910,2004 898,2002 804,1998 773,1995 759,1988"/>
        <Baseline points="556,2028 862,2034 1139,2055 1448,2056"/>
        <Word id="region0010_line0012_word0000" custom="readingOrder {index:0;}">
          <Coords points="564,1997 648,1998 648,2038 564,2037"/>
          <TextEquiv>
            <Unicode>Nun</Unicode>
          </TextEquiv>
        </Word>
        <Word id="region0010_line0012_word0001" custom="readingOrder {index:1;}">
          <Coords points="774,1997 683,1995 683,1997 683,2047 698,2047 703,2043 711,2042 719,2042 727,2047 739,2040 774,2041"/>
          <TextEquiv conf="0.92284864">
            <Unicode>zaͤhle</Unicode>
          </TextEquiv>
        </Word>
        <Word id="region0010_line0012_word0002" custom="readingOrder {index:2;}">
          <Coords points="800,2007 899,2009 899,2043 800,2041"/>
          <TextEquiv conf="0.92690486">
            <Unicode>man,</Unicode>
          </TextEquiv>
        </Word>
        <Word id="region0010_line0012_word0003" custom="readingOrder {index:3;}">
          <Coords points="939,2050 1159,2054 1159,2013 1144,2015 1138,2011 1121,2011 1114,2018 1112,2013 1107,2011 1095,2012 1092,2017 1077,2016 1069,2009 1056,2009 1042,2014 1038,2009 1024,2008 1018,2014 990,2013 985,2005 973,2004 966,2012 955,2012 949,1999 939,1996"/>
          <TextEquiv conf="0.92663324">
            <Unicode>wievielmahl</Unicode>
          </TextEquiv>
        </Word>
        <Word id="region0010_line0012_word0004" custom="readingOrder {index:4;}">
          <Coords points="1185,2046 1232,2047 1232,2016 1224,2023 1218,2016 1202,2015 1199,2018 1196,2015 1188,2015 1185,2018"/>
          <TextEquiv conf="0.9326609">
            <Unicode>die</Unicode>
          </TextEquiv>
        </Word>
        <Word id="region0010_line0012_word0005" custom="readingOrder {index:5;}">
          <Coords points="1258,2050 1435,2053 1435,2023 1419,2023 1413,2017 1395,2018 1385,2023 1344,2022 1319,2014 1273,2011 1258,2012"/>
          <TextEquiv conf="0.92471474">
            <Unicode>Schraube</Unicode>
          </TextEquiv>
        </Word>
        <TextEquiv>
          <Unicode>Nun zaͤhle man, wievielmahl die Schraube</Unicode>
        </TextEquiv>
      </TextLine>
      <TextLine id="region0010_line0013" custom="readingOrder {index:12;}">
        <Coords points="556,2038 555,2093 619,2093 680,2096 686,2098 696,2109 704,2109 711,2102 745,2108 752,2097 832,2098 844,2110 859,2111 867,2099 871,2098 931,2105 943,2116 958,2117 964,2109 1095,2115 1120,2118 1126,2123 1134,2123 1143,2118 1228,2117 1246,2119 1254,2127 1267,2127 1276,2119 1298,2118 1352,2121 1358,2131 1371,2128 1379,2120 1389,2120 1391,2127 1407,2129 1419,2116 1449,2118 1448,2075 1420,2074 1415,2069 1397,2069 1392,2066 1382,2066 1375,2073 1369,2065 1328,2063 1322,2067 1306,2066 1295,2072 1270,2071 1268,2067 1256,2064 1238,2065 1232,2069 1174,2065 1148,2069 1140,2072 1127,2072 1088,2069 1084,2063 1078,2061 1068,2061 1064,2067 1045,2068 993,2062 988,2058 974,2061 958,2059 951,2053 914,2055 878,2048 872,2053 756,2052 746,2049 745,2044 739,2041 727,2048 719,2043 711,2043 703,2044 695,2051 682,2051 651,2049 643,2042 634,2040"/>
        <Baseline points="555,2083 898,2090 1123,2107 1449,2108"/>
        <Word id="region0010_line0013_word0000" custom="readingOrder {index:0;}">
          <Coords points="561,2051 624,2052 624,2091 560,2090"/>
          <TextEquiv>
            <Unicode>BD</Unicode>
          </TextEquiv>
        </Word>
        <Word id="region0010_line0013_word0001" custom="readingOrder {index:1;}">
          <Coords points="715,2054 636,2053 636,2093 680,2096 686,2098 691,2103 709,2103 711,2102 715,2102"/>
          <TextEquiv conf="0.91045207">
            <Unicode>muß</Unicode>
          </TextEquiv>
        </Word>
        <Word id="region0010_line0013_word0002" custom="readingOrder {index:2;}">
          <Coords points="725,2050 724,2102 749,2102 752,2097 832,2098 838,2104 864,2104 867,2099 871,2098 931,2105 931,2105 991,2106 991,2060 988,2058 974,2061 958,2059 951,2053 945,2053 914,2055 902,2053 873,2052 872,2053 756,2052 751,2050"/>
          <TextEquiv conf="0.9269571">
            <Unicode>herumgedrehet</Unicode>
          </TextEquiv>
        </Word>
        <Word id="region0010_line0013_word0003" custom="readingOrder {index:3;}">
          <Coords points="1073,2061 1068,2061 1064,2067 1045,2068 1004,2063 1004,2104 1142,2106 1142,2071 1140,2072 1127,2072 1088,2069 1084,2063 1078,2061"/>
          <TextEquiv conf="0.92253435">
            <Unicode>werden,</Unicode>
          </TextEquiv>
        </Word>
        <Word id="region0010_line0013_word0004" custom="readingOrder {index:4;}">
          <Coords points="1170,2100 1225,2101 1225,2068 1174,2065 1170,2065"/>
          <TextEquiv conf="0.92627066">
            <Unicode>bis</Unicode>
          </TextEquiv>
        </Word>
        <Word id="region0010_line0013_word0005" custom="readingOrder {index:5;}">
          <Coords points="1237,2110 1306,2111 1306,2066 1295,2072 1270,2071 1268,2067 1256,2064 1238,2065 1237,2065"/>
          <TextEquiv conf="0.8341394">
            <Unicode>ihre</Unicode>
          </TextEquiv>
        </Word>
        <Word id="region0010_line0013_word0006" custom="readingOrder {index:6;}">
          <Coords points="1315,2113 1435,2115 1435,2074 1420,2074 1415,2069 1397,2069 1392,2066 1382,2066 1375,2073 1369,2065 1328,2063 1322,2067 1315,2066"/>
          <TextEquiv conf="0.9299372">
            <Unicode>Spitze</Unicode>
          </TextEquiv>
        </Word>
        <TextEquiv>
          <Unicode>BD muß herumgedrehet werden, bis ihre Spitze</Unicode>
        </TextEquiv>
      </TextLine>
      <TextEquiv>
        <Unicode>II. Dieſes Werkzeug wird zum Gebrauche
folgendermaſſen eingerichtet. Man ſtelle das
Fernrohr dergeſtalt, daß ein Stern im Aequa⸗
tor gleich am Ende der einen Schraube a er⸗
ſcheinet, und von der gemeinen Bewegung,
indem das Fernrohr ganz ſtille liegt, in einer
geraden Linie ab nach dem Ende der andern b
gefuͤhret wird; Man bemerke nach einer ge⸗
nauen Uhr die Zeit, welche der Stern braucht
dieſen Raum zu durchlaufen, und verwandle
ſolche in einen Bogen des Aequators (99).
Nun zaͤhle man, wievielmahl die Schraube
BD muß herumgedrehet werden, bis ihre Spitze</Unicode>
      </TextEquiv>
    </TextRegion>
    <TextRegion orientation="-0.86589617" type="catch-word" readingDirection="left-to-right" id="TextRegion_1673951897112_2652" custom="readingOrder {index:6;} structure {type:catch-word;}">
      <Coords points="555,2129 1449,2129 1449,2164 555,2164"/>
      <TextLine id="region0010_line0014" custom="readingOrder {index:0;}">
        <Coords points="1419,2117 1407,2130 1382,2128 1357,2132 1356,2163 1448,2164 1448,2127 1430,2127 1429,2119"/>
        <Baseline points="1356,2158 1448,2158"/>
        <Word id="region0010_line0014_word0000" custom="readingOrder {index:0;}">
          <Coords points="1434,2130 1413,2130 1413,2163 1434,2163"/>
          <TextEquiv conf="0.9235903">
            <Unicode>b</Unicode>
          </TextEquiv>
        </Word>
        <TextEquiv conf="0.9235903">
          <Unicode>b</Unicode>
        </TextEquiv>
      </TextLine>
      <TextEquiv>
        <Unicode>b</Unicode>
      </TextEquiv>
    </TextRegion>
  </Page>
</PcGts>
