1528 2206
546 251 620 293 Gib
632 240 727 297 wohl
727 248 813 297 acht,
829 248 894 296 daß
905 251 937 287 in
954 253 1064 288 deinen
1076 251 1199 290 Sitten
1210 252 1277 288 und
1288 251 1414 291 Geber⸗

494 307 573 348 den,
575 302 708 356 Gange,
725 301 950 356 Converſation,
960 305 1122 352 Spielen,
1134 306 1253 346 Reden
1265 310 1331 344 und
1342 308 1415 348 Re⸗

494 360 708 397 dens⸗Arten,
722 357 826 403 Lachen
845 360 911 398 und
922 358 1188 405 dergleichen
1122 354 1184 411 ſich
1201 358 1307 403 nichts
1317 357 1414 408 finde,

494 409 651 453 wodurch
663 413 793 447 iemand
805 404 903 449 koͤnne
915 407 1082 454 beleidiget
1097 410 1238 446 werden.

559 452 631 502 Du
643 461 746 503 magſt
757 460 786 508 ſo
796 461 857 499 viel
868 456 1054 508 Geſchaͤffte
1065 459 1199 505 haben,
1198 455 1253 507 als
1268 452 1302 507 du
1300 457 1414 501 immer

494 514 632 555 wolleſt,
648 513 677 552 ſo
693 520 854 550 antworte
868 511 945 556 doch
954 509 1154 558 demjenigen
1167 509 1352 555 freundlich,
1363 515 1415 553 der

492 569 532 606 zu
546 561 594 599 dir
605 564 740 600 kommt,
747 560 818 604 ſage
831 560 921 606 aber,
932 571 963 598 er
974 558 1066 605 moͤge
1077 560 1145 602 dich
1155 560 1254 607 anitzo
1264 560 1415 606 entſchul⸗

494 607 582 652 diget
593 607 778 651 halten,auf
783 600 832 644 ein
844 613 946 645 ander
955 608 1048 650 mahl
1062 607 1136 651 ſeyſt
1146 610 1188 644 du
1202 616 1289 653 parat
1299 607 1365 653 ihm
1378 615 1416 657 zu

493 662 620 700 dienen.
648 660 743 701 Man
755 660 833 706 muß
848 661 1023 707 offtmahls
1035 660 1112 705 ſeine
1125 662 1230 705 eigene
1239 659 1415 707 Bequem⸗

495 713 613 751 lichkeit
647 710 682 755 an
681 721 738 750 den
748 708 868 757 Nagel
879 705 1017 756 haͤngen,
1040 709 1126 755 damit
1141 700 1220 748 man
1236 711 1297 757 nur
1297 709 1416 757 Friede

494 747 599 807 habe
586 755 626 805 in
655 753 719 808 der
742 753 853 809 Welt.
874 756 997 799 Wenn
1017 758 1101 796 einer
1119 757 1209 803 ſchon
1228 763 1336 795 etwas
1354 767 1415 794 un⸗

492 819 629 858 wahres
640 817 705 853 und
716 809 937 862 luͤgenhafftes
944 813 1145 860 vorbringet,
1171 814 1202 859 ſo
1213 810 1287 859 hoͤre
1298 813 1415 860 ſolches

493 865 563 898 an,
588 857 697 896 indem
695 861 733 906 er
751 849 778 896 es
809 860 932 896 andern
944 856 1084 903 erzehlet,
1109 859 1259 902 corrigire
1270 857 1326 901 ihn
1336 861 1414 897 aber

491 914 591 959 nicht,
621 925 662 955 und
693 915 751 961 laß
770 915 838 960 dich
855 913 941 957 nicht
957 912 1115 958 mercken,
1141 913 1208 961 daß
1218 917 1259 952 du
1270 919 1305 953 es
1319 914 1415 961 beſſer

492 967 637 1013 wiſſeſt;
659 965 795 1011 Bringe
804 966 891 1012 nicht
899 966 1019 1013 ſolchen
1029 967 1163 1012 Schertz
1172 966 1235 1014 auf
1258 960 1308 1014 die
1322 964 1417 1013 Bahn,

493 1014 563 1061 daß
574 1020 608 1054 es
627 1018 683 1054 das
693 1013 840 1062 Anſehen
850 1014 952 1060 habe,
984 1016 1030 1054 du
1041 1014 1161 1061 wolleſt
1183 1015 1273 1053 einen
1292 1018 1417 1054 andern

492 1067 604 1111 agiren,
609 1068 698 1109 oder
706 1064 772 1112 daß
781 1077 812 1105 er
821 1062 977 1108 mercke,
959 1058 992 1109 du
1003 1065 1132 1112 vexireſt
1142 1065 1211 1109 ihn.
1249 1063 1314 1105 Ob
1325 1067 1417 1110 ſchon

493 1115 580 1154 einer
593 1121 701 1154 etwas
711 1113 867 1161 verſiehet,
880 1114 909 1161 ſo
920 1116 1006 1159 lache
1015 1115 1069 1160 ihn
1081 1114 1165 1160 nicht
1177 1118 1256 1161 aus,
1266 1114 1417 1162 entſchul⸗

492 1166 566 1212 dige
578 1166 632 1212 ihn
648 1166 819 1214 vielmehr,
840 1167 906 1205 und
922 1165 999 1214 hilff
1011 1164 1078 1212 ihm
1088 1173 1124 1212 zu
1134 1164 1246 1211 rechte,
1266 1162 1296 1211 ſo
1304 1171 1362 1211 gut
1373 1167 1418 1205 du

494 1218 598 1260 kanſt.

559 1262 715 1309 Handele
732 1262 817 1311 nicht
832 1262 893 1302 mit
903 1261 1016 1302 deinen
1031 1260 1256 1309 Unterthanen
1273 1260 1356 1309 nach
1363 1263 1419 1302 der

493 1309 653 1358 Strenge
667 1315 721 1349 der
731 1307 978 1358 Gerechtigkeit.

620 1361 811 1411 Geheime
820 1359 985 1405 Sachen
1005 1369 1056 1405 zu
1064 1357 1258 1410 erfahren.

492 1391 589 1561 E

591 1398 738 1449 Ntzeuch
749 1406 817 1440 dich
826 1406 920 1442 nicht,
928 1409 1011 1439 auch
1021 1406 1183 1441 oftmahls
1196 1410 1256 1433 mit
1264 1411 1419 1443 geringen

589 1456 688 1509 Leuten
708 1463 746 1499 zu
766 1460 879 1496 reden,
905 1458 988 1488 denn
999 1457 1151 1495 dieſelben
1174 1460 1302 1489 werden
1319 1460 1418 1494 durch

589 1516 839 1564 Freundlichkeit
854 1520 921 1557 und
935 1517 1129 1564 Geſchencke
1142 1518 1232 1560 leicht
1244 1518 1422 1565 geblendet,

494 1563 593 1607 (man
605 1564 664 1602 kan
676 1564 758 1607 auch
769 1565 824 1602 mit
838 1560 962 1607 Kindern
986 1560 1154 1607 bißweilen
1166 1561 1231 1610 auf
1236 1561 1350 1608 gleiche
1367 1563 1418 1604 Art

493 1618 679 1661 verfahren,
690 1616 767 1654 aber
778 1618 841 1654 das
853 1616 888 1662 iſt
901 1616 984 1653 nicht
995 1617 1075 1660 ohne
1085 1614 1251 1660 Gefahr,)
1264 1622 1344 1653 man
1358 1615 1420 1655 kan

490 1659 576 1705 auch
588 1664 653 1701 das
663 1661 808 1707 Geſinde
818 1661 877 1700 mit
897 1651 1052 1700 einander
1074 1659 1250 1706 freundlich
1260 1661 1420 1707 umgehen

493 1716 615 1767 laſſen,
641 1722 744 1756 damit
755 1718 793 1763 ſie
807 1717 893 1761 ihres
903 1716 1016 1763 Herrn
1028 1715 1229 1763 Geheimniß
1248 1718 1418 1762 verrathen

491 1764 622 1811 moͤgen.
636 1766 743 1808 Halte
755 1769 799 1805 du
809 1765 886 1807 aber
897 1766 993 1811 ihnen
1003 1764 1095 1809 Treu
1127 1759 1179 1811 und
1183 1765 1390 1809 Glauben,
1365 1760 1425 1814 da⸗

492 1812 562 1859 mit
570 1810 611 1862 ſie
619 1803 704 1862 nicht
726 1810 863 1867 betrogen
881 1812 991 1854 werden
1009 1811 1042 1853 in
1056 1811 1139 1862 ihrer
1149 1811 1367 1862 Confidenz,
1342 1810 1368 1867 ſo
1381 1812 1422 1858 ſie
