1857 2709
748 461 818 498 145

298 528 365 568 No.
386 540 440 576 29.

269 581 326 623 Ob
328 583 356 637 es
359 587 458 631 auch
468 587 551 635 nicht
563 595 649 630 etwa
649 597 693 632 an

268 646 343 685 dem
366 646 493 698 Befehl
526 653 583 689 des
609 652 691 698 com⸗

266 704 494 744 mandirenden
527 706 690 750 Generals

262 764 404 809 gelegen,
434 768 489 804 der
504 768 598 817 ſolche
607 771 689 818 nicht

261 822 297 860 im
318 819 541 879 eigentlichen
556 823 693 879 Ausdruck

259 883 344 922 einer
373 884 625 940 ſchlechterdings
668 886 693 941 zu

257 940 462 994 befolgenden
476 945 601 995 Ordre,
615 950 682 997 ſon⸗

256 1002 331 1040 dern
355 1014 416 1041 nur
437 1007 623 1056 gutachtlich
653 1003 681 1060 es

252 1063 328 1099 dem
352 1063 416 1110 Hr.
433 1063 680 1117 Generalmajor

253 1128 287 1156 v.
298 1117 474 1165 Schwerin
491 1120 678 1173 uͤberlaſſen,

252 1176 310 1224 ſich
330 1178 394 1216 mit
415 1181 488 1219 dem
502 1191 536 1220 v.
550 1181 674 1233 Pollitz⸗

738 540 804 579 No.
826 551 881 592 29.

711 591 768 641 Jn
792 599 873 638 allen
899 599 1024 642 meinen
1048 602 1193 655 Briefen
1218 607 1284 648 em⸗

708 654 800 704 pfahl
817 658 864 703 ich
883 663 954 700 dem
970 662 1194 713 Generalmaj.
1217 677 1281 706 von

707 710 884 764 Schwerin
903 719 950 756 die
972 719 1134 770 moͤglichſt
1158 724 1281 773 baldig⸗

705 773 748 820 ſte
762 777 827 814 und
850 776 1100 833 ungeſaͤumteſte
1122 786 1277 829 Vereini⸗

705 842 792 882 gung
826 837 888 876 mit
933 843 1033 882 denen
1075 843 1277 897 detaſchirten

704 891 810 944 Corps
847 900 913 938 und
693 886 706 941 zu
951 902 1065 950 ſodann
1102 906 1272 957 vorzuneh⸗

698 958 833 998 menden
855 955 1050 1008 Operations
1081 973 1179 1010 gegen
1211 970 1271 1006 den

700 1011 814 1062 Feind.
873 1018 936 1060 Da
961 1021 1005 1067 ich
693 1006 705 1063 es
1022 1026 1095 1063 dem
1111 1024 1270 1068 General⸗

697 1073 800 1118 major
818 1083 853 1114 v.
874 1076 1050 1127 Schwerin
1073 1082 1106 1120 in
1128 1084 1266 1125 meinem

695 1129 819 1175 Briefe
849 1141 925 1169 vom
956 1138 1050 1178 14ten
1081 1139 1172 1186 ſogar
1204 1144 1264 1180 den

693 1187 766 1234 Tag
786 1188 933 1241 feſtſetzte,
957 1202 999 1231 an
1017 1196 1162 1245 welchem
1177 1210 1210 1238 er
1226 1202 1262 1240 in

1174 1264 1262 1308 Kolo

346 1400 458 1441 gewußt
470 1402 539 1445 hat,
565 1405 676 1448 erhellet
690 1407 856 1454 hinlaͤnglich
872 1416 987 1453 daraus,
1012 1420 1065 1459 daß
1081 1429 1110 1454 er
1127 1425 1187 1456 dem
1197 1425 1258 1460 Ge⸗

344 1453 423 1487 neral
438 1465 464 1489 v.
477 1457 576 1499 Pollitz
594 1461 634 1494 die
647 1462 740 1498 Ordre
754 1464 903 1508 zuſchickte,
929 1470 983 1502 mit
1004 1472 1102 1512 ſeinem
1116 1475 1207 1514 Corps
1221 1485 1254 1516 zu

343 1501 401 1543 ihm
415 1503 480 1549 nach
498 1500 595 1552 Poſen
605 1517 637 1548 zu
661 1512 832 1553 marſchiren.
880 1517 955 1553 Was
971 1519 1018 1559 ihn
1035 1514 1180 1564 veranlaßt
1194 1525 1252 1566 hat,

343 1557 404 1591 dem
417 1558 546 1595 General
565 1571 590 1595 v.
606 1563 705 1606 Pollitz
724 1564 826 1607 dieſen,
852 1571 956 1605 meiner
980 1572 1139 1616 erhaltenen
1158 1579 1250 1614 Ordre

338 1608 457 1654 gaͤnzlich
482 1615 739 1662 entgegengeſetzten
760 1622 866 1666 Befehl
892 1634 923 1666 zu
952 1627 1053 1670 geben,
1092 1631 1251 1676 ingleichen,

340 1651 450 1693 warum
473 1669 501 1693 er
523 1664 589 1702 nach
612 1663 771 1708 Erhaltung
795 1669 900 1704 meiner
920 1674 1006 1713 erſten
1027 1676 1134 1716 Ordre,
1176 1681 1249 1719 nicht

338 1719 422 1759 gleich
433 1720 528 1763 ſelbſt,
553 1731 609 1757 von
620 1725 717 1766 Poſen
737 1735 822 1769 gegen
838 1731 935 1767 Konin
954 1738 1010 1768 und
1024 1736 1098 1772 Kolo
1111 1748 1159 1778 zur
1172 1742 1249 1777 Ver⸗

337 1764 459 1804 bindung
485 1767 538 1800 mit
558 1768 672 1809 Pollitz,
706 1773 913 1817 abmarſchirte,
954 1769 1086 1823 vielmehr
1116 1783 1158 1816 bis
1183 1792 1245 1824 zum

334 1824 420 1863 23ſten
434 1829 497 1860 dort
510 1827 597 1869 ſtehen
615 1829 703 1868 blieb,
729 1834 762 1872 iſt
774 1835 845 1873 mir,
870 1832 940 1879 (wie
964 1838 1039 1879 ſchon
1054 1841 1162 1883 geſagt)
1178 1845 1245 1884 auch

333 1873 399 1911 noch
420 1875 464 1909 bis
487 1878 539 1917 auf
559 1878 648 1919 dieſen
667 1882 831 1925 Augenblick
848 1887 1012 1924 unbekannt.
1063 1894 1166 1931 Weder
1180 1897 1244 1933 Wi⸗

330 1921 546 1968 derſpaͤnſtigkeit
559 1926 645 1972 (denn
662 1930 729 1966 dieſe
741 1933 802 1974 laͤßt
817 1936 863 1975 ſich
876 1944 927 1975 gar
952 1938 1024 1978 nicht
1045 1941 1162 1985 denken)
1175 1946 1241 1985 noch

330 1972 536 2018 Unthaͤtigkeit,
568 1982 630 2012 oder
650 1982 776 2024 Mangel
796 1996 833 2019 an
853 1988 931 2028 Eifer
960 1998 1009 2030 zur
1029 1990 1242 2034 Mitwuͤrkung,

331 2029 380 2070 hat
395 2031 442 2071 ihn
456 2034 544 2075 gewiß
557 2035 628 2075 nicht
647 2039 715 2078 dazu
735 2042 899 2083 veranlaßt,
924 2049 1015 2080 davon
1034 2049 1080 2082 bin
1095 2051 1133 2091 ich
1148 2053 1241 2095 gewiß

327 2079 491 2124 uͤberzeugt,
515 2092 545 2120 er
567 2087 633 2126 muß
653 2090 709 2130 alſo
729 2092 807 2127 einen
831 2098 936 2130 andern
962 2099 1237 2144 Bewegungsgrund

323 2130 424 2169 gehabt
449 2132 555 2174 haben,
579 2137 625 2168 der
640 2135 684 2177 ihn
691 2129 911 2185 unentſchloſſen
932 2148 1069 2187 gemacht,
1102 2154 1157 2183 und
1185 2155 1237 2186 den

326 2193 355 2218 er
368 2188 470 2226 endlich
487 2199 521 2230 zu
537 2190 675 2233 befolgen,
697 2192 743 2235 ſich
758 2198 805 2239 fuͤr
819 2201 1018 2244 verpflichteter
1036 2204 1163 2249 gehalten
1177 2208 1236 2250 hat,

323 2242 368 2274 als
385 2243 426 2276 die
441 2244 561 2287 Beſehle
578 2249 626 2280 des
640 2256 689 2289 zur
702 2251 799 2288 Stelle
813 2255 860 2295 ſich
875 2256 1052 2300 befindenden
1068 2262 1236 2299 commandi⸗

322 2294 422 2327 renden
432 2294 575 2332 Generals
586 2304 619 2343 zu
635 2300 800 2338 executiren.

741 2393 779 2423 K
