1116 2310
164 370 196 407 8.
224 367 341 412 Langes
361 366 462 413 Leben,
491 370 588 418 große
608 368 752 414 Suͤnde;
775 371 872 418 große

139 402 291 457 Suͤnde,
311 411 452 458 ſchwerer
473 417 567 454 Tod!
616 420 719 454 Lernet
744 424 803 453 das
828 429 871 452 an

136 471 238 506 einem
269 468 388 515 Kinde,
422 473 491 508 dem
528 474 563 520 iſt
606 473 753 513 Sterben
791 476 873 513 keine

137 524 242 572 Noth.
268 522 382 570 Selig,
405 536 468 563 wer
485 525 540 570 bey
565 536 655 575 guter
665 526 798 578 Zeit
748 527 812 581 ſich
817 530 877 576 auf

137 577 235 621 ſeinen
255 574 326 613 Tod
344 575 474 623 bereit't,
503 581 580 623 und,
606 580 636 623 ſo
653 584 699 625 oft
720 583 768 618 die
786 581 873 621 Glo⸗

137 630 182 668 cke
204 628 344 679 ſchlaͤget,
369 631 465 678 ſeines
495 632 607 671 Lebens
624 633 691 681 Ziel
713 636 871 683 erwaͤget
856 639 874 687 !

182 699 223 736 9.
248 689 333 736 Jede
342 692 600 741 Patientenſtube
617 696 698 733 kann
717 699 786 737 euch
806 699 871 732 eine

134 732 267 791 Schule
292 743 387 791 ſeyn:
410 744 515 795 Faͤhrt
545 747 594 784 ein
621 751 735 785 andrer
761 753 793 786 in
823 753 872 786 die

133 803 264 846 Grube,
287 801 459 850 wahrlich!
487 804 535 854 ihr
551 801 643 852 muͤßt
669 807 740 851 auch
754 805 869 854 hinein.

132 855 299 904 Steht
249 850 298 908 ihr
310 855 378 902 auf,
403 859 431 903 ſo
442 855 555 904 ſprecht
572 871 606 903 zu
617 861 742 903 GOtt:
767 861 872 908 Heute

132 910 232 950 koͤmmt
261 906 422 955 vielleicht
435 915 489 951 der
503 912 594 959 Tod;
622 914 690 957 Legt
710 915 757 952 ihr
787 915 870 962 euch,

134 965 164 1009 ſo
184 960 272 1009 fuͤhrt
289 966 331 1003 im
349 964 504 1006 Munde:
528 963 632 1012 Heute
651 956 769 1007 koͤmmt
795 969 868 1006 viel⸗

128 1018 217 1065 leicht
236 1021 284 1057 die
300 1018 450 1063 Stunde.

186 1100 243 1127 10.
274 1087 454 1137 Stuͤndlich
494 1092 633 1138 ſprecht:
686 1092 739 1142 Jn
782 1095 869 1133 deine

130 1137 248 1183 Haͤnde
263 1140 373 1188 HErr,
415 1141 514 1188 befehl
538 1142 581 1186 ich
605 1144 727 1182 meinen
752 1143 867 1192 Geiſt!

128 1193 193 1238 daß
211 1195 281 1235 euch
308 1195 389 1235 nicht
408 1196 455 1232 ein
476 1196 614 1240 ſchnelles
638 1196 730 1238 Ende
754 1207 868 1236 unver⸗

130 1241 211 1289 hofft
229 1252 290 1279 von
309 1231 425 1289 hinnen
445 1244 533 1290 reißt.
587 1244 700 1293 Selig,
725 1256 789 1284 wer
807 1247 866 1291 ſein

129 1295 228 1341 Haus
248 1298 380 1345 beſtellt!
412 1298 501 1341 Gott
518 1299 634 1339 koͤmmt
649 1304 697 1346 oft
724 1310 866 1347 unange⸗

127 1352 246 1391 meldt:
271 1356 336 1392 und
359 1357 414 1393 des
433 1353 605 1401 Menſchen
621 1356 728 1407 Sohn
746 1356 867 1404 erſchei⸗

127 1410 181 1437 net
198 1410 232 1449 zu
250 1405 302 1440 der
320 1401 402 1450 Zeit,
428 1404 469 1441 da
485 1412 582 1443 mans
599 1406 681 1452 nicht
699 1412 832 1450 meynet.

183 1474 239 1502 11.
263 1464 345 1506 Das
377 1466 538 1514 Gewiſſen
603 1453 639 1464 ſchlaͤft
692 1472 734 1507 im
759 1470 864 1514 Leben,

127 1522 201 1560 doch
219 1524 262 1562 im
281 1521 369 1563 Tode
385 1525 484 1569 wacht
500 1530 532 1559 es
542 1519 622 1570 auf;
647 1528 686 1563 da
694 1525 778 1577 ſieht
805 1538 864 1564 man

126 1580 186 1613 vor
201 1573 308 1622 Augen
325 1576 475 1622 ſchweben
491 1578 593 1626 ſeinen
610 1588 726 1625 ganzen
738 1578 863 1618 Lebens⸗

126 1627 205 1675 lauf.
263 1631 332 1671 Alle
357 1632 435 1677 ſeine
457 1633 655 1680 Koſtbarkeit
681 1632 760 1682 gaͤbe
784 1646 862 1672 man

125 1691 180 1729 zur
197 1681 295 1727 ſelben
309 1683 392 1731 Zeit,
413 1694 505 1723 wenn
522 1695 599 1724 man
617 1696 680 1723 nur
702 1686 863 1738 geſchehne

124 1734 262 1780 Sachen
289 1736 494 1787 ungeſchehen
519 1736 629 1779 koͤnnte
649 1741 787 1785 machen.

180 1809 236 1837 12.
263 1796 400 1839 Darum
416 1796 562 1845 brauchet
580 1812 651 1839 eure
660 1802 781 1844 Gaben
792 1809 861 1843 der⸗

121 1859 234 1906 geſtalt
248 1861 280 1899 in
298 1853 401 1913 dieſer
414 1854 503 1915 Zeit,
513 1864 572 1902 wie
588 1863 637 1913 ihr
656 1862 791 1909 wuͤnſcht
807 1874 859 1911 ge⸗

124 1908 204 1957 than
221 1923 257 1960 zu
273 1909 386 1963 haben,
413 1922 504 1952 wenn
522 1915 579 1963 ſich
596 1916 658 1956 Leib
676 1921 741 1962 und
757 1916 861 1964 Seele

122 1967 252 2012 ſcheid't.
305 1966 455 2012 Sterben
485 1971 522 2019 iſt
545 1972 610 2011 kein
638 1970 858 2019 Kinderſpiel:

123 2014 208 2059 Wer
224 2023 267 2060 im
290 2017 435 2070 HErren
457 2020 576 2074 ſterben
604 2023 679 2070 will,
701 2028 766 2064 der
779 2024 859 2071 muß
