1520 2343
391 328 437 355 die
468 327 556 357 GOtt
587 329 638 355 aus
668 327 767 359 Krieg,
806 328 905 360 Angſt,

393 364 520 398 Hunger,
542 365 613 398 Peſt,
635 367 682 399 hat
703 372 733 393 in
751 364 807 400 ſein
819 358 912 401 Reich

393 403 568 433 genommen:
590 400 639 432 Da
654 402 710 436 ſind
729 400 762 434 ſie
780 400 838 435 frey
853 408 904 430 von

393 435 463 464 allen
489 433 620 469 Noͤthen,
646 436 678 464 da
700 440 780 465 reden
803 437 836 470 ſie
861 435 914 466 mit

391 472 442 501 den
468 472 642 506 Propheten,
674 473 706 502 da
732 473 840 506 wohnet
860 472 904 501 der

392 505 577 542 Apoſtelzahl,
596 512 647 536 wie
667 506 730 541 auch
749 508 791 536 die
811 505 902 538 Maͤrt⸗

387 546 433 571 rer
456 540 587 574 allzumal.

423 585 452 612 13.
483 578 540 613 Auf
559 579 640 612 dieſer
671 578 796 614 Hochzeit
814 578 903 614 finden

387 616 454 651 ſich,
475 617 516 645 die
537 617 623 647 GOtt
650 617 777 646 bekennet
806 615 900 650 haben,

390 652 447 680 und
467 656 520 680 von
540 652 591 680 den
612 651 723 685 Heyden
743 647 901 685 jaͤmmerlich

389 685 536 722 getoͤdtet,
575 687 646 722 nicht
676 688 825 721 begraben:
854 690 902 722 Da

389 721 484 755 freuen
505 721 550 756 ſich
579 728 618 751 die
647 720 768 755 keuſchen
796 721 902 757 Frauen

389 758 422 790 da
442 757 522 791 laſſen
545 758 592 791 ſich
613 760 654 789 die
681 755 796 792 Toͤchter
815 760 910 793 ſchau⸗

388 800 438 827 en,
471 796 557 827 welch'
584 795 626 829 hie
658 794 701 828 ihr
728 796 810 828 Leben
841 794 910 829 Tag

385 833 443 864 und
460 832 550 863 Nacht
568 828 598 856 in
614 826 702 866 Zucht
711 831 766 862 und
791 831 910 865 Tugend

374 862 570 906 zugebracht.

412 904 444 929 14.
480 898 530 928 Da
550 896 605 932 ſind
626 896 666 928 die
678 890 830 934 Schaͤflein
851 896 896 928 die

379 933 429 969 der
452 931 512 972 Luſt
529 931 576 969 der
592 934 721 970 ſchnoͤden
742 933 814 971 Welt
834 936 907 970 ent⸗

381 978 503 1007 runnen,
522 976 565 1004 die
581 978 683 1006 ſaugen
693 973 739 1008 itzt
757 982 792 1003 an
808 974 899 1003 GOt⸗

384 1009 427 1037 tes
451 1006 550 1040 Bruſt,
578 1011 611 1038 ſie
633 1000 736 1035 trinken
762 1008 814 1035 aus
842 1009 910 1042 dem

378 1043 539 1077 Brunnen,
559 1036 603 1074 der
622 1044 712 1076 lauter
730 1041 820 1078 Freud
845 1045 908 1073 und

384 1082 497 1113 Wolluſt
523 1081 626 1116 giebet,
657 1084 691 1113 da
717 1082 796 1111 liebet
823 1087 907 1114 man,

374 1113 439 1139 und
471 1112 537 1139 wird
567 1111 696 1144 geliebet:
712 1111 785 1140 Die
814 1109 906 1143 Herr

380 1146 482 1182 lichkeit
523 1148 551 1182 iſt
584 1154 654 1183 zwar
692 1148 764 1181 nicht
800 1146 908 1184 gleich,

371 1186 443 1218 doch
466 1184 521 1215 lebt
547 1191 608 1216 man
636 1184 719 1221 gleich
745 1192 780 1216 an
810 1179 902 1226 Freu⸗

380 1228 432 1254 den
453 1228 530 1254 reich.

403 1262 442 1287 15.
465 1256 521 1287 Die
538 1254 635 1291 hoͤchſte
656 1254 714 1290 Luſt
733 1255 771 1290 iſt,
795 1255 893 1290 unſern

371 1276 468 1317 GOtt
482 1294 511 1314 in
524 1290 656 1318 Ewigkeit
669 1295 700 1318 zu
716 1290 810 1318 ſehen,
835 1292 892 1317 und

369 1339 426 1369 vor
452 1334 508 1364 dem
539 1334 657 1371 HErren
687 1335 807 1368 Zebaoth
841 1335 889 1370 bey

377 1369 504 1403 Koͤnigen
523 1375 555 1404 zu
581 1369 685 1402 ſtehen:
712 1368 752 1403 Ja
773 1364 841 1405 recht
861 1370 891 1400 in

366 1401 600 1437 Himmels ⸗ Liebe
619 1406 754 1437 brennen,
786 1403 827 1434 die
847 1403 886 1434 be⸗

369 1430 431 1474 ſten
450 1439 578 1474 Freunde
591 1438 686 1471 wieder
703 1433 819 1475 kennen,
838 1443 891 1470 mit

378 1477 448 1507 allen
472 1478 582 1512 Engeln
607 1478 701 1512 freuen
729 1477 798 1511 ſich,
833 1478 890 1508 und

366 1508 492 1542 lieblich
502 1508 590 1547 ſingen
609 1513 736 1546 ewiglich.

393 1545 439 1571 16.
465 1544 494 1574 O
522 1545 625 1574 GOtt!
654 1544 705 1582 wie
729 1542 793 1577 ſelig
818 1545 888 1573 werd

377 1583 415 1616 ich
435 1583 515 1618 ſeyn,
551 1589 629 1613 wenn
654 1584 691 1615 ich
716 1588 768 1613 aus
796 1583 888 1618 dieſem

366 1619 463 1653 Leben
483 1625 514 1654 zu
536 1619 578 1648 dir
601 1619 651 1652 geb
669 1619 697 1650 in
722 1621 784 1649 dein
805 1621 887 1651 Reich

376 1656 470 1688 hinein
490 1656 537 1684 das
557 1655 592 1682 du
614 1660 663 1684 mir
681 1654 741 1683 dort
759 1653 827 1684 wirſt
842 1662 885 1685 ge⸗

374 1692 439 1720 ben!
464 1692 518 1724 Ach
541 1689 638 1726 HErr!
652 1685 739 1719 wenn
757 1690 823 1720 wird
841 1691 887 1720 der

359 1727 437 1762 Tag
457 1729 519 1761 doch
546 1729 685 1760 kommen,
713 1726 762 1760 daß
786 1727 827 1761 ich
853 1733 885 1762 zu

375 1765 416 1793 dir
456 1767 526 1794 werd
561 1763 790 1797 aufgenommen?
830 1766 884 1796 Ach

374 1799 472 1833 HErr!
493 1803 572 1829 wenn
598 1794 694 1827 koͤmmt
720 1798 761 1827 die
781 1797 884 1831 Stund

372 1837 473 1878 heran,
494 1840 544 1873 daß
566 1839 603 1872 ich
623 1844 651 1869 im
671 1839 742 1873 Zion
762 1841 884 1873 jauchzen

370 1878 442 1909 kan?
803 1873 834 1904 J.
844 1870 883 1909 R.

405 1906 468 1943 Mel.
486 1913 514 1944 O
528 1904 610 1937 JEſu
624 1902 723 1937 Chriſt,
735 1905 819 1936 meins
831 1907 857 1938 L.

371 1950 496 2012 760
496 1950 570 2012 O

570 1941 689 1976 Wonn,
689 1941 736 1976 o
736 1941 851 1976 Freud,
851 1941 888 1976 o

570 1976 826 2015 Herrlichkeit,
826 1976 888 2014 die

369 2022 461 2044 GOtt
479 2015 529 2037 den
549 2011 690 2044 Frommen
711 2015 758 2043 hat
783 2009 888 2049 bereit,

369 2054 450 2088 durch
470 2053 579 2088 JEſum
607 2055 757 2089 Chriſtum,
792 2055 879 2089 ſeinen

929 327 1037 362 Sohn,
1067 334 1101 356 im
1123 327 1307 361 Himmelreich
1327 338 1375 359 vor
1393 335 1439 364 ſei⸗

921 360 985 401 nem
1007 365 1115 399 Thron.

964 406 989 423 2.
1011 400 1181 437 Jeruſalem,
1218 397 1259 426 die
1280 396 1437 431 himml'ſche

934 435 1030 469 Stadt,
1051 437 1107 467 kein
1132 436 1231 468 Stein,
1252 436 1332 470 Kalk,
1354 436 1436 471 Holz,

914 465 989 512 noch
1007 473 1115 506 Tempel
1130 474 1193 507 hat,
1216 472 1246 504 iſt
1261 474 1285 506 ſo
1302 473 1437 507 gegruͤndt

925 509 980 539 und
998 510 1026 542 ſo
1046 512 1163 542 gebaut,
1194 510 1245 541 daß
1272 515 1336 540 man
1357 511 1437 544 dann

927 541 1013 573 nichts
1038 546 1178 576 Weltlichs
1197 547 1296 580 ſchaut.

944 589 967 615 3.
987 581 1035 613 So
1058 580 1132 614 ſchoͤn
1154 582 1184 615 iſt
1205 583 1260 615 hier
1282 581 1340 612 kein
1360 583 1436 615 Ed'l⸗

925 617 1029 652 geſtein,
1052 618 1100 647 das
1120 619 1208 652 klaͤrſte
1222 619 1296 650 Gold
1315 619 1345 652 iſt
1363 621 1435 652 nicht

924 654 949 684 ſo
969 653 1039 685 rein,
1060 651 1115 682 kein
1130 653 1240 687 Perlein
1261 655 1290 687 iſt
1309 655 1336 688 ſo
1350 653 1435 688 werth

925 691 979 723 und
999 691 1088 723 theur,
1108 689 1142 724 ſie
1162 689 1191 724 iſt
1208 690 1260 721 viel
1272 695 1368 725 reiner,
1390 695 1434 721 als

922 723 971 752 das
986 723 1066 753 Feur.

928 756 965 792 4.
988 761 1035 792 Da
1056 760 1144 793 ſchaut
1163 765 1224 790 man
1254 760 1372 794 GOTT
1397 765 1432 791 im

910 794 1010 829 klaren
1037 798 1127 832 Licht,
1153 803 1207 827 von
1231 795 1371 833 Angeſicht
1398 802 1431 831 zu

932 826 1069 870 Angeſicht,
1088 837 1150 861 man
1169 832 1234 866 ſieht
1254 836 1313 868 ihn,
1333 840 1381 862 wie
1403 840 1431 862 er

910 867 949 902 iſt
965 876 993 898 in
1017 870 1116 904 Weſ'n,
1144 870 1214 906 dazu
1240 874 1267 897 er
1295 874 1348 900 uns
1381 871 1429 905 hat

910 899 1074 932 auserleſ'n.

956 944 979 970 5.
1006 938 1069 969 Vor
1107 934 1225 972 GOttes
1254 935 1351 968 Thron
1380 941 1427 965 ins

922 971 1153 1009 Himmels ⸗ Saal
1172 977 1214 1006 die
1238 976 1358 1010 Englein
1373 971 1428 1007 die⸗

910 1009 970 1043 nen
990 1007 1124 1041 allzumal,
1146 1007 1187 1037 die
1209 1007 1357 1042 Cherubim
1371 1009 1427 1039 und

931 1040 1068 1084 Seraphim
1098 1045 1133 1072 all
1162 1044 1265 1078 preiſen
1295 1047 1342 1080 ihn
1377 1049 1428 1076 mit

917 1078 1039 1115 ſchoͤnner
1066 1083 1183 1116 Stimm.

951 1114 975 1140 6.
996 1113 1045 1143 Da
1076 1114 1105 1143 iſt
1132 1117 1177 1142 der
1215 1108 1452 1148 Auserwaͤhlten

910 1146 1044 1184 Schaar,
1072 1147 1120 1180 die
1150 1153 1270 1183 leuchten
1300 1151 1350 1181 wie
1382 1153 1424 1183 die

909 1183 1043 1223 Sternen
1063 1186 1129 1221 klar,
1148 1189 1182 1222 ſie
1198 1189 1275 1222 ſeynd
1289 1195 1337 1217 mit
1351 1195 1423 1219 wen⸗

900 1218 953 1262 ſer
974 1219 1047 1258 Seid
1067 1225 1187 1255 bekleidt,
1211 1222 1294 1260 ſchoͤn'
1310 1226 1424 1259 Cronen

913 1262 984 1293 ſtehn
1004 1263 1054 1293 auf
1074 1265 1157 1298 ihrem
1177 1260 1281 1301 Haupt.

928 1300 953 1326 7.
967 1295 1038 1324 Kein
1059 1295 1170 1329 zeitlich'
1190 1295 1248 1330 Ehr
1263 1295 1320 1325 und
1340 1293 1421 1331 Herr⸗

909 1332 1030 1369 lichkeit,
1060 1340 1116 1366 kein
1137 1335 1310 1371 Schoͤnheit,
1337 1336 1421 1371 Kunſt

910 1367 973 1405 noch
986 1371 1158 1406 Lieblichkeit,
1179 1372 1235 1403 kein
1245 1371 1419 1407 Reichthum,

909 1403 1045 1439 Weisheit
1073 1406 1137 1438 noch
1164 1404 1291 1440 Gewalt,
1318 1406 1347 1440 iſt
1371 1402 1421 1440 auf

911 1442 954 1470 der
974 1442 1032 1472 Erd
1050 1441 1076 1473 ſo
1095 1436 1169 1473 ſchoͤn
1189 1439 1327 1474 geſtalt.

929 1479 952 1504 8.
975 1475 1022 1507 Da
1043 1474 1072 1509 iſt
1092 1477 1148 1504 kein
1167 1475 1228 1506 Leid
1248 1476 1313 1507 noch
1329 1472 1420 1513 Trau⸗

910 1509 1013 1545 rigkeit,
1037 1511 1112 1541 kein'
1132 1509 1243 1547 Arbeit,
1251 1512 1314 1544 noch
1334 1511 1418 1544 Muͤh⸗

910 1544 1042 1579 ſeligkeit,
1069 1545 1126 1573 kein
1144 1544 1283 1577 Jammer,
1305 1545 1421 1579 Finſter⸗

908 1584 960 1617 niß
976 1586 1040 1616 noch
1059 1584 1158 1620 Noth,
1187 1584 1243 1614 kein
1273 1586 1417 1620 Schwach⸗

909 1624 981 1654 heit,
1018 1621 1157 1657 Mangel,
1194 1621 1323 1659 Schmerz
1362 1624 1417 1654 und

911 1655 977 1682 Tod.

927 1688 950 1713 9.
970 1682 1031 1712 Wie
1051 1678 1114 1714 ſelig
1133 1680 1189 1714 ſind
1209 1681 1251 1711 die
1264 1679 1419 1716 Menſchen⸗

909 1725 975 1757 kind,
1001 1727 1041 1756 die
1062 1725 1130 1759 dazu
1147 1725 1325 1760 auserkohren
1344 1727 1416 1762 ſind!

907 1761 1004 1796 HErr,
1027 1770 1097 1793 mein
1122 1764 1257 1797 GOTT,
1286 1764 1333 1797 hol
1352 1764 1462 1799 mich

909 1801 975 1830 auch
999 1801 1100 1835 dahin,
1137 1801 1199 1831 weil
1216 1800 1253 1835 ich
1276 1801 1369 1836 allhier
1388 1803 1415 1836 ſo

906 1835 980 1864 elend
1000 1834 1055 1863 bin.

927 1876 964 1895 10.
981 1866 1032 1900 Jch
1052 1866 1096 1895 bin
1112 1862 1154 1897 ein
1171 1867 1288 1902 Pilgrim
1301 1873 1357 1906 hier
1379 1874 1415 1904 im

906 1911 987 1945 Land,
1008 1912 1084 1939 mein'
1101 1910 1218 1944 Truͤbſal
1232 1909 1257 1940 iſt
1276 1911 1315 1940 dir
1329 1911 1415 1942 wohl⸗

888 1942 1039 1973 bekandt,
1039 1942 1121 1973 troͤſt'
1121 1942 1201 1973 mich
1201 1942 1313 1973 wenns
1313 1943 1419 1973 koͤmmt

888 1973 961 2017 zur
961 1973 1222 2015 Tod's ⸗ Gefahr,
1222 1973 1275 2013 im
1275 1973 1417 2023 Ausgang

908 2014 980 2045 mein'
1003 2009 1076 2043 Seel
1085 2011 1157 2044 wohl
1169 2010 1284 2049 bewahr.
