1989 2981
598 500 654 535 ihre
673 495 780 539 ſuͤnde,
800 505 852 542 daß
863 503 894 544 ſie
906 502 928 544 ſo
940 501 997 538 uͤbel
1007 513 1041 538 an
1052 505 1092 539 dir
1109 504 1204 546 gethan

599 536 714 577 haben;
737 541 846 581 Lieber,
867 542 891 583 ſo
899 544 984 586 vergib
1002 552 1055 578 nun
1071 544 1114 579 die
1124 545 1202 587 miſſe⸗

598 575 656 623 that
673 583 732 619 uns,
745 587 781 615 den
800 583 897 617 dienern
906 583 948 620 des
950 586 1060 632 GOttes
1064 592 1148 620 deines
1161 599 1201 620 va⸗

597 624 662 665 ters.
707 628 782 664 Aber
792 628 890 673 Joſeph
901 634 1021 671 weinete,
1034 634 1067 665 da
1073 635 1103 674 ſie
1110 635 1203 676 ſolches

600 671 651 702 mit
662 667 717 701 ihm
729 670 836 704 redeten.

644 703 679 743 18.
692 711 751 745 Und
759 710 818 753 ſeine
832 707 916 759 bruͤder
933 715 1011 760 gingen
1024 725 1085 763 hin,
1098 723 1149 766 und
1162 723 1202 772 fie⸗

601 753 641 787 len
654 761 701 786 vor
717 752 773 791 ihm
783 756 879 794 nieder,
893 759 944 789 und
956 761 1088 798 ſprachen:
1102 769 1199 810 Siehe,

598 807 649 834 wir
657 800 708 841 ſind
722 791 784 846 deine
796 802 902 838 knechte.

644 858 681 884 19.
703 847 802 893 Joſeph
819 846 910 895 ſprach
915 854 947 901 zu
958 853 1057 899 ihnen:
1077 853 1201 901 Fuͤrchtet

599 890 658 928 euch
667 894 748 931 nicht,
762 885 822 928 denn
833 891 872 929 ich
872 888 919 929 bin
935 892 1010 930 unter
1026 888 1115 932 GOtt.

639 920 685 962 20.
710 927 791 978 Jhr*
792 933 943 975 gedachtets
963 940 1019 974 boͤſe
1033 945 1083 968 mit
1100 948 1153 969 mir
1169 952 1199 975 zu

596 975 720 1013 machen:
744 979 802 1012 aber
819 977 893 1020 GOtt
893 983 1010 1021 gedachte
1021 989 1048 1012 es
1054 992 1100 1020 gut
1117 993 1145 1026 zu
1142 995 1200 1013 ma⸗

597 1013 668 1059 chen,
690 1018 742 1063 daß
754 1030 780 1056 er
791 1020 859 1062 thaͤt,
875 1021 922 1056 wie
935 1030 961 1056 es
974 1030 1025 1064 ietzt
1035 1035 1081 1057 am
1092 1036 1148 1066 tage
1159 1036 1200 1066 iſt,

594 1054 631 1103 zu
631 1056 749 1105 erhalten
758 1059 813 1100 viel
813 1059 910 1102 volcks.

1080 1089 1168 1126 *c.45,
1174 1096 1198 1121 5.

640 1120 677 1143 21.
688 1110 738 1150 So
738 1110 844 1154 fuͤrchtet
851 1113 908 1156 euch
915 1121 968 1148 nun
975 1114 1060 1157 nicht:
1072 1117 1135 1157 Jch
1143 1124 1198 1150 will

595 1149 657 1186 euch
669 1145 797 1194 verſorgen
808 1155 859 1186 und
881 1153 938 1187 eure
953 1160 1049 1188 kinder.
1092 1167 1154 1190 Und
1170 1171 1196 1189 er

595 1183 693 1225 troͤſtete
709 1192 765 1234 ſie,
787 1198 839 1227 und
857 1199 964 1229 *redete
985 1205 1125 1238 freundlich
1146 1212 1197 1230 mit

596 1237 683 1282 ihnen.

874 1255 992 1297 *Eſ.40,
1006 1268 1031 1289 2.
1047 1250 1143 1300 Hoſ.2,
1153 1266 1194 1293 14.

635 1292 678 1318 22.
700 1283 768 1329 Alſo
784 1285 900 1329 wohnete
914 1290 1013 1330 Joſeph
1031 1296 1057 1321 in
1071 1297 1195 1331 Egypten

1236 519 1289 552 mit
1298 518 1376 561 ſeines
1384 517 1472 554 vaters
1479 516 1567 561 hauſe,
1579 520 1632 554 und
1650 518 1727 555 lebete
1737 519 1848 563 hundert

1237 565 1290 599 und
1303 563 1376 605 zehen
1380 563 1458 605 jahr.

1278 613 1319 640 23.
1338 600 1386 638 Und
1402 596 1461 646 ſahe
1483 603 1621 647 Ephraims
1628 605 1729 646 kinder,
1749 606 1791 641 bis
1802 607 1846 641 ins

1236 649 1312 684 dritte
1320 649 1397 692 glied.
1418 643 1574 692 Deſſelbigen
1585 649 1694 692 gleichen
1708 653 1746 685 die
1759 652 1845 687 kinder

1236 689 1396 739 *Machir,
1408 694 1552 736 Manaſſes
1565 688 1642 737 ſohn,
1658 698 1772 737 zeugeten
1779 693 1845 738 auch

1235 737 1321 773 kinder
1328 738 1373 772 auf
1379 736 1494 779 Joſephs
1501 731 1604 781 ſchooß.
1626 734 1666 779 *4
1671 738 1845 776 Moſ.32,39.

1277 790 1323 814 24.
1346 780 1408 815 Und
1425 772 1525 824 Joͤſeph
1536 779 1623 821 ſprach
1640 789 1671 820 zu
1687 776 1767 822 ſeinen
1782 782 1842 818 bruͤ⸗

1234 824 1318 857 dern:
1340 822 1396 865 Jch
1405 821 1505 865 ſterbe,
1530 826 1578 858 und
1577 813 1684 863 *GOtt
1700 826 1767 859 wird
1783 822 1844 866 euch

1234 863 1408 911 heimſuchen,
1424 868 1477 902 und
1494 870 1545 903 aus
1563 868 1653 911 dieſem
1666 867 1742 904 lande
1750 868 1843 913 fuͤhren

1234 915 1262 947 in
1273 915 1321 948 das
1330 906 1415 954 land,
1429 916 1476 949 das
1488 922 1514 949 er
1523 912 1687 957 Abraham,
1697 912 1784 955 Jſaac
1790 915 1845 949 und

1232 956 1324 1000 Jacob
1338 955 1493 999 geſchworen
1504 957 1563 999 hat.
1647 962 1786 999 *Ebr.II,
1797 969 1841 991 22.

1276 1006 1317 1032 25.
1337 988 1447 1032 Darum
1459 994 1542 1038 nahm
1552 1005 1579 1031 er
1586 998 1658 1033 einen
1668 998 1707 1032 eid
1724 1007 1777 1033 von
1793 1000 1841 1033 den

1233 1044 1336 1079 kindern
1353 1043 1464 1091 Jſrael,
1485 1047 1536 1076 und
1547 1043 1656 1084 ſprach:
1673 1042 1766 1082 Wenn
1782 1044 1843 1086 euch

1233 1086 1313 1124 GOtt
1329 1085 1488 1129 heimſuchen
1504 1088 1589 1121 wird,
1606 1085 1650 1127 ſo*
1660 1088 1747 1127 fuͤhret
1758 1089 1840 1124 meine

1231 1122 1341 1172 gebeine
1348 1127 1394 1165 von
1398 1131 1521 1165 dannen.*
1529 1130 1679 1169 2M.13,19.
1695 1120 1749 1171 Joſ.
1761 1128 1837 1172 24,32.

1273 1180 1319 1210 26.
1340 1175 1407 1218 Alſo
1421 1177 1490 1219 ſtarb
1503 1175 1620 1218 Joſeph,
1633 1176 1665 1211 da
1678 1184 1698 1211 er
1706 1185 1764 1211 war
1774 1179 1836 1214 hun⸗

1231 1215 1287 1251 dert
1305 1215 1346 1249 und
1364 1214 1438 1258 zehen
1449 1215 1516 1257 jahr
1532 1216 1582 1251 alt.
1604 1217 1666 1252 Und
1685 1218 1714 1259 ſie
1731 1217 1840 1256 ſalbeten

1272 1258 1334 1304 ihn,
1349 1255 1420 1302 und*
1422 1254 1506 1304 legten
1524 1261 1571 1298 ihn
1587 1263 1615 1297 in
1631 1264 1683 1297 eine
1701 1261 1758 1297 lade
1769 1263 1798 1297 in

1356 1298 1492 1348 Egypten.
1508 1297 1659 1350 *Joſ.
1613 1303 1659 1350 24,
1667 1315 1710 1341 32.

973 1353 1061 1388 Ende
1069 1359 1125 1388 des
1138 1347 1232 1398 erſten
1234 1348 1349 1398 Buchs
1357 1355 1463 1394 Moſe.

894 1438 1019 1489 Das
1038 1440 1185 1493 ander
1200 1438 1345 1502 Buch
1371 1439 1533 1502 Moſe.

767 1500 840 1535 Das
850 1494 864 1539 I
892 1499 1025 1542 Capitel.

618 1534 665 1561 Der
675 1535 746 1560 kinder
761 1535 831 1563 Jſrael
846 1536 990 1573 dienſtbarkeit
999 1550 1044 1574 und
1060 1548 1163 1577 drangſal
1168 1548 1195 1575 in

593 1564 701 1599 Egypten.

591 1586 734 1775 D

734 1595 771 1643 Js
787 1603 840 1643 ſind
856 1605 922 1639 die*
938 1613 1035 1639 namen
1052 1606 1096 1639 der
1109 1606 1196 1640 kinder

734 1648 859 1693 Jſrael,
870 1655 908 1687 die
922 1655 972 1688 mit
985 1654 1075 1697 Jacob
1086 1655 1113 1687 in
1120 1655 1195 1696 Egy⸗

734 1701 810 1732 pten
820 1695 924 1732 kamen;
939 1697 978 1731 ein
998 1695 1117 1738 ieglicher
1133 1698 1194 1733 kam

749 1735 803 1761 mit
807 1735 898 1771 ſeinem
915 1735 992 1774 hauſe
1005 1737 1110 1778 hinein:

797 1784 901 1795 *1Moſ.
911 1780 953 1808 46,
965 1783 985 1806 8.

634 1807 662 1831 2.
690 1792 794 1847 Ruben,
812 1799 927 1839 Simeon,
940 1800 1021 1840 Levi,
1034 1799 1130 1845 Juda;

632 1852 658 1878 8.
679 1842 819 1887 Jſaſchar,
827 1846 962 1889 Sebulon,
969 1847 1130 1889 Benjamin;

634 1900 664 1923 4.
685 1882 764 1926 Dan,
771 1889 943 1933 Naphthali,
952 1890 1032 1932 Gad,
1044 1890 1130 1934 Aſſer.

634 1941 658 1966 5.
680 1932 760 1966 Und*
768 1936 830 1969 aller
840 1926 933 1974 ſeelen,
947 1935 985 1969 die
996 1936 1045 1968 aus
1052 1936 1099 1968 den
1105 1933 1194 1970 lenden

592 1960 682 2005 Jacob
689 1964 803 1999 kommen
811 1973 914 2004 waren,
926 1977 1000 2020 derer
1006 1983 1096 2017 waren
1105 1980 1195 2024 ſieben⸗

592 2011 647 2056 tzig.
680 2015 779 2061 Joſeph
786 2018 847 2053 aber
853 2026 910 2051 war
918 2026 995 2060 zuvor
1001 2022 1028 2054 in
1035 2022 1170 2062 Egypten.

791 2066 887 2094 *1Moſ.
902 2068 947 2095 46,
954 2074 989 2094 27.

636 2085 663 2115 6.
673 2081 720 2117 Da
732 2085 802 2118 nun*
810 2084 909 2126 Joſeph
918 2089 1046 2128 geſtorben
1052 2096 1127 2127 war,
1140 2092 1193 2121 und

594 2126 643 2159 alle
650 2126 711 2160 ſeine
724 2125 838 2166 bruͤder,
858 2134 910 2161 und
918 2136 988 2168 alle,
1006 2137 1046 2161 die
1054 2140 1083 2168 zu
1096 2139 1140 2163 der
1147 2140 1193 2170 zeit

591 2158 687 2209 gelebet
695 2171 798 2205 hatten:

966 2192 1083 2232 *1Moſ.
1092 2202 1135 2231 50,
1146 2195 1191 2226 26.

632 2226 649 2251 7.
670 2205 819 2258 Wuchſen
827 2216 864 2250 die
871 2216 956 2252 kinder
966 2216 1077 2261 Jſrael,
1085 2228 1124 2266 und
1140 2231 1192 2258 zeu⸗

590 2233 663 2284 geten
671 2247 770 2284 kinder,
783 2256 835 2278 und
842 2259 970 2297 mehreten
982 2267 1047 2309 ſich;
1057 2270 1109 2306 und
1124 2273 1192 2310 wur⸗

592 2297 632 2337 den
645 2297 718 2343 ihrer
725 2301 780 2345 ſehr
787 2303 846 2343 viel,
860 2303 912 2340 daß
920 2306 990 2347 ihrer
1004 2311 1052 2339 das
1063 2311 1126 2341 land
1139 2315 1192 2341 voll

591 2345 680 2379 ward.

848 2358 974 2396 *Pſ.105,
981 2369 1026 2395 24.
1039 2352 1123 2406 Geſch.
1132 2370 1191 2401 7,17.

635 2391 658 2418 8.
680 2384 726 2419 Da
732 2385 791 2420 kam
798 2387 857 2420 *ein
863 2394 939 2421 neuer
945 2393 1018 2426 koͤnig
1025 2398 1071 2428 auf
1078 2400 1103 2421 in
1116 2402 1191 2431 Egy⸗

593 2434 671 2473 pten,
675 2433 720 2467 der
726 2434 801 2475 wuſte
808 2434 889 2472 nichts
897 2443 947 2469 von
954 2434 1064 2479 Joſeph.

805 2471 929 2503 *Richt.2,
937 2483 971 2500 10.

633 2509 661 2532 9.
684 2492 728 2536 Und
742 2496 832 2539 ſprach
850 2507 879 2539 zu
890 2503 980 2541 ſeinem
992 2503 1078 2535 volck:
1091 2508 1191 2546 Siehe,

589 2543 635 2578 des
648 2542 732 2578 volcks
745 2544 788 2577 der
800 2543 884 2579 kinder
896 2542 990 2589 Jſrael
1003 2550 1032 2586 iſt
1044 2553 1119 2587 viel,
1137 2561 1190 2582 und

589 2586 665 2630 mehr
672 2587 736 2621 denn
750 2589 811 2623 wir.

636 2643 677 2666 10.
699 2631 834 2669 Wolan,
851 2634 902 2668 wir
913 2636 1003 2671 wollen
1015 2634 1046 2678 ſie
1058 2636 1109 2670 mit
1120 2637 1192 2681 liſten

587 2673 735 2718 daͤmpfen,
755 2675 806 2709 daß
821 2675 891 2709 ihrer
899 2676 967 2716 nicht
979 2676 1004 2718 ſo
1017 2679 1069 2713 viel
1082 2685 1192 2714 werden.

588 2724 668 2764 Denn
676 2733 718 2761 wo
715 2713 774 2773 ſich
785 2724 825 2762 ein
831 2723 898 2769 krieg
909 2718 1020 2771 erhuͤbe:
1034 2724 1150 2772 moͤchten
1162 2730 1197 2773 ſie

1231 1494 1280 1539 ſich
1292 1496 1356 1537 auch
1370 1503 1400 1536 zu
1411 1496 1506 1539 unſern
1517 1499 1616 1541 feinden
1627 1496 1767 1542 ſchlagen,
1785 1497 1841 1534 und

1230 1539 1308 1585 wieder
1331 1535 1377 1585 uns
1389 1540 1512 1584 ſtreiten,
1532 1542 1587 1576 und
1591 1548 1652 1584 zum
1661 1540 1737 1577 lande
1744 1541 1840 1584 auszie⸗

1230 1592 1292 1633 hen.

1274 1637 1308 1658 11.
1316 1625 1378 1659 Und
1384 1634 1448 1662 man
1454 1624 1516 1667 ſetzte
1523 1623 1676 1676 frohnvoͤgte
1683 1625 1746 1663 uͤber
1752 1628 1793 1671 ſie,
1799 1627 1839 1662 die

1231 1670 1263 1710 ſie
1279 1670 1331 1703 mit
1348 1668 1473 1711 ſchweren
1493 1670 1602 1706 dienſten
1613 1663 1718 1707 druͤcken
1733 1670 1837 1714 ſolten:

1230 1717 1296 1750 denn
1312 1706 1376 1749 man
1392 1714 1480 1751 bauete
1496 1714 1554 1750 dem
1567 1714 1687 1766 Pharao
1705 1718 1746 1752 die
1759 1718 1839 1760 ſtaͤdte

1229 1759 1337 1806 Pithon
1344 1762 1396 1797 und
1412 1761 1540 1805 Raemſes
1556 1770 1586 1804 zu
1597 1761 1794 1806 ſchatzhaͤuſern.

1273 1812 1312 1835 12.
1334 1800 1410 1838 Aber
1423 1812 1444 1838 ie
1455 1802 1510 1846 mehr
1524 1803 1563 1847 ſie
1574 1799 1616 1843 das
1627 1792 1696 1844 volck
1698 1805 1835 1841 druckten,

1228 1848 1251 1882 ie
1271 1844 1346 1889 mehr
1366 1846 1413 1890 ſich
1431 1849 1457 1882 es
1475 1846 1589 1890 mehrete
1604 1850 1657 1883 und
1668 1849 1835 1884 ausbreitete.

1229 1894 1293 1930 Und
1303 1893 1334 1933 ſie
1340 1887 1434 1936 hielten
1441 1895 1480 1931 die
1494 1895 1582 1931 kinder
1595 1893 1692 1941 Jſrael
1703 1897 1751 1931 wie
1763 1897 1835 1932 einen

1227 1934 1328 1979 greuel.

1271 1985 1307 2011 13.
1315 1973 1376 2009 Und
1383 1974 1422 2011 die
1429 1975 1571 2018 Egypter*
1577 1983 1699 2018 zwungen
1705 1977 1744 2013 die
1750 1977 1836 2014 kinder

1229 2020 1324 2066 Jſrael
1331 2030 1360 2063 zu
1365 2023 1468 2068 dienſt
1465 2020 1507 2064 mit
1504 2021 1770 2067 unbarmhertzigkeit.

1449 2064 1553 2096 *Judith
1560 2071 1579 2093 5,
1588 2071 1611 2093 9.

1272 2093 1313 2122 14.
1335 2083 1397 2119 Und
1404 2086 1521 2119 machten
1527 2089 1605 2128 ihnen
1614 2083 1658 2127 ihr
1667 2084 1736 2120 leben
1747 2080 1834 2129 ſauer,

1227 2135 1280 2171 mit
1290 2134 1413 2179 ſchwerer
1426 2130 1511 2172 arbeit
1522 2138 1563 2171 im
1574 2136 1640 2179 thon
1653 2136 1707 2170 und
1723 2134 1834 2179 ziegeln,

1227 2182 1280 2215 und
1287 2181 1336 2215 mit
1349 2179 1456 2223 allerley
1463 2179 1573 2225 froͤhnen
1580 2180 1625 2221 auf
1632 2182 1689 2218 dem
1695 2182 1774 2225 felde:
1781 2184 1835 2218 und

1226 2226 1277 2261 mit
1288 2223 1393 2266 allerley
1401 2225 1507 2265 arbeit,
1527 2224 1566 2259 die
1572 2225 1604 2269 ſie
1615 2223 1691 2269 ihnen
1702 2224 1835 2269 auflegten

1226 2273 1277 2307 mit
1292 2268 1556 2312 unbarmhertzigkeit.

1268 2319 1306 2345 15.
1327 2309 1389 2344 Und
1400 2313 1446 2345 der
1451 2303 1527 2351 koͤnig
1537 2311 1566 2345 in
1577 2311 1703 2353 Egypten
1708 2308 1796 2353 ſprach
1803 2315 1833 2350 zu

1226 2359 1273 2393 den
1289 2355 1448 2399 Ebraͤiſchen
1461 2356 1668 2399 wehemuͤttern,
1689 2359 1764 2395 derer
1781 2359 1834 2405 eine

1225 2401 1287 2446 hieß
1293 2401 1418 2440 Siphra,
1430 2404 1482 2436 und
1490 2404 1528 2438 die
1536 2404 1629 2439 andere
1640 2403 1725 2441 Pua:

1270 2445 1309 2475 16.
1331 2440 1445 2477 Wenn*
1451 2441 1494 2484 ihr
1501 2443 1549 2476 den
1557 2439 1715 2484 Ebraͤiſchen
1722 2442 1834 2479 weibern

1225 2485 1320 2529 helfet,
1332 2487 1386 2521 und
1398 2485 1446 2527 auf
1457 2490 1517 2522 dem
1522 2486 1592 2531 ſtuhl
1597 2482 1680 2530 ſehet,
1691 2488 1746 2530 daß
1757 2492 1786 2525 es
1791 2490 1832 2524 ein

1225 2528 1288 2572 ſohn
1301 2528 1350 2572 iſt,
1373 2529 1397 2568 ſo
1406 2529 1487 2569 toͤdtet
1487 2529 1560 2572 ihn;
1580 2532 1624 2575 iſts
1632 2533 1687 2566 aber
1700 2533 1751 2568 eine
1766 2530 1834 2571 toch⸗

1225 2574 1280 2612 ter,
1294 2571 1319 2611 ſo
1332 2570 1404 2612 laſſet
1413 2573 1444 2615 ſie
1461 2571 1543 2608 leben.
1628 2564 1835 2617 *Weish.18,5.

1247 2627 1284 2653 17.
1301 2614 1357 2651 Aber
1372 2617 1412 2653 die
1419 2614 1586 2659 wehemuͤtter
1592 2616 1732 2661 fuͤrchteten
1739 2615 1837 2657 GOtt,

1224 2659 1278 2695 und
1291 2659 1381 2702 thaͤten
1387 2661 1473 2705 nicht,
1484 2663 1533 2697 wie
1540 2664 1584 2698 der
1595 2661 1671 2706 koͤnig
1685 2657 1713 2701 in
1709 2662 1836 2705 Egypten

1227 2711 1258 2742 zu
1269 2701 1347 2746 ihnen
1359 2704 1447 2742 geſagt
1459 2703 1557 2742 hatte:
1577 2706 1683 2742 ſondern
1698 2701 1781 2742 lieſſen
1793 2708 1834 2739 die

1224 2747 1312 2784 kinder
1319 2746 1400 2785 leben.
