1612 2241
381 241 515 278 alltaͤglich
545 244 623 279 unſer
645 245 725 277 liebes
747 250 843 282 Brod,
872 251 925 279 und

382 277 551 313 dermaleinſt
561 280 623 312 nach
638 279 718 316 dieſer
731 282 791 317 Zeit
805 284 854 313 das
869 281 928 319 ſuͤße

384 321 465 353 Brod
480 322 524 351 der
539 318 677 356 Ewigkeit.

713 353 789 389 Paul
796 353 930 387 Gerhard.

432 388 490 416 Um
508 386 644 421 leibliche
663 389 880 423 Wohlthaten.

383 424 457 457 Mel.
478 426 567 456 Wenn
583 427 618 459 ich
634 435 660 457 in
677 427 756 460 Angſt
772 431 825 458 und
842 427 930 464 Noth.

389 468 548 525 1382.
548 468 608 526 O

619 460 711 493 Gott!
718 468 765 493 wir
774 456 863 495 danken
876 462 930 498 dir,

627 494 660 516 du
677 492 728 518 haſt
740 493 792 515 uns
810 491 871 518 noch
890 495 930 528 er⸗

383 528 482 564 naͤhrt,
504 530 613 562 regieret
637 536 691 563 und
715 530 848 569 beſchuͤtzt,
865 534 927 568 auch

381 568 461 604 Fried
472 573 525 600 und
540 571 604 603 Ruh
621 572 755 603 erhalten,
770 575 821 602 viel
834 575 929 601 Uebels

383 602 550 638 abgewehrt,
573 608 607 634 du
625 604 703 640 laͤſſeſt
719 606 781 636 uͤber
794 610 847 638 uns
863 607 925 643 noch

383 635 466 670 Gnad
482 645 535 670 und
544 641 686 674 Wahrheit
695 644 801 672 walten.

420 680 447 699 2.
466 671 541 706 Doch
558 673 629 707 ſiehſt
643 677 678 704 du
695 674 736 704 die
752 676 855 710 Gefahr
880 677 927 708 des

381 709 484 742 Landes
511 710 585 742 mehr
608 710 650 740 als
676 710 741 742 wir;
771 719 819 742 wir
837 710 926 749 haͤtten

379 744 448 784 auch
463 749 513 775 den
533 745 615 779 Krieg
638 748 689 778 mit
712 746 833 780 Suͤnden
856 748 928 784 wohl

379 782 550 816 verſchuldet.
574 782 636 814 Wie
661 785 745 819 wenig
767 786 844 815 dankt
860 793 925 816 man

379 818 441 848 dir!
463 819 523 851 ach!
549 815 689 852 Wunder!
706 821 755 853 daß
777 819 837 853 dein
858 822 924 853 Arm

379 855 437 882 uns
455 853 516 883 noch
537 853 563 887 ſo
580 861 674 886 immer
691 857 788 886 duldet.

391 893 446 920 3.
465 886 527 919 Wir
536 888 613 920 ehren
623 888 676 923 dich
685 884 754 925 nicht
769 885 866 927 recht,
859 896 926 921 man

378 922 447 956 liebt
460 926 508 953 den
523 922 651 959 Naͤchſten
674 923 757 960 nicht,
785 932 850 957 man
871 927 926 957 lebt

375 958 467 992 nicht,
487 958 536 988 wie
545 967 608 990 man
616 959 680 994 ſoll;
700 961 749 992 wir
757 963 850 993 wollen
861 962 924 997 auch

376 995 466 1026 nichts
480 995 582 1029 leiden,
609 1002 673 1026 man
690 999 765 1028 denkt
781 998 851 1030 nicht
871 1002 922 1028 aus

377 1032 506 1067 Gericht;
526 1036 605 1064 drum
620 1032 729 1068 herrſcht
746 1036 785 1066 die
801 1036 857 1066 boͤſe
865 1038 921 1067 Luſt

375 1068 479 1101 Stolz,
499 1069 626 1103 Saufen,
644 1069 717 1105 Zorn
737 1074 792 1101 und
806 1071 921 1102 Neiden.

414 1110 443 1135 4.
464 1104 568 1134 Belehr
581 1107 651 1137 uns,
671 1104 750 1136 lieber
758 1107 845 1138 Gott!
860 1105 920 1138 gieb

377 1138 422 1169 ein
443 1137 619 1173 zerknirſchtes
646 1141 728 1175 Herz,
748 1141 804 1173 gieb
832 1143 918 1173 Glau⸗

373 1174 429 1203 ben
452 1180 489 1203 an
514 1175 564 1204 den
588 1174 690 1208 Sohn,
717 1172 774 1210 gieb
792 1178 855 1209 auch
875 1176 918 1207 ein

376 1211 461 1238 neues
498 1209 602 1242 Leben,
650 1211 778 1245 betrachte
821 1212 917 1247 Chriſti

372 1244 521 1279 Schmerz,
541 1248 595 1275 und
619 1247 712 1282 ſchreib
736 1251 790 1280 uns
819 1249 918 1283 ſolchen

369 1284 425 1313 zu:
448 1280 473 1313 ſo
488 1280 553 1310 wird
569 1282 610 1310 die
623 1283 732 1316 Schuld
743 1286 880 1318 vergeben.

414 1322 438 1347 5.
457 1315 535 1345 Wird
550 1320 605 1346 uns
619 1316 660 1348 die
667 1318 773 1352 Schuld
781 1317 916 1353 geſchenkt,

339 1349 402 1386 ſo
424 1349 496 1383 faͤllet
525 1351 588 1384 auch
612 1351 655 1383 die
683 1353 762 1388 Pein.
788 1355 855 1389 Ach!
873 1355 916 1389 laß

370 1388 414 1419 die
430 1388 658 1427 Friedens ⸗ Poſt
672 1389 709 1420 im
725 1397 824 1425 ganzen
844 1393 914 1422 Land

369 1423 520 1457 erſchallen.
537 1424 588 1457 Laß
602 1426 694 1458 Friede
710 1425 755 1460 bey
771 1430 825 1457 uns
844 1427 913 1461 ſeyn,

368 1457 399 1493 ſo
413 1458 512 1489 koͤnnen
528 1465 577 1489 wir
590 1463 641 1491 mit
655 1461 735 1495 Ruh,
760 1459 850 1497 wohin
865 1461 914 1493 wir

369 1494 467 1523 wollen
482 1494 586 1524 wallen.

408 1529 436 1554 6.
455 1525 576 1558 Bewahr
593 1531 642 1557 vor
663 1527 753 1561 theure
775 1526 848 1563 Zeit,
866 1535 915 1560 vor

367 1564 496 1599 Seuchen
512 1568 567 1596 und
581 1574 627 1595 vor
644 1569 718 1602 Peſt,
745 1576 793 1599 vor
813 1573 911 1602 Brand

367 1601 427 1629 und
457 1604 551 1630 andrer
577 1603 672 1635 Noth,
701 1609 777 1632 vorm
806 1605 910 1636 Satan,

366 1636 455 1668 Suͤnd
465 1639 517 1665 und
526 1634 612 1670 Hoͤlle.
629 1639 684 1668 Wo
692 1637 774 1673 Jeſus
784 1642 835 1669 uns
844 1639 912 1674 nicht

367 1673 444 1706 laͤßt,
464 1674 488 1707 ſo
504 1674 559 1703 ſind
576 1673 628 1705 wir
642 1675 713 1711 wohl
733 1674 868 1713 beſchuͤtzt!
886 1679 910 1715 ſo

365 1707 464 1740 dienen
478 1709 528 1738 alle
542 1708 622 1743 Faͤlle.

403 1746 431 1771 7.
450 1739 477 1770 O
493 1738 626 1773 Heiland!
646 1740 711 1771 bitte
720 1741 779 1776 doch
790 1740 833 1776 fuͤr
848 1745 909 1776 uns,

365 1780 429 1810 dein
438 1778 611 1815 Eigenthum,
621 1783 657 1811 du
663 1781 718 1815 haſt
724 1787 777 1811 uns
787 1783 864 1814 theur
874 1791 912 1814 er⸗

362 1814 454 1848 kauft,
466 1815 566 1845 erbarm
577 1814 632 1849 dich
640 1816 726 1847 deiner
734 1816 852 1851 Bruͤder,
862 1818 910 1851 wir

362 1849 446 1882 geben
458 1854 497 1880 dir
512 1853 560 1880 den
575 1853 687 1884 Ruhm;
707 1854 790 1884 Denn
805 1857 839 1883 du
855 1860 911 1884 ver⸗

362 1884 443 1916 trittſt
460 1885 558 1919 annoch
573 1890 626 1916 uns
640 1888 781 1922 ungeſtalte
791 1889 907 1921 Glieder.

401 1931 425 1951 8,
444 1923 506 1953 Wir
516 1922 587 1954 legen
600 1923 675 1957 Kirch
694 1928 736 1954 und
745 1925 845 1959 Schul,
855 1929 907 1956 und

358 1957 411 1989 alle
425 1956 504 1992 Sorg
514 1958 564 1992 auf
568 1959 643 1991 dich;
658 1958 790 1991 verſorge,
809 1958 906 1996 ſchuͤtze,

358 1992 423 2033 troͤſt
437 1998 491 2031 und
501 1999 565 2034 rette
574 1996 650 2034 Groß
672 1991 719 2036 und
734 1999 830 2036 Kleine.
848 1998 906 2036 Dir

939 241 1077 279 uͤberlaͤßt
1091 252 1156 276 man
1171 246 1229 281 ſich.
1248 247 1350 283 Verlaß
1364 252 1418 281 uns
1432 247 1505 280 nim⸗

938 278 1107 319 mermehr,
1126 284 1175 318 wir
1184 285 1287 319 bleiben
1297 294 1362 321 ganz
1378 288 1419 320 die
1432 290 1503 322 Dei⸗

957 331 1019 354 nen.
1241 330 1289 358 M.
1297 332 1331 359 J.
1348 329 1503 366 Neunherz.

1079 356 1140 388 Zur
1162 351 1280 386 duͤrren
1303 357 1377 389 Zeit.

960 388 1032 421 Mel.
1058 390 1171 422 Kommt
1186 389 1230 425 her
1246 397 1276 425 zu
1298 390 1365 424 mir,
1396 391 1499 429 ſpricht.

965 434 1134 495 1383.ᵃ
1142 429 1196 494 O

1206 425 1300 461 ſtarcker
1300 426 1396 461 Gott
1396 427 1442 461 du
1442 427 1503 461 laͤſ⸗

1206 461 1259 500 ſeſt
1259 461 1341 500 recht
1341 461 1409 499 uns
1409 461 1503 502 unge⸗

961 501 1040 534 rechte
1055 499 1287 536 Suͤnden⸗Knecht
1302 504 1331 534 in
1346 503 1426 536 dieſer
1438 505 1501 540 Zeit

957 536 1092 570 erfahren,
1101 535 1166 571 wie,
1177 537 1225 571 daß
1232 541 1267 569 du
1274 537 1367 570 deinen
1374 538 1503 575 ſchweren

958 571 1046 606 Zorn,
1060 574 1111 602 den
1127 576 1161 603 du
1175 575 1297 604 gedreuet
1312 575 1367 609 haſt
1385 581 1498 613 zuvorn,

958 607 1015 637 nun
1030 606 1116 640 ferner
1132 608 1202 643 nicht
1216 609 1304 642 kannſt
1317 610 1417 645 ſparen.

994 644 1020 663 2.
1040 637 1092 671 Du
1117 638 1171 671 haſt
1195 638 1314 672 geſaget:
1333 643 1429 672 werdet
1454 639 1499 674 ihr

958 678 1009 708 mir
1018 672 1085 714 nicht
1096 670 1225 713 gehorchen
1242 681 1285 714 fuͤr
1295 683 1347 712 und
1354 679 1408 714 fuͤr,
1417 682 1442 715 ſo
1451 682 1499 713 ſoll

956 715 1000 744 der
1025 708 1126 746 Himmel
1149 714 1243 749 Eiſen,
1262 717 1317 748 und
1338 723 1402 748 eure
1426 718 1499 748 Erde

957 747 1015 781 ſeyn
1026 748 1065 779 als
1076 749 1127 782 Erz,
1137 749 1174 783 ich
1183 748 1237 780 will
1246 751 1305 783 euch
1313 751 1384 781 mein
1393 749 1500 787 erzuͤrn⸗

954 787 995 815 tes
1002 785 1069 819 Herz
1077 784 1154 818 durch
1160 786 1215 821 Hitz
1223 791 1277 818 und
1285 786 1379 820 Duͤrre
1394 789 1497 820 weiſen.

993 826 1019 853 3.
1039 822 1078 853 Es
1086 817 1132 857 ſoll
1140 827 1183 852 der
1191 818 1268 854 Acker
1284 823 1343 857 hart
1357 826 1413 853 und
1430 823 1498 858 dicht

954 857 1000 887 des
1017 856 1117 888 Lebens
1128 855 1237 893 Fruͤchte
1244 858 1336 893 tragen
1351 858 1437 893 nicht,
1457 859 1497 894 ich

955 892 1010 924 will
1031 887 1078 925 den
1086 888 1176 925 Himmel
1193 893 1325 927 ſchließen,
1335 896 1384 929 daß
1391 896 1433 927 ihr
1441 904 1496 927 em⸗

952 926 1051 961 pfindet
1056 924 1111 963 Hitz
1120 927 1214 960 allein;
1230 929 1284 960 Wo
1292 928 1355 960 wird
1365 927 1456 961 alsdeñ
1465 938 1496 963 zu

951 962 1040 997 finden
1053 964 1128 996 ſeyn,
1143 965 1200 994 was
1214 962 1323 1000 noͤthig
1320 963 1350 998 zu
1351 965 1500 1000 genießen?

988 1004 1016 1029 4.
1036 999 1086 1033 Ach
1106 998 1192 1030 Gott!
1229 998 1268 1034 itzt
1286 1001 1369 1033 haben
1388 1000 1437 1032 wir
1454 1008 1496 1032 er⸗

952 1031 1021 1064 lebt,
1041 1030 1160 1064 wornach
1169 1031 1219 1062 wir
1228 1033 1306 1067 lange
1312 1033 1370 1074 Zeit
1377 1035 1496 1071 geſtrebt,

952 1067 1003 1098 mit
1018 1067 1114 1103 unſern
1133 1069 1257 1105 ſchweren
1278 1068 1416 1103 Suͤnden;
1433 1073 1498 1105 Der

948 1104 1068 1140 Himmel
1075 1106 1105 1139 iſt
1110 1106 1276 1142 verſchloſſen
1288 1115 1353 1142 gar,
1368 1111 1416 1139 das
1426 1111 1494 1140 Erd⸗

950 1137 1017 1172 reich
1036 1141 1146 1173 trocknet
1167 1143 1327 1178 immerdar,
1347 1142 1388 1175 die
1413 1146 1495 1178 Saat

958 1176 1011 1211 muß
1026 1176 1073 1209 ſich
1088 1173 1241 1210 entzuͤnden.

984 1217 1010 1243 5.
1032 1205 1075 1246 Wie
1080 1209 1206 1246 klaͤglich
1218 1207 1295 1249 ſtehet
1310 1208 1373 1251 Feld
1375 1216 1429 1244 und
1437 1215 1493 1248 Au,

949 1246 984 1280 fie
1006 1243 1104 1280 ſeufzen
1123 1245 1185 1281 nach
1203 1250 1260 1278 dem
1285 1241 1378 1282 kuͤhlen
1402 1250 1495 1283 Thau,

947 1284 993 1312 der
1006 1284 1070 1313 alles
1085 1282 1152 1318 ſonſt
1164 1285 1306 1320 erquicket:
1329 1288 1389 1316 Die
1398 1290 1494 1319 Berge

946 1315 1031 1351 liegen
1049 1322 1106 1351 ganz
1125 1313 1272 1353 verbrannt:
1290 1320 1332 1351 die
1361 1315 1427 1352 Duͤrr
1440 1323 1490 1353 hat

956 1351 1023 1383 unſer
1037 1354 1131 1387 ganzes
1151 1353 1214 1387 Land
1228 1349 1276 1390 und
1299 1355 1380 1392 deſſen
1396 1353 1491 1393 Fruͤcht

943 1391 1061 1420 erſticket.

983 1423 1010 1449 6.
1029 1419 1109 1452 Mein
1119 1422 1207 1454 Gott!
1220 1416 1266 1458 was
1280 1416 1320 1461 iſt
1332 1421 1392 1457 doch
1411 1423 1489 1458 unſre

944 1462 1053 1494 Staͤrk?
1097 1463 1218 1496 Umſonſt
1245 1465 1275 1495 iſt
1300 1467 1364 1494 aller
1392 1467 1489 1497 Haͤnde

946 1496 1041 1531 Werk,
1060 1496 1101 1533 itzt
1113 1496 1192 1532 giebſt
1223 1495 1256 1530 du
1255 1500 1350 1530 Staub
1365 1499 1407 1530 fuͤr
1420 1503 1491 1530 Re⸗

947 1537 1013 1565 gen,
1031 1535 1085 1564 und
1107 1533 1184 1568 Aſche
1206 1536 1249 1568 fuͤr
1274 1535 1316 1564 die
1341 1536 1488 1568 Fettigkeit,

946 1568 1032 1596 davon
1052 1566 1170 1597 verdirbt
1194 1569 1249 1598 uns
1271 1570 1321 1598 das
1356 1567 1486 1603 Getreid;

951 1602 1048 1638 hinweg
1064 1603 1092 1637 iſt
1106 1603 1168 1637 Heil
1183 1607 1235 1634 und
1250 1606 1356 1639 Segen.

977 1637 1005 1664 7.
1023 1633 1066 1662 All
1076 1633 1223 1664 Ackerleute
1231 1636 1339 1663 trauren
1356 1632 1427 1668 ſehr,
1443 1634 1485 1665 die

945 1670 1052 1704 Winzer
1061 1672 1154 1703 heulen
1163 1673 1236 1706 mehr
1243 1676 1296 1703 und
1305 1674 1386 1707 mehr,
1396 1674 1443 1708 daß
1452 1674 1488 1708 ſie

943 1716 992 1739 den
1002 1709 1074 1742 Moſt
1084 1712 1126 1740 der
1135 1711 1222 1743 Erden
1230 1709 1316 1743 nicht,
1326 1711 1374 1741 wie
1382 1713 1485 1744 vorhin,

944 1741 992 1773 mit
1000 1742 1118 1779 Freuden
1127 1743 1206 1778 ſehn;
1223 1745 1264 1779 ihr
1272 1744 1362 1777 Arbeit
1382 1748 1426 1781 muß
1440 1753 1484 1779 zu⸗

940 1779 1012 1812 ruͤcke
1021 1779 1105 1814 gehn,
1126 1780 1159 1812 ſie
1168 1779 1249 1814 ſelber
1256 1778 1354 1816 duͤrftig
1371 1787 1486 1812 werden.

978 1820 1004 1845 8.
1024 1815 1080 1850 Die
1093 1815 1149 1851 Hitz
1163 1816 1193 1850 iſt
1213 1817 1294 1851 groß,
1318 1825 1384 1848 man
1397 1818 1483 1852 ſpuͤret

940 1855 1017 1881 kaum
1048 1850 1077 1881 in
1104 1852 1232 1883 Waͤldern
1272 1852 1348 1884 einen
1377 1855 1484 1888 friſchen

941 1886 1059 1918 Baum,
1074 1884 1116 1917 die
1128 1887 1234 1921 Flamm
1248 1887 1296 1920 hat
1312 1884 1486 1922 angezuͤndet,

942 1923 981 1954 die
988 1923 1094 1960 Felder,
1104 1924 1249 1956 Stauden,
1256 1926 1327 1955 Laub
1334 1930 1389 1956 und
1397 1929 1483 1954 Gras,

937 1955 1040 1991 dieweil
1058 1963 1121 1988 man
1139 1959 1221 1989 weder
1238 1959 1319 1993 Thau
1333 1959 1395 1996 noch
1418 1960 1484 1996 Naß

939 1997 979 2032 im
991 2000 1093 2037 gauzen
1104 1995 1192 2037 Lande
1204 1997 1305 2037 finden.
