<?xml version='1.0' encoding='utf-8'?>
<PcGts xmlns="http://schema.primaresearch.org/PAGE/gts/pagecontent/2019-07-15" xmlns:xsi="http://www.w3.org/2001/XMLSchema-instance" pcGtsId="PAGE_01" xsi:schemaLocation="http://schema.primaresearch.org/PAGE/gts/pagecontent/2019-07-15 http://schema.primaresearch.org/PAGE/gts/pagecontent/2019-07-15/pagecontent.xsd">
  <Metadata>
    <Creator>OCR-D DFG Phase III</Creator>
    <Created>2024-01-19T13:07:04Z</Created>
    <LastChange>2024-01-19T13:07:04Z</LastChange>
    <Comments>ODEM: OCR-D extension for mass digitization (2021-2024)</Comments>
  </Metadata>
  <Page imageFilename="urn+nbn+de+gbv+3+1-117098_urn+nbn+de+gbv+3+1-117098-p0045-1_ger.jpg" imageWidth="1358" imageHeight="2049" type="content" primaryLanguage="German">
    <Border>
      <Coords points="72,76 59,1979 1210,1968 1188,74"/>
    </Border>
    <ReadingOrder>
      <OrderedGroup id="ro_1676965828412" caption="Regions reading order">
        <RegionRefIndexed index="2" regionRef="region_1676360848979_268"/>
        <RegionRefIndexed index="3" regionRef="region0001"/>
        <RegionRefIndexed index="4" regionRef="region0002"/>
        <RegionRefIndexed index="5" regionRef="region0003"/>
        <RegionRefIndexed index="6" regionRef="region0004"/>
        <RegionRefIndexed index="7" regionRef="region0005"/>
        <RegionRefIndexed index="8" regionRef="TextRegion_1644582530076_1172"/>
        <RegionRefIndexed index="9" regionRef="TextRegion_1644582530076_1171"/>
        <RegionRefIndexed index="10" regionRef="region_1641986680575_331"/>
        <RegionRefIndexed index="11" regionRef="TextRegion_1644582622608_1199"/>
        <RegionRefIndexed index="12" regionRef="region_1676360859484_286"/>
        <RegionRefIndexed index="13" regionRef="region_1676360855811_277"/>
      </OrderedGroup>
    </ReadingOrder>
    <GraphicRegion id="Graphic_1676360884899_310" custom="readingOrder {index:0;}">
      <Coords points="182,332 999,332 999,377 182,377"/>
    </GraphicRegion>
    <GraphicRegion id="Graphic_1676360876633_304" custom="readingOrder {index:1;}">
      <Coords points="383,235 735,231 735,293 383,297"/>
    </GraphicRegion>
    <TextRegion type="page-number" id="region_1676360848979_268" custom="readingOrder {index:2;} structure {type:page-number;}">
      <Coords points="918,243 918,297 983,297 983,243"/>
      <TextLine id="line_1676360849056_271" custom="readingOrder {index:0;}">
        <Coords points="918,243 918,297 983,297 983,243"/>
        <Word id="word_1676360849101_274" custom="readingOrder {index:0;}">
          <Coords points="918,243 983,243 983,297 918,297"/>
          <TextEquiv>
            <Unicode>39</Unicode>
          </TextEquiv>
        </Word>
        <TextEquiv>
          <Unicode>39</Unicode>
        </TextEquiv>
      </TextLine>
      <TextEquiv>
        <Unicode>39</Unicode>
      </TextEquiv>
    </TextRegion>
    <TextRegion orientation="2.229065" type="paragraph" readingDirection="left-to-right" id="region0001" custom="readingOrder {index:3;} structure {type:paragraph;}">
      <Coords points="172,424 995,405 1002,660 178,679"/>
      <TextLine id="region0001_line0001" custom="readingOrder {index:0;}">
        <Coords points="172,426 174,475 252,474 258,480 266,480 275,473 377,470 382,474 392,474 397,470 427,467 502,465 520,472 528,472 536,465 568,469 624,465 631,472 639,471 650,462 734,460 747,462 763,454 864,463 914,455 996,451 994,413 981,413 977,406 961,407 957,411 804,417 769,417 764,411 741,411 727,417 708,418 703,413 665,418 651,414 542,416 524,420 512,417 452,418 430,424 425,420 398,425 393,420 372,424 358,422 351,428 305,431 275,429 269,424 248,427 244,425 232,426 223,423 172,424"/>
        <Word id="region0001_line0001_word0000" custom="readingOrder {index:0;}">
          <Coords points="181,474 274,471 272,430 177,434 178,474"/>
          <TextEquiv conf="0.9310349">
            <Unicode>Gleich</Unicode>
          </TextEquiv>
        </Word>
        <Word id="region0001_line0001_word0001" custom="readingOrder {index:1;}">
          <Coords points="289,439 347,437 348,462 290,464"/>
          <TextEquiv conf="0.9278009">
            <Unicode>war</Unicode>
          </TextEquiv>
        </Word>
        <Word id="region0001_line0001_word0002" custom="readingOrder {index:2;}">
          <Coords points="358,429 395,428 397,465 360,466"/>
          <TextEquiv conf="0.9280023">
            <Unicode>ich</Unicode>
          </TextEquiv>
        </Word>
        <Word id="region0001_line0001_word0003" custom="readingOrder {index:3;}">
          <Coords points="415,428 454,426 455,457 416,459"/>
          <TextEquiv conf="0.9218624">
            <Unicode>im</Unicode>
          </TextEquiv>
        </Word>
        <Word id="region0001_line0001_word0004" custom="readingOrder {index:4;}">
          <Coords points="524,420 469,422 471,465 602,460 600,417 525,420 524,420"/>
          <TextEquiv conf="0.92511255">
            <Unicode>Begriff,</Unicode>
          </TextEquiv>
        </Word>
        <Word id="region0001_line0001_word0005" custom="readingOrder {index:5;}">
          <Coords points="629,420 662,418 664,458 631,460"/>
          <TextEquiv conf="0.9244899">
            <Unicode>ſie</Unicode>
          </TextEquiv>
        </Word>
        <Word id="region0001_line0001_word0006" custom="readingOrder {index:6;}">
          <Coords points="706,416 677,418 678,450 719,448 718,417 708,418"/>
          <TextEquiv conf="0.9116108">
            <Unicode>dir</Unicode>
          </TextEquiv>
        </Word>
        <Word id="region0001_line0001_word0007" custom="readingOrder {index:7;}">
          <Coords points="765,412 734,414 735,452 840,448 839,415 804,417 769,417"/>
          <TextEquiv conf="0.9116108">
            <Unicode>hinweg</Unicode>
          </TextEquiv>
        </Word>
        <Word id="region0001_line0001_word0008" custom="readingOrder {index:8;}">
          <Coords points="863,415 896,414 897,445 864,446"/>
          <TextEquiv conf="0.9325043">
            <Unicode>zu</Unicode>
          </TextEquiv>
        </Word>
        <Word id="region0001_line0001_word0009" custom="readingOrder {index:9;}">
          <Coords points="923,412 924,438 988,436 987,413 981,413 977,406 961,407 957,411"/>
          <TextEquiv conf="0.91353583">
            <Unicode>trei⸗</Unicode>
          </TextEquiv>
        </Word>
        <TextEquiv conf="0.9227565">
          <Unicode>Gleich war ich im Begriff, ſie dir hinweg zu trei⸗</Unicode>
        </TextEquiv>
      </TextLine>
      <TextLine id="region0001_line0002" custom="readingOrder {index:1;}">
        <Coords points="763,455 747,463 734,461 705,465 702,469 703,494 708,497 795,496 814,493 820,496 854,494 859,489 856,462"/>
        <Word id="region0001_line0002_word0000" custom="readingOrder {index:0;}">
          <Coords points="758,464 817,461 818,491 759,494"/>
          <TextEquiv conf="0.8923565">
            <Unicode>ben.</Unicode>
          </TextEquiv>
        </Word>
        <TextEquiv conf="0.8923565">
          <Unicode>ben.</Unicode>
        </TextEquiv>
      </TextLine>
      <TextLine id="region0001_line0003" custom="readingOrder {index:2;}">
        <Coords points="186,507 174,508 174,513 175,559 304,556 388,550 396,555 404,554 409,550 429,551 463,546 479,547 486,555 496,555 503,548 662,541 681,546 710,539 752,539 771,542 998,534 996,491 914,495 907,491 874,495 869,491 845,496 820,497 814,494 728,498 689,495 642,504 626,502 611,493 603,494 598,498 544,503 531,499 513,502 508,498 470,504 462,499 338,501 246,513 239,508"/>
        <Word id="region0001_line0003_word0000" custom="readingOrder {index:0;}">
          <Coords points="180,519 259,516 260,553 181,556"/>
          <TextEquiv conf="0.9250308">
            <Unicode>Dein</Unicode>
          </TextEquiv>
        </Word>
        <Word id="region0001_line0003_word0001" custom="readingOrder {index:1;}">
          <Coords points="366,551 365,506 270,510 271,556 304,556"/>
          <TextEquiv conf="0.9250308">
            <Unicode>Gluͤck</Unicode>
          </TextEquiv>
        </Word>
        <Word id="region0001_line0003_word0002" custom="readingOrder {index:2;}">
          <Coords points="383,512 439,510 441,548 384,550"/>
          <TextEquiv conf="0.9288617">
            <Unicode>iſt,</Unicode>
          </TextEquiv>
        </Word>
        <Word id="region0001_line0003_word0003" custom="readingOrder {index:3;}">
          <Coords points="480,548 507,547 505,507 452,510 453,547 463,546 479,547"/>
          <TextEquiv conf="0.9298805">
            <Unicode>daß</Unicode>
          </TextEquiv>
        </Word>
        <Word id="region0001_line0003_word0004" custom="readingOrder {index:4;}">
          <Coords points="521,509 555,508 557,538 523,539"/>
          <TextEquiv conf="0.92459846">
            <Unicode>du</Unicode>
          </TextEquiv>
        </Word>
        <Word id="region0001_line0003_word0005" custom="readingOrder {index:5;}">
          <Coords points="622,499 583,501 585,542 704,538 702,497 673,497 642,504 626,502"/>
          <TextEquiv conf="0.9258454">
            <Unicode>koͤmmſt.</Unicode>
          </TextEquiv>
        </Word>
        <Word id="region0001_line0003_word0006" custom="readingOrder {index:6;}">
          <Coords points="817,495 743,498 745,531 835,528 834,496 820,497"/>
          <TextEquiv conf="0.92501223">
            <Unicode>Allein</Unicode>
          </TextEquiv>
        </Word>
        <Word id="region0001_line0003_word0007" custom="readingOrder {index:7;}">
          <Coords points="859,496 909,494 910,523 860,525"/>
          <TextEquiv conf="0.92430496">
            <Unicode>das</Unicode>
          </TextEquiv>
        </Word>
        <Word id="region0001_line0003_word0008" custom="readingOrder {index:8;}">
          <Coords points="931,498 990,496 991,522 932,524"/>
          <TextEquiv conf="0.9234803">
            <Unicode>war</Unicode>
          </TextEquiv>
        </Word>
        <TextEquiv conf="0.9257828">
          <Unicode>Dein Gluͤck iſt, daß du koͤmmſt. Allein das war</Unicode>
        </TextEquiv>
      </TextLine>
      <TextLine id="region0001_line0004" custom="readingOrder {index:3;}">
        <Coords points="710,540 681,547 662,542 575,548 567,554 568,578 573,583 616,581 635,588 649,583 693,580 727,581 751,585 760,581 791,585 826,583 836,579 853,579 860,574 858,553 854,550 842,550 833,543 771,543 752,540"/>
        <Word id="region0001_line0004_word0000" custom="readingOrder {index:0;}">
          <Coords points="683,576 682,549 626,551 627,582 633,584 647,579"/>
          <TextEquiv conf="0.9266557">
            <Unicode>ſein</Unicode>
          </TextEquiv>
        </Word>
        <Word id="region0001_line0004_word0001" custom="readingOrder {index:1;}">
          <Coords points="781,584 823,582 821,545 700,550 702,580 727,581 751,585 751,585 760,581"/>
          <TextEquiv conf="0.904041">
            <Unicode>Scherz,</Unicode>
          </TextEquiv>
        </Word>
        <TextEquiv conf="0.91534835">
          <Unicode>ſein Scherz,</Unicode>
        </TextEquiv>
      </TextLine>
      <TextLine id="region0001_line0005" custom="readingOrder {index:4;}">
        <Coords points="370,582 353,588 330,586 325,591 306,592 299,589 291,589 285,593 268,595 245,596 212,590 176,591 176,609 177,641 330,632 365,633 372,638 381,637 387,632 517,628 606,628 612,632 621,632 626,627 654,632 702,630 757,619 766,622 822,622 830,624 835,629 843,628 849,623 864,623 908,625 913,629 951,621 1000,617 998,575 992,573 981,573 977,576 952,574 948,578 912,581 877,581 866,574 860,575 853,580 836,580 826,584 791,586 760,582 751,586 727,582 693,581 649,584 635,589 616,582 598,585 594,582 582,583 578,587 509,588 476,582 444,580 385,587 378,581"/>
        <Word id="region0001_line0005_word0000" custom="readingOrder {index:0;}">
          <Coords points="185,600 273,597 274,631 186,634"/>
          <TextEquiv conf="0.92398286">
            <Unicode>Denn</Unicode>
          </TextEquiv>
        </Word>
        <Word id="region0001_line0005_word0001" custom="readingOrder {index:1;}">
          <Coords points="291,597 339,595 340,625 292,627"/>
          <TextEquiv conf="0.930685">
            <Unicode>das</Unicode>
          </TextEquiv>
        </Word>
        <Word id="region0001_line0005_word0002" custom="readingOrder {index:2;}">
          <Coords points="355,591 417,589 418,628 356,630"/>
          <TextEquiv conf="0.89834535">
            <Unicode>thut</Unicode>
          </TextEquiv>
        </Word>
        <Word id="region0001_line0005_word0003" custom="readingOrder {index:3;}">
          <Coords points="496,585 432,588 433,622 549,618 547,587 509,588"/>
          <TextEquiv conf="0.92057246">
            <Unicode>Damon</Unicode>
          </TextEquiv>
        </Word>
        <Word id="region0001_line0005_word0004" custom="readingOrder {index:4;}">
          <Coords points="596,583 580,584 578,587 564,587 566,621 655,618 653,583 649,584 635,589 619,583 606,583 598,585"/>
          <TextEquiv conf="0.9198883">
            <Unicode>nicht:</Unicode>
          </TextEquiv>
        </Word>
        <Word id="region0001_line0005_word0005" custom="readingOrder {index:5;}">
          <Coords points="680,581 682,617 734,615 732,582 727,582 693,581"/>
          <TextEquiv>
            <Unicode>Jch</Unicode>
          </TextEquiv>
        </Word>
        <Word id="region0001_line0005_word0006" custom="readingOrder {index:6;}">
          <Coords points="753,591 755,615 820,612 819,591 791,593 760,589"/>
          <TextEquiv conf="0.92791575">
            <Unicode>kenn</Unicode>
          </TextEquiv>
        </Word>
        <Word id="region0001_line0005_word0007" custom="readingOrder {index:7;}">
          <Coords points="833,581 835,611 888,609 886,581 877,581 866,574 860,575 853,580 836,580"/>
          <TextEquiv conf="0.92791575">
            <Unicode>ſein</Unicode>
          </TextEquiv>
        </Word>
        <Word id="region0001_line0005_word0008" custom="readingOrder {index:8;}">
          <Coords points="913,580 915,610 995,607 993,573 992,573 981,573 977,576 952,574 948,578"/>
          <TextEquiv conf="0.9111927">
            <Unicode>gutes</Unicode>
          </TextEquiv>
        </Word>
        <TextEquiv>
          <Unicode>Denn das thut Damon nicht: Jch kenn ſein gutes</Unicode>
        </TextEquiv>
      </TextLine>
      <TextLine id="region0001_line0006" custom="readingOrder {index:5;}">
        <Coords points="755,620 738,626 712,628 698,634 683,637 680,641 682,665 685,667 884,662 886,660 885,637 880,632 844,632 836,632 828,624 766,623"/>
        <Word id="region0001_line0006_word0000" custom="readingOrder {index:0;}">
          <Coords points="801,664 825,663 823,627 736,631 737,665"/>
          <TextEquiv conf="0.916263">
            <Unicode>Herz;</Unicode>
          </TextEquiv>
        </Word>
        <TextEquiv conf="0.916263">
          <Unicode>Herz;</Unicode>
        </TextEquiv>
      </TextLine>
      <TextEquiv>
        <Unicode>Gleich war ich im Begriff, ſie dir hinweg zu trei⸗&#13;
ben.&#13;
Dein Gluͤck iſt, daß du koͤmmſt. Allein das war&#13;
ſein Scherz,&#13;
Denn das thut Damon nicht: Jch kenn ſein gutes&#13;
Herz;</Unicode>
      </TextEquiv>
    </TextRegion>
    <TextRegion orientation="2.229065" type="heading" readingDirection="left-to-right" id="region0002" custom="readingOrder {index:4;} structure {type:heading;}">
      <Coords points="510,682 675,678 676,740 512,744"/>
      <TextLine id="region0002_line0001" custom="readingOrder {index:0;}">
        <Coords points="510,686 512,732 526,741 555,739 556,742 561,742 578,742 580,738 657,735 661,738 675,734 675,730 674,687 647,688 642,679 626,680 621,687 611,687 606,687 603,681 592,680 591,680 510,682"/>
        <Word id="region0002_line0001_word0000" custom="readingOrder {index:0;}">
          <Coords points="672,734 671,690 516,696 517,735 526,741 555,739 556,742 561,742 578,742 580,738 657,735 661,738"/>
          <TextEquiv conf="0.9161336">
            <Unicode>Sylvie.</Unicode>
          </TextEquiv>
        </Word>
        <TextEquiv conf="0.9161336">
          <Unicode>Sylvie.</Unicode>
        </TextEquiv>
      </TextLine>
      <TextEquiv conf="0.9161336">
        <Unicode>Sylvie.</Unicode>
      </TextEquiv>
    </TextRegion>
    <TextRegion orientation="2.229065" type="paragraph" readingDirection="left-to-right" id="region0003" custom="readingOrder {index:5;} structure {type:paragraph;}">
      <Coords points="186,759 1006,739 1008,836 188,856"/>
      <TextLine id="region0003_line0001" custom="readingOrder {index:0;}">
        <Coords points="187,811 387,804 420,805 427,811 437,810 444,804 466,804 474,811 484,811 489,804 538,802 553,806 596,801 603,808 613,808 618,801 655,806 662,802 773,791 793,801 807,797 841,796 847,798 867,796 876,801 885,801 898,793 938,791 964,791 974,799 983,798 991,791 1006,790 1007,787 1007,787 1005,743 992,744 989,740 973,741 967,744 963,741 949,741 941,747 886,751 855,750 846,745 834,748 830,745 819,746 813,753 779,754 734,754 726,749 707,754 688,750 624,753 591,751 582,757 567,756 561,752 551,752 543,756 537,752 527,753 521,758 499,757 489,752 477,753 470,758 449,759 443,753 427,754 422,759 386,760 369,755 357,755 349,762 332,762 307,761 302,759 264,763 247,758 186,760"/>
        <Word id="region0003_line0001_word0000" custom="readingOrder {index:0;}">
          <Coords points="191,769 303,765 304,803 192,807"/>
          <TextEquiv conf="0.9127221">
            <Unicode>Wenns</Unicode>
          </TextEquiv>
        </Word>
        <Word id="region0003_line0001_word0001" custom="readingOrder {index:1;}">
          <Coords points="317,767 411,763 412,797 318,801"/>
          <TextEquiv conf="0.9627472">
            <Unicode>weiter</Unicode>
          </TextEquiv>
        </Word>
        <Word id="region0003_line0001_word0002" custom="readingOrder {index:2;}">
          <Coords points="426,762 494,759 495,801 427,804"/>
          <TextEquiv conf="0.9660776">
            <Unicode>ſonſt</Unicode>
          </TextEquiv>
        </Word>
        <Word id="region0003_line0001_word0003" custom="readingOrder {index:3;}">
          <Coords points="508,760 579,757 580,794 509,797"/>
          <TextEquiv conf="0.95903975">
            <Unicode>nicht</Unicode>
          </TextEquiv>
        </Word>
        <Word id="region0003_line0001_word0004" custom="readingOrder {index:4;}">
          <Coords points="592,757 661,755 662,795 593,797"/>
          <TextEquiv>
            <Unicode>iſts;</Unicode>
          </TextEquiv>
        </Word>
        <Word id="region0003_line0001_word0006" custom="readingOrder {index:5;}">
          <Coords points="702,753 678,754 680,786 729,784 727,752 712,752 707,754"/>
          <TextEquiv conf="0.96574867">
            <Unicode>das</Unicode>
          </TextEquiv>
        </Word>
        <Word id="region0003_line0001_word0007" custom="readingOrder {index:6;}">
          <Coords points="743,757 805,755 806,788 744,790"/>
          <TextEquiv conf="0.9602873">
            <Unicode>mag</Unicode>
          </TextEquiv>
        </Word>
        <Word id="region0003_line0001_word0008" custom="readingOrder {index:7;}">
          <Coords points="830,745 821,746 823,786 858,785 856,750 855,750 846,745 844,745 834,748"/>
          <TextEquiv conf="0.96689796">
            <Unicode>ich</Unicode>
          </TextEquiv>
        </Word>
        <Word id="region0003_line0001_word0009" custom="readingOrder {index:8;}">
          <Coords points="881,750 874,751 875,785 923,784 922,750 890,750 886,751"/>
          <TextEquiv conf="0.95731264">
            <Unicode>gar</Unicode>
          </TextEquiv>
        </Word>
        <Word id="region0003_line0001_word0010" custom="readingOrder {index:9;}">
          <Coords points="929,747 931,784 1002,781 1000,743 992,744 989,740 973,741 967,744 963,741 949,741 941,747"/>
          <TextEquiv conf="0.95731264">
            <Unicode>nicht</Unicode>
          </TextEquiv>
        </Word>
        <TextEquiv>
          <Unicode>Wenns weiter ſonſt nicht iſts; 7 das mag ich gar nicht</Unicode>
        </TextEquiv>
      </TextLine>
      <TextLine id="region0003_line0002" custom="readingOrder {index:1;}">
        <Coords points="744,793 686,801 683,805 685,834 688,841 691,843 745,842 759,842 873,834 878,829 877,802 866,797 847,799 841,797 807,798 793,802 773,792"/>
        <Word id="region0003_line0002_word0000" custom="readingOrder {index:0;}">
          <Coords points="788,799 740,802 741,842 745,842 759,842 832,836 831,798 802,799 793,802"/>
          <TextEquiv conf="0.91218203">
            <Unicode>hoͤren.</Unicode>
          </TextEquiv>
        </Word>
        <TextEquiv conf="0.91218203">
          <Unicode>hoͤren.</Unicode>
        </TextEquiv>
      </TextLine>
      <TextEquiv>
        <Unicode>Wenns weiter ſonſt nicht iſts; 7 das mag ich gar nicht&#13;
hoͤren.</Unicode>
      </TextEquiv>
    </TextRegion>
    <TextRegion orientation="2.229065" type="heading" readingDirection="left-to-right" id="region0004" custom="readingOrder {index:6;} structure {type:heading;}">
      <Coords points="521,859 666,856 667,908 523,911"/>
      <TextLine id="region0004_line0001" custom="readingOrder {index:0;}">
        <Coords points="522,860 523,911 666,906 666,898 666,865 636,865 633,857 613,858 608,865 586,858"/>
        <Word id="region0004_line0001_word0000" custom="readingOrder {index:0;}">
          <Coords points="663,906 662,868 527,873 528,910"/>
          <TextEquiv conf="0.90869087">
            <Unicode>Doris.</Unicode>
          </TextEquiv>
        </Word>
        <TextEquiv conf="0.90869087">
          <Unicode>Doris.</Unicode>
        </TextEquiv>
      </TextLine>
      <TextEquiv conf="0.90869087">
        <Unicode>Doris.</Unicode>
      </TextEquiv>
    </TextRegion>
    <TextRegion orientation="2.229065" type="paragraph" readingDirection="left-to-right" id="region0005" custom="readingOrder {index:7;} structure {type:paragraph;}">
      <Coords points="192,934 1046,914 1048,1009 194,1029"/>
      <TextLine id="region0005_line0001" custom="readingOrder {index:0;}">
        <Coords points="193,982 201,985 207,980 227,978 256,983 265,976 276,978 283,974 293,973 301,979 341,975 368,977 385,974 393,976 399,970 405,969 413,976 571,969 584,973 608,969 617,972 656,971 671,974 711,967 716,970 822,966 831,968 867,964 891,965 897,962 910,961 917,968 926,965 1047,961 1047,961 1044,924 1027,921 972,921 956,916 907,917 878,923 845,919 804,920 782,926 764,927 759,923 750,923 743,928 726,928 714,922 636,924 631,929 617,932 594,930 589,926 575,927 570,931 465,934 460,929 455,928 448,928 447,928 441,934 431,935 395,934 390,930 379,931 374,935 277,939 239,933 192,935"/>
        <Word id="region0005_line0001_word0000" custom="readingOrder {index:0;}">
          <Coords points="264,976 264,939 197,942 198,982 204,981 207,980 227,978 239,980 260,979"/>
          <TextEquiv conf="0.9304401">
            <Unicode>Ja,</Unicode>
          </TextEquiv>
        </Word>
        <Word id="region0005_line0001_word0001" custom="readingOrder {index:1;}">
          <Coords points="286,945 367,942 368,969 287,972"/>
          <TextEquiv conf="0.91482127">
            <Unicode>wenn</Unicode>
          </TextEquiv>
        </Word>
        <Word id="region0005_line0001_word0002" custom="readingOrder {index:2;}">
          <Coords points="380,939 414,937 415,968 381,970"/>
          <TextEquiv conf="0.9170309">
            <Unicode>du</Unicode>
          </TextEquiv>
        </Word>
        <Word id="region0005_line0001_word0003" custom="readingOrder {index:3;}">
          <Coords points="434,936 511,933 512,965 435,968"/>
          <TextEquiv conf="0.9170309">
            <Unicode>einen</Unicode>
          </TextEquiv>
        </Word>
        <Word id="region0005_line0001_word0004" custom="readingOrder {index:4;}">
          <Coords points="529,933 593,930 594,964 530,967"/>
          <TextEquiv conf="0.92347986">
            <Unicode>auch</Unicode>
          </TextEquiv>
        </Word>
        <Word id="region0005_line0001_word0005" custom="readingOrder {index:5;}">
          <Coords points="610,931 611,967 689,964 688,925 632,927 631,929 617,932"/>
          <TextEquiv conf="0.9318796">
            <Unicode>willſt</Unicode>
          </TextEquiv>
        </Word>
        <Word id="region0005_line0001_word0006" custom="readingOrder {index:6;}">
          <Coords points="720,925 705,926 706,957 735,956 734,928 726,928"/>
          <TextEquiv conf="0.93188494">
            <Unicode>in</Unicode>
          </TextEquiv>
        </Word>
        <Word id="region0005_line0001_word0007" custom="readingOrder {index:7;}">
          <Coords points="762,925 749,926 750,955 794,954 793,925 785,925 782,926 764,927"/>
          <TextEquiv conf="0.9304184">
            <Unicode>der</Unicode>
          </TextEquiv>
        </Word>
        <Word id="region0005_line0001_word0008" custom="readingOrder {index:8;}">
          <Coords points="856,920 817,922 818,958 893,955 891,920 878,923"/>
          <TextEquiv conf="0.928276">
            <Unicode>Rede</Unicode>
          </TextEquiv>
        </Word>
        <Word id="region0005_line0001_word0009" custom="readingOrder {index:9;}">
          <Coords points="913,916 915,955 1011,951 1009,921 972,921 956,916"/>
          <TextEquiv conf="0.9206529">
            <Unicode>ſtoͤren.</Unicode>
          </TextEquiv>
        </Word>
        <TextEquiv conf="0.9245915">
          <Unicode>Ja, wenn du einen auch willſt in der Rede ſtoͤren.</Unicode>
        </TextEquiv>
      </TextLine>
      <TextLine id="region0005_line0002" custom="readingOrder {index:1;}">
        <Coords points="283,975 276,979 265,977 257,984 232,979 207,981 203,986 193,983 193,984 195,1025 248,1023 257,1024 260,1027 276,1027 285,1022 364,1020 372,1021 374,1024 392,1023 394,1020 487,1017 533,1021 661,1012 808,1010 811,1014 826,1013 829,1009 857,1010 859,1013 878,1012 880,1009 917,1011 920,1007 958,1004 971,1000 1047,998 1047,992 1046,967 1021,968 1013,963 926,966 917,969 910,962 897,963 891,966 867,965 831,969 822,967 716,971 711,968 672,975 656,972 617,973 608,970 586,974 571,970 413,977 405,970 399,971 393,977 385,975 368,978 335,977 319,980 301,980 293,974"/>
        <Word id="region0005_line0002_word0000" custom="readingOrder {index:0;}">
          <Coords points="200,987 250,985 251,1020 201,1022"/>
          <TextEquiv conf="0.96673524">
            <Unicode>So</Unicode>
          </TextEquiv>
        </Word>
        <Word id="region0005_line0002_word0001" custom="readingOrder {index:1;}">
          <Coords points="323,1021 322,980 261,982 263,1025 280,1024 285,1022"/>
          <TextEquiv>
            <Unicode>hoͤre</Unicode>
          </TextEquiv>
        </Word>
        <Word id="region0005_line0002_word0002" custom="readingOrder {index:2;}">
          <Coords points="367,1020 394,1019 392,980 335,983 335,1020 364,1020"/>
          <TextEquiv conf="0.9542436">
            <Unicode>doch</Unicode>
          </TextEquiv>
        </Word>
        <Word id="region0005_line0002_word0003" custom="readingOrder {index:3;}">
          <Coords points="407,971 401,972 403,1012 461,1010 459,974 413,977"/>
          <TextEquiv conf="0.9673919">
            <Unicode>nur</Unicode>
          </TextEquiv>
        </Word>
        <Word id="region0005_line0002_word0004" custom="readingOrder {index:4;}">
          <Coords points="475,979 526,977 528,1007 476,1009"/>
          <TextEquiv conf="0.8991481">
            <Unicode>an!</Unicode>
          </TextEquiv>
        </Word>
        <Word id="region0005_line0002_word0005" custom="readingOrder {index:5;}">
          <Coords points="581,972 552,974 554,1010 659,1006 657,972 656,972 617,973 613,971 595,972 586,974"/>
          <TextEquiv>
            <Unicode>Jndem</Unicode>
          </TextEquiv>
        </Word>
        <Word id="region0005_line0002_word0006" custom="readingOrder {index:6;}">
          <Coords points="711,968 706,968 674,974 676,1001 727,999 726,970 716,971"/>
          <TextEquiv conf="0.961238">
            <Unicode>wir</Unicode>
          </TextEquiv>
        </Word>
        <Word id="region0005_line0002_word0007" custom="readingOrder {index:7;}">
          <Coords points="742,974 800,971 801,996 742,999"/>
          <TextEquiv conf="0.960686">
            <Unicode>nun</Unicode>
          </TextEquiv>
        </Word>
        <Word id="region0005_line0002_word0008" custom="readingOrder {index:8;}">
          <Coords points="815,967 817,1002 842,1001 840,967 831,969 822,967"/>
          <TextEquiv conf="0.92124224">
            <Unicode>ſo</Unicode>
          </TextEquiv>
        </Word>
        <Word id="region0005_line0002_word0009" custom="readingOrder {index:9;}">
          <Coords points="864,965 866,1002 937,999 935,965 926,966 917,969 910,962 897,963 891,966 867,965"/>
          <TextEquiv conf="0.25072053">
            <Unicode>ſtehn</Unicode>
          </TextEquiv>
        </Word>
        <Word id="region0005_line0002_word0010" custom="readingOrder {index:10;}">
          <Coords points="965,966 976,966 977,982 966,982"/>
          <TextEquiv>
            <Unicode>⸗</Unicode>
          </TextEquiv>
        </Word>
        <Word id="region0005_line0002_word0011" custom="readingOrder {index:11;}">
          <Coords points="995,966 1010,965 1011,983 996,984"/>
          <TextEquiv>
            <Unicode>⸗</Unicode>
          </TextEquiv>
        </Word>
        <TextEquiv>
          <Unicode>So hoͤre doch nur an! Indem wir nun ſo ſtehn ⸗ ⸗</Unicode>
        </TextEquiv>
      </TextLine>
      <TextEquiv>
        <Unicode>Ja, wenn du einen auch willſt in der Rede ſtoͤren.&#13;
So hoͤre doch nur an! Indem wir nun ſo ſtehn ⸗ ⸗</Unicode>
      </TextEquiv>
    </TextRegion>
    <TextRegion orientation="2.229065" type="heading" readingDirection="left-to-right" id="TextRegion_1644582530076_1172" custom="readingOrder {index:8;}">
      <Coords points="195,1037 962,1019 963,1084 196,1084"/>
      <TextLine id="region0006_line0001" custom="readingOrder {index:0;}">
        <Coords points="483,1031 478,1038 466,1038 462,1042 463,1073 467,1075 509,1074 512,1084 520,1087 570,1085 575,1090 587,1091 594,1082 602,1080 730,1076 742,1067 741,1036 736,1031 691,1033 684,1026 671,1027 668,1033 664,1034 661,1027 641,1027 637,1035 623,1034 620,1027 615,1027"/>
        <Word id="word_1644582530128_1175" custom="readingOrder {index:0;}">
          <Coords points="529,1043 683,1037 684,1077 602,1080 594,1082 592,1084 529,1084"/>
          <TextEquiv conf="0.8171092">
            <Unicode>Sylvie.</Unicode>
          </TextEquiv>
        </Word>
        <TextEquiv conf="0.8171092">
          <Unicode>Sylvie.</Unicode>
        </TextEquiv>
      </TextLine>
      <TextEquiv>
        <Unicode>Sylvie.</Unicode>
      </TextEquiv>
    </TextRegion>
    <TextRegion orientation="2.229065" type="paragraph" readingDirection="left-to-right" id="TextRegion_1644582530076_1171" custom="readingOrder {index:9;} structure {type:paragraph;}">
      <Coords points="196,1084 963,1084 965,1135 198,1153"/>
      <TextLine id="region0006_line0002" custom="readingOrder {index:0;}">
        <Coords points="379,1076 369,1084 368,1090 360,1100 351,1101 343,1101 335,1092 324,1093 320,1101 316,1098 291,1102 243,1096 198,1096 198,1153 254,1151 286,1145 308,1145 314,1149 326,1150 326,1150 337,1144 367,1142 491,1141 495,1145 508,1145 513,1141 535,1144 628,1138 633,1142 643,1142 650,1137 704,1135 744,1136 748,1140 763,1139 768,1135 789,1134 838,1138 838,1138 844,1134 877,1133 883,1136 900,1136 908,1132 911,1136 922,1136 928,1136 932,1131 965,1129 965,1122 963,1087 947,1088 945,1081 940,1077 927,1079 922,1084 914,1084 907,1088 901,1084 891,1084 883,1090 854,1092 830,1093 822,1084 810,1084 802,1092 773,1093 769,1085 759,1081 749,1083 740,1094 669,1093 662,1088 651,1088 647,1091 574,1090 512,1096 507,1092 485,1093 478,1097 434,1099 412,1098 404,1093 391,1093 391,1078"/>
        <Word id="region0006_line0002_word0000" custom="readingOrder {index:0;}">
          <Coords points="202,1096 203,1143 263,1140 262,1098 243,1096"/>
          <TextEquiv>
            <Unicode>Jhr</Unicode>
          </TextEquiv>
        </Word>
        <Word id="region0006_line0002_word0001" custom="readingOrder {index:1;}">
          <Coords points="268,1110 269,1140 371,1136 370,1095 363,1095 363,1101 355,1111 346,1112 338,1112 330,1103 319,1104 315,1112 311,1109 286,1113"/>
          <TextEquiv conf="0.9217162">
            <Unicode>artgen</Unicode>
          </TextEquiv>
        </Word>
        <Word id="region0006_line0002_word0002" custom="readingOrder {index:2;}">
          <Coords points="391,1099 385,1100 386,1132 467,1129 466,1109 434,1111 412,1110 404,1105 391,1105"/>
          <TextEquiv conf="0.9631634">
            <Unicode>Leute</Unicode>
          </TextEquiv>
        </Word>
        <Word id="region0006_line0002_word0003" custom="readingOrder {index:3;}">
          <Coords points="480,1102 481,1131 535,1129 534,1102 508,1105 503,1101 481,1102"/>
          <TextEquiv conf="0.9656083">
            <Unicode>ihr!</Unicode>
          </TextEquiv>
        </Word>
        <Word id="region0006_line0002_word0004" custom="readingOrder {index:4;}">
          <Coords points="561,1091 563,1136 617,1134 615,1090 574,1090"/>
          <TextEquiv>
            <Unicode>Jch</Unicode>
          </TextEquiv>
        </Word>
        <Word id="region0006_line0002_word0005" custom="readingOrder {index:5;}">
          <Coords points="631,1090 634,1133 694,1131 691,1093 669,1093 662,1088 651,1088 647,1091"/>
          <TextEquiv>
            <Unicode>haͤtt</Unicode>
          </TextEquiv>
        </Word>
        <Word id="word_1644582530128_1176" custom="readingOrder {index:6;}">
          <Coords points="703,1093 740,1094 748,1084 764,1084 768,1134 706,1136"/>
          <TextEquiv conf="0.9166821">
            <Unicode>euch</Unicode>
          </TextEquiv>
        </Word>
        <Word id="word_1644582530128_1178" custom="readingOrder {index:7;}">
          <Coords points="778,1092 802,1092 810,1084 822,1084 830,1093 854,1092 872,1090 873,1129 779,1132"/>
          <TextEquiv>
            <Unicode>moͤgen</Unicode>
          </TextEquiv>
        </Word>
        <Word id="region0006_line0002_word0008" custom="readingOrder {index:8;}">
          <Coords points="887,1086 890,1133 961,1130 958,1087 947,1088 945,1081 940,1077 927,1079 922,1084 914,1084 907,1088 901,1084 891,1084"/>
          <TextEquiv>
            <Unicode>ſehn.</Unicode>
          </TextEquiv>
        </Word>
        <TextEquiv>
          <Unicode>Jhr artgen Leute ihr! Jch haͤtt euch moͤgen ſehn.</Unicode>
        </TextEquiv>
      </TextLine>
      <TextEquiv>
        <Unicode>Jhr artgen Leute ihr! Jch haͤtt euch moͤgen ſehn.</Unicode>
      </TextEquiv>
    </TextRegion>
    <TextRegion type="heading" id="region_1641986680575_331" custom="readingOrder {index:10;} structure {type:heading;}">
      <Coords points="537,1177 537,1221 695,1221 695,1177"/>
      <TextLine id="line_1641986680738_334" custom="readingOrder {index:0;}">
        <Coords points="537,1177 695,1177 695,1221 537,1221"/>
        <Word id="word_1641986686793_337" custom="readingOrder {index:0;}">
          <Coords points="544,1212 685,1212 685,1170 544,1170"/>
          <TextEquiv>
            <Unicode>Doris.</Unicode>
          </TextEquiv>
        </Word>
        <TextEquiv>
          <Unicode>Doris.</Unicode>
        </TextEquiv>
      </TextLine>
      <TextEquiv>
        <Unicode>Doris.</Unicode>
      </TextEquiv>
    </TextRegion>
    <TextRegion orientation="2.229065" type="paragraph" readingDirection="left-to-right" id="TextRegion_1644582622608_1199" custom="readingOrder {index:11;}">
      <Coords points="202,1266 1030,1246 1037,1553 869,1637 219,1653 209,1573"/>
      <TextLine id="region0008_line0001" custom="readingOrder {index:0;}">
        <Coords points="202,1268 204,1318 236,1318 242,1321 263,1317 317,1319 322,1314 362,1312 368,1317 378,1317 384,1311 403,1310 428,1311 432,1314 465,1311 471,1315 481,1315 487,1310 497,1309 503,1315 512,1315 518,1309 571,1307 634,1307 640,1312 650,1312 656,1306 744,1300 769,1306 792,1300 914,1300 924,1307 934,1306 941,1300 1031,1297 1030,1256 977,1256 971,1251 960,1251 956,1256 911,1257 906,1250 891,1250 883,1256 871,1257 866,1254 854,1258 826,1259 820,1251 814,1251 766,1253 702,1262 656,1261 649,1256 638,1256 630,1260 625,1256 617,1257 610,1263 602,1263 526,1258 521,1258 487,1262 462,1260 397,1266 385,1266 383,1262 357,1263 355,1267 338,1269 315,1268 311,1264 202,1266"/>
        <Word id="region0008_line0001_word0000" custom="readingOrder {index:0;}">
          <Coords points="211,1276 272,1273 273,1315 212,1318"/>
          <TextEquiv conf="0.86099887">
            <Unicode>Ey!</Unicode>
          </TextEquiv>
        </Word>
        <Word id="region0008_line0001_word0001" custom="readingOrder {index:1;}">
          <Coords points="295,1272 382,1269 383,1311 296,1314"/>
          <TextEquiv conf="0.9650201">
            <Unicode>ſprach</Unicode>
          </TextEquiv>
        </Word>
        <Word id="region0008_line0001_word0002" custom="readingOrder {index:2;}">
          <Coords points="399,1275 447,1273 448,1305 400,1307"/>
          <TextEquiv conf="0.94773513">
            <Unicode>er,</Unicode>
          </TextEquiv>
        </Word>
        <Word id="region0008_line0001_word0003" custom="readingOrder {index:3;}">
          <Coords points="468,1266 523,1263 525,1305 469,1308"/>
          <TextEquiv>
            <Unicode>haſt</Unicode>
          </TextEquiv>
        </Word>
        <Word id="region0008_line0001_word0004" custom="readingOrder {index:4;}">
          <Coords points="540,1267 575,1265 576,1296 541,1298"/>
          <TextEquiv conf="0.9393833">
            <Unicode>du</Unicode>
          </TextEquiv>
        </Word>
        <Word id="region0008_line0001_word0005" custom="readingOrder {index:5;}">
          <Coords points="600,1263 597,1263 598,1302 669,1299 667,1261 656,1261 655,1261 611,1262 610,1263 602,1263"/>
          <TextEquiv conf="0.9655648">
            <Unicode>nicht</Unicode>
          </TextEquiv>
        </Word>
        <Word id="region0008_line0001_word0006" custom="readingOrder {index:6;}">
          <Coords points="683,1261 684,1293 744,1291 742,1259 717,1259 702,1262"/>
          <TextEquiv conf="0.9641546">
            <Unicode>was</Unicode>
          </TextEquiv>
        </Word>
        <Word id="region0008_line0001_word0007" custom="readingOrder {index:7;}">
          <Coords points="816,1251 782,1252 766,1253 765,1253 767,1294 869,1290 867,1254 866,1254 854,1258 826,1259 820,1251"/>
          <TextEquiv>
            <Unicode>ſchoͤnes</Unicode>
          </TextEquiv>
        </Word>
        <Word id="region0008_line0001_word0008" custom="readingOrder {index:8;}">
          <Coords points="891,1250 893,1291 940,1289 938,1256 911,1257 906,1250"/>
          <TextEquiv conf="0.9670065">
            <Unicode>bey</Unicode>
          </TextEquiv>
        </Word>
        <Word id="region0008_line0001_word0009" custom="readingOrder {index:9;}">
          <Coords points="961,1251 963,1282 1022,1280 1020,1256 977,1256 971,1251"/>
          <TextEquiv conf="0.9681219">
            <Unicode>dem</Unicode>
          </TextEquiv>
        </Word>
        <TextEquiv>
          <Unicode>Ey! ſprach er, haſt du nicht was ſchoͤnes bey dem</Unicode>
        </TextEquiv>
      </TextLine>
      <TextLine id="region0008_line0002" custom="readingOrder {index:1;}">
        <Coords points="730,1301 674,1308 671,1312 674,1343 680,1348 686,1349 704,1346 747,1351 764,1344 777,1344 793,1351 806,1350 813,1346 890,1343 900,1342 905,1337 904,1309 897,1303 820,1303 816,1300 792,1301 769,1307 744,1301"/>
        <Word id="region0008_line0002_word0000" custom="readingOrder {index:0;}">
          <Coords points="856,1336 855,1300 725,1305 725,1340 749,1343 766,1336 779,1336 795,1343 808,1342 815,1338"/>
          <TextEquiv conf="0.9181366">
            <Unicode>Hauffen.</Unicode>
          </TextEquiv>
        </Word>
        <TextEquiv conf="0.9181366">
          <Unicode>Hauffen.</Unicode>
        </TextEquiv>
      </TextLine>
      <TextLine id="region0008_line0003" custom="readingOrder {index:2;}">
        <Coords points="210,1344 205,1351 205,1397 217,1402 256,1398 294,1398 301,1395 332,1399 493,1391 510,1397 534,1394 542,1398 569,1390 581,1389 588,1392 602,1389 608,1392 669,1393 684,1389 729,1387 736,1391 791,1391 814,1390 820,1386 835,1388 853,1385 860,1387 871,1386 881,1391 897,1384 929,1382 954,1384 961,1387 976,1387 980,1382 1032,1381 1032,1370 1032,1351 1032,1340 991,1338 985,1334 962,1335 956,1340 937,1342 929,1343 923,1337 911,1337 901,1346 812,1348 806,1351 793,1352 777,1345 764,1345 747,1352 704,1347 686,1350 650,1349 638,1344 626,1344 618,1349 590,1350 584,1345 576,1345 567,1351 559,1351 518,1344 474,1351 436,1348 431,1344 417,1345 407,1349 396,1349 391,1346 373,1350 353,1351 348,1347 337,1348 330,1354 283,1357 271,1352 225,1351 220,1344"/>
        <Word id="region0008_line0003_word0000" custom="readingOrder {index:0;}">
          <Coords points="221,1345 209,1346 211,1393 322,1388 320,1354 283,1357 271,1352 225,1351"/>
          <TextEquiv>
            <Unicode>Jndem</Unicode>
          </TextEquiv>
        </Word>
        <Word id="region0008_line0003_word0001" custom="readingOrder {index:1;}">
          <Coords points="350,1349 335,1350 336,1388 362,1387 361,1350 353,1351"/>
          <TextEquiv conf="0.93138504">
            <Unicode>ſo</Unicode>
          </TextEquiv>
        </Word>
        <Word id="region0008_line0003_word0002" custom="readingOrder {index:2;}">
          <Coords points="391,1346 388,1346 377,1349 378,1382 443,1380 442,1348 436,1348 432,1345 414,1345 407,1349 396,1349"/>
          <TextEquiv conf="0.9004721">
            <Unicode>lockt</Unicode>
          </TextEquiv>
        </Word>
        <Word id="region0008_line0003_word0003" custom="readingOrder {index:3;}">
          <Coords points="459,1353 488,1352 489,1378 460,1379"/>
          <TextEquiv conf="0.9302782">
            <Unicode>er</Unicode>
          </TextEquiv>
        </Word>
        <Word id="region0008_line0003_word0004" custom="readingOrder {index:4;}">
          <Coords points="506,1345 507,1383 554,1381 553,1350 518,1344"/>
          <TextEquiv conf="0.9301059">
            <Unicode>ſo;</Unicode>
          </TextEquiv>
        </Word>
        <Word id="region0008_line0003_word0005" custom="readingOrder {index:5;}">
          <Coords points="576,1345 577,1372 608,1371 607,1349 590,1350 584,1345"/>
          <TextEquiv conf="0.9249479">
            <Unicode>da</Unicode>
          </TextEquiv>
        </Word>
        <Word id="region0008_line0003_word0006" custom="readingOrder {index:6;}">
          <Coords points="623,1345 624,1372 683,1369 681,1349 650,1349 638,1344 626,1344"/>
          <TextEquiv conf="0.9301866">
            <Unicode>kam</Unicode>
          </TextEquiv>
        </Word>
        <Word id="region0008_line0003_word0007" custom="readingOrder {index:7;}">
          <Coords points="698,1347 699,1368 747,1366 746,1351 704,1347"/>
          <TextEquiv conf="0.91556776">
            <Unicode>das</Unicode>
          </TextEquiv>
        </Word>
        <Word id="region0008_line0003_word0008" custom="readingOrder {index:8;}">
          <Coords points="761,1345 763,1367 857,1364 856,1347 812,1348 806,1351 793,1352 777,1345 764,1345"/>
          <TextEquiv conf="0.9086172">
            <Unicode>Lamm</Unicode>
          </TextEquiv>
        </Word>
        <Word id="region0008_line0003_word0009" custom="readingOrder {index:9;}">
          <Coords points="876,1346 878,1369 1025,1363 1023,1339 991,1338 985,1334 962,1335 956,1340 937,1342 929,1343 923,1337 911,1337 901,1346"/>
          <TextEquiv conf="0.9086172">
            <Unicode>gelauffen.</Unicode>
          </TextEquiv>
        </Word>
        <TextEquiv>
          <Unicode>Jndem ſo lockt er ſo; da kam das Lamm gelauffen.</Unicode>
        </TextEquiv>
      </TextLine>
      <TextLine id="region0008_line0004" custom="readingOrder {index:3;}">
        <Coords points="205,1399 207,1451 268,1449 271,1445 297,1443 304,1448 313,1448 319,1441 417,1438 473,1438 487,1442 499,1438 527,1440 534,1445 543,1445 552,1439 574,1442 579,1437 588,1437 595,1443 605,1442 612,1437 632,1438 638,1442 648,1442 652,1438 683,1434 713,1433 725,1438 735,1433 785,1432 806,1429 810,1431 842,1431 850,1434 861,1430 1034,1423 1032,1382 980,1383 976,1388 961,1388 948,1384 905,1384 881,1392 871,1387 860,1388 854,1386 837,1389 821,1387 814,1391 791,1392 736,1392 730,1388 716,1389 711,1392 684,1390 669,1394 608,1393 602,1390 588,1393 581,1390 569,1391 542,1399 534,1395 510,1398 493,1392 332,1400 301,1396 294,1399 256,1399 217,1403 205,1398"/>
        <Word id="region0008_line0004_word0000" custom="readingOrder {index:0;}">
          <Coords points="215,1409 270,1406 271,1444 216,1446"/>
          <TextEquiv>
            <Unicode>Jch</Unicode>
          </TextEquiv>
        </Word>
        <Word id="region0008_line0004_word0001" custom="readingOrder {index:1;}">
          <Coords points="360,1439 360,1403 298,1405 299,1443 317,1442 319,1441"/>
          <TextEquiv conf="0.91680616">
            <Unicode>hatt</Unicode>
          </TextEquiv>
        </Word>
        <Word id="region0008_line0004_word0002" custom="readingOrder {index:2;}">
          <Coords points="384,1404 414,1403 415,1433 385,1434"/>
          <TextEquiv conf="0.91017807">
            <Unicode>es</Unicode>
          </TextEquiv>
        </Word>
        <Word id="region0008_line0004_word0003" custom="readingOrder {index:3;}">
          <Coords points="505,1396 441,1399 442,1437 512,1434 511,1397 510,1398"/>
          <TextEquiv conf="0.9036283">
            <Unicode>nicht</Unicode>
          </TextEquiv>
        </Word>
        <Word id="region0008_line0004_word0004" custom="readingOrder {index:4;}">
          <Coords points="606,1392 558,1394 542,1399 534,1395 535,1435 649,1431 648,1393 608,1393"/>
          <TextEquiv conf="0.9276426">
            <Unicode>geſehn;</Unicode>
          </TextEquiv>
        </Word>
        <Word id="region0008_line0004_word0005" custom="readingOrder {index:5;}">
          <Coords points="692,1390 684,1391 685,1428 764,1425 763,1392 736,1392 731,1389 714,1389 711,1392"/>
          <TextEquiv conf="0.9226856">
            <Unicode>daher</Unicode>
          </TextEquiv>
        </Word>
        <Word id="region0008_line0004_word0006" custom="readingOrder {index:6;}">
          <Coords points="793,1391 794,1423 876,1420 874,1388 871,1387 860,1388 854,1386 837,1389 821,1387 814,1391"/>
          <TextEquiv conf="0.92530024">
            <Unicode>michs</Unicode>
          </TextEquiv>
        </Word>
        <Word id="region0008_line0004_word0007" custom="readingOrder {index:7;}">
          <Coords points="902,1384 904,1415 1028,1410 1026,1382 980,1383 976,1388 961,1388 948,1384 905,1384"/>
          <TextEquiv conf="0.9265019">
            <Unicode>Wunder</Unicode>
          </TextEquiv>
        </Word>
        <TextEquiv>
          <Unicode>Jch hatt es nicht geſehn; daher michs Wunder</Unicode>
        </TextEquiv>
      </TextLine>
      <TextLine id="region0008_line0006" custom="readingOrder {index:4;}">
        <Coords points="796,1430 785,1433 735,1434 725,1439 716,1436 700,1438 696,1443 697,1467 710,1473 726,1475 772,1473 789,1469 797,1476 839,1470 849,1473 885,1470 900,1463 899,1444 894,1439 881,1440 866,1432 850,1435"/>
        <Word id="region0008_line0006_word0000" custom="readingOrder {index:0;}">
          <Coords points="858,1472 857,1436 755,1440 755,1473 772,1473 789,1469 796,1475 802,1475 839,1470 849,1473"/>
          <TextEquiv conf="0.8924507">
            <Unicode>nahm,</Unicode>
          </TextEquiv>
        </Word>
        <TextEquiv conf="0.8924507">
          <Unicode>nahm,</Unicode>
        </TextEquiv>
      </TextLine>
      <TextLine id="region0008_line0007" custom="readingOrder {index:5;}">
        <Coords points="207,1473 210,1519 317,1515 326,1519 342,1520 353,1516 367,1519 401,1514 406,1518 465,1516 474,1519 496,1516 501,1519 576,1516 608,1521 637,1517 642,1514 656,1516 672,1513 680,1515 738,1512 748,1516 799,1511 816,1513 821,1510 849,1509 920,1510 979,1503 1000,1496 999,1472 994,1467 930,1469 907,1468 902,1464 885,1471 849,1474 839,1471 797,1477 789,1470 772,1474 726,1476 713,1475 697,1468 692,1469 687,1475 665,1476 567,1477 556,1470 529,1468 497,1470 455,1477 448,1474 392,1476 375,1472 364,1476 358,1472 344,1473 334,1479 326,1472 296,1477 270,1471"/>
        <Word id="region0008_line0007_word0000" custom="readingOrder {index:0;}">
          <Coords points="215,1483 284,1480 285,1512 216,1515"/>
          <TextEquiv conf="0.92792183">
            <Unicode>Wie</Unicode>
          </TextEquiv>
        </Word>
        <Word id="region0008_line0007_word0001" custom="readingOrder {index:1;}">
          <Coords points="302,1481 384,1478 385,1510 303,1513"/>
          <TextEquiv conf="0.9229721">
            <Unicode>dieſes</Unicode>
          </TextEquiv>
        </Word>
        <Word id="region0008_line0007_word0002" custom="readingOrder {index:2;}">
          <Coords points="448,1474 398,1476 399,1508 485,1505 484,1473 477,1473 455,1477"/>
          <TextEquiv conf="0.9267434">
            <Unicode>kleine</Unicode>
          </TextEquiv>
        </Word>
        <Word id="region0008_line0007_word0003" custom="readingOrder {index:3;}">
          <Coords points="537,1468 500,1470 501,1507 586,1504 584,1476 567,1477 556,1470"/>
          <TextEquiv conf="0.9192989">
            <Unicode>Thier</Unicode>
          </TextEquiv>
        </Word>
        <Word id="region0008_line0007_word0004" custom="readingOrder {index:4;}">
          <Coords points="602,1476 603,1504 638,1503 637,1476"/>
          <TextEquiv conf="0.92599225">
            <Unicode>zu</Unicode>
          </TextEquiv>
        </Word>
        <Word id="region0008_line0007_word0005" custom="readingOrder {index:5;}">
          <Coords points="651,1482 653,1503 754,1499 752,1480 726,1482 713,1481 697,1474 692,1475 687,1481 665,1482"/>
          <TextEquiv conf="0.92003167">
            <Unicode>meiner</Unicode>
          </TextEquiv>
        </Word>
        <Word id="region0008_line0007_word0006" custom="readingOrder {index:6;}">
          <Coords points="769,1482 771,1505 869,1501 867,1480 849,1482 839,1479 797,1485 789,1478 772,1482"/>
          <TextEquiv conf="0.9288618">
            <Unicode>Heerde</Unicode>
          </TextEquiv>
        </Word>
        <Word id="region0008_line0007_word0007" custom="readingOrder {index:7;}">
          <Coords points="887,1477 888,1500 960,1498 959,1476 930,1477 907,1476 902,1472"/>
          <TextEquiv conf="0.9241545">
            <Unicode>kam.</Unicode>
          </TextEquiv>
        </Word>
        <TextEquiv conf="0.92449707">
          <Unicode>Wie dieſes kleine Thier zu meiner Heerde kam.</Unicode>
        </TextEquiv>
      </TextLine>
      <TextLine id="region0008_line0008" custom="readingOrder {index:6;}">
        <Coords points="229,1517 208,1519 212,1564 248,1563 252,1566 262,1566 266,1563 299,1561 306,1566 325,1562 331,1567 347,1566 354,1561 379,1560 410,1565 490,1560 518,1561 521,1565 576,1560 662,1561 925,1553 968,1554 982,1554 985,1551 1036,1548 1036,1543 1035,1506 1006,1505 1000,1499 920,1511 849,1510 821,1511 816,1514 806,1512 749,1517 738,1513 680,1516 672,1514 658,1517 642,1515 637,1518 608,1522 576,1517 501,1520 496,1517 419,1520 406,1519 401,1515 387,1519 353,1517 342,1521 326,1520 317,1516 289,1519"/>
        <Word id="region0008_line0008_word0000" custom="readingOrder {index:0;}">
          <Coords points="282,1562 280,1525 221,1527 222,1564 248,1563 249,1564 265,1564 266,1563"/>
          <TextEquiv conf="0.9471574">
            <Unicode>Ey!</Unicode>
          </TextEquiv>
        </Word>
        <Word id="region0008_line0008_word0001" custom="readingOrder {index:1;}">
          <Coords points="364,1561 362,1523 305,1525 306,1563 323,1562 325,1562 325,1562 353,1561 354,1561"/>
          <TextEquiv conf="0.9633187">
            <Unicode>ſagt</Unicode>
          </TextEquiv>
        </Word>
        <Word id="region0008_line0008_word0002" custom="readingOrder {index:2;}">
          <Coords points="412,1519 376,1521 378,1559 427,1557 425,1519 419,1520"/>
          <TextEquiv>
            <Unicode>er,</Unicode>
          </TextEquiv>
        </Word>
        <Word id="region0008_line0008_word0003" custom="readingOrder {index:3;}">
          <Coords points="498,1518 453,1520 455,1559 547,1556 545,1518 501,1520"/>
          <TextEquiv conf="0.6794654">
            <Unicode>kannſt</Unicode>
          </TextEquiv>
        </Word>
        <Word id="region0008_line0008_word0004" custom="readingOrder {index:4;}">
          <Coords points="580,1517 567,1518 569,1547 604,1546 602,1521"/>
          <TextEquiv conf="0.96280235">
            <Unicode>du</Unicode>
          </TextEquiv>
        </Word>
        <Word id="region0008_line0008_word0005" custom="readingOrder {index:5;}">
          <Coords points="623,1519 625,1551 695,1548 693,1515 680,1516 672,1514 658,1517 642,1515 637,1518"/>
          <TextEquiv conf="0.9242368">
            <Unicode>nicht</Unicode>
          </TextEquiv>
        </Word>
        <Word id="region0008_line0008_word0006" custom="readingOrder {index:6;}">
          <Coords points="718,1514 719,1542 758,1540 757,1516 749,1517 738,1513"/>
          <TextEquiv conf="0.9283116">
            <Unicode>die</Unicode>
          </TextEquiv>
        </Word>
        <Word id="region0008_line0008_word0007" custom="readingOrder {index:7;}">
          <Coords points="775,1514 777,1546 926,1540 924,1510 920,1511 849,1510 821,1511 816,1514 806,1512"/>
          <TextEquiv conf="0.77461314">
            <Unicode>Schaͤfchen</Unicode>
          </TextEquiv>
        </Word>
        <Word id="region0008_line0008_word0008" custom="readingOrder {index:8;}">
          <Coords points="943,1507 945,1539 1032,1536 1031,1505 1006,1505 1000,1499"/>
          <TextEquiv>
            <Unicode>ſchoͤne</Unicode>
          </TextEquiv>
        </Word>
        <TextEquiv>
          <Unicode>Ey! ſagt er, kannſt du nicht die Schaͤfchen ſchoͤne</Unicode>
        </TextEquiv>
      </TextLine>
      <TextLine id="region0009_line0001" custom="readingOrder {index:7;}">
        <Coords points="790,1554 786,1558 690,1560 685,1565 686,1592 696,1597 723,1599 729,1603 743,1602 754,1607 773,1600 785,1601 791,1606 806,1606 816,1598 867,1593 866,1551 864,1551"/>
        <Word id="region0009_line0001_word0000" custom="readingOrder {index:0;}">
          <Coords points="863,1593 862,1563 745,1567 746,1603 749,1604 760,1604 773,1600 785,1601 788,1603 809,1602 816,1598"/>
          <TextEquiv conf="0.88804454">
            <Unicode>putzen?</Unicode>
          </TextEquiv>
        </Word>
        <TextEquiv conf="0.88804454">
          <Unicode>putzen?</Unicode>
        </TextEquiv>
      </TextLine>
      <TextLine id="region0009_line0002" custom="readingOrder {index:8;}">
        <Coords points="224,1595 218,1597 220,1651 253,1651 314,1645 317,1650 334,1649 341,1644 387,1648 392,1644 429,1640 511,1642 513,1645 575,1641 704,1641 760,1639 769,1632 768,1611 763,1606 730,1606 723,1600 696,1598 686,1593 666,1594 661,1590 642,1594 637,1590 627,1591 621,1597 585,1598 543,1596 533,1592 520,1594 512,1588 504,1588 491,1599 460,1597 441,1589 431,1589 419,1598 402,1600 395,1597 367,1598 363,1595 335,1598 329,1592 304,1598 284,1599 249,1594"/>
        <Word id="region0009_line0002_word0000" custom="readingOrder {index:0;}">
          <Coords points="223,1605 286,1603 288,1643 225,1645"/>
          <TextEquiv conf="0.9651031">
            <Unicode>Und</Unicode>
          </TextEquiv>
        </Word>
        <Word id="region0009_line0002_word0001" custom="readingOrder {index:1;}">
          <Coords points="305,1603 389,1600 391,1642 307,1645"/>
          <TextEquiv conf="0.92093927">
            <Unicode>that,</Unicode>
          </TextEquiv>
        </Word>
        <Word id="region0009_line0002_word0002" custom="readingOrder {index:2;}">
          <Coords points="410,1599 412,1634 457,1632 455,1596 420,1598 419,1598"/>
          <TextEquiv conf="0.9317272">
            <Unicode>als</Unicode>
          </TextEquiv>
        </Word>
        <Word id="region0009_line0002_word0003" custom="readingOrder {index:3;}">
          <Coords points="536,1593 495,1595 491,1599 471,1597 473,1639 552,1636 550,1596 543,1596"/>
          <TextEquiv>
            <Unicode>wuͤßt</Unicode>
          </TextEquiv>
        </Word>
        <Word id="region0009_line0002_word0004" custom="readingOrder {index:4;}">
          <Coords points="564,1604 592,1603 593,1628 565,1629"/>
          <TextEquiv conf="0.9588862">
            <Unicode>er</Unicode>
          </TextEquiv>
        </Word>
        <Word id="region0009_line0002_word0005" custom="readingOrder {index:5;}">
          <Coords points="639,1592 625,1592 621,1597 608,1597 610,1631 709,1628 707,1598 696,1598 686,1593 666,1594 662,1591 653,1591 642,1594"/>
          <TextEquiv>
            <Unicode>nichts.</Unicode>
          </TextEquiv>
        </Word>
        <TextEquiv>
          <Unicode>Und that, als wuͤßt er nichts.</Unicode>
        </TextEquiv>
      </TextLine>
      <TextEquiv>
        <Unicode>Ey! ſprach er, haſt du nicht was ſchoͤnes bey dem&#13;
Hauffen.&#13;
Jndem ſo lockt er ſo; da kam das Lamm gelauffen.&#13;
Jch hatt es nicht geſehn; daher michs Wunder&#13;
nahm,&#13;
Wie dieſes kleine Thier zu meiner Heerde kam.&#13;
Ey! ſagt er, kannſt du nicht die Schaͤfchen ſchoͤne&#13;
putzen?&#13;
Und that, als wuͤßt er nichts.</Unicode>
      </TextEquiv>
    </TextRegion>
    <TextRegion type="signature-mark" id="region_1676360859484_286" custom="readingOrder {index:12;} structure {type:signature-mark;}">
      <Coords points="531,1675 531,1740 631,1740 631,1675"/>
      <TextLine id="line_1676360859555_289" custom="readingOrder {index:0;}">
        <Coords points="531,1675 531,1740 631,1740 631,1675"/>
        <Word id="word_1676965813037_205" custom="readingOrder {index:0;}">
          <Coords points="531,1675 589,1675 589,1740 531,1740"/>
          <TextEquiv>
            <Unicode>E</Unicode>
          </TextEquiv>
        </Word>
        <Word id="word_1676965813036_204" custom="readingOrder {index:1;}">
          <Coords points="589,1675 631,1675 631,1740 589,1740"/>
          <TextEquiv>
            <Unicode>5</Unicode>
          </TextEquiv>
        </Word>
        <TextEquiv>
          <Unicode>E 5</Unicode>
        </TextEquiv>
      </TextLine>
      <TextEquiv>
        <Unicode>E 5</Unicode>
      </TextEquiv>
    </TextRegion>
    <TextRegion type="catch-word" id="region_1676360855811_277" custom="readingOrder {index:13;} structure {type:catch-word;}">
      <Coords points="875,1661 875,1736 990,1736 990,1661"/>
      <TextLine id="line_1676360855857_280" custom="readingOrder {index:0;}">
        <Coords points="875,1661 875,1736 990,1736 990,1661"/>
        <Word id="word_1676360855903_283" custom="readingOrder {index:0;}">
          <Coords points="875,1661 990,1661 990,1736 875,1736"/>
          <TextEquiv>
            <Unicode>Syl⸗</Unicode>
          </TextEquiv>
        </Word>
        <TextEquiv>
          <Unicode>Syl⸗</Unicode>
        </TextEquiv>
      </TextLine>
      <TextEquiv>
        <Unicode>Syl⸗</Unicode>
      </TextEquiv>
    </TextRegion>
  </Page>
</PcGts>
