<PcGts xmlns="http://schema.primaresearch.org/PAGE/gts/pagecontent/2019-07-15" xmlns:xsi="http://www.w3.org/2001/XMLSchema-instance" xsi:schemaLocation="http://schema.primaresearch.org/PAGE/gts/pagecontent/2019-07-15 http://schema.primaresearch.org/PAGE/gts/pagecontent/2019-07-15/pagecontent.xsd" pcGtsId="OCR-D-GT-FULLTEXT-REPAIR-350">
  <Metadata>
    <Creator>OCR-D DFG Phase III</Creator>
    <Created>2024-01-19T13:08:17Z</Created>
    <LastChange>2024-01-19T13:08:17Z</LastChange>
    <Comments>ODEM: OCR-D extension for mass digitization (2021-2024)</Comments>
    <MetadataItem type="processingStep" name="layout/segmentation/region" value="ocrd-segment-repair">
      <Labels externalModel="ocrd-tool" externalId="parameters">
        <Label value="False" type="sanitize"/>
        <Label value="5" type="sanitize_padding"/>
        <Label value="0" type="simplify"/>
        <Label value="False" type="plausibilize"/>
        <Label value="0.9" type="plausibilize_merge_min_overlap"/>
        <Label value="0" type="spread"/>
        <Label value="region" type="spread_level"/>
      </Labels>
      <Labels externalModel="ocrd-tool" externalId="version">
        <Label value="0.1.24" type="ocrd-segment-repair"/>
        <Label value="2.65.0" type="ocrd/core"/>
      </Labels>
    </MetadataItem>
  </Metadata>
  <Page imageFilename="https://opendata.uni-halle.de/retrieve/3b7bea89-3b8f-4549-9911-d7403e301343/00000664.jpg" imageWidth="1565" imageHeight="2354" type="content" primaryLanguage="German">
    <Border>
      <Coords points="177,247 132,2275 1484,2297 1518,300"/>
    </Border>
    <ReadingOrder>
      <OrderedGroup id="ro_1671628158973" caption="Regions reading order">
        <RegionRefIndexed index="0" regionRef="region0004"/>
        <RegionRefIndexed index="1" regionRef="region0005"/>
        <RegionRefIndexed index="2" regionRef="region0006"/>
      </OrderedGroup>
    </ReadingOrder>
    <TextRegion id="region0004" custom="readingOrder {index:0;}" orientation="-0.65372497" readingDirection="left-to-right">
      <Coords points="525,433 1454,433 1454,1352 525,1352"/>
      <TextLine id="region0004_line0001" custom="readingOrder {index:0;}">
        <Coords points="980,434 974,440 953,441 881,438 870,434 830,440 799,439 787,434 610,433 589,436 525,433 526,476 607,477 619,474 631,481 651,478 656,482 704,482 709,480 727,482 743,479 751,486 762,480 779,478 803,479 812,484 833,485 905,484 919,480 933,484 952,484 962,479 971,479 979,487 989,480 1000,480 1010,484 1014,481 1062,478 1073,479 1078,485 1123,485 1133,480 1142,480 1148,485 1155,482 1195,484 1205,480 1216,483 1235,480 1242,486 1256,487 1290,485 1315,488 1328,486 1339,489 1347,485 1414,489 1419,484 1419,459 1415,456 1391,455 1390,443 1385,438 1324,438 1319,442 1293,444 1252,443 1247,439 1238,439 1234,441 1210,441 1206,438 1197,438 1193,441 1149,440 1144,435 1134,435 1129,439 1084,442 1057,439 1050,435"/>
        <Baseline points="525,468 1419,480"/>
        <Word id="region0004_line0001_word0000" custom="readingOrder {index:0;} textStyle {offset:0; length:5;italic:true; fontSize:0.0; kerning:0;}">
          <Coords points="535,441 618,441 618,474 535,474"/>
          <TextEquiv conf="0.9200426">
            <Unicode>Phoc.</Unicode>
          </TextEquiv>
        </Word>
        <Word id="region0004_line0001_word0001" custom="readingOrder {index:1;}">
          <Coords points="641,442 709,442 709,477 641,477"/>
          <TextEquiv conf="0.9303885">
            <Unicode>Wer</Unicode>
          </TextEquiv>
        </Word>
        <Word id="region0004_line0001_word0002" custom="readingOrder {index:2;}">
          <Coords points="766,441 720,441 719,481 727,482 743,479 747,483 756,483 762,480 765,479"/>
          <TextEquiv conf="0.9248172">
            <Unicode>biſt</Unicode>
          </TextEquiv>
        </Word>
        <Word id="region0004_line0001_word0003" custom="readingOrder {index:3;}">
          <Coords points="780,444 816,445 816,477 780,476"/>
          <TextEquiv conf="0.9299167">
            <Unicode>du</Unicode>
          </TextEquiv>
        </Word>
        <Word id="region0004_line0001_word0004" custom="readingOrder {index:4;}">
          <Coords points="830,444 905,445 905,479 830,478"/>
          <TextEquiv conf="0.92028093">
            <Unicode>toller</Unicode>
          </TextEquiv>
        </Word>
        <Word id="region0004_line0001_word0005" custom="readingOrder {index:5;}">
          <Coords points="1028,444 915,443 914,481 919,480 933,484 952,484 962,479 971,479 977,485 981,485 989,480 1000,480 1010,484 1014,481 1027,480"/>
          <TextEquiv conf="0.926273">
            <Unicode>menſch,</Unicode>
          </TextEquiv>
        </Word>
        <Word id="region0004_line0001_word0006" custom="readingOrder {index:6;}">
          <Coords points="1086,480 1086,447 1041,446 1041,479 1045,479 1062,478 1073,479 1074,480"/>
          <TextEquiv conf="0.9303284">
            <Unicode>der</Unicode>
          </TextEquiv>
        </Word>
        <Word id="region0004_line0001_word0007" custom="readingOrder {index:7;}">
          <Coords points="1167,441 1111,440 1097,441 1097,485 1123,485 1133,480 1142,480 1148,485 1155,482 1166,482"/>
          <TextEquiv conf="0.92591834">
            <Unicode>andre</Unicode>
          </TextEquiv>
        </Word>
        <Word id="region0004_line0001_word0008" custom="readingOrder {index:8;}">
          <Coords points="1276,482 1277,451 1193,450 1192,481 1202,481 1205,480 1209,481 1226,481 1235,480 1236,481"/>
          <TextEquiv conf="0.92676663">
            <Unicode>treten</Unicode>
          </TextEquiv>
        </Word>
        <Word id="region0004_line0001_word0009" custom="readingOrder {index:9;}">
          <Coords points="1362,449 1296,448 1295,485 1345,485 1347,485 1361,485"/>
          <TextEquiv conf="0.374604">
            <Unicode>will,</Unicode>
          </TextEquiv>
        </Word>
        <TextEquiv>
          <Unicode>Phoc. Wer biſt du toller menſch, der andre treten will,</Unicode>
        </TextEquiv>
      </TextLine>
      <TextLine id="region0004_line0002" custom="readingOrder {index:1;}">
        <Coords points="1062,479 1014,482 1010,485 1000,481 989,481 979,488 971,480 962,480 952,485 933,485 919,481 905,485 833,486 812,485 803,480 779,479 762,481 751,487 743,480 727,483 709,481 704,483 656,483 651,479 631,482 619,475 607,478 525,477 525,520 603,524 609,529 617,529 634,521 640,521 645,526 655,522 700,520 729,523 735,528 743,524 772,528 782,520 791,520 796,529 802,531 812,526 844,524 850,520 862,521 867,525 873,522 891,523 918,531 946,523 954,523 957,527 966,529 972,527 1008,527 1018,531 1036,523 1051,523 1056,527 1089,529 1103,533 1110,525 1122,526 1132,532 1142,528 1213,528 1221,523 1258,524 1281,529 1302,527 1341,532 1363,528 1377,532 1398,530 1409,518 1409,491 1405,488 1347,486 1339,490 1328,487 1315,489 1290,486 1256,488 1242,487 1234,481 1220,484 1204,481 1195,485 1170,486 1155,483 1148,486 1142,481 1133,481 1123,486 1078,486 1073,480"/>
        <Baseline points="525,512 1408,519"/>
        <Word id="region0004_line0002_word0000" custom="readingOrder {index:0;}">
          <Coords points="600,521 600,487 535,487 535,520 544,521"/>
          <TextEquiv conf="0.9276962">
            <Unicode>Und</Unicode>
          </TextEquiv>
        </Word>
        <Word id="region0004_line0002_word0001" custom="readingOrder {index:1;}">
          <Coords points="656,484 610,483 610,527 620,527 634,521 640,521 645,526 655,522 656,521"/>
          <TextEquiv conf="0.9065407">
            <Unicode>ſich</Unicode>
          </TextEquiv>
        </Word>
        <Word id="region0004_line0002_word0002" custom="readingOrder {index:2;}">
          <Coords points="668,488 720,489 720,520 668,519"/>
          <TextEquiv conf="0.9138085">
            <Unicode>aus</Unicode>
          </TextEquiv>
        </Word>
        <Word id="region0004_line0002_word0003" custom="readingOrder {index:3;}">
          <Coords points="732,486 732,526 733,526 739,526 743,524 759,526 774,526 782,520 791,520 795,527 811,527 812,526 844,524 850,520 857,521 857,487 753,486 751,487 750,486"/>
          <TextEquiv conf="0.8864289">
            <Unicode>falſchem</Unicode>
          </TextEquiv>
        </Word>
        <Word id="region0004_line0002_word0004" custom="readingOrder {index:4;}">
          <Coords points="949,490 866,489 866,524 867,525 873,522 891,523 909,528 925,528 946,523 949,523"/>
          <TextEquiv conf="0.9256518">
            <Unicode>wahn</Unicode>
          </TextEquiv>
        </Word>
        <Word id="region0004_line0002_word0005" custom="readingOrder {index:5;}">
          <Coords points="1033,489 959,488 959,527 966,529 972,527 1008,527 1017,531 1018,531 1033,524"/>
          <TextEquiv conf="0.9250331">
            <Unicode>ſelbſt</Unicode>
          </TextEquiv>
        </Word>
        <Word id="region0004_line0002_word0006" custom="readingOrder {index:6;}">
          <Coords points="1119,487 1042,486 1042,523 1051,523 1056,527 1089,529 1103,533 1110,525 1119,525"/>
          <TextEquiv conf="0.85509336">
            <Unicode>kuͤrtzt</Unicode>
          </TextEquiv>
        </Word>
        <Word id="region0004_line0002_word0007" custom="readingOrder {index:7;}">
          <Coords points="1182,492 1129,491 1129,530 1132,532 1142,528 1182,528"/>
          <TextEquiv conf="0.92501223">
            <Unicode>ſein</Unicode>
          </TextEquiv>
        </Word>
        <Word id="region0004_line0002_word0008" custom="readingOrder {index:8;}">
          <Coords points="1365,493 1202,491 1202,528 1213,528 1221,523 1258,524 1281,529 1302,527 1341,532 1363,528 1365,528"/>
          <TextEquiv>
            <Unicode>lebens⸗ziel.</Unicode>
          </TextEquiv>
        </Word>
        <TextEquiv>
          <Unicode>Und ſich aus falſchem wahn ſelbſt kuͤrtzt ſein lebens⸗ziel.</Unicode>
        </TextEquiv>
      </TextLine>
      <TextLine id="region0004_line0003" custom="readingOrder {index:2;}">
        <Coords points="1221,524 1213,529 1142,529 1132,533 1122,527 1110,526 1103,534 1089,530 1056,528 1051,524 1036,524 1018,532 1008,528 972,528 966,530 957,528 954,524 946,524 918,532 891,524 873,523 867,526 862,522 850,521 844,525 834,524 802,532 796,530 791,521 782,521 772,529 753,528 748,525 735,529 729,524 700,521 655,523 645,527 640,522 634,522 617,530 575,523 525,521 526,562 580,563 613,568 634,569 641,565 655,565 659,570 706,570 713,566 726,566 731,570 808,570 823,573 849,567 931,570 941,566 973,566 977,570 1019,570 1038,566 1044,569 1053,566 1066,570 1088,569 1107,575 1116,571 1138,571 1145,568 1169,572 1185,567 1218,574 1253,568 1299,575 1352,576 1361,571 1369,574 1425,575 1441,574 1454,569 1454,535 1451,533 1374,533 1370,530 1356,529 1341,533 1302,528 1281,530 1258,525"/>
        <Baseline points="525,554 1454,563"/>
        <Word id="region0004_line0003_word0000" custom="readingOrder {index:0;} textStyle {offset:0; length:7;italic:true; fontSize:0.0; kerning:0;}">
          <Coords points="536,529 536,561 650,562 650,530 618,530 617,530 615,530"/>
          <TextEquiv conf="0.15711251">
            <Unicode>Heracl.</Unicode>
          </TextEquiv>
        </Word>
        <Word id="region0004_line0003_word0001" custom="readingOrder {index:1;}">
          <Coords points="674,529 764,530 763,566 674,565"/>
          <TextEquiv conf="0.91472304">
            <Unicode>Mein</Unicode>
          </TextEquiv>
        </Word>
        <Word id="region0004_line0003_word0002" custom="readingOrder {index:2;}">
          <Coords points="776,526 775,570 808,570 811,570 831,571 849,567 888,568 889,528 822,526 802,532 796,530 793,526"/>
          <TextEquiv conf="0.6982758">
            <Unicode>uͤngluͤck</Unicode>
          </TextEquiv>
        </Word>
        <Word id="region0004_line0003_word0003" custom="readingOrder {index:3;}">
          <Coords points="976,568 977,533 898,532 897,567 937,567 941,566 973,566 974,567"/>
          <TextEquiv conf="0.9113961">
            <Unicode>wolte</Unicode>
          </TextEquiv>
        </Word>
        <Word id="region0004_line0003_word0004" custom="readingOrder {index:4;}">
          <Coords points="986,532 985,570 1019,570 1038,566 1044,569 1053,566 1055,566 1056,532 1018,532"/>
          <TextEquiv conf="0.92186666">
            <Unicode>mich</Unicode>
          </TextEquiv>
        </Word>
        <Word id="region0004_line0003_word0005" custom="readingOrder {index:5;}">
          <Coords points="1067,543 1095,543 1094,568 1066,568"/>
          <TextEquiv conf="0.92619085">
            <Unicode>in</Unicode>
          </TextEquiv>
        </Word>
        <Word id="region0004_line0003_word0006" custom="readingOrder {index:6;}">
          <Coords points="1207,534 1105,533 1104,574 1107,575 1116,571 1138,571 1145,568 1169,572 1185,567 1206,571"/>
          <TextEquiv conf="0.93036646">
            <Unicode>freyem</Unicode>
          </TextEquiv>
        </Word>
        <Word id="region0004_line0003_word0007" custom="readingOrder {index:7;}">
          <Coords points="1288,536 1221,535 1220,573 1253,568 1287,573"/>
          <TextEquiv conf="0.9254606">
            <Unicode>felde</Unicode>
          </TextEquiv>
        </Word>
        <Word id="region0004_line0003_word0008" custom="readingOrder {index:8;}">
          <Coords points="1405,538 1299,537 1298,575 1299,575 1352,576 1361,571 1369,574 1404,575"/>
          <TextEquiv conf="0.9310998">
            <Unicode>ſtrafen.</Unicode>
          </TextEquiv>
        </Word>
        <TextEquiv>
          <Unicode>Heracl. Mein uͤngluͤck wolte mich in freyem felde ſtrafen.</Unicode>
        </TextEquiv>
      </TextLine>
      <TextLine id="region0004_line0004" custom="readingOrder {index:3;}">
        <Coords points="1185,568 1169,573 1145,569 1138,572 1116,572 1107,576 1088,570 1066,571 1053,567 1044,570 1038,567 1019,571 977,571 973,567 940,567 931,571 849,568 823,574 808,571 731,571 726,567 713,567 706,571 659,571 654,566 640,566 634,570 613,569 580,564 526,563 525,614 634,613 641,620 649,620 656,613 672,613 682,620 692,620 698,614 718,620 725,614 730,614 736,621 745,621 756,613 897,613 944,618 951,614 961,617 998,614 1013,608 1033,609 1040,614 1135,616 1143,622 1156,623 1161,619 1190,623 1196,618 1203,617 1260,615 1333,618 1346,620 1352,626 1363,626 1369,621 1454,621 1453,576 1369,575 1361,572 1352,577 1299,576 1252,569 1218,575"/>
        <Baseline points="525,603 993,602 1454,611"/>
        <Word id="region0004_line0004_word0000" custom="readingOrder {index:0;}">
          <Coords points="537,573 629,574 629,611 537,610"/>
          <TextEquiv conf="0.8755002">
            <Unicode>Mein</Unicode>
          </TextEquiv>
        </Word>
        <Word id="region0004_line0004_word0001" custom="readingOrder {index:1;}">
          <Coords points="773,572 639,571 639,614 655,614 656,613 672,613 674,614 698,614 698,614 700,614 724,615 725,614 730,614 731,615 753,615 756,613 773,613"/>
          <TextEquiv conf="0.37853873">
            <Unicode>frey⸗ſeyn</Unicode>
          </TextEquiv>
        </Word>
        <Word id="region0004_line0004_word0002" custom="readingOrder {index:2;}">
          <Coords points="790,576 868,577 868,608 790,607"/>
          <TextEquiv conf="0.92308587">
            <Unicode>ward</Unicode>
          </TextEquiv>
        </Word>
        <Word id="region0004_line0004_word0003" custom="readingOrder {index:3;}">
          <Coords points="1063,577 887,575 887,613 897,613 944,618 951,614 961,617 998,614 1013,608 1033,609 1040,614 1063,614"/>
          <TextEquiv conf="0.920376">
            <Unicode>umſchrenckt</Unicode>
          </TextEquiv>
        </Word>
        <Word id="region0004_line0004_word0004" custom="readingOrder {index:4;}">
          <Coords points="1162,579 1080,578 1080,614 1135,616 1139,619 1159,619 1161,619 1162,619"/>
          <TextEquiv conf="0.92931443">
            <Unicode>durch</Unicode>
          </TextEquiv>
        </Word>
        <Word id="region0004_line0004_word0005" custom="readingOrder {index:5;}">
          <Coords points="1283,579 1181,578 1181,620 1193,620 1196,618 1203,617 1260,615 1283,615"/>
          <TextEquiv conf="0.5768377">
            <Unicode>fremde</Unicode>
          </TextEquiv>
        </Word>
        <Word id="region0004_line0004_word0006" custom="readingOrder {index:6;}">
          <Coords points="1384,582 1294,581 1294,616 1333,618 1346,620 1348,622 1366,622 1369,621 1384,621"/>
          <TextEquiv conf="0.9293846">
            <Unicode>macht</Unicode>
          </TextEquiv>
        </Word>
        <Word id="region0004_line0004_word0007" custom="readingOrder {index:7;}">
          <Coords points="1402,583 1450,584 1450,617 1402,616"/>
          <TextEquiv conf="0.9316728">
            <Unicode>der</Unicode>
          </TextEquiv>
        </Word>
        <TextEquiv>
          <Unicode>Mein frey⸗ſeyn ward umſchrenckt durch fremde macht der</Unicode>
        </TextEquiv>
      </TextLine>
      <TextLine id="region0004_line0005" custom="readingOrder {index:4;}">
        <Coords points="1013,609 998,615 961,618 954,615 944,619 931,616 912,617 907,622 907,649 916,655 940,655 947,652 962,654 970,651 988,656 1004,653 1011,660 1014,657 1026,659 1052,654 1074,657 1117,654 1122,650 1122,622 1117,617 1040,615 1033,610"/>
        <Baseline points="907,643 1122,645"/>
        <Word id="region0004_line0005_word0000" custom="readingOrder {index:0;}">
          <Coords points="1071,620 961,618 960,653 962,654 970,651 988,656 1004,653 1011,660 1014,657 1026,659 1052,654 1070,656"/>
          <TextEquiv conf="0.92288256">
            <Unicode>waffen.</Unicode>
          </TextEquiv>
        </Word>
        <TextEquiv>
          <Unicode>waffen.</Unicode>
        </TextEquiv>
      </TextLine>
      <TextLine id="region0004_line0006" custom="readingOrder {index:5;}">
        <Coords points="1233,649 1219,660 1190,662 1170,661 1144,652 1074,658 1051,655 1026,660 1014,658 1011,661 1004,654 988,657 975,653 961,655 947,653 940,656 839,654 810,653 803,647 793,646 787,651 782,647 772,647 767,651 732,654 725,645 713,645 706,652 681,649 671,653 648,655 620,654 616,649 606,649 600,653 577,649 526,648 525,697 570,696 609,701 622,695 639,693 692,695 704,691 714,701 718,701 725,697 741,700 752,693 764,695 771,691 786,691 790,694 829,692 835,699 865,693 883,696 895,701 907,694 925,697 966,694 973,702 983,699 1057,699 1065,696 1079,696 1093,701 1100,698 1122,697 1202,701 1208,697 1222,697 1228,705 1235,707 1245,702 1258,702 1269,698 1281,702 1347,701 1360,690 1360,662 1355,657 1299,656 1294,652 1285,652 1277,657 1271,657 1267,653 1256,653 1252,656 1246,650"/>
        <Baseline points="525,689 778,683 1360,690"/>
        <Word id="region0004_line0006_word0000" custom="readingOrder {index:0;}">
          <Coords points="635,657 537,656 537,695 620,695 622,695 635,693"/>
          <TextEquiv conf="0.9259783">
            <Unicode>Kurtz:</Unicode>
          </TextEquiv>
        </Word>
        <Word id="region0004_line0006_word0001" custom="readingOrder {index:1;}">
          <Coords points="659,657 689,657 689,689 659,689"/>
          <TextEquiv conf="0.9311423">
            <Unicode>es</Unicode>
          </TextEquiv>
        </Word>
        <Word id="region0004_line0006_word0002" custom="readingOrder {index:2;}">
          <Coords points="710,654 710,697 725,697 745,697 751,693 751,654 732,654"/>
          <TextEquiv conf="0.93206346">
            <Unicode>ſey</Unicode>
          </TextEquiv>
        </Word>
        <Word id="region0004_line0006_word0003" custom="readingOrder {index:3;}">
          <Coords points="773,655 816,656 816,688 773,687"/>
          <TextEquiv conf="0.9217755">
            <Unicode>dir</Unicode>
          </TextEquiv>
        </Word>
        <Word id="region0004_line0006_word0004" custom="readingOrder {index:4;}">
          <Coords points="922,663 833,662 833,696 849,696 865,693 883,696 884,696 902,696 907,694 922,696"/>
          <TextEquiv conf="0.89612305">
            <Unicode>gnug:</Unicode>
          </TextEquiv>
        </Word>
        <Word id="region0004_line0006_word0005" custom="readingOrder {index:5;}">
          <Coords points="984,698 984,658 944,657 944,695 966,694 969,697"/>
          <TextEquiv conf="0.92450064">
            <Unicode>ich</Unicode>
          </TextEquiv>
        </Word>
        <Word id="region0004_line0006_word0006" custom="readingOrder {index:6;}">
          <Coords points="995,658 995,693 1040,693 1040,658 1036,658 1026,660 1014,658 1011,661 1008,658"/>
          <TextEquiv conf="0.92450064">
            <Unicode>bin</Unicode>
          </TextEquiv>
        </Word>
        <Word id="region0004_line0006_word0007" custom="readingOrder {index:7;}">
          <Coords points="1051,661 1101,662 1101,695 1051,694"/>
          <TextEquiv conf="0.9257671">
            <Unicode>des</Unicode>
          </TextEquiv>
        </Word>
        <Word id="region0004_line0006_word0008" custom="readingOrder {index:8;}">
          <Coords points="1141,652 1119,654 1119,697 1122,697 1202,701 1206,698 1206,660 1190,662 1170,661 1144,652"/>
          <TextEquiv>
            <Unicode>Phocas</Unicode>
          </TextEquiv>
        </Word>
        <Word id="region0004_line0006_word0009" custom="readingOrder {index:9;}">
          <Coords points="1312,660 1222,659 1222,697 1225,701 1259,701 1269,698 1279,701 1294,701 1312,701"/>
          <TextEquiv conf="0.91529405">
            <Unicode>feind.</Unicode>
          </TextEquiv>
        </Word>
        <TextEquiv>
          <Unicode>Kurtz: es ſey dir gnug: ich bin des Phocas feind.</Unicode>
        </TextEquiv>
      </TextLine>
      <TextLine id="region0004_line0007" custom="readingOrder {index:6;}">
        <Coords points="771,692 764,696 752,694 741,701 725,698 718,702 714,702 704,692 692,696 639,694 622,696 609,702 570,697 525,698 525,742 587,741 617,745 701,746 706,742 755,740 763,741 769,746 780,746 786,741 862,741 890,744 898,751 905,751 912,744 967,743 977,737 986,737 996,744 1047,743 1054,740 1061,746 1084,744 1093,746 1099,754 1107,754 1116,747 1150,747 1196,747 1202,754 1212,754 1219,747 1242,747 1297,748 1302,751 1329,748 1347,748 1353,752 1368,752 1373,748 1453,750 1453,705 1281,703 1269,699 1233,707 1228,706 1222,698 1208,698 1200,703 1166,702 1155,699 1100,699 1093,702 1079,697 1065,697 1057,700 983,700 974,703 966,695 952,698 936,696 930,699 907,695 895,702 883,697 865,694 835,700 829,693 811,696"/>
        <Baseline points="525,732 1453,740"/>
        <Word id="region0004_line0007_word0000" custom="readingOrder {index:0;} textStyle {offset:0; length:5;italic:true; fontSize:0.0; kerning:0;}">
          <Coords points="537,704 616,704 616,737 537,737"/>
          <TextEquiv conf="0.9261438">
            <Unicode>Phoc.</Unicode>
          </TextEquiv>
        </Word>
        <Word id="region0004_line0007_word0001" custom="readingOrder {index:1;}">
          <Coords points="710,703 637,702 636,743 703,743 706,742 709,741"/>
          <TextEquiv>
            <Unicode>Daß</Unicode>
          </TextEquiv>
        </Word>
        <Word id="region0004_line0007_word0002" custom="readingOrder {index:2;}">
          <Coords points="799,704 729,703 728,741 755,740 763,741 767,744 781,744 786,741 798,741"/>
          <TextEquiv conf="0.9309806">
            <Unicode>nicht</Unicode>
          </TextEquiv>
        </Word>
        <Word id="region0004_line0007_word0003" custom="readingOrder {index:3;}">
          <Coords points="818,704 881,704 881,740 818,740"/>
          <TextEquiv conf="0.92400634">
            <Unicode>bald</Unicode>
          </TextEquiv>
        </Word>
        <Word id="region0004_line0007_word0004" custom="readingOrder {index:4;}">
          <Coords points="969,706 899,706 898,749 907,749 912,744 967,743 968,742"/>
          <TextEquiv conf="0.9322635">
            <Unicode>ſtrick</Unicode>
          </TextEquiv>
        </Word>
        <Word id="region0004_line0007_word0005" custom="readingOrder {index:5;}">
          <Coords points="1039,742 1039,711 985,711 985,737 986,737 993,742"/>
          <TextEquiv conf="0.92867297">
            <Unicode>und</Unicode>
          </TextEquiv>
        </Word>
        <Word id="region0004_line0007_word0006" custom="readingOrder {index:6;}">
          <Coords points="1128,706 1060,706 1059,744 1061,746 1084,744 1093,746 1096,751 1110,751 1116,747 1127,747"/>
          <TextEquiv conf="0.9302729">
            <Unicode>ſtahl</Unicode>
          </TextEquiv>
        </Word>
        <Word id="region0004_line0007_word0007" custom="readingOrder {index:7;}">
          <Coords points="1147,711 1188,711 1187,744 1146,744"/>
          <TextEquiv conf="0.93047386">
            <Unicode>die</Unicode>
          </TextEquiv>
        </Word>
        <Word id="region0004_line0007_word0008" custom="readingOrder {index:8;}">
          <Coords points="1287,709 1206,708 1205,751 1214,751 1219,747 1242,747 1286,747"/>
          <TextEquiv conf="0.91974866">
            <Unicode>ſrevle</Unicode>
          </TextEquiv>
        </Word>
        <Word id="region0004_line0007_word0009" custom="readingOrder {index:9;}">
          <Coords points="1369,749 1370,715 1303,714 1302,748 1325,748 1329,748 1347,748 1348,748"/>
          <TextEquiv conf="0.9283382">
            <Unicode>zung</Unicode>
          </TextEquiv>
        </Word>
        <Word id="region0004_line0007_word0010" custom="readingOrder {index:10;}">
          <Coords points="1387,717 1446,718 1445,747 1386,746"/>
          <TextEquiv conf="0.5494947">
            <Unicode>um⸗</Unicode>
          </TextEquiv>
        </Word>
        <TextEquiv>
          <Unicode>Phoc. Daß nicht bald ſtrick und ſtahl die ſrevle zung um⸗</Unicode>
        </TextEquiv>
      </TextLine>
      <TextLine id="region0004_line0008" custom="readingOrder {index:7;}">
        <Coords points="977,738 967,744 910,748 903,754 904,782 912,785 955,783 963,787 970,782 977,781 993,782 997,785 1010,782 1028,787 1058,787 1075,784 1077,776 1091,776 1096,771 1096,752 1091,746 1061,747 1056,741 1047,744 993,745 986,738"/>
        <Baseline points="904,775 1047,775 1096,766"/>
        <Word id="region0004_line0008_word0000" custom="readingOrder {index:0;}">
          <Coords points="970,742 967,744 959,745 959,785 963,787 970,782 977,781 993,782 997,785 1010,782 1028,787 1058,787 1060,787 1060,746 1058,744 1048,744 1047,744 993,745 991,743"/>
          <TextEquiv conf="0.922318">
            <Unicode>zaͤunt!</Unicode>
          </TextEquiv>
        </Word>
        <TextEquiv>
          <Unicode>zaͤunt!</Unicode>
        </TextEquiv>
      </TextLine>
      <TextLine id="region0004_line0009" custom="readingOrder {index:8;}">
        <Coords points="1144,776 1137,782 1118,782 1112,788 1068,785 1028,788 1010,783 997,786 993,783 977,782 970,783 964,788 955,784 845,784 839,783 828,774 820,774 811,782 761,781 755,775 736,779 729,773 711,774 706,778 677,781 668,772 650,774 645,779 635,779 629,774 612,774 607,778 525,775 526,824 583,825 589,821 601,822 609,819 631,821 637,824 688,820 694,823 783,824 817,828 840,824 876,827 893,825 897,829 953,825 976,832 985,826 1056,830 1106,829 1119,830 1126,834 1136,828 1153,830 1157,826 1166,826 1172,831 1188,831 1198,827 1238,831 1256,828 1266,822 1266,795 1261,790 1165,790 1161,778"/>
        <Baseline points="525,816 1266,818"/>
        <Word id="region0004_line0009_word0000" custom="readingOrder {index:0;}">
          <Coords points="537,786 606,786 606,820 537,820"/>
          <TextEquiv conf="0.927346">
            <Unicode>Wir</Unicode>
          </TextEquiv>
        </Word>
        <Word id="region0004_line0009_word0001" custom="readingOrder {index:1;}">
          <Coords points="703,821 703,782 616,781 616,819 620,820 678,820 688,820 689,820"/>
          <TextEquiv>
            <Unicode>haben</Unicode>
          </TextEquiv>
        </Word>
        <Word id="region0004_line0009_word0002" custom="readingOrder {index:2;}">
          <Coords points="714,783 804,784 804,819 714,818"/>
          <TextEquiv conf="0.92759347">
            <Unicode>keinen</Unicode>
          </TextEquiv>
        </Word>
        <Word id="region0004_line0009_word0003" custom="readingOrder {index:3;}">
          <Coords points="816,783 816,821 842,821 842,783 839,783"/>
          <TextEquiv conf="0.9273158">
            <Unicode>ſo</Unicode>
          </TextEquiv>
        </Word>
        <Word id="region0004_line0009_word0004" custom="readingOrder {index:4;}">
          <Coords points="937,784 851,784 851,824 866,826 881,826 893,825 894,826 926,826 953,825 960,827 982,827 985,826 1019,827 1023,828 1023,786 1016,784 1002,784 997,786 995,784 968,784 964,788 955,784"/>
          <TextEquiv conf="0.92381316">
            <Unicode>verzweiffelt</Unicode>
          </TextEquiv>
        </Word>
        <Word id="region0004_line0009_word0005" custom="readingOrder {index:5;}">
          <Coords points="1032,790 1112,791 1112,823 1032,822"/>
          <TextEquiv conf="0.92516017">
            <Unicode>reden</Unicode>
          </TextEquiv>
        </Word>
        <Word id="region0004_line0009_word0006" custom="readingOrder {index:6;}">
          <Coords points="1121,783 1121,829 1134,829 1136,828 1146,829 1153,829 1157,826 1166,826 1170,829 1191,829 1198,827 1214,828 1214,790 1165,790 1162,783"/>
          <TextEquiv conf="0.92516017">
            <Unicode>hoͤren.</Unicode>
          </TextEquiv>
        </Word>
        <TextEquiv>
          <Unicode>Wir haben keinen ſo verzweiffelt reden hoͤren.</Unicode>
        </TextEquiv>
      </TextLine>
      <TextLine id="region0004_line0010" custom="readingOrder {index:9;}">
        <Coords points="1267,825 1254,829 1251,833 1212,832 1204,828 1171,832 1166,827 1157,827 1153,831 1136,829 1126,835 1118,831 1106,830 1056,831 1013,830 1007,827 985,827 976,833 953,826 942,826 937,829 911,827 905,830 896,830 893,826 881,828 840,825 817,829 694,824 688,821 637,825 631,822 609,820 601,823 589,822 583,826 526,825 525,863 569,865 583,869 602,866 614,869 630,866 673,865 680,861 690,861 698,865 709,863 721,868 843,870 1034,872 1065,869 1081,873 1106,872 1115,875 1123,872 1136,875 1158,873 1178,879 1213,871 1219,875 1261,874 1269,878 1322,879 1333,886 1341,884 1344,880 1395,880 1400,875 1400,850 1395,845 1374,845 1370,838 1359,835 1283,833 1277,825"/>
        <Baseline points="525,854 1400,871"/>
        <Word id="region0004_line0010_word0000" custom="readingOrder {index:0;}">
          <Coords points="722,828 536,826 535,863 569,865 583,869 602,866 614,869 630,866 673,865 680,861 690,861 698,865 709,863 721,868 721,868"/>
          <TextEquiv conf="0.90273154">
            <Unicode>Geſchwinde,</Unicode>
          </TextEquiv>
        </Word>
        <Word id="region0004_line0010_word0001" custom="readingOrder {index:1;}">
          <Coords points="731,836 786,836 786,862 731,862"/>
          <TextEquiv conf="0.9234265">
            <Unicode>wer</Unicode>
          </TextEquiv>
        </Word>
        <Word id="region0004_line0010_word0002" custom="readingOrder {index:2;}">
          <Coords points="797,834 850,834 850,864 797,864"/>
          <TextEquiv conf="0.73758584">
            <Unicode>uns</Unicode>
          </TextEquiv>
        </Word>
        <Word id="region0004_line0010_word0003" custom="readingOrder {index:3;}">
          <Coords points="858,833 911,834 911,865 858,864"/>
          <TextEquiv conf="0.9257185">
            <Unicode>will</Unicode>
          </TextEquiv>
        </Word>
        <Word id="region0004_line0010_word0004" custom="readingOrder {index:4;}">
          <Coords points="923,833 967,833 967,866 923,866"/>
          <TextEquiv conf="0.9314282">
            <Unicode>als</Unicode>
          </TextEquiv>
        </Word>
        <Word id="region0004_line0010_word0005" custom="readingOrder {index:5;}">
          <Coords points="977,833 1051,833 1051,867 977,867"/>
          <TextEquiv conf="0.932478">
            <Unicode>Gott</Unicode>
          </TextEquiv>
        </Word>
        <Word id="region0004_line0010_word0006" custom="readingOrder {index:6;}">
          <Coords points="1061,837 1116,837 1116,868 1061,868"/>
          <TextEquiv conf="0.9297487">
            <Unicode>und</Unicode>
          </TextEquiv>
        </Word>
        <Word id="region0004_line0010_word0007" custom="readingOrder {index:7;}">
          <Coords points="1135,829 1126,835 1124,834 1124,872 1127,873 1154,873 1158,873 1159,873 1201,873 1213,871 1217,873 1229,874 1229,832 1212,832 1207,829 1190,829 1171,832 1168,829 1154,829 1153,831 1136,829"/>
          <TextEquiv conf="0.92573214">
            <Unicode>Kaͤyſer</Unicode>
          </TextEquiv>
        </Word>
        <Word id="region0004_line0010_word0008" custom="readingOrder {index:8;}">
          <Coords points="1341,877 1341,835 1246,834 1246,874 1261,874 1265,876"/>
          <TextEquiv conf="0.929917">
            <Unicode>ehren,</Unicode>
          </TextEquiv>
        </Word>
        <TextEquiv>
          <Unicode>Geſchwinde, wer uns will als Gott und Kaͤyſer ehren,</Unicode>
        </TextEquiv>
      </TextLine>
      <TextLine id="region0004_line0011" custom="readingOrder {index:10;}">
        <Coords points="680,862 673,866 630,867 614,870 602,867 583,870 569,866 525,864 526,905 609,909 613,906 627,907 639,903 646,909 669,909 676,913 691,909 712,914 721,908 818,912 827,915 846,909 850,912 867,913 908,913 917,918 939,911 1041,914 1046,917 1058,918 1068,913 1086,917 1168,917 1205,922 1216,918 1257,916 1328,919 1333,914 1333,887 1322,880 1310,878 1269,879 1261,875 1219,876 1213,872 1206,872 1195,878 1186,877 1178,880 1158,874 1142,876 1123,873 1115,876 1106,873 1081,874 1065,870 1034,873 721,869 709,864 698,866 690,862"/>
        <Baseline points="526,898 1333,908"/>
        <Word id="region0004_line0011_word0000" custom="readingOrder {index:0;}">
          <Coords points="535,873 601,873 601,905 535,905"/>
          <TextEquiv conf="0.92986">
            <Unicode>Und</Unicode>
          </TextEquiv>
        </Word>
        <Word id="region0004_line0011_word0001" custom="readingOrder {index:1;}">
          <Coords points="668,904 668,879 613,878 613,903 638,903 639,903 640,903"/>
          <TextEquiv conf="0.9320648">
            <Unicode>wer</Unicode>
          </TextEquiv>
        </Word>
        <Word id="region0004_line0011_word0002" custom="readingOrder {index:2;}">
          <Coords points="723,871 677,870 677,912 679,912 691,909 706,912 713,912 721,908 723,908"/>
          <TextEquiv conf="0.9289779">
            <Unicode>ſich</Unicode>
          </TextEquiv>
        </Word>
        <Word id="region0004_line0011_word0003" custom="readingOrder {index:3;}">
          <Coords points="734,878 815,879 815,907 734,906"/>
          <TextEquiv conf="0.9272052">
            <Unicode>nennt</Unicode>
          </TextEquiv>
        </Word>
        <Word id="region0004_line0011_word0004" custom="readingOrder {index:4;}">
          <Coords points="924,914 924,878 825,877 825,913 833,913 846,909 850,912 867,913 908,913 909,913"/>
          <TextEquiv conf="0.883886">
            <Unicode>getreu,</Unicode>
          </TextEquiv>
        </Word>
        <Word id="region0004_line0011_word0005" custom="readingOrder {index:5;}">
          <Coords points="935,877 981,878 981,908 935,907"/>
          <TextEquiv conf="0.9327715">
            <Unicode>der</Unicode>
          </TextEquiv>
        </Word>
        <Word id="region0004_line0011_word0006" custom="readingOrder {index:6;}">
          <Coords points="1084,876 990,875 990,912 1041,914 1046,917 1054,917 1058,917 1068,913 1084,916"/>
          <TextEquiv conf="0.92729">
            <Unicode>werffe</Unicode>
          </TextEquiv>
        </Word>
        <Word id="region0004_line0011_word0007" custom="readingOrder {index:7;}">
          <Coords points="1102,878 1102,912 1188,913 1188,879 1180,878 1178,880 1174,878"/>
          <TextEquiv conf="0.9256197">
            <Unicode>dielen</Unicode>
          </TextEquiv>
        </Word>
        <Word id="region0004_line0011_word0008" custom="readingOrder {index:8;}">
          <Coords points="1200,877 1200,917 1228,917 1257,916 1277,916 1277,878 1269,879 1266,877"/>
          <TextEquiv conf="0.92056435">
            <Unicode>hund</Unicode>
          </TextEquiv>
        </Word>
        <TextEquiv>
          <Unicode>Und wer ſich nennt getreu, der werffe dielen hund</Unicode>
        </TextEquiv>
      </TextLine>
      <TextLine id="region0004_line0012" custom="readingOrder {index:11;}">
        <Coords points="633,904 627,908 619,906 590,913 584,908 526,906 525,949 654,953 664,947 691,947 703,948 710,954 752,956 763,960 771,952 780,954 784,959 796,956 828,957 836,960 845,955 885,959 905,957 912,953 926,953 937,960 945,954 970,958 1001,952 1014,952 1020,956 1046,955 1054,952 1086,958 1106,955 1118,960 1143,956 1149,961 1161,962 1214,956 1248,961 1261,957 1274,958 1278,961 1303,961 1325,961 1336,953 1336,925 1332,920 1257,917 1215,919 1202,923 1168,918 1112,919 1074,917 1068,914 1057,919 1045,918 1041,915 939,912 917,919 908,914 867,914 850,913 846,910 827,916 818,913 721,909 712,915 701,911 676,914 670,911 646,910 639,904"/>
        <Baseline points="525,940 1336,950"/>
        <Word id="region0004_line0012_word0000" custom="readingOrder {index:0;}">
          <Coords points="535,913 605,913 604,948 534,948"/>
          <TextEquiv conf="0.91999733">
            <Unicode>Vor</Unicode>
          </TextEquiv>
        </Word>
        <Word id="region0004_line0012_word0001" custom="readingOrder {index:1;}">
          <Coords points="619,906 617,906 616,946 669,947 670,911 646,910 642,906 630,906 627,908 619,906"/>
          <TextEquiv conf="0.9307099">
            <Unicode>loͤw</Unicode>
          </TextEquiv>
        </Word>
        <Word id="region0004_line0012_word0002" custom="readingOrder {index:2;}">
          <Coords points="682,915 735,916 734,947 681,946"/>
          <TextEquiv conf="0.927281">
            <Unicode>und</Unicode>
          </TextEquiv>
        </Word>
        <Word id="region0004_line0012_word0003" custom="readingOrder {index:3;}">
          <Coords points="821,956 821,918 746,917 746,955 767,955 771,952 780,954 781,955"/>
          <TextEquiv conf="0.9277194">
            <Unicode>tyger</Unicode>
          </TextEquiv>
        </Word>
        <Word id="region0004_line0012_word0004" custom="readingOrder {index:4;}">
          <Coords points="831,954 888,955 889,915 833,914 831,914"/>
          <TextEquiv conf="0.9139316">
            <Unicode>hin,</Unicode>
          </TextEquiv>
        </Word>
        <Word id="region0004_line0012_word0005" custom="readingOrder {index:5;}">
          <Coords points="899,917 898,957 905,957 912,953 926,953 933,958 939,958 945,954 949,954 950,917 923,917 917,919 913,917"/>
          <TextEquiv conf="0.92645514">
            <Unicode>daß</Unicode>
          </TextEquiv>
        </Word>
        <Word id="region0004_line0012_word0006" custom="readingOrder {index:6;}">
          <Coords points="958,919 1005,920 1005,951 958,950"/>
          <TextEquiv conf="0.91749215">
            <Unicode>der</Unicode>
          </TextEquiv>
        </Word>
        <Word id="region0004_line0012_word0007" custom="readingOrder {index:7;}">
          <Coords points="1179,954 1179,921 1011,919 1011,952 1014,952 1014,952 1053,952 1054,952 1057,953"/>
          <TextEquiv conf="0.91749215">
            <Unicode>verdammte</Unicode>
          </TextEquiv>
        </Word>
        <Word id="region0004_line0012_word0008" custom="readingOrder {index:8;}">
          <Coords points="1190,952 1277,953 1277,922 1207,921 1202,923 1190,921"/>
          <TextEquiv conf="0.9309162">
            <Unicode>mund</Unicode>
          </TextEquiv>
        </Word>
        <TextEquiv>
          <Unicode>Vor loͤw und tyger hin, daß der verdammte mund</Unicode>
        </TextEquiv>
      </TextLine>
      <TextLine id="region0004_line0013" custom="readingOrder {index:12;}">
        <Coords points="664,948 654,954 525,950 526,993 682,1000 687,996 729,998 736,994 747,994 754,998 768,995 774,1000 783,994 794,997 799,993 812,992 821,999 906,1003 927,1001 934,1004 948,999 980,1005 995,997 1009,1003 1021,997 1034,999 1042,995 1054,995 1061,1000 1085,1000 1098,1006 1106,997 1121,1000 1154,998 1161,1003 1256,1006 1266,1001 1275,1005 1348,1005 1360,997 1360,969 1355,964 1279,963 1274,959 1264,958 1248,962 1214,957 1161,963 1149,962 1143,957 1118,961 1106,956 1086,959 1054,953 1046,956 1020,957 1014,953 1001,953 982,959 957,958 945,955 937,961 926,954 912,954 905,958 885,960 845,956 836,961 805,957 784,960 780,955 771,953 761,961 752,957 710,957 703,949"/>
        <Baseline points="526,985 1360,995"/>
        <Word id="region0004_line0013_word0000" custom="readingOrder {index:0;}">
          <Coords points="618,994 618,959 536,959 536,993 548,994"/>
          <TextEquiv conf="0.88039184">
            <Unicode>Bald</Unicode>
          </TextEquiv>
        </Word>
        <Word id="region0004_line0013_word0001" custom="readingOrder {index:1;}">
          <Coords points="629,955 629,997 671,999 682,999 687,996 711,997 711,957 710,957 709,955"/>
          <TextEquiv conf="0.92600906">
            <Unicode>muͤſſe</Unicode>
          </TextEquiv>
        </Word>
        <Word id="region0004_line0013_word0002" custom="readingOrder {index:2;}">
          <Coords points="721,960 721,997 729,998 736,994 747,994 754,998 768,995 772,999 775,999 783,994 786,994 786,960 784,960 762,960 761,961 758,960"/>
          <TextEquiv conf="0.92665154">
            <Unicode>nach</Unicode>
          </TextEquiv>
        </Word>
        <Word id="region0004_line0013_word0003" custom="readingOrder {index:3;}">
          <Coords points="926,1001 926,962 797,961 797,994 799,993 812,992 821,999 851,1000"/>
          <TextEquiv conf="0.90925646">
            <Unicode>verdienſt</Unicode>
          </TextEquiv>
        </Word>
        <Word id="region0004_line0013_word0004" custom="readingOrder {index:4;}">
          <Coords points="962,963 935,963 935,1003 948,999 962,1001"/>
          <TextEquiv conf="0.90925646">
            <Unicode>ſo</Unicode>
          </TextEquiv>
        </Word>
        <Word id="region0004_line0013_word0005" custom="readingOrder {index:5;}">
          <Coords points="1022,961 971,961 971,1003 980,1005 995,997 1009,1003 1021,997 1022,997"/>
          <TextEquiv conf="0.8012471">
            <Unicode>gift</Unicode>
          </TextEquiv>
        </Word>
        <Word id="region0004_line0013_word0006" custom="readingOrder {index:6;}">
          <Coords points="1077,996 1077,962 1031,961 1031,995 1042,995 1042,995 1054,995 1055,996"/>
          <TextEquiv conf="0.9328504">
            <Unicode>als</Unicode>
          </TextEquiv>
        </Word>
        <Word id="region0004_line0013_word0007" custom="readingOrder {index:7;}">
          <Coords points="1142,964 1094,964 1093,1003 1098,1006 1106,997 1121,1000 1141,998"/>
          <TextEquiv conf="0.927025">
            <Unicode>ſeel</Unicode>
          </TextEquiv>
        </Word>
        <Word id="region0004_line0013_word0008" custom="readingOrder {index:8;}">
          <Coords points="1308,965 1153,964 1153,998 1154,998 1161,1003 1242,1005 1256,1005 1266,1001 1275,1005 1308,1005"/>
          <TextEquiv conf="0.923479">
            <Unicode>ausblaſen.</Unicode>
          </TextEquiv>
        </Word>
        <TextEquiv>
          <Unicode>Bald muͤſſe nach verdienſt ſo gift als ſeel ausblaſen.</Unicode>
        </TextEquiv>
      </TextLine>
      <TextLine id="region0004_line0014" custom="readingOrder {index:13;}">
        <Coords points="803,993 794,998 783,995 774,1001 768,996 754,999 747,995 736,995 729,999 687,997 682,1001 526,994 525,1039 559,1038 598,1041 629,1041 646,1036 678,1039 698,1036 708,1042 726,1039 736,1044 751,1043 767,1047 774,1039 793,1039 799,1043 849,1042 856,1045 862,1044 866,1038 874,1038 880,1042 900,1043 909,1039 917,1039 923,1043 967,1039 972,1046 985,1047 999,1040 1009,1040 1019,1044 1037,1044 1045,1047 1054,1039 1061,1040 1068,1045 1116,1041 1134,1047 1177,1041 1183,1045 1246,1050 1251,1055 1263,1056 1269,1050 1366,1052 1375,1038 1375,1010 1371,1005 1275,1006 1266,1002 1249,1007 1161,1004 1154,999 1139,998 1133,1001 1106,998 1096,1007 1085,1001 1061,1001 1054,996 1042,996 1034,1000 1021,998 1009,1004 995,998 979,1006 948,1000 931,1005 927,1002 822,1001 812,993"/>
        <Baseline points="525,1031 1178,1034 1371,1043"/>
        <Word id="region0004_line0014_word0000" custom="readingOrder {index:0;}">
          <Coords points="536,1001 625,1002 624,1038 535,1037"/>
          <TextEquiv>
            <Unicode>Denn</Unicode>
          </TextEquiv>
        </Word>
        <Word id="region0004_line0014_word0001" custom="readingOrder {index:1;}">
          <Coords points="635,1003 694,1003 693,1036 634,1036"/>
          <TextEquiv conf="0.91692346">
            <Unicode>weil</Unicode>
          </TextEquiv>
        </Word>
        <Word id="region0004_line0014_word0002" custom="readingOrder {index:2;}">
          <Coords points="746,1043 747,1003 703,1002 702,1038 708,1042 726,1039 733,1042"/>
          <TextEquiv conf="0.9242486">
            <Unicode>diß</Unicode>
          </TextEquiv>
        </Word>
        <Word id="region0004_line0014_word0003" custom="readingOrder {index:3;}">
          <Coords points="763,997 758,997 758,1044 763,1046 767,1046 774,1039 793,1039 799,1043 846,1042 846,1001 822,1001 817,997 795,997 794,998 791,997 779,997 774,1001 769,997"/>
          <TextEquiv conf="0.9303795">
            <Unicode>ſchoͤne</Unicode>
          </TextEquiv>
        </Word>
        <Word id="region0004_line0014_word0004" custom="readingOrder {index:4;}">
          <Coords points="925,1012 856,1011 856,1045 862,1044 866,1038 874,1038 880,1042 900,1043 909,1039 917,1039 923,1043 925,1042"/>
          <TextEquiv conf="0.9326587">
            <Unicode>paar</Unicode>
          </TextEquiv>
        </Word>
        <Word id="region0004_line0014_word0005" custom="readingOrder {index:5;}">
          <Coords points="934,1008 962,1008 962,1039 934,1039"/>
          <TextEquiv conf="0.93288934">
            <Unicode>in</Unicode>
          </TextEquiv>
        </Word>
        <Word id="region0004_line0014_word0006" custom="readingOrder {index:6;}">
          <Coords points="1093,1006 980,1005 979,1006 973,1005 973,1046 986,1046 999,1040 1009,1040 1019,1044 1037,1044 1043,1046 1045,1046 1054,1039 1061,1040 1068,1045 1092,1042"/>
          <TextEquiv conf="0.92386895">
            <Unicode>gleichen</Unicode>
          </TextEquiv>
        </Word>
        <Word id="region0004_line0014_word0007" custom="readingOrder {index:7;}">
          <Coords points="1203,1006 1105,1005 1104,1041 1116,1041 1134,1047 1177,1041 1183,1045 1202,1046"/>
          <TextEquiv conf="0.9242613">
            <Unicode>laſtern</Unicode>
          </TextEquiv>
        </Word>
        <Word id="region0004_line0014_word0008" custom="readingOrder {index:8;}">
          <Coords points="1319,1050 1319,1010 1219,1008 1219,1047 1235,1049"/>
          <TextEquiv conf="0.9207747">
            <Unicode>raſen:</Unicode>
          </TextEquiv>
        </Word>
        <TextEquiv>
          <Unicode>Denn weil diß ſchoͤne paar in gleichen laſtern raſen:</Unicode>
        </TextEquiv>
      </TextLine>
      <TextLine id="region0004_line0015" custom="readingOrder {index:14;}">
        <Coords points="1054,1040 1045,1048 1037,1045 1019,1045 1009,1041 999,1041 985,1048 972,1047 967,1040 946,1043 934,1041 928,1044 917,1040 900,1044 880,1043 874,1039 866,1039 862,1045 856,1046 849,1043 800,1045 793,1040 774,1040 767,1048 751,1044 736,1045 726,1040 708,1043 698,1037 678,1040 646,1037 629,1042 598,1042 542,1039 525,1040 525,1076 526,1080 563,1083 613,1084 627,1082 650,1089 709,1080 717,1080 724,1085 741,1082 753,1089 770,1087 782,1082 793,1085 801,1083 823,1085 829,1082 862,1088 883,1084 888,1089 897,1090 904,1084 913,1084 947,1086 958,1090 967,1082 974,1083 981,1088 988,1085 1003,1088 1021,1084 1051,1091 1057,1084 1068,1084 1082,1088 1128,1088 1135,1092 1144,1093 1150,1089 1188,1089 1193,1095 1204,1095 1210,1090 1260,1092 1265,1087 1264,1059 1232,1050 1183,1046 1177,1042 1141,1048 1116,1042 1068,1046 1061,1041"/>
        <Baseline points="525,1071 1264,1082"/>
        <Word id="region0004_line0015_word0000" custom="readingOrder {index:0;}">
          <Coords points="589,1083 589,1049 535,1049 535,1080 563,1083"/>
          <TextEquiv conf="0.66579974">
            <Unicode>So</Unicode>
          </TextEquiv>
        </Word>
        <Word id="region0004_line0015_word0001" custom="readingOrder {index:1;}">
          <Coords points="675,1047 599,1046 599,1083 613,1084 627,1082 650,1089 675,1085"/>
          <TextEquiv conf="0.926419">
            <Unicode>treffe</Unicode>
          </TextEquiv>
        </Word>
        <Word id="region0004_line0015_word0002" custom="readingOrder {index:2;}">
          <Coords points="761,1088 761,1048 687,1047 687,1083 709,1080 717,1080 724,1085 741,1082 751,1087"/>
          <TextEquiv conf="0.91500264">
            <Unicode>billig</Unicode>
          </TextEquiv>
        </Word>
        <Word id="region0004_line0015_word0003" custom="readingOrder {index:3;}">
          <Coords points="804,1050 773,1049 773,1085 782,1082 793,1085 801,1083 804,1083"/>
          <TextEquiv conf="0.932172">
            <Unicode>ſie</Unicode>
          </TextEquiv>
        </Word>
        <Word id="region0004_line0015_word0004" custom="readingOrder {index:4;}">
          <Coords points="877,1048 812,1048 812,1084 823,1085 829,1082 862,1088 877,1085"/>
          <TextEquiv conf="0.93267715">
            <Unicode>auch</Unicode>
          </TextEquiv>
        </Word>
        <Word id="region0004_line0015_word0005" custom="readingOrder {index:5;}">
          <Coords points="985,1050 888,1049 888,1089 897,1090 904,1084 913,1084 947,1086 958,1090 967,1082 974,1083 981,1088 985,1086"/>
          <TextEquiv conf="0.9326352">
            <Unicode>gleiche</Unicode>
          </TextEquiv>
        </Word>
        <Word id="region0004_line0015_word0006" custom="readingOrder {index:6;}">
          <Coords points="1060,1051 994,1050 994,1086 1003,1088 1021,1084 1051,1091 1057,1084 1059,1084"/>
          <TextEquiv conf="0.92329025">
            <Unicode>ſtraf</Unicode>
          </TextEquiv>
        </Word>
        <Word id="region0004_line0015_word0007" custom="readingOrder {index:7;}">
          <Coords points="1124,1086 1124,1054 1068,1054 1068,1084 1075,1086"/>
          <TextEquiv conf="0.92248243">
            <Unicode>und</Unicode>
          </TextEquiv>
        </Word>
        <Word id="region0004_line0015_word0008" custom="readingOrder {index:8;}">
          <Coords points="1207,1052 1135,1051 1134,1091 1135,1092 1144,1093 1150,1089 1188,1089 1192,1094 1204,1094 1206,1093"/>
          <TextEquiv conf="0.92630416">
            <Unicode>pein,</Unicode>
          </TextEquiv>
        </Word>
        <TextEquiv>
          <Unicode>So treffe billig ſie auch gleiche ſtraf und pein,</Unicode>
        </TextEquiv>
      </TextLine>
      <TextLine id="region0004_line0016" custom="readingOrder {index:15;}">
        <Coords points="709,1081 656,1090 637,1088 627,1083 613,1085 526,1081 525,1127 600,1128 618,1133 654,1130 661,1135 675,1135 681,1129 763,1130 767,1134 778,1135 785,1130 802,1130 921,1130 935,1131 942,1136 958,1136 964,1131 1002,1133 1009,1140 1019,1140 1028,1134 1046,1134 1051,1139 1060,1140 1066,1134 1071,1134 1077,1140 1087,1140 1094,1133 1155,1133 1164,1131 1170,1125 1170,1097 1166,1092 1157,1091 1135,1093 1128,1089 1075,1089 1068,1085 1057,1085 1051,1092 1047,1092 1040,1088 1021,1085 1003,1089 988,1086 981,1089 974,1084 967,1083 958,1091 947,1087 913,1085 904,1085 900,1090 893,1091 883,1085 862,1089 829,1083 823,1086 801,1084 793,1086 782,1083 770,1088 753,1090 741,1083 731,1083 726,1087 717,1081"/>
        <Baseline points="525,1117 1170,1121"/>
        <Word id="region0004_line0016_word0000" custom="readingOrder {index:0;}">
          <Coords points="534,1093 596,1093 596,1127 534,1127"/>
          <TextEquiv conf="0.92824244">
            <Unicode>Und</Unicode>
          </TextEquiv>
        </Word>
        <Word id="region0004_line0016_word0001" custom="readingOrder {index:1;}">
          <Coords points="649,1094 606,1093 606,1129 611,1131 634,1131 649,1130"/>
          <TextEquiv conf="0.92824244">
            <Unicode>ihr</Unicode>
          </TextEquiv>
        </Word>
        <Word id="region0004_line0016_word0002" custom="readingOrder {index:2;}">
          <Coords points="761,1091 661,1090 660,1132 677,1132 681,1129 760,1129"/>
          <TextEquiv conf="0.92806137">
            <Unicode>geluͤcke</Unicode>
          </TextEquiv>
        </Word>
        <Word id="region0004_line0016_word0003" custom="readingOrder {index:3;}">
          <Coords points="815,1094 772,1093 772,1134 778,1135 785,1130 802,1130 815,1130"/>
          <TextEquiv conf="0.9319681">
            <Unicode>ſoll</Unicode>
          </TextEquiv>
        </Word>
        <Word id="region0004_line0016_word0004" custom="readingOrder {index:4;}">
          <Coords points="824,1095 863,1095 863,1127 824,1127"/>
          <TextEquiv>
            <Unicode>im</Unicode>
          </TextEquiv>
        </Word>
        <Word id="region0004_line0016_word0005" custom="readingOrder {index:5;}">
          <Coords points="873,1095 933,1096 933,1129 873,1128"/>
          <TextEquiv conf="0.8622419">
            <Unicode>tode</Unicode>
          </TextEquiv>
        </Word>
        <Word id="region0004_line0016_word0006" custom="readingOrder {index:6;}">
          <Coords points="1041,1094 943,1093 943,1136 958,1136 964,1131 1002,1133 1006,1137 1022,1137 1028,1134 1041,1134"/>
          <TextEquiv conf="0.8979761">
            <Unicode>gleiche</Unicode>
          </TextEquiv>
        </Word>
        <Word id="region0004_line0016_word0007" custom="readingOrder {index:7;}">
          <Coords points="1123,1095 1051,1094 1051,1137 1062,1137 1066,1134 1071,1134 1074,1137 1089,1137 1094,1133 1123,1133"/>
          <TextEquiv conf="0.88446856">
            <Unicode>ſeyn.</Unicode>
          </TextEquiv>
        </Word>
        <TextEquiv>
          <Unicode>Und ihr geluͤcke ſoll im tode gleiche ſeyn.</Unicode>
        </TextEquiv>
      </TextLine>
      <TextLine id="region0004_line0017" custom="readingOrder {index:16;}">
        <Coords points="1380,1134 1352,1136 1345,1144 1320,1142 1215,1144 1211,1141 1193,1142 1160,1135 1111,1133 1103,1136 1101,1145 1044,1141 1038,1135 1030,1135 1023,1141 991,1145 960,1144 955,1140 947,1140 941,1144 908,1146 890,1146 882,1135 872,1133 866,1137 864,1144 861,1144 854,1135 843,1135 836,1145 808,1146 794,1145 782,1134 730,1135 708,1141 680,1141 658,1140 652,1136 638,1138 632,1134 618,1134 613,1130 547,1130 537,1131 532,1136 532,1164 539,1170 539,1191 558,1194 588,1194 597,1190 619,1195 652,1186 666,1189 739,1189 773,1185 917,1188 973,1193 1028,1192 1043,1189 1100,1192 1101,1196 1110,1199 1133,1189 1148,1193 1303,1194 1311,1198 1324,1199 1332,1195 1354,1195 1360,1200 1375,1201 1393,1193 1419,1195 1422,1199 1428,1200 1438,1195 1453,1195 1453,1149 1403,1146 1397,1136"/>
        <Baseline points="539,1185 768,1177 1453,1185"/>
        <Word id="region0004_line0017_word0000" custom="readingOrder {index:0;}">
          <Coords points="585,1136 584,1185 652,1186 652,1186 652,1186 716,1187 717,1139 708,1141 680,1141 658,1140 654,1137 646,1137 638,1138 636,1137"/>
          <TextEquiv conf="0.92390215">
            <Unicode>Jndem</Unicode>
          </TextEquiv>
        </Word>
        <Word id="region0004_line0017_word0001" custom="readingOrder {index:1;}">
          <Coords points="732,1139 732,1177 921,1179 921,1145 908,1146 890,1146 886,1140 865,1140 864,1144 861,1144 858,1140 839,1140 836,1145 808,1146 794,1145 788,1139"/>
          <TextEquiv conf="0.91961473">
            <Unicode>Mauritius</Unicode>
          </TextEquiv>
        </Word>
        <Word id="region0004_line0017_word0002" custom="readingOrder {index:2;}">
          <Coords points="946,1147 1013,1148 1012,1183 945,1182"/>
          <TextEquiv conf="0.92092204">
            <Unicode>von</Unicode>
          </TextEquiv>
        </Word>
        <Word id="region0004_line0017_word0003" custom="readingOrder {index:3;}">
          <Coords points="1030,1143 1029,1182 1091,1183 1091,1144 1085,1143"/>
          <TextEquiv conf="0.9287919">
            <Unicode>den</Unicode>
          </TextEquiv>
        </Word>
        <Word id="region0004_line0017_word0004" custom="readingOrder {index:4;}">
          <Coords points="1109,1140 1108,1192 1125,1192 1133,1189 1146,1192 1203,1193 1249,1193 1249,1143 1215,1144 1211,1141 1204,1141 1193,1142 1188,1141"/>
          <TextEquiv conf="0.92493165">
            <Unicode>ſoldaten</Unicode>
          </TextEquiv>
        </Word>
        <Word id="region0004_line0017_word0005" custom="readingOrder {index:5;}">
          <Coords points="1276,1143 1275,1194 1303,1194 1306,1195 1331,1196 1332,1195 1354,1195 1355,1196 1385,1196 1393,1193 1419,1195 1420,1197 1434,1197 1438,1195 1439,1195 1440,1148 1403,1146 1402,1145 1345,1144 1345,1144 1343,1144"/>
          <TextEquiv conf="0.9301012">
            <Unicode>ergriffen,</Unicode>
          </TextEquiv>
        </Word>
        <TextEquiv>
          <Unicode>Jndem Mauritius von den ſoldaten ergriffen,</Unicode>
        </TextEquiv>
      </TextLine>
      <TextLine id="region0004_line0018" custom="readingOrder {index:17;}">
        <Coords points="773,1186 742,1188 732,1193 703,1193 667,1192 663,1188 652,1187 619,1196 603,1191 588,1195 525,1191 525,1243 540,1243 544,1240 559,1243 579,1242 583,1245 596,1240 647,1241 650,1245 659,1245 667,1238 681,1236 741,1242 754,1247 764,1242 793,1241 955,1239 969,1240 982,1248 994,1242 1019,1241 1097,1242 1102,1245 1167,1244 1175,1251 1186,1247 1234,1248 1275,1244 1453,1248 1453,1201 1416,1200 1407,1195 1393,1194 1387,1199 1375,1202 1357,1199 1311,1199 1298,1198 1294,1195 1268,1199 1216,1198 1210,1193 1186,1192 1173,1194 1170,1198 1149,1198 1145,1192 1133,1190 1125,1193 1123,1197 1111,1200 1043,1190 993,1196 925,1198 922,1191 917,1189 889,1189 886,1190 884,1197 831,1197 830,1190 825,1187"/>
        <Baseline points="525,1233 1453,1237"/>
        <Word id="region0004_line0018_word0000" custom="readingOrder {index:0;}">
          <Coords points="531,1194 531,1240 544,1240 544,1240 544,1240 595,1240 596,1240 634,1241 664,1241 667,1238 670,1238 670,1195 624,1195 619,1196 615,1195 590,1194 588,1195 578,1194"/>
          <TextEquiv conf="0.9192173">
            <Unicode>zugleich</Unicode>
          </TextEquiv>
        </Word>
        <Word id="region0004_line0018_word0001" custom="readingOrder {index:1;}">
          <Coords points="766,1197 686,1196 686,1236 741,1242 748,1244 758,1244 764,1242 766,1241"/>
          <TextEquiv conf="0.9218155">
            <Unicode>auch</Unicode>
          </TextEquiv>
        </Word>
        <Word id="region0004_line0018_word0002" custom="readingOrder {index:2;}">
          <Coords points="777,1197 958,1199 958,1236 777,1234"/>
          <TextEquiv>
            <Unicode>Heraclius</Unicode>
          </TextEquiv>
        </Word>
        <Word id="region0004_line0018_word0003" custom="readingOrder {index:3;}">
          <Coords points="1012,1208 974,1208 974,1243 978,1246 986,1246 994,1242 1012,1241"/>
          <TextEquiv conf="0.931075">
            <Unicode>zu</Unicode>
          </TextEquiv>
        </Word>
        <Word id="region0004_line0018_word0004" custom="readingOrder {index:4;}">
          <Coords points="1035,1199 1108,1200 1108,1239 1035,1238"/>
          <TextEquiv conf="0.93218994">
            <Unicode>dem</Unicode>
          </TextEquiv>
        </Word>
        <Word id="region0004_line0018_word0005" custom="readingOrder {index:5;}">
          <Coords points="1335,1202 1132,1199 1132,1244 1167,1244 1173,1249 1178,1249 1186,1247 1234,1248 1275,1244 1335,1245"/>
          <TextEquiv conf="0.9242325">
            <Unicode>beſtimmten</Unicode>
          </TextEquiv>
        </Word>
        <Word id="region0004_line0018_word0006" custom="readingOrder {index:6;}">
          <Coords points="1361,1206 1436,1207 1436,1245 1361,1244"/>
          <TextEquiv conf="0.9154438">
            <Unicode>tode</Unicode>
          </TextEquiv>
        </Word>
        <TextEquiv>
          <Unicode>zugleich auch Heraclius zu dem beſtimmten tode</Unicode>
        </TextEquiv>
      </TextLine>
      <TextLine id="region0004_line0019" custom="readingOrder {index:18;}">
        <Coords points="681,1237 667,1239 659,1246 583,1246 579,1243 559,1244 553,1241 525,1244 525,1292 533,1294 545,1289 569,1291 576,1288 598,1287 626,1298 643,1291 669,1296 676,1290 700,1289 713,1298 719,1293 833,1291 938,1296 945,1297 954,1304 961,1304 970,1297 1004,1296 1235,1300 1366,1296 1406,1307 1415,1301 1453,1300 1453,1253 1398,1250 1361,1254 1317,1253 1306,1252 1291,1245 1275,1245 1241,1247 1225,1250 1186,1248 1175,1252 1167,1245 1161,1245 1128,1253 1102,1253 1101,1245 1097,1243 994,1243 982,1249 969,1241 955,1240 948,1242 945,1248 869,1245 863,1241 849,1241 846,1245 829,1246 764,1243 754,1248 744,1245 716,1245 709,1239 695,1240"/>
        <Baseline points="525,1280 1453,1291"/>
        <Word id="region0004_line0019_word0000" custom="readingOrder {index:0;}">
          <Coords points="607,1247 533,1247 532,1293 535,1293 545,1289 569,1291 576,1288 598,1287 606,1290"/>
          <TextEquiv conf="0.9305896">
            <Unicode>ſolte</Unicode>
          </TextEquiv>
        </Word>
        <Word id="region0004_line0019_word0001" custom="readingOrder {index:1;}">
          <Coords points="622,1246 621,1295 633,1295 643,1291 665,1295 669,1295 676,1290 700,1289 709,1295 715,1295 719,1293 766,1292 767,1247 756,1246 754,1248 750,1246"/>
          <TextEquiv>
            <Unicode>gefuͤhret</Unicode>
          </TextEquiv>
        </Word>
        <Word id="region0004_line0019_word0002" custom="readingOrder {index:2;}">
          <Coords points="925,1255 784,1253 783,1291 833,1291 924,1295"/>
          <TextEquiv conf="0.9316032">
            <Unicode>werden,</Unicode>
          </TextEquiv>
        </Word>
        <Word id="region0004_line0019_word0003" custom="readingOrder {index:3;}">
          <Coords points="1005,1251 952,1250 951,1301 965,1301 970,1297 1004,1296 1004,1296"/>
          <TextEquiv conf="0.9316041">
            <Unicode>fiel</Unicode>
          </TextEquiv>
        </Word>
        <Word id="region0004_line0019_word0004" custom="readingOrder {index:4;}">
          <Coords points="1019,1253 1147,1255 1146,1293 1018,1291"/>
          <TextEquiv conf="0.9084442">
            <Unicode>Priſcus</Unicode>
          </TextEquiv>
        </Word>
        <Word id="region0004_line0019_word0005" custom="readingOrder {index:5;}">
          <Coords points="1164,1256 1236,1257 1235,1297 1163,1296"/>
          <TextEquiv conf="0.9181865">
            <Unicode>dem</Unicode>
          </TextEquiv>
        </Word>
        <Word id="region0004_line0019_word0006" custom="readingOrder {index:6;}">
          <Coords points="1254,1256 1380,1257 1379,1294 1253,1293"/>
          <TextEquiv conf="0.9243044">
            <Unicode>Phocas</Unicode>
          </TextEquiv>
        </Word>
        <Word id="region0004_line0019_word0007" custom="readingOrder {index:7;}">
          <Coords points="1436,1264 1397,1263 1396,1302 1412,1302 1415,1301 1435,1300"/>
          <TextEquiv conf="0.9203962">
            <Unicode>zu</Unicode>
          </TextEquiv>
        </Word>
        <TextEquiv>
          <Unicode>ſolte gefuͤhret werden, fiel Priſcus dem Phocas zu</Unicode>
        </TextEquiv>
      </TextLine>
      <TextLine id="region0004_line0020" custom="readingOrder {index:19;}">
        <Coords points="590,1288 576,1289 565,1294 552,1290 533,1295 525,1293 525,1347 544,1349 550,1343 563,1341 570,1349 590,1349 596,1342 630,1346 635,1350 672,1344 679,1344 685,1350 695,1350 701,1344 801,1344 856,1345 859,1352 947,1352 954,1349 954,1305 945,1298 917,1298 906,1295 841,1296 833,1292 823,1292 817,1296 760,1292 755,1295 710,1299 700,1290 692,1290 676,1291 669,1297 650,1296 643,1292 626,1299 609,1296 604,1290"/>
        <Baseline points="525,1333 864,1335 898,1345 954,1344"/>
        <Word id="region0004_line0020_word0000" custom="readingOrder {index:0;}">
          <Coords points="619,1302 531,1301 531,1347 534,1348 544,1348 550,1343 563,1341 569,1348 590,1348 596,1342 619,1344"/>
          <TextEquiv conf="0.906989">
            <Unicode>fuſſe,</Unicode>
          </TextEquiv>
        </Word>
        <Word id="region0004_line0020_word0001" custom="readingOrder {index:1;}">
          <Coords points="632,1296 626,1299 626,1340 672,1344 679,1344 684,1349 695,1349 701,1344 717,1344 717,1304"/>
          <TextEquiv conf="0.906989">
            <Unicode>(alſo</Unicode>
          </TextEquiv>
        </Word>
        <Word id="region0004_line0020_word0002" custom="readingOrder {index:2;}">
          <Coords points="907,1307 728,1305 728,1344 801,1344 856,1345 859,1352 907,1352"/>
          <TextEquiv conf="0.91338354">
            <Unicode>redende:)</Unicode>
          </TextEquiv>
        </Word>
        <TextEquiv>
          <Unicode>fuſſe, (alſo redende:)</Unicode>
        </TextEquiv>
      </TextLine>
      <TextEquiv>
        <Unicode>Phoc. Wer biſt du toller menſch, der andre treten will,
Und ſich aus falſchem wahn ſelbſt kuͤrtzt ſein lebens⸗ziel.
Heracl. Mein uͤngluͤck wolte mich in freyem felde ſtrafen.
Mein frey⸗ſeyn ward umſchrenckt durch fremde macht der
waffen.
Kurtz: es ſey dir gnug: ich bin des Phocas feind.
Phoc. Daß nicht bald ſtrick und ſtahl die ſrevle zung um⸗
zaͤunt!
Wir haben keinen ſo verzweiffelt reden hoͤren.
Geſchwinde, wer uns will als Gott und Kaͤyſer ehren,
Und wer ſich nennt getreu, der werffe dielen hund
Vor loͤw und tyger hin, daß der verdammte mund
Bald muͤſſe nach verdienſt ſo gift als ſeel ausblaſen.
Denn weil diß ſchoͤne paar in gleichen laſtern raſen:
So treffe billig ſie auch gleiche ſtraf und pein,
Und ihr geluͤcke ſoll im tode gleiche ſeyn.
Jndem Mauritius von den ſoldaten ergriffen,
zugleich auch Heraclius zu dem beſtimmten tode
ſolte gefuͤhret werden, fiel Priſcus dem Phocas zu
fuſſe, (alſo redende:)</Unicode>
      </TextEquiv>
    </TextRegion>
    <TextRegion id="region0005" custom="readingOrder {index:1;}" orientation="-0.65372497" readingDirection="left-to-right">
      <Coords points="519,1351 1430,1351 1430,1735 519,1735"/>
      <TextLine id="region0005_line0001" custom="readingOrder {index:0;}">
        <Coords points="1321,1355 1315,1360 1313,1367 1286,1366 1274,1358 1265,1356 1208,1354 1199,1363 1190,1355 1178,1355 1166,1362 1144,1360 1135,1364 1092,1366 1038,1363 1032,1358 972,1360 968,1357 917,1363 913,1357 907,1355 897,1355 889,1364 885,1364 875,1352 802,1360 795,1352 772,1351 763,1361 714,1359 698,1352 688,1352 683,1355 658,1351 571,1351 565,1357 520,1355 519,1401 567,1400 577,1405 587,1397 599,1401 648,1402 656,1397 682,1397 687,1401 709,1398 719,1406 725,1406 733,1401 741,1404 785,1407 795,1403 821,1404 825,1401 843,1401 855,1404 872,1404 878,1408 888,1407 895,1410 903,1407 940,1407 951,1405 956,1411 960,1411 967,1406 994,1409 1054,1406 1059,1409 1070,1409 1077,1405 1093,1405 1099,1409 1106,1409 1117,1402 1138,1404 1144,1408 1177,1407 1204,1400 1207,1409 1212,1412 1222,1405 1232,1404 1245,1409 1262,1409 1269,1413 1356,1414 1401,1414 1406,1409 1408,1399 1430,1398 1430,1362 1343,1362 1336,1355"/>
        <Baseline points="520,1392 1406,1399"/>
        <Word id="region0005_line0001_word0000" custom="readingOrder {index:0;} textStyle {offset:0; length:6;italic:true; fontSize:0.0; kerning:0;}">
          <Coords points="529,1356 528,1401 567,1400 572,1403 580,1403 587,1397 599,1401 612,1401 613,1357 566,1356 565,1357 547,1356"/>
          <TextEquiv conf="0.9052527">
            <Unicode>Priſc.</Unicode>
          </TextEquiv>
        </Word>
        <Word id="region0005_line0001_word0001" custom="readingOrder {index:1;}">
          <Coords points="637,1352 636,1401 648,1402 656,1397 682,1397 687,1401 703,1398 703,1354 700,1352 686,1352 683,1355 667,1352"/>
          <TextEquiv conf="0.9229641">
            <Unicode>Halt</Unicode>
          </TextEquiv>
        </Word>
        <Word id="region0005_line0001_word0002" custom="readingOrder {index:2;}">
          <Coords points="769,1353 763,1361 716,1359 716,1403 719,1406 725,1406 733,1401 741,1404 785,1407 795,1403 817,1403 817,1358 802,1360 796,1353"/>
          <TextEquiv conf="0.9225655">
            <Unicode>groſſer</Unicode>
          </TextEquiv>
        </Word>
        <Word id="region0005_line0001_word0003" custom="readingOrder {index:3;}">
          <Coords points="827,1358 826,1401 843,1401 855,1404 872,1404 873,1404 940,1405 941,1360 917,1363 914,1359 894,1359 889,1364 885,1364 880,1358"/>
          <TextEquiv>
            <Unicode>Kaͤyſer,</Unicode>
          </TextEquiv>
        </Word>
        <Word id="region0005_line0001_word0004" custom="readingOrder {index:4;}">
          <Coords points="1012,1406 1013,1364 952,1364 951,1405 951,1406 967,1406"/>
          <TextEquiv conf="0.92805266">
            <Unicode>halt</Unicode>
          </TextEquiv>
        </Word>
        <Word id="region0005_line0001_word0005" custom="readingOrder {index:5;}">
          <Coords points="1022,1365 1072,1366 1071,1401 1021,1400"/>
          <TextEquiv conf="0.93268985">
            <Unicode>den</Unicode>
          </TextEquiv>
        </Word>
        <Word id="region0005_line0001_word0006" custom="readingOrder {index:6;}">
          <Coords points="1262,1365 1135,1363 1135,1364 1092,1366 1082,1365 1082,1405 1093,1405 1099,1409 1106,1409 1117,1402 1138,1404 1144,1408 1177,1407 1204,1400 1207,1409 1209,1410 1214,1410 1222,1405 1232,1404 1245,1409 1261,1409"/>
          <TextEquiv>
            <Unicode>mord⸗befehl</Unicode>
          </TextEquiv>
        </Word>
        <Word id="region0005_line0001_word0007" custom="readingOrder {index:7;}">
          <Coords points="1270,1363 1269,1410 1391,1412 1392,1365 1313,1363 1313,1367 1286,1366 1281,1363"/>
          <TextEquiv conf="0.9023696">
            <Unicode>zuruͤcke!</Unicode>
          </TextEquiv>
        </Word>
        <TextEquiv>
          <Unicode>Priſc. Halt groſſer Kaͤyſer, halt den mord⸗befehl zuruͤcke!</Unicode>
        </TextEquiv>
      </TextLine>
      <TextLine id="region0005_line0002" custom="readingOrder {index:1;}">
        <Coords points="1198,1401 1177,1408 1154,1410 1144,1410 1132,1404 1117,1403 1106,1410 1099,1410 1093,1406 1077,1406 1070,1410 1059,1410 1054,1407 994,1410 967,1407 960,1412 956,1412 951,1406 940,1408 903,1408 895,1411 888,1408 878,1409 872,1405 855,1405 843,1402 825,1402 821,1405 795,1404 785,1408 741,1405 733,1402 725,1407 719,1407 709,1399 697,1402 656,1398 648,1403 599,1402 587,1398 577,1406 567,1401 519,1402 519,1445 575,1446 589,1449 628,1444 638,1447 683,1440 704,1444 710,1440 743,1441 757,1445 775,1440 781,1445 792,1441 809,1442 818,1438 826,1439 831,1444 862,1443 867,1446 896,1444 924,1447 950,1443 964,1444 974,1450 1109,1447 1123,1456 1132,1448 1163,1448 1166,1452 1178,1454 1185,1451 1301,1454 1306,1449 1306,1421 1297,1413 1269,1414 1262,1410 1245,1410 1232,1405 1222,1406 1212,1413 1206,1409 1204,1401"/>
        <Baseline points="519,1436 804,1433 1306,1443"/>
        <Word id="region0005_line0002_word0000" custom="readingOrder {index:0;}">
          <Coords points="531,1405 531,1445 575,1446 577,1446 607,1447 628,1444 638,1447 638,1447 644,1446 644,1406 578,1405 577,1406 576,1405"/>
          <TextEquiv>
            <Unicode>Schau,</Unicode>
          </TextEquiv>
        </Word>
        <Word id="region0005_line0002_word0001" custom="readingOrder {index:1;}">
          <Coords points="654,1404 654,1444 683,1440 704,1444 710,1440 740,1440 740,1405 728,1404 725,1407 719,1407 716,1404"/>
          <TextEquiv conf="0.9324212">
            <Unicode>dieſes</Unicode>
          </TextEquiv>
        </Word>
        <Word id="region0005_line0002_word0002" custom="readingOrder {index:2;}">
          <Coords points="819,1413 749,1412 749,1442 757,1445 775,1440 781,1445 792,1441 809,1442 818,1438 819,1438"/>
          <TextEquiv conf="0.9284434">
            <Unicode>zarte</Unicode>
          </TextEquiv>
        </Word>
        <Word id="region0005_line0002_word0003" custom="readingOrder {index:3;}">
          <Coords points="829,1409 887,1410 887,1442 829,1441"/>
          <TextEquiv conf="0.9326727">
            <Unicode>kind</Unicode>
          </TextEquiv>
        </Word>
        <Word id="region0005_line0002_word0004" custom="readingOrder {index:4;}">
          <Coords points="1018,1445 1018,1413 897,1412 897,1444 941,1444 950,1443 964,1444 964,1444"/>
          <TextEquiv conf="0.93210375">
            <Unicode>verdient</Unicode>
          </TextEquiv>
        </Word>
        <Word id="region0005_line0002_word0005" custom="readingOrder {index:5;}">
          <Coords points="1027,1413 1070,1414 1070,1446 1027,1445"/>
          <TextEquiv conf="0.93210375">
            <Unicode>ein</Unicode>
          </TextEquiv>
        </Word>
        <Word id="region0005_line0002_word0006" custom="readingOrder {index:6;}">
          <Coords points="1079,1409 1079,1448 1109,1447 1119,1454 1126,1454 1132,1448 1159,1448 1159,1410 1155,1410 1154,1410 1144,1410 1144,1410 1107,1409 1106,1410 1099,1410 1098,1409"/>
          <TextEquiv conf="0.9315908">
            <Unicode>beſſer</Unicode>
          </TextEquiv>
        </Word>
        <Word id="region0005_line0002_word0007" custom="readingOrder {index:7;}">
          <Coords points="1179,1407 1177,1408 1167,1408 1167,1452 1172,1453 1180,1453 1185,1451 1263,1453 1263,1410 1262,1410 1245,1410 1239,1407 1219,1407 1212,1413 1206,1409 1205,1407"/>
          <TextEquiv conf="0.8918947">
            <Unicode>gluͤcke.</Unicode>
          </TextEquiv>
        </Word>
        <TextEquiv>
          <Unicode>Schau, dieſes zarte kind verdient ein beſſer gluͤcke.</Unicode>
        </TextEquiv>
      </TextLine>
      <TextLine id="region0005_line0003" custom="readingOrder {index:2;}">
        <Coords points="818,1439 809,1443 792,1442 781,1446 775,1441 757,1446 743,1442 710,1441 704,1445 683,1441 638,1448 628,1445 589,1450 575,1447 519,1446 519,1492 581,1491 594,1483 608,1481 626,1483 632,1487 649,1483 656,1488 676,1486 679,1489 698,1490 712,1487 719,1490 733,1487 739,1491 753,1484 761,1484 770,1489 786,1484 795,1490 815,1483 831,1483 848,1489 904,1485 924,1488 936,1485 942,1493 974,1490 994,1491 1014,1487 1042,1492 1046,1495 1062,1492 1095,1493 1103,1496 1117,1490 1132,1493 1143,1488 1151,1489 1154,1493 1172,1492 1181,1495 1242,1497 1247,1492 1247,1466 1243,1463 1229,1462 1225,1456 1219,1454 1185,1452 1174,1455 1166,1453 1163,1449 1132,1449 1123,1457 1109,1448 974,1451 964,1445 950,1444 924,1448 896,1445 867,1447 862,1444 831,1445 826,1440"/>
        <Baseline points="519,1484 599,1476 793,1476 1247,1487"/>
        <Word id="region0005_line0003_word0000" custom="readingOrder {index:0;}">
          <Coords points="618,1452 528,1451 527,1489 583,1489 594,1483 608,1481 617,1482"/>
          <TextEquiv conf="0.9256276">
            <Unicode>Denn</Unicode>
          </TextEquiv>
        </Word>
        <Word id="region0005_line0003_word0001" custom="readingOrder {index:1;}">
          <Coords points="687,1485 688,1459 630,1458 629,1484 643,1484 649,1483 650,1484"/>
          <TextEquiv conf="0.9144007">
            <Unicode>eure</Unicode>
          </TextEquiv>
        </Word>
        <Word id="region0005_line0003_word0002" custom="readingOrder {index:2;}">
          <Coords points="837,1447 699,1446 698,1489 712,1487 719,1490 733,1487 739,1491 753,1484 761,1484 770,1489 786,1484 795,1490 815,1483 831,1483 836,1484"/>
          <TextEquiv conf="0.914099">
            <Unicode>Majeſtaͤt</Unicode>
          </TextEquiv>
        </Word>
        <Word id="region0005_line0003_word0003" custom="readingOrder {index:3;}">
          <Coords points="892,1454 848,1453 847,1489 848,1489 891,1486"/>
          <TextEquiv conf="0.93124735">
            <Unicode>ſoll</Unicode>
          </TextEquiv>
        </Word>
        <Word id="region0005_line0003_word0004" custom="readingOrder {index:4;}">
          <Coords points="1001,1453 901,1452 900,1485 904,1485 924,1488 936,1485 942,1493 974,1490 994,1491 1000,1489"/>
          <TextEquiv conf="0.9217469">
            <Unicode>wiſſen,</Unicode>
          </TextEquiv>
        </Word>
        <Word id="region0005_line0003_word0005" custom="readingOrder {index:5;}">
          <Coords points="1064,1456 1012,1455 1011,1487 1014,1487 1042,1492 1045,1494 1047,1494 1062,1492 1063,1492"/>
          <TextEquiv conf="0.9048078">
            <Unicode>daß</Unicode>
          </TextEquiv>
        </Word>
        <Word id="region0005_line0003_word0006" custom="readingOrder {index:6;}">
          <Coords points="1116,1455 1073,1455 1072,1492 1095,1493 1097,1494 1107,1494 1115,1490"/>
          <TextEquiv conf="0.9246249">
            <Unicode>diß</Unicode>
          </TextEquiv>
        </Word>
        <Word id="region0005_line0003_word0007" custom="readingOrder {index:7;}">
          <Coords points="1193,1494 1194,1457 1127,1457 1126,1491 1132,1493 1143,1488 1151,1489 1154,1493 1172,1492 1178,1494"/>
          <TextEquiv conf="0.9223115">
            <Unicode>bild,</Unicode>
          </TextEquiv>
        </Word>
        <TextEquiv>
          <Unicode>Denn eure Majeſtaͤt ſoll wiſſen, daß diß bild,</Unicode>
        </TextEquiv>
      </TextLine>
      <TextLine id="region0005_line0004" custom="readingOrder {index:3;}">
        <Coords points="608,1482 594,1484 581,1492 519,1493 519,1533 599,1534 617,1539 621,1535 633,1535 640,1529 655,1533 689,1530 693,1533 743,1532 752,1537 784,1528 818,1535 824,1532 839,1532 847,1527 860,1528 867,1533 894,1534 900,1537 946,1529 1006,1534 1018,1538 1039,1531 1056,1531 1062,1535 1115,1539 1142,1535 1191,1541 1196,1538 1237,1537 1244,1532 1243,1510 1239,1507 1228,1507 1227,1499 1222,1496 1154,1494 1147,1489 1137,1490 1132,1494 1117,1491 1103,1497 1095,1494 1062,1493 1046,1496 1023,1488 994,1492 961,1492 955,1495 942,1494 936,1486 924,1489 904,1486 848,1490 831,1484 815,1484 795,1491 784,1485 770,1490 761,1485 753,1485 742,1492 733,1488 719,1491 712,1488 698,1491 663,1487 657,1490 648,1484 632,1488 625,1484"/>
        <Baseline points="519,1527 805,1521 1244,1529"/>
        <Word id="region0005_line0004_word0000" custom="readingOrder {index:0;}">
          <Coords points="600,1491 581,1492 524,1493 524,1533 600,1534"/>
          <TextEquiv>
            <Unicode>Daß</Unicode>
          </TextEquiv>
        </Word>
        <Word id="region0005_line0004_word0001" custom="readingOrder {index:1;}">
          <Coords points="600,1483 596,1483 596,1533 599,1534 617,1539 621,1535 633,1535 640,1529 648,1531 648,1484 632,1488 625,1484 620,1483"/>
          <TextEquiv conf="0.8430859">
            <Unicode>ſich</Unicode>
          </TextEquiv>
        </Word>
        <Word id="region0005_line0004_word0002" custom="readingOrder {index:2;}">
          <Coords points="666,1497 695,1498 695,1530 666,1529"/>
          <TextEquiv conf="0.92453">
            <Unicode>in</Unicode>
          </TextEquiv>
        </Word>
        <Word id="region0005_line0004_word0003" custom="readingOrder {index:3;}">
          <Coords points="772,1495 706,1494 706,1532 743,1532 752,1537 772,1531"/>
          <TextEquiv conf="0.9290621">
            <Unicode>dieſe</Unicode>
          </TextEquiv>
        </Word>
        <Word id="region0005_line0004_word0004" custom="readingOrder {index:4;}">
          <Coords points="830,1496 783,1496 783,1528 784,1528 818,1535 824,1532 830,1532"/>
          <TextEquiv conf="0.9310847">
            <Unicode>laſt</Unicode>
          </TextEquiv>
        </Word>
        <Word id="region0005_line0004_word0005" custom="readingOrder {index:5;}">
          <Coords points="888,1532 888,1501 840,1500 840,1531 841,1531 847,1527 860,1528 865,1532"/>
          <TextEquiv conf="0.9312079">
            <Unicode>des</Unicode>
          </TextEquiv>
        </Word>
        <Word id="region0005_line0004_word0006" custom="readingOrder {index:6;}">
          <Coords points="1003,1499 896,1498 896,1535 900,1537 946,1529 1003,1533"/>
          <TextEquiv conf="0.9322132">
            <Unicode>helmes</Unicode>
          </TextEquiv>
        </Word>
        <Word id="region0005_line0004_word0007" custom="readingOrder {index:7;}">
          <Coords points="1059,1500 1010,1499 1010,1535 1018,1538 1039,1531 1056,1531 1059,1533"/>
          <TextEquiv conf="0.93222314">
            <Unicode>hat</Unicode>
          </TextEquiv>
        </Word>
        <Word id="region0005_line0004_word0008" custom="readingOrder {index:8;}">
          <Coords points="1194,1498 1068,1497 1068,1535 1115,1539 1142,1535 1191,1541 1194,1539"/>
          <TextEquiv conf="0.8046353">
            <Unicode>verhuͤllt,</Unicode>
          </TextEquiv>
        </Word>
        <TextEquiv>
          <Unicode>Daß ſich in dieſe laſt des helmes hat verhuͤllt,</Unicode>
        </TextEquiv>
      </TextLine>
      <TextLine id="region0005_line0005" custom="readingOrder {index:4;}">
        <Coords points="1289,1528 1277,1536 1246,1534 1237,1538 1196,1539 1191,1542 1142,1536 1115,1540 1062,1536 1056,1532 1039,1532 1018,1539 1006,1535 992,1536 956,1531 913,1534 900,1538 894,1535 867,1534 860,1529 847,1528 839,1533 824,1533 818,1536 784,1529 752,1538 743,1533 693,1534 689,1531 673,1530 667,1535 640,1530 632,1537 621,1536 617,1540 599,1535 519,1534 519,1578 592,1578 627,1574 635,1578 651,1575 656,1579 667,1575 672,1580 678,1580 692,1575 740,1578 754,1572 792,1573 797,1576 821,1574 843,1580 860,1578 874,1581 882,1578 920,1577 927,1573 947,1578 960,1576 966,1579 986,1575 1004,1575 1008,1578 1027,1576 1041,1582 1046,1579 1073,1579 1092,1574 1100,1579 1204,1581 1227,1583 1241,1587 1247,1583 1267,1581 1293,1580 1298,1584 1313,1584 1317,1581 1355,1577 1401,1578 1413,1568 1413,1540 1408,1535 1306,1535 1300,1529"/>
        <Baseline points="519,1570 1413,1568"/>
        <Word id="region0005_line0005_word0000" custom="readingOrder {index:0;}">
          <Coords points="526,1568 597,1569 597,1534 526,1534"/>
          <TextEquiv conf="0.9247234">
            <Unicode>Des</Unicode>
          </TextEquiv>
        </Word>
        <Word id="region0005_line0005_word0001" custom="readingOrder {index:1;}">
          <Coords points="607,1573 726,1574 726,1533 693,1534 689,1531 673,1530 667,1535 640,1530 632,1537 621,1536 617,1540 607,1537"/>
          <TextEquiv>
            <Unicode>Kaͤyſers</Unicode>
          </TextEquiv>
        </Word>
        <Word id="region0005_line0005_word0002" custom="readingOrder {index:2;}">
          <Coords points="772,1532 752,1538 743,1533 738,1533 738,1571 834,1572 835,1533 824,1533 818,1536 801,1532"/>
          <TextEquiv conf="0.92372376">
            <Unicode>tochter</Unicode>
          </TextEquiv>
        </Word>
        <Word id="region0005_line0005_word0003" custom="readingOrder {index:3;}">
          <Coords points="845,1532 844,1575 894,1576 894,1535 894,1535 867,1534 864,1532"/>
          <TextEquiv>
            <Unicode>ſey.</Unicode>
          </TextEquiv>
        </Word>
        <Word id="region0005_line0005_word0004" custom="readingOrder {index:4;}">
          <Coords points="940,1535 940,1571 996,1572 996,1536 993,1536 992,1536 991,1536"/>
          <TextEquiv conf="0.9241551">
            <Unicode>Ein</Unicode>
          </TextEquiv>
        </Word>
        <Word id="region0005_line0005_word0005" custom="readingOrder {index:5;}">
          <Coords points="1054,1578 1055,1536 1029,1535 1018,1539 1007,1535 1006,1577 1007,1577 1016,1577 1027,1576 1031,1578"/>
          <TextEquiv conf="0.93064356">
            <Unicode>reſt</Unicode>
          </TextEquiv>
        </Word>
        <Word id="region0005_line0005_word0006" custom="readingOrder {index:6;}">
          <Coords points="1072,1544 1125,1545 1125,1573 1072,1572"/>
          <TextEquiv conf="0.92398536">
            <Unicode>von</Unicode>
          </TextEquiv>
        </Word>
        <Word id="region0005_line0005_word0007" custom="readingOrder {index:7;}">
          <Coords points="1136,1541 1136,1572 1218,1573 1218,1542 1192,1542 1191,1542 1188,1542"/>
          <TextEquiv conf="0.92889667">
            <Unicode>denen</Unicode>
          </TextEquiv>
        </Word>
        <Word id="region0005_line0005_word0008" custom="readingOrder {index:8;}">
          <Coords points="1351,1539 1235,1538 1232,1538 1232,1579 1328,1579 1350,1577"/>
          <TextEquiv conf="0.9236158">
            <Unicode>zweigen</Unicode>
          </TextEquiv>
        </Word>
        <TextEquiv>
          <Unicode>Des Kaͤyſers tochter ſey. Ein reſt von denen zweigen</Unicode>
        </TextEquiv>
      </TextLine>
      <TextLine id="region0005_line0006" custom="readingOrder {index:5;}">
        <Coords points="1085,1575 1073,1580 1046,1580 1041,1583 1027,1577 1008,1579 1004,1576 986,1576 966,1580 960,1577 947,1579 927,1574 920,1578 882,1579 874,1582 863,1579 843,1581 821,1575 797,1577 792,1574 754,1573 740,1579 692,1576 678,1581 672,1581 667,1576 656,1580 651,1576 635,1579 627,1575 620,1575 611,1580 524,1578 519,1579 519,1619 742,1621 748,1628 758,1628 764,1621 771,1621 779,1627 792,1626 795,1623 812,1627 828,1622 901,1622 917,1623 925,1629 930,1628 938,1619 944,1619 950,1624 1126,1625 1146,1630 1152,1625 1235,1623 1240,1618 1240,1590 1227,1584 1100,1580 1092,1575"/>
        <Baseline points="519,1610 1240,1613"/>
        <Word id="region0005_line0006_word0000" custom="readingOrder {index:0;}">
          <Coords points="526,1580 526,1613 679,1614 679,1581 678,1581 678,1581 672,1581 672,1581"/>
          <TextEquiv conf="0.89411193">
            <Unicode>Mauritii,</Unicode>
          </TextEquiv>
        </Word>
        <Word id="region0005_line0006_word0001" custom="readingOrder {index:1;}">
          <Coords points="695,1584 741,1584 741,1615 695,1615"/>
          <TextEquiv conf="0.93073714">
            <Unicode>der</Unicode>
          </TextEquiv>
        </Word>
        <Word id="region0005_line0006_word0002" custom="readingOrder {index:2;}">
          <Coords points="796,1623 796,1581 751,1580 751,1622 762,1622 764,1621 771,1621 772,1622"/>
          <TextEquiv conf="0.92339486">
            <Unicode>ſich</Unicode>
          </TextEquiv>
        </Word>
        <Word id="region0005_line0006_word0003" custom="readingOrder {index:3;}">
          <Coords points="864,1584 807,1583 807,1623 823,1623 828,1622 864,1622"/>
          <TextEquiv conf="0.92187303">
            <Unicode>hier</Unicode>
          </TextEquiv>
        </Word>
        <Word id="region0005_line0006_word0004" custom="readingOrder {index:4;}">
          <Coords points="941,1580 879,1580 876,1581 876,1622 901,1622 917,1623 918,1624 933,1624 938,1619 941,1619"/>
          <TextEquiv conf="0.919175">
            <Unicode>muß</Unicode>
          </TextEquiv>
        </Word>
        <Word id="region0005_line0006_word0005" custom="readingOrder {index:5;}">
          <Coords points="951,1586 979,1586 979,1619 951,1619"/>
          <TextEquiv conf="0.9099696">
            <Unicode>in</Unicode>
          </TextEquiv>
        </Word>
        <Word id="region0005_line0006_word0006" custom="readingOrder {index:6;}">
          <Coords points="989,1585 1071,1586 1071,1620 989,1619"/>
          <TextEquiv conf="0.9099696">
            <Unicode>ketten</Unicode>
          </TextEquiv>
        </Word>
        <Word id="region0005_line0006_word0007" custom="readingOrder {index:7;}">
          <Coords points="1191,1584 1081,1583 1081,1624 1162,1624 1191,1624"/>
          <TextEquiv conf="0.93001294">
            <Unicode>beugen.</Unicode>
          </TextEquiv>
        </Word>
        <TextEquiv>
          <Unicode>Mauritii, der ſich hier muß in ketten beugen.</Unicode>
        </TextEquiv>
      </TextLine>
      <TextLine id="region0005_line0007" custom="readingOrder {index:6;}">
        <Coords points="938,1620 930,1629 923,1631 921,1638 913,1639 868,1639 867,1631 862,1626 778,1628 765,1635 755,1637 735,1636 725,1625 715,1625 709,1629 631,1627 626,1632 625,1660 631,1671 636,1674 677,1676 684,1673 692,1673 698,1677 757,1677 801,1683 811,1683 817,1679 842,1681 902,1681 911,1678 957,1681 1058,1679 1099,1681 1111,1678 1125,1679 1138,1684 1146,1679 1160,1680 1178,1675 1204,1677 1251,1675 1261,1677 1280,1673 1301,1676 1306,1673 1308,1666 1329,1666 1335,1661 1335,1633 1330,1628 1258,1625 1222,1628 1217,1624 1207,1623 1200,1628 1182,1632 1150,1635 1145,1630 1127,1627 1121,1634 1099,1636 1077,1636 1073,1633 1044,1636 1039,1625 1026,1624 1011,1637 961,1639 956,1629 944,1620"/>
        <Baseline points="628,1664 1123,1672 1335,1658"/>
        <Word id="region0005_line0007_word0000" custom="readingOrder {index:0;} textStyle {offset:0; length:5;italic:true; fontSize:0.0; kerning:0;}">
          <Coords points="681,1629 680,1666 770,1667 770,1631 765,1635 755,1637 735,1636 729,1629"/>
          <TextEquiv conf="0.90874666">
            <Unicode>Phoc.</Unicode>
          </TextEquiv>
        </Word>
        <Word id="region0005_line0007_word0001" custom="readingOrder {index:1;}">
          <Coords points="936,1621 930,1629 923,1631 921,1638 913,1639 868,1639 867,1631 862,1626 798,1627 798,1671 1012,1673 1012,1635 1011,1637 961,1639 956,1629 945,1621"/>
          <TextEquiv conf="0.9259502">
            <Unicode>(Heraclium</Unicode>
          </TextEquiv>
        </Word>
        <Word id="region0005_line0007_word0002" custom="readingOrder {index:2;}">
          <Coords points="1024,1628 1023,1676 1168,1677 1178,1675 1204,1677 1251,1675 1261,1677 1275,1674 1276,1631 1191,1629 1182,1632 1150,1635 1145,1630 1141,1629 1125,1629 1121,1634 1099,1636 1077,1636 1073,1633 1044,1636 1040,1628"/>
          <TextEquiv conf="0.87546176">
            <Unicode>betrachtende.)</Unicode>
          </TextEquiv>
        </Word>
        <TextEquiv>
          <Unicode>Phoc. (Heraclium betrachtende.)</Unicode>
        </TextEquiv>
      </TextLine>
      <TextLine id="region0005_line0008" custom="readingOrder {index:7;}">
        <Coords points="1343,1669 1335,1680 1291,1674 1261,1678 1178,1676 1160,1681 1146,1680 1138,1685 1125,1680 1111,1679 1099,1682 962,1680 944,1683 911,1679 901,1684 831,1683 817,1680 811,1684 801,1684 764,1681 757,1678 751,1678 746,1682 701,1682 692,1674 684,1674 677,1677 519,1672 519,1726 876,1726 903,1728 908,1733 920,1734 928,1728 1024,1722 1046,1726 1167,1725 1173,1730 1182,1730 1187,1725 1222,1722 1250,1723 1257,1730 1266,1730 1274,1724 1321,1727 1351,1731 1355,1734 1373,1734 1377,1731 1424,1735 1429,1732 1429,1682 1425,1677 1409,1676 1401,1679 1381,1673 1365,1682 1361,1671"/>
        <Baseline points="519,1716 1217,1712 1429,1723"/>
        <Word id="region0005_line0008_word0000" custom="readingOrder {index:0;}">
          <Coords points="525,1675 615,1676 615,1711 525,1710"/>
          <TextEquiv conf="0.92814416">
            <Unicode>Wie?</Unicode>
          </TextEquiv>
        </Word>
        <Word id="region0005_line0008_word0001" custom="readingOrder {index:1;}">
          <Coords points="637,1711 760,1712 760,1679 757,1678 751,1678 746,1682 701,1682 692,1674 684,1674 677,1677 637,1675"/>
          <TextEquiv conf="0.9140384">
            <Unicode>Traͤumt</Unicode>
          </TextEquiv>
        </Word>
        <Word id="region0005_line0008_word0002" custom="readingOrder {index:2;}">
          <Coords points="783,1710 838,1710 838,1683 831,1683 817,1680 811,1684 801,1684 783,1682"/>
          <TextEquiv conf="0.9322953">
            <Unicode>mir</Unicode>
          </TextEquiv>
        </Word>
        <Word id="region0005_line0008_word0003" custom="readingOrder {index:3;}">
          <Coords points="855,1717 1022,1719 1022,1680 962,1680 944,1683 911,1679 901,1684 855,1683"/>
          <TextEquiv conf="0.8418381">
            <Unicode>wachende?</Unicode>
          </TextEquiv>
        </Word>
        <Word id="region0005_line0008_word0004" custom="readingOrder {index:4;}">
          <Coords points="1051,1682 1123,1683 1123,1716 1051,1715"/>
          <TextEquiv conf="0.926647">
            <Unicode>Soll</Unicode>
          </TextEquiv>
        </Word>
        <Word id="region0005_line0008_word0005" custom="readingOrder {index:5;}">
          <Coords points="1144,1721 1189,1721 1189,1680 1163,1680 1160,1681 1146,1680 1144,1681"/>
          <TextEquiv conf="0.92703354">
            <Unicode>diß</Unicode>
          </TextEquiv>
        </Word>
        <Word id="region0005_line0008_word0006" custom="readingOrder {index:6;}">
          <Coords points="1211,1677 1211,1722 1222,1722 1289,1722 1289,1677 1268,1677 1261,1678 1219,1677"/>
          <TextEquiv conf="0.9291469">
            <Unicode>wohl</Unicode>
          </TextEquiv>
        </Word>
        <Word id="region0005_line0008_word0007" custom="readingOrder {index:7;}">
          <Coords points="1338,1676 1335,1680 1310,1677 1310,1726 1321,1727 1322,1727 1426,1728 1426,1678 1425,1677 1425,1677 1407,1677 1401,1679 1393,1677 1375,1677 1365,1682 1363,1676"/>
          <TextEquiv conf="0.87685317">
            <Unicode>moͤglich</Unicode>
          </TextEquiv>
        </Word>
        <TextEquiv>
          <Unicode>Wie? Traͤumt mir wachende? Soll diß wohl moͤglich</Unicode>
        </TextEquiv>
      </TextLine>
      <TextEquiv>
        <Unicode>Priſc. Halt groſſer Kaͤyſer, halt den mord⸗befehl zuruͤcke!
Schau, dieſes zarte kind verdient ein beſſer gluͤcke.
Denn eure Majeſtaͤt ſoll wiſſen, daß diß bild,
Daß ſich in dieſe laſt des helmes hat verhuͤllt,
Des Kaͤyſers tochter ſey. Ein reſt von denen zweigen
Mauritii, der ſich hier muß in ketten beugen.
Phoc. (Heraclium betrachtende.)
Wie? Traͤumt mir wachende? Soll diß wohl moͤglich</Unicode>
      </TextEquiv>
    </TextRegion>
    <TextRegion id="region0006" custom="readingOrder {index:2;}" orientation="-0.65372497" readingDirection="left-to-right">
      <Coords points="508,1723 1356,1723 1356,2080 508,2080"/>
      <TextLine id="region0006_line0001" custom="readingOrder {index:0;}">
        <Coords points="1017,1723 879,1724 878,1754 895,1763 932,1765 937,1768 952,1764 967,1770 1002,1758 1015,1760 1024,1755 1032,1756 1040,1752 1071,1753 1076,1748 1075,1724"/>
        <Baseline points="880,1755 971,1755 1076,1743"/>
        <Word id="region0006_line0001_word0000" custom="readingOrder {index:0;}">
          <Coords points="1020,1733 933,1732 932,1765 937,1768 952,1764 967,1770 1002,1758 1015,1760 1019,1757"/>
          <TextEquiv conf="0.9263919">
            <Unicode>ſeyn?</Unicode>
          </TextEquiv>
        </Word>
        <TextEquiv>
          <Unicode>ſeyn?</Unicode>
        </TextEquiv>
      </TextLine>
      <TextLine id="region0006_line0002" custom="readingOrder {index:1;}">
        <Coords points="852,1750 842,1755 837,1763 818,1764 813,1759 802,1759 796,1765 778,1764 771,1757 743,1757 731,1760 725,1756 715,1756 705,1761 691,1759 686,1763 644,1762 637,1759 611,1761 605,1755 596,1755 591,1759 582,1756 509,1756 508,1794 539,1798 547,1809 560,1805 571,1810 582,1807 595,1809 606,1804 634,1805 643,1801 716,1808 725,1802 732,1802 737,1806 758,1806 789,1801 799,1807 848,1806 859,1811 866,1802 890,1807 903,1803 984,1805 992,1801 997,1804 1027,1807 1057,1801 1066,1801 1078,1807 1088,1801 1131,1805 1159,1802 1173,1808 1212,1808 1218,1812 1246,1819 1253,1817 1269,1823 1291,1817 1356,1818 1356,1770 1329,1769 1314,1772 1309,1765 1298,1765 1292,1770 1286,1760 1234,1759 1214,1761 1194,1758 1186,1761 1166,1761 1149,1760 1145,1757 1106,1755 1100,1761 1095,1761 1088,1754 1078,1754 1070,1755 1061,1761 1058,1755 1047,1752 1032,1757 1024,1756 1015,1761 1002,1759 991,1765 978,1766 966,1771 952,1765 938,1769 932,1766 901,1765 880,1757 873,1759 863,1750"/>
        <Baseline points="508,1785 578,1796 1123,1793 1265,1808 1356,1809"/>
        <Word id="region0006_line0002_word0000" custom="readingOrder {index:0;}">
          <Coords points="584,1802 585,1761 525,1761 524,1796 539,1798 541,1802"/>
          <TextEquiv>
            <Unicode>Jch</Unicode>
          </TextEquiv>
        </Word>
        <Word id="region0006_line0002_word0001" custom="readingOrder {index:1;}">
          <Coords points="595,1760 594,1799 637,1800 638,1761 617,1761 611,1761 610,1760"/>
          <TextEquiv conf="0.92479646">
            <Unicode>ja!</Unicode>
          </TextEquiv>
        </Word>
        <Word id="region0006_line0002_word0002" custom="readingOrder {index:2;}">
          <Coords points="689,1760 686,1763 661,1762 660,1799 729,1800 730,1761 706,1761 705,1761 702,1761"/>
          <TextEquiv conf="0.9181128">
            <Unicode>mich</Unicode>
          </TextEquiv>
        </Word>
        <Word id="region0006_line0002_word0003" custom="readingOrder {index:3;}">
          <Coords points="834,1763 818,1764 813,1759 802,1759 796,1765 778,1764 771,1757 743,1757 733,1759 733,1802 737,1806 758,1806 789,1801 799,1807 834,1806"/>
          <TextEquiv conf="0.60800874">
            <Unicode>blendet</Unicode>
          </TextEquiv>
        </Word>
        <Word id="region0006_line0002_word0004" custom="readingOrder {index:4;}">
          <Coords points="852,1753 851,1807 856,1810 859,1810 866,1802 890,1807 903,1803 919,1803 919,1765 901,1765 880,1757 873,1759 866,1753"/>
          <TextEquiv conf="0.60800874">
            <Unicode>ſchon</Unicode>
          </TextEquiv>
        </Word>
        <Word id="region0006_line0002_word0005" custom="readingOrder {index:5;}">
          <Coords points="942,1768 941,1798 987,1799 988,1769 971,1768 966,1771 959,1768"/>
          <TextEquiv conf="0.9264088">
            <Unicode>der</Unicode>
          </TextEquiv>
        </Word>
        <Word id="word_1660639201005_3668" custom="readingOrder {index:6;}">
          <Coords points="1036,1756 1035,1756 1032,1757 1024,1756 1015,1761 1002,1759 997,1762 996,1803 997,1804 1027,1807 1057,1801 1066,1801 1078,1807 1088,1801 1131,1805 1159,1802 1166,1805 1224,1804 1225,1768 1174,1761 1166,1761 1149,1760 1145,1757 1105,1756 1100,1761 1095,1761 1090,1756 1068,1756 1061,1761 1058,1756"/>
          <TextEquiv>
            <Unicode>ſchoͤnheits⸗volle</Unicode>
          </TextEquiv>
        </Word>
        <Word id="region0006_line0002_word0008" custom="readingOrder {index:7;}">
          <Coords points="1243,1765 1242,1811 1345,1812 1345,1769 1329,1769 1314,1772 1309,1765 1297,1765 1292,1770 1289,1765"/>
          <TextEquiv conf="0.9219159">
            <Unicode>ſchein?</Unicode>
          </TextEquiv>
        </Word>
        <TextEquiv>
          <Unicode>Jch ja! mich blendet ſchon der ſchoͤnheits⸗volle ſchein?</Unicode>
        </TextEquiv>
      </TextLine>
      <TextLine id="region0006_line0003" custom="readingOrder {index:2;}">
        <Coords points="508,1795 509,1849 519,1850 575,1849 612,1853 632,1845 643,1849 688,1845 723,1850 744,1847 756,1851 764,1842 774,1842 781,1848 804,1846 824,1852 835,1846 846,1847 854,1843 860,1843 870,1849 881,1843 965,1847 977,1843 998,1848 1044,1847 1054,1854 1068,1849 1147,1854 1153,1849 1165,1849 1186,1859 1207,1853 1267,1858 1286,1857 1291,1853 1291,1831 1286,1826 1274,1826 1253,1818 1240,1819 1212,1809 1173,1809 1159,1803 1150,1803 1140,1808 1088,1802 1080,1808 1066,1802 1057,1802 1027,1808 997,1805 992,1802 984,1806 903,1804 890,1808 866,1803 864,1809 859,1812 848,1807 799,1808 789,1802 758,1807 737,1807 732,1803 725,1803 716,1809 643,1802 634,1806 606,1805 595,1810 582,1808 576,1811 560,1806 547,1810 539,1799"/>
        <Baseline points="509,1842 926,1835 1291,1848"/>
        <Word id="region0006_line0003_word0000" custom="readingOrder {index:0;}">
          <Coords points="522,1802 522,1846 590,1847 590,1809 582,1808 576,1811 560,1806 547,1810 541,1802"/>
          <TextEquiv>
            <Unicode>Wie</Unicode>
          </TextEquiv>
        </Word>
        <Word id="region0006_line0003_word0001" custom="readingOrder {index:1;}">
          <Coords points="603,1807 603,1847 626,1847 632,1845 639,1848 656,1848 688,1845 714,1849 731,1849 736,1848 736,1809 716,1809 716,1809 712,1809"/>
          <TextEquiv conf="0.91388994">
            <Unicode>huldreich</Unicode>
          </TextEquiv>
        </Word>
        <Word id="region0006_line0003_word0002" custom="readingOrder {index:2;}">
          <Coords points="763,1806 758,1807 746,1807 746,1848 753,1850 757,1850 764,1842 774,1842 781,1848 804,1846 821,1851 826,1851 835,1846 846,1847 854,1843 860,1843 870,1849 881,1843 895,1844 895,1808 890,1808 890,1808 890,1808 864,1808 864,1809 859,1812 849,1807 837,1807 799,1808 797,1807"/>
          <TextEquiv conf="0.92810464">
            <Unicode>glaͤntzet</Unicode>
          </TextEquiv>
        </Word>
        <Word id="region0006_line0003_word0003" custom="readingOrder {index:3;}">
          <Coords points="900,1805 890,1808 866,1803 864,1809 864,1809 863,1845 870,1849 881,1843 899,1844"/>
          <TextEquiv conf="0.91951674">
            <Unicode>ſie</Unicode>
          </TextEquiv>
        </Word>
        <Word id="region0006_line0003_word0004" custom="readingOrder {index:4;}">
          <Coords points="903,1814 932,1814 932,1843 903,1843"/>
          <TextEquiv conf="0.9312147">
            <Unicode>in</Unicode>
          </TextEquiv>
        </Word>
        <Word id="region0006_line0003_word0005" custom="readingOrder {index:5;}">
          <Coords points="1041,1812 943,1811 943,1845 965,1847 977,1843 998,1848 1041,1847"/>
          <TextEquiv conf="0.6427548">
            <Unicode>dieſem</Unicode>
          </TextEquiv>
        </Word>
        <Word id="region0006_line0003_word0006" custom="readingOrder {index:6;}">
          <Coords points="1134,1813 1052,1813 1052,1852 1054,1854 1068,1849 1134,1853"/>
          <TextEquiv conf="0.9301703">
            <Unicode>hellen</Unicode>
          </TextEquiv>
        </Word>
        <Word id="region0006_line0003_word0007" custom="readingOrder {index:7;}">
          <Coords points="1145,1811 1145,1853 1147,1854 1153,1849 1165,1849 1180,1856 1194,1856 1207,1853 1237,1855 1237,1817 1219,1811"/>
          <TextEquiv conf="0.92841005">
            <Unicode>ſtahle,</Unicode>
          </TextEquiv>
        </Word>
        <TextEquiv>
          <Unicode>Wie huldreich glaͤntzet ſie in dieſem hellen ſtahle,</Unicode>
        </TextEquiv>
      </TextLine>
      <TextLine id="region0006_line0004" custom="readingOrder {index:3;}">
        <Coords points="977,1844 965,1848 881,1844 870,1850 860,1844 854,1844 846,1848 835,1847 824,1853 804,1847 781,1849 774,1843 764,1843 756,1852 744,1848 723,1851 688,1846 643,1850 632,1846 612,1854 575,1850 509,1850 508,1893 582,1894 615,1892 637,1896 659,1890 686,1895 697,1888 706,1891 711,1888 754,1894 782,1886 799,1890 805,1886 856,1893 874,1887 936,1889 973,1886 980,1894 987,1896 1005,1889 1019,1892 1063,1890 1095,1899 1108,1894 1127,1893 1148,1901 1197,1900 1203,1904 1213,1904 1294,1903 1308,1890 1308,1862 1304,1857 1239,1859 1236,1856 1224,1857 1207,1854 1186,1860 1165,1850 1153,1850 1147,1855 1068,1850 1054,1855 1038,1848 998,1849"/>
        <Baseline points="508,1884 926,1877 1305,1893"/>
        <Word id="region0006_line0004_word0000" custom="readingOrder {index:0;}">
          <Coords points="522,1852 521,1888 613,1890 614,1854 612,1854 612,1854 611,1854"/>
          <TextEquiv>
            <Unicode>Mein</Unicode>
          </TextEquiv>
        </Word>
        <Word id="region0006_line0004_word0001" custom="readingOrder {index:1;}">
          <Coords points="692,1851 627,1851 626,1893 648,1893 659,1890 675,1893 689,1893 691,1891"/>
          <TextEquiv conf="0.92875916">
            <Unicode>hertz</Unicode>
          </TextEquiv>
        </Word>
        <Word id="region0006_line0004_word0002" custom="readingOrder {index:2;}">
          <Coords points="702,1849 701,1889 706,1891 711,1888 734,1891 762,1891 782,1886 799,1890 805,1886 840,1890 841,1850 829,1849 824,1853 813,1849 758,1849 756,1852 747,1849 735,1849 723,1851 709,1849"/>
          <TextEquiv conf="0.9266165">
            <Unicode>entzuͤndet</Unicode>
          </TextEquiv>
        </Word>
        <Word id="region0006_line0004_word0003" custom="readingOrder {index:3;}">
          <Coords points="899,1855 851,1854 850,1892 856,1893 874,1887 898,1887"/>
          <TextEquiv conf="0.930237">
            <Unicode>ſich</Unicode>
          </TextEquiv>
        </Word>
        <Word id="region0006_line0004_word0004" custom="readingOrder {index:4;}">
          <Coords points="905,1860 960,1860 960,1887 905,1887"/>
          <TextEquiv conf="0.92735213">
            <Unicode>von</Unicode>
          </TextEquiv>
        </Word>
        <Word id="region0006_line0004_word0005" custom="readingOrder {index:5;}">
          <Coords points="1045,1855 970,1855 969,1886 973,1886 980,1894 987,1896 1005,1889 1019,1892 1044,1890"/>
          <TextEquiv conf="0.92559224">
            <Unicode>ihrer</Unicode>
          </TextEquiv>
        </Word>
        <Word id="region0006_line0004_word0006" custom="readingOrder {index:6;}">
          <Coords points="1139,1897 1139,1864 1053,1863 1053,1890 1063,1890 1085,1896 1101,1896 1108,1894 1127,1893 1137,1896"/>
          <TextEquiv conf="0.9312199">
            <Unicode>augen</Unicode>
          </TextEquiv>
        </Word>
        <Word id="region0006_line0004_word0007" custom="readingOrder {index:7;}">
          <Coords points="1151,1855 1150,1899 1256,1900 1256,1858 1239,1859 1236,1856 1224,1857 1216,1855 1201,1855 1186,1860 1175,1855"/>
          <TextEquiv conf="0.7778002">
            <Unicode>ſtrahle.</Unicode>
          </TextEquiv>
        </Word>
        <TextEquiv>
          <Unicode>Mein hertz entzuͤndet ſich von ihrer augen ſtrahle.</Unicode>
        </TextEquiv>
      </TextLine>
      <TextLine id="region0006_line0005" custom="readingOrder {index:4;}">
        <Coords points="960,1886 950,1891 874,1888 856,1894 822,1892 815,1887 805,1887 799,1891 782,1887 772,1892 759,1892 754,1895 711,1889 706,1892 697,1889 686,1896 669,1891 637,1897 615,1893 582,1895 508,1894 509,1936 582,1938 586,1942 592,1942 622,1934 639,1937 682,1936 784,1931 791,1928 841,1928 865,1925 875,1926 880,1930 903,1929 912,1936 960,1931 964,1935 1043,1938 1049,1943 1076,1936 1115,1939 1122,1942 1138,1938 1155,1938 1160,1942 1195,1944 1201,1947 1213,1944 1263,1947 1269,1942 1268,1915 1240,1905 1203,1905 1197,1901 1169,1900 1148,1902 1127,1894 1108,1895 1095,1900 1072,1896 1063,1891 1053,1891 1045,1894 1037,1891 1019,1893 1005,1890 987,1897 980,1895 973,1887"/>
        <Baseline points="508,1929 823,1919 1268,1936"/>
        <Word id="region0006_line0005_word0000" custom="readingOrder {index:0;}">
          <Coords points="611,1893 582,1895 520,1894 520,1931 667,1933 667,1894 653,1893 637,1897 616,1893"/>
          <TextEquiv conf="0.91724133">
            <Unicode>Wohlan!</Unicode>
          </TextEquiv>
        </Word>
        <Word id="region0006_line0005_word0001" custom="readingOrder {index:1;}">
          <Coords points="690,1893 689,1894 689,1925 850,1926 865,1925 867,1925 867,1895 756,1893 754,1895 744,1893"/>
          <TextEquiv conf="0.92219216">
            <Unicode>Mauritium</Unicode>
          </TextEquiv>
        </Word>
        <Word id="region0006_line0005_word0002" custom="readingOrder {index:2;}">
          <Coords points="877,1892 877,1927 880,1930 903,1929 911,1935 918,1935 960,1931 964,1935 990,1935 990,1895 987,1897 980,1895 978,1892"/>
          <TextEquiv conf="0.9289001">
            <Unicode>begrabe</Unicode>
          </TextEquiv>
        </Word>
        <Word id="region0006_line0005_word0003" custom="readingOrder {index:3;}">
          <Coords points="1007,1895 1007,1937 1043,1938 1045,1939 1062,1940 1076,1936 1088,1937 1088,1899 1072,1896 1072,1896"/>
          <TextEquiv conf="0.9253917">
            <Unicode>dieſer</Unicode>
          </TextEquiv>
        </Word>
        <Word id="region0006_line0005_word0004" custom="readingOrder {index:4;}">
          <Coords points="1104,1897 1104,1938 1137,1938 1138,1938 1155,1938 1156,1938 1210,1939 1210,1905 1203,1905 1197,1901 1169,1900 1148,1902 1136,1897"/>
          <TextEquiv conf="0.9221155">
            <Unicode>thurm,</Unicode>
          </TextEquiv>
        </Word>
        <TextEquiv>
          <Unicode>Wohlan! Mauritium begrabe dieſer thurm,</Unicode>
        </TextEquiv>
      </TextLine>
      <TextLine id="region0006_line0006" custom="readingOrder {index:5;}">
        <Coords points="865,1926 841,1929 791,1929 781,1936 745,1933 741,1936 673,1941 640,1940 632,1935 613,1936 606,1940 591,1943 585,1943 582,1939 509,1937 508,1967 528,1969 543,1977 572,1983 605,1980 609,1986 621,1988 635,1983 668,1981 684,1985 693,1979 726,1981 737,1976 752,1979 782,1976 793,1982 811,1975 826,1979 833,1976 888,1981 907,1978 914,1974 930,1974 935,1978 998,1982 1025,1978 1035,1983 1047,1984 1069,1982 1116,1984 1122,1980 1132,1980 1134,1988 1147,1984 1172,1986 1202,1983 1209,1988 1222,1991 1284,1990 1289,1985 1288,1958 1284,1955 1267,1954 1258,1948 1213,1945 1201,1948 1195,1945 1160,1943 1155,1939 1138,1939 1122,1943 1083,1937 1049,1944 1043,1939 964,1936 960,1932 912,1937 903,1930 880,1931 875,1927"/>
        <Baseline points="508,1960 590,1973 902,1967 1289,1980"/>
        <Word id="region0006_line0006_word0000" custom="readingOrder {index:0;}">
          <Coords points="565,1972 565,1938 518,1937 518,1968 528,1969 532,1971"/>
          <TextEquiv>
            <Unicode>Jn</Unicode>
          </TextEquiv>
        </Word>
        <Word id="region0006_line0006_word0001" custom="readingOrder {index:1;}">
          <Coords points="576,1977 660,1978 660,1940 640,1940 632,1935 613,1936 606,1940 591,1943 585,1943 582,1939 576,1938"/>
          <TextEquiv conf="0.92330337">
            <Unicode>deſſen</Unicode>
          </TextEquiv>
        </Word>
        <Word id="region0006_line0006_word0002" custom="readingOrder {index:2;}">
          <Coords points="779,1940 697,1939 674,1940 674,1977 733,1977 737,1976 745,1977 763,1977 778,1976"/>
          <TextEquiv conf="0.9204701">
            <Unicode>grunde</Unicode>
          </TextEquiv>
        </Word>
        <Word id="region0006_line0006_word0003" custom="readingOrder {index:3;}">
          <Coords points="835,1935 789,1935 788,1979 789,1980 798,1980 811,1975 826,1979 833,1976 834,1976"/>
          <TextEquiv conf="0.93154633">
            <Unicode>ſich</Unicode>
          </TextEquiv>
        </Word>
        <Word id="region0006_line0006_word0004" custom="readingOrder {index:4;}">
          <Coords points="847,1932 846,1977 907,1977 914,1974 922,1974 922,1935 912,1937 906,1932"/>
          <TextEquiv conf="0.775022">
            <Unicode>kuͤhlt</Unicode>
          </TextEquiv>
        </Word>
        <Word id="region0006_line0006_word0005" custom="readingOrder {index:5;}">
          <Coords points="932,1938 966,1939 965,1974 931,1973"/>
          <TextEquiv conf="0.92863876">
            <Unicode>ab</Unicode>
          </TextEquiv>
        </Word>
        <Word id="region0006_line0006_word0006" custom="readingOrder {index:6;}">
          <Coords points="977,1942 1024,1942 1023,1974 976,1974"/>
          <TextEquiv conf="0.9283118">
            <Unicode>der</Unicode>
          </TextEquiv>
        </Word>
        <Word id="region0006_line0006_word0007" custom="readingOrder {index:7;}">
          <Coords points="1033,1940 1032,1975 1129,1976 1130,1941 1122,1943 1107,1940 1066,1940 1049,1944 1044,1940"/>
          <TextEquiv conf="0.9182318">
            <Unicode>wellen</Unicode>
          </TextEquiv>
        </Word>
        <Word id="region0006_line0006_word0008" custom="readingOrder {index:8;}">
          <Coords points="1137,1941 1136,1983 1195,1983 1202,1983 1202,1983 1230,1984 1230,1946 1213,1945 1201,1948 1195,1945 1160,1943 1157,1941"/>
          <TextEquiv conf="0.91945183">
            <Unicode>ſturm,</Unicode>
          </TextEquiv>
        </Word>
        <TextEquiv>
          <Unicode>Jn deſſen grunde ſich kuͤhlt ab der wellen ſturm,</Unicode>
        </TextEquiv>
      </TextLine>
      <TextLine id="region0006_line0007" custom="readingOrder {index:6;}">
        <Coords points="508,1968 509,2010 525,2011 536,2018 540,2016 549,2026 573,2024 590,2028 631,2021 639,2025 665,2022 674,2026 689,2023 714,2026 729,2022 742,2027 747,2024 780,2023 790,2020 801,2020 806,2023 841,2023 860,2022 865,2019 909,2020 915,2023 924,2019 933,2019 943,2024 970,2021 1000,2030 1016,2024 1044,2028 1162,2029 1167,2026 1184,2025 1196,2030 1223,2030 1231,2035 1298,2035 1304,2030 1304,2003 1299,1998 1274,1997 1257,1991 1222,1992 1209,1989 1202,1984 1172,1987 1147,1985 1134,1989 1132,1981 1122,1981 1116,1985 1069,1983 1036,1985 1025,1979 998,1983 935,1979 930,1975 914,1975 907,1979 888,1982 833,1977 826,1980 811,1976 793,1983 782,1977 757,1980 737,1977 727,1982 693,1980 684,1986 668,1982 635,1984 621,1989 609,1987 605,1981 572,1984 543,1978 528,1970"/>
        <Baseline points="509,2003 556,2015 934,2012 1304,2025"/>
        <Word id="region0006_line0007_word0000" custom="readingOrder {index:0;}">
          <Coords points="517,1974 517,2010 525,2011 533,2016 539,2016 540,2016 540,2016 579,2017 579,1983 572,1984 543,1978 536,1974"/>
          <TextEquiv>
            <Unicode>Jbe</Unicode>
          </TextEquiv>
        </Word>
        <Word id="region0006_line0007_word0001" custom="readingOrder {index:1;}">
          <Coords points="593,1982 592,1982 592,2022 622,2022 631,2021 634,2022 658,2022 665,2022 667,2022 676,2023 676,1984 671,1982 655,1982 635,1984 621,1989 609,1987 605,1982"/>
          <TextEquiv conf="0.8398271">
            <Unicode>freyet</Unicode>
          </TextEquiv>
        </Word>
        <Word id="region0006_line0007_word0002" custom="readingOrder {index:2;}">
          <Coords points="692,1980 689,1982 689,2021 773,2022 773,1981 730,1980 727,1982 694,1980"/>
          <TextEquiv conf="0.9306327">
            <Unicode>dieſes</Unicode>
          </TextEquiv>
        </Word>
        <Word id="region0006_line0007_word0003" custom="readingOrder {index:3;}">
          <Coords points="785,1982 785,2016 841,2016 841,1982 795,1982 793,1983 791,1982"/>
          <TextEquiv conf="0.93121415">
            <Unicode>bild</Unicode>
          </TextEquiv>
        </Word>
        <Word id="region0006_line0007_word0004" custom="readingOrder {index:4;}">
          <Coords points="849,1987 905,1988 905,2015 849,2014"/>
          <TextEquiv conf="0.9301761">
            <Unicode>von</Unicode>
          </TextEquiv>
        </Word>
        <Word id="region0006_line0007_word0005" custom="readingOrder {index:5;}">
          <Coords points="915,1980 915,2023 924,2019 933,2019 943,2024 970,2021 982,2024 1009,2025 1009,1981 998,1983 957,1980"/>
          <TextEquiv conf="0.923911">
            <Unicode>ketten,</Unicode>
          </TextEquiv>
        </Word>
        <Word id="region0006_line0007_word0006" custom="readingOrder {index:6;}">
          <Coords points="1028,1983 1028,2019 1084,2020 1084,1984 1059,1983 1036,1985 1032,1983"/>
          <TextEquiv conf="0.9317896">
            <Unicode>band</Unicode>
          </TextEquiv>
        </Word>
        <Word id="region0006_line0007_word0007" custom="readingOrder {index:7;}">
          <Coords points="1119,1982 1116,1985 1099,1984 1099,2018 1153,2019 1153,1985 1147,1985 1134,1989 1132,1982"/>
          <TextEquiv conf="0.88161397">
            <Unicode>und</Unicode>
          </TextEquiv>
        </Word>
        <Word id="region0006_line0007_word0008" custom="readingOrder {index:8;}">
          <Coords points="1189,1985 1172,1987 1162,1986 1162,2026 1167,2026 1167,2026 1184,2025 1187,2026 1243,2027 1243,1991 1222,1992 1209,1989 1204,1986"/>
          <TextEquiv conf="0.86639833">
            <Unicode>eiſen,</Unicode>
          </TextEquiv>
        </Word>
        <TextEquiv>
          <Unicode>Jbe freyet dieſes bild von ketten, band und eiſen,</Unicode>
        </TextEquiv>
      </TextLine>
      <TextLine id="region0006_line0008" custom="readingOrder {index:7;}">
        <Coords points="509,2011 508,2070 531,2074 543,2071 611,2072 618,2079 628,2079 634,2072 640,2072 645,2077 654,2077 660,2072 673,2071 811,2070 852,2075 858,2071 905,2070 944,2072 950,2079 962,2080 968,2074 996,2075 1001,2079 1012,2079 1019,2075 1043,2077 1056,2075 1098,2074 1132,2075 1136,2079 1166,2076 1169,2080 1186,2080 1195,2075 1282,2076 1287,2071 1287,2049 1282,2044 1260,2044 1258,2036 1254,2034 1231,2036 1223,2031 1196,2031 1184,2026 1167,2027 1160,2031 1044,2029 1016,2025 1000,2031 970,2022 950,2025 938,2024 933,2020 915,2024 909,2021 887,2024 865,2020 858,2024 819,2026 790,2021 780,2024 747,2025 742,2028 729,2023 714,2027 689,2024 684,2027 674,2027 665,2023 639,2026 631,2022 588,2029 573,2025 549,2027 540,2017 536,2019 525,2012"/>
        <Baseline points="508,2061 1287,2067"/>
        <Word id="region0006_line0008_word0000" custom="readingOrder {index:0;}">
          <Coords points="515,2016 514,2064 580,2065 580,2027 573,2025 549,2027 540,2017 536,2019 531,2016"/>
          <TextEquiv>
            <Unicode>Und</Unicode>
          </TextEquiv>
        </Word>
        <Word id="region0006_line0008_word0001" custom="readingOrder {index:1;}">
          <Coords points="610,2025 592,2028 591,2069 639,2070 640,2026 639,2026 639,2026 639,2026"/>
          <TextEquiv conf="0.9070819">
            <Unicode>laſt</Unicode>
          </TextEquiv>
        </Word>
        <Word id="region0006_line0008_word0002" custom="readingOrder {index:2;}">
          <Coords points="649,2027 679,2027 678,2068 648,2068"/>
          <TextEquiv conf="0.90469587">
            <Unicode>ſie</Unicode>
          </TextEquiv>
        </Word>
        <Word id="region0006_line0008_word0003" custom="readingOrder {index:3;}">
          <Coords points="690,2029 718,2030 717,2064 689,2063"/>
          <TextEquiv conf="0.9090812">
            <Unicode>in</Unicode>
          </TextEquiv>
        </Word>
        <Word id="region0006_line0008_word0004" custom="readingOrder {index:4;}">
          <Coords points="730,2028 777,2028 776,2064 729,2064"/>
          <TextEquiv conf="0.92543375">
            <Unicode>der</Unicode>
          </TextEquiv>
        </Word>
        <Word id="region0006_line0008_word0005" custom="readingOrder {index:5;}">
          <Coords points="788,2027 855,2027 854,2068 787,2068"/>
          <TextEquiv conf="0.9238987">
            <Unicode>burg</Unicode>
          </TextEquiv>
        </Word>
        <Word id="region0006_line0008_word0006" custom="readingOrder {index:6;}">
          <Coords points="865,2027 910,2028 909,2065 864,2064"/>
          <TextEquiv conf="0.6692387">
            <Unicode>ins</Unicode>
          </TextEquiv>
        </Word>
        <Word id="region0006_line0008_word0007" custom="readingOrder {index:7;}">
          <Coords points="922,2025 921,2071 944,2072 944,2072 988,2073 989,2028 983,2026"/>
          <TextEquiv conf="0.9316486">
            <Unicode>beſte</Unicode>
          </TextEquiv>
        </Word>
        <Word id="region0006_line0008_word0008" custom="readingOrder {index:8;}">
          <Coords points="1003,2030 1116,2031 1115,2073 1002,2072"/>
          <TextEquiv>
            <Unicode>zimmer</Unicode>
          </TextEquiv>
        </Word>
        <Word id="region0006_line0008_word0009" custom="readingOrder {index:9;}">
          <Coords points="1162,2030 1160,2031 1126,2030 1125,2074 1194,2075 1195,2075 1229,2075 1230,2035 1223,2031 1196,2031 1194,2030"/>
          <TextEquiv conf="0.56449896">
            <Unicode>weiſen.</Unicode>
          </TextEquiv>
        </Word>
        <TextEquiv>
          <Unicode>Und laſt ſie in der burg ins beſte zimmer weiſen.</Unicode>
        </TextEquiv>
      </TextLine>
      <TextEquiv>
        <Unicode>ſeyn?
Jch ja! mich blendet ſchon der ſchoͤnheits⸗volle ſchein?
Wie huldreich glaͤntzet ſie in dieſem hellen ſtahle,
Mein hertz entzuͤndet ſich von ihrer augen ſtrahle.
Wohlan! Mauritium begrabe dieſer thurm,
Jn deſſen grunde ſich kuͤhlt ab der wellen ſturm,
Jbe freyet dieſes bild von ketten, band und eiſen,
Und laſt ſie in der burg ins beſte zimmer weiſen.</Unicode>
      </TextEquiv>
    </TextRegion>
  </Page>
</PcGts>
