2479 2725
273 419 380 462 wird,
415 426 474 457 vor
494 422 564 456 dem
593 430 667 459 man
678 422 752 467 noch
772 425 861 461 einen
879 428 995 463 andern
1009 426 1145 463 kleinern
1159 429 1268 473 weiſen
1287 428 1411 475 Flecken
1430 429 1541 479 ſiehet,

274 474 330 506 der
346 469 449 515 ſeinen
459 471 623 516 Urſprung
640 470 720 517 ganz
737 473 817 521 nahe
830 484 888 510 am
906 475 1012 519 Kopfe
1024 481 1088 511 aus
1105 487 1225 520 zweyen
1243 480 1353 522 weiſen
1371 479 1537 525 kappigen,

270 517 425 561 ſchmalen
445 515 547 555 Linien
570 523 642 556 oder
666 517 911 560 Seitenborden
939 527 992 558 der
1017 533 1047 565 3.
1063 521 1240 570 voͤrderſten
1264 523 1388 576 Abſaͤtze
1406 526 1536 565 nimmt.

272 570 390 613 Durch
434 574 483 608 die
526 572 632 613 Mitte
668 574 744 610 aller
780 571 905 625 Abſaͤtze
941 579 996 613 des
1029 575 1208 617 Ruͤckens
1239 580 1320 620 lauft
1351 581 1419 617 eine
1451 588 1533 624 ganz

270 616 400 661 ſchmale
416 619 525 655 dunkle
541 619 639 657 Linie:
663 619 744 657 oben
765 622 827 666 auf
838 624 894 659 der
909 624 1014 662 Mitte
1027 628 1086 660 des
1109 631 1179 667 3ten
1199 627 1341 668 Abſatzes
1357 628 1430 664 aber
1438 635 1536 667 raget

270 664 320 690 ein
336 668 414 701 ganz
431 663 610 703 beſonderer
622 663 913 707 zimmetbrauner,
930 664 1045 710 ſpitzig
1063 668 1128 700 und
1148 657 1307 703 vorwaͤrts
1326 660 1536 715 gekruͤmmter

267 709 363 761 Theil
382 722 513 756 hervor,
540 711 627 756 auſer
641 712 774 757 welchen
792 714 868 757 auch
884 714 1075 765 zuhinterſt,
1109 718 1172 761 auf
1182 721 1252 756 dem
1275 710 1368 764 lezten
1387 718 1532 768 Abſatze,

267 760 334 804 (wo
348 758 427 804 ſonſt
444 760 499 804 bey
520 766 637 799 andern
659 762 800 806 Raupen
818 764 867 799 die
888 765 1077 811 ſogenannte
1098 765 1374 816 Schwanzklappe
1401 770 1455 814 ſich
1479 781 1531 808 en⸗

264 807 336 852 digt
367 809 430 842 und
449 814 543 844 unter
570 809 696 855 welcher
723 811 781 857 ſich
796 810 951 859 dieienige
972 811 1132 860 Oefnung
1145 813 1260 860 zeiget,
1293 818 1439 862 wodurch
1476 818 1532 862 ſich

260 858 334 894 eine
351 857 468 901 Raupe
485 859 571 907 ihres
589 858 731 908 Unraths
753 861 922 909 entledigt,
953 862 1009 900 die
1022 873 1108 908 zwar
1125 866 1199 909 auch
1214 867 1270 912 bey
1284 867 1379 909 dieſer
1392 874 1532 912 zugegen

266 902 325 949 iſt,
350 905 413 941 und
432 906 599 953 unterhalb
613 909 712 944 deren
724 910 805 954 auch
827 908 909 953 ſonſt
921 912 985 947 das
1010 910 1160 948 bekannte
1185 914 1280 957 Paar
1295 912 1533 961 Nachſchieber⸗

263 949 360 1000 fuͤße,
387 953 436 988 die
447 955 560 999 unſere
571 954 693 998 Raupe
719 960 764 1008 gar
791 953 878 1006 nicht
900 958 1108 1004 aufzuweiſen
1129 961 1207 1008 hat,
1241 961 1352 1007 ſtehet)
1375 962 1454 1006 noch
1481 964 1532 1000 ein

263 1001 453 1049 dergleichen
463 1000 739 1053 ungewoͤhnlicher
750 1008 813 1049 wie
823 1009 897 1046 eine
903 1007 1094 1058 Stielſpitze
1102 1011 1269 1053 gebildeter
1280 1010 1396 1060 Theil,
1415 1012 1533 1059 gleich⸗

259 1051 329 1095 ſam
333 1048 385 1098 als
401 1052 448 1089 ein
462 1053 579 1090 kleines
597 1048 839 1102 Schwänzgen,
848 1055 942 1104 ſehen
963 1054 1057 1105 laͤßet.
1093 1059 1198 1104 Dieſe
1210 1057 1528 1106 Schwanzſpitze

260 1097 302 1140 iſt
323 1094 451 1144 roͤthlich
466 1092 581 1141 braun,
597 1104 661 1137 und
670 1105 741 1138 von
753 1105 818 1138 den
827 1101 1039 1149 ſogenannten
1053 1101 1236 1152 Hoͤrnlein,
1259 1112 1338 1146 oder
1346 1108 1532 1152 Schwanz⸗

257 1144 367 1192 ſpitzen
390 1147 442 1180 der
452 1144 587 1196 meiſten
579 1145 722 1189 Raupen
729 1153 797 1184 von
805 1152 865 1184 der
865 1152 933 1185 1ten
948 1147 1046 1193 Claße
1054 1150 1181 1198 (wohin
1189 1153 1266 1197 dieſe
1275 1151 1363 1197 nicht
1369 1144 1531 1202 gehoͤret),

255 1195 416 1230 darinnen
425 1194 671 1240 unterſchieden,
686 1197 753 1239 daß
766 1198 807 1241 ſie
823 1199 906 1242 nicht
915 1199 1064 1242 krumm,
1089 1201 1223 1242 ſondern
1240 1204 1350 1247 gerade
1367 1203 1424 1247 iſt,
1449 1203 1527 1247 auch

257 1241 345 1285 nicht
364 1240 483 1288 hinten,
506 1245 567 1278 oder
579 1243 661 1280 oben
681 1246 736 1287 auf
752 1248 807 1281 dem
823 1246 925 1291 lezten
932 1246 1079 1295 Abſatze,
1088 1248 1217 1290 ſondern
1226 1250 1314 1293 tiefer
1328 1253 1394 1287 und
1408 1261 1449 1288 an
1458 1256 1530 1289 dem

258 1292 345 1332 Orte
360 1292 468 1342 ſtehet,
483 1302 531 1333 wo
544 1295 629 1339 ſonſt
642 1297 694 1334 die
709 1295 985 1345 Schwanzklappe
1002 1308 1039 1345 zu
1057 1300 1148 1339 Ende
1165 1303 1259 1346 lauft.

395 1384 576 1432 Uebrigens
584 1384 660 1437 hat
655 1379 711 1438 ſie
715 1398 753 1431 3.
766 1388 869 1434 Paar
884 1388 1005 1439 ſpitzige
1016 1385 1167 1431 Voͤrder⸗
1179 1394 1244 1430 und
1268 1405 1303 1438 4.
1317 1393 1413 1437 Paar
1426 1394 1527 1437 ſtum⸗

253 1434 308 1476 pfe
323 1432 581 1480 Bauchfuͤße,
607 1440 712 1472 davon
729 1438 797 1475 iene
816 1439 882 1474 eine
895 1438 1093 1486 braͤunliche,
1117 1441 1197 1485 dieſe
1210 1444 1302 1485 aber,
1338 1443 1455 1491 ſowohl
1468 1446 1524 1482 als

251 1483 311 1520 die
311 1485 424 1522 untere
448 1479 538 1534 Seite
553 1489 605 1524 der
614 1481 762 1536 Abſaͤtze,
788 1488 858 1526 eine
864 1487 1026 1536 blaßgelbe
1041 1492 1109 1528 oder
1111 1483 1198 1544 helle
1205 1483 1398 1546 Sandfarbe
1413 1492 1525 1543 haben.

815 1567 862 1619 §.
905 1585 943 1622 4.

393 1674 499 1715 Unter
508 1676 564 1714 die
572 1676 745 1724 beſondern
761 1671 1007 1727 Eigenſchaften
1025 1683 1127 1729 dieſer
1146 1684 1269 1728 Raupe
1290 1679 1419 1732 gehoͤret
1439 1684 1519 1732 auch

249 1726 302 1763 die
317 1726 457 1771 ſeltſame
471 1723 691 1776 Stellung,
713 1726 825 1773 welche
834 1730 881 1772 ſie
897 1731 1077 1777 annimmt,
1109 1734 1214 1777 ſobald
1226 1744 1302 1772 man
1315 1738 1353 1779 ſie
1369 1736 1516 1782 betaſtet,

250 1774 317 1808 und
333 1773 381 1808 die
396 1772 447 1818 ich
458 1774 531 1815 Fig.
549 1783 582 1813 2.
597 1770 776 1822 abgebildet
785 1778 881 1826 habe.
931 1777 1005 1818 Sie
1021 1780 1125 1827 ahmet
1138 1781 1172 1816 in
1189 1782 1303 1824 dieſem
1320 1780 1447 1822 Stuͤcke
1461 1788 1515 1821 der

255 1812 488 1866 Weidenraupe
506 1812 524 1839 *
533 1821 632 1865 nach,
658 1822 748 1867 hebet
763 1827 821 1862 den
839 1821 1032 1863 Voͤrderleib
1048 1829 1112 1863 und
1126 1826 1194 1871 ihre
1210 1840 1241 1870 3.
1258 1827 1355 1872 Paar
1373 1828 1517 1877 ſpitzigen

255 1864 458 1913 Voͤrderfuͤße
474 1868 540 1915 (die
554 1870 591 1911 ſie
608 1869 740 1915 zugleich
749 1882 796 1908 an
810 1871 866 1916 ſich
878 1873 994 1922 ziehet)
1014 1875 1046 1911 in
1067 1876 1116 1912 die
1129 1870 1227 1923 Hoͤhe
1236 1878 1300 1912 und
1317 1878 1423 1923 richtet
1438 1879 1514 1924 auch

253 1918 309 1953 den
325 1917 497 1966 hinterſten
516 1919 611 1968 Theil
627 1924 682 1957 des
694 1921 800 1960 Leibes
808 1928 913 1958 etwas
930 1931 1058 1967 empor:
1084 1925 1137 1968 ſo,
1151 1926 1217 1967 daß
1232 1927 1283 1973 ihr
1294 1934 1412 1972 ganzer
1433 1927 1514 1968 Coͤr⸗

253 1970 305 2002 per
321 1973 381 1999 nur
396 1964 491 2002 allein
502 1967 567 2006 auf
579 1969 639 2003 den
649 1967 686 2008 8.
713 1963 951 2016 Bauchfuͤßen,
972 1970 1089 2008 womit
1106 1971 1147 2014 ſie
1162 1972 1217 2017 ſich
1232 1972 1298 2016 veſt
1322 1970 1515 2021 anſtaͤmmt,

248 2012 354 2061 ruhet.
407 2013 462 2056 Jn
476 2015 574 2058 dieſer
593 2015 761 2062 gleichſam
773 2018 975 2065 wehrhaften
993 2024 1060 2057 und
1082 2021 1322 2066 trotzbietenden
1348 2023 1515 2072 Stellung

243 2059 410 2107 verharret
425 2060 465 2103 ſie
485 2062 516 2107 ſo
533 2060 646 2107 lange,
671 2060 725 2102 bis
740 2063 781 2108 ſie
797 2064 904 2102 keinen
919 2057 1105 2115 feindlichen
1125 2062 1334 2116 Gegenſtand
1347 2070 1441 2116 mehr
1453 2073 1533 2108 wi⸗

845 2113 914 2157 Bb
939 2126 962 2157 2

1458 2134 1513 2159 der

300 2194 322 2216 *
340 2194 388 2229 S.
404 2188 534 2234 Roͤſels
544 2196 744 2236 Jnſectenbel.
764 2200 827 2232 1ten
843 2197 889 2237 Th.
904 2199 935 2232 in
949 2199 997 2233 der
1017 2197 1062 2235 N.
1073 2200 1122 2237 V.
1139 2203 1206 2235 2ten
1222 2200 1309 2244 Claße
1318 2187 1410 2237 Tab.
1417 2198 1509 2240 XIX.

357 2242 430 2285 Fig.
443 2253 472 2285 4.
485 2248 545 2282 und
558 2251 586 2279 6.
599 2253 676 2288 pag.
692 2253 758 2286 124.
