2040 2955
755 572 848 627 ben,
879 570 1118 624 zertheilende,
1145 579 1384 623 aromatiſche,
1407 584 1492 622 kalte
1511 564 1727 629 Umſchlaͤge;
1751 588 1805 625 zu⸗

756 638 1085 682 ſammenziehende,
1113 640 1287 687 kuͤhlende,
1322 642 1431 690 gelind
1468 646 1620 696 reitzende
1661 648 1802 699 Mittel,

758 700 903 743 Baͤder,
925 701 1094 747 Klyſtire,
1111 709 1230 750 u.ſ.w.
1254 708 1286 744 in
1303 711 1401 749 deren
1413 710 1525 763 Wahl
1541 723 1605 756 uns
1632 720 1689 756 der
1700 716 1802 760 Grad

757 773 814 801 der
840 767 1084 815 Entzuͤndung,
1106 770 1157 806 die
1183 769 1302 812 Natur
1326 776 1385 812 des
1405 778 1649 828 angegriffenen
1662 780 1800 833 Theils,

754 838 822 866 und
845 831 895 868 die
915 831 1041 871 Dauer
1061 839 1119 873 des
1151 839 1270 878 Uebels
1298 840 1484 889 beſtimmen
1499 842 1650 895 muͤßen,
1688 846 1796 890 bieten

754 902 812 949 ſich
841 909 943 954 jedem
969 906 1218 962 hilfbegierigen
1236 911 1336 964 Arzte
1355 922 1421 957 von
1441 920 1572 969 ſelbſten
1596 928 1671 962 dar.

1195 1022 1235 1076 §.
1235 1023 1341 1075 79.

884 1099 936 1140 Es
962 1101 1049 1154 giebt
1073 1107 1149 1143 noch
1170 1108 1239 1148 eine
1261 1105 1553 1164 Vollbluͤtigkeit
1589 1114 1630 1157 in
1664 1117 1787 1165 Rück⸗

747 1158 837 1213 ſicht
856 1167 920 1204 der
949 1166 1089 1220 Kräfte
1125 1172 1303 1217 (Plethora
1321 1178 1369 1211 ad
1386 1179 1511 1221 Vires).
1563 1182 1633 1225 Sie
1665 1184 1703 1230 iſt
1741 1185 1790 1224 im

747 1228 940 1277 Ueberfluße
962 1238 1027 1272 von
1053 1231 1144 1275 Blut
1169 1248 1206 1285 zu
1227 1237 1364 1287 ſuchen,
1390 1251 1428 1289 zu
1448 1243 1552 1293 deſſen
1577 1242 1788 1298 Aufbewah⸗

745 1305 828 1340 rung
848 1300 913 1333 und
943 1297 1173 1351 Verbreitung
1211 1306 1261 1344 die
1290 1305 1520 1358 Naturkraͤfte
1545 1313 1633 1360 nicht
1662 1314 1784 1362 hinrei⸗

745 1359 839 1399 chend
868 1362 959 1402 ſind,
993 1367 1122 1411 folglich
1157 1374 1213 1403 der
1251 1370 1321 1413 Laſt
1353 1373 1569 1421 unterliegen.
1599 1376 1634 1425 *)
1682 1375 1785 1426 Sehr

743 1424 922 1470 ſchwachen
945 1425 1064 1475 Leuten
1100 1432 1184 1468 kann
1216 1433 1285 1470 eine
1310 1434 1381 1481 ſehr
1408 1436 1544 1487 geringe
1569 1439 1782 1492 Blutmenge

739 1500 795 1532 zur
813 1489 883 1533 Laſt
898 1491 998 1537 ſeyn,
1022 1493 1098 1533 weil
1116 1495 1188 1546 ihre
1211 1495 1347 1549 Gefaͤße
1364 1501 1450 1543 nicht
1465 1504 1511 1545 im
1532 1504 1671 1548 Stande
1697 1508 1781 1558 ſind,

738 1560 778 1601 ſie
802 1560 846 1595 im
874 1560 1017 1606 Umlauf
1032 1572 1070 1609 zu
1085 1560 1245 1615 erhalten.
1297 1565 1407 1621 Dieſe
1429 1569 1522 1614 Leute
1545 1571 1653 1624 haben
1679 1586 1779 1625 gerne

735 1625 826 1674 einen
852 1631 1077 1676 gedunſenen,
1101 1631 1407 1688 ſchwammichten,
1431 1634 1589 1690 teigigten
1613 1637 1776 1694 Koͤrper;

732 1694 797 1730 das
817 1694 950 1741 Geſicht
971 1698 1008 1740 iſt
1028 1698 1135 1744 blaß,
1159 1702 1224 1737 und
1248 1701 1332 1742 wird
1367 1715 1429 1744 nur
1452 1706 1549 1756 durch
1573 1706 1775 1762 Bewegung

730 1761 829 1808 roth;
857 1765 913 1800 der
936 1764 1028 1813 Puls
1051 1766 1150 1807 bleibt
1164 1769 1235 1821 ſehr
1262 1770 1425 1823 ſchwach,
1451 1774 1529 1815 aber
1548 1776 1694 1825 dennoch
1717 1790 1774 1829 ge⸗

729 1825 890 1875 ſchwind;
915 1830 946 1867 in
969 1834 1026 1870 der
1045 1830 1146 1883 Ruhe
1171 1834 1307 1887 athmen
1332 1839 1372 1883 ſie
1397 1839 1494 1891 frey;
1523 1841 1584 1891 bey
1615 1845 1772 1896 geringer

725 1890 923 1942 Bewegung
943 1899 1020 1933 aber
1033 1905 1163 1938 werden
1179 1903 1219 1945 ſie
1242 1901 1459 1957 beaͤngſtiget,
1471 1904 1618 1958 ſchwer;
1634 1912 1676 1958 ſie
1689 1912 1773 1956 koͤn⸗

725 1984 788 2007 nen
809 1975 917 2007 weder
941 1969 1045 2012 Kaͤlte
1062 1967 1141 2011 noch
1165 1967 1311 2010 Waͤrme
1330 1979 1510 2021 ertragen;
1530 1972 1597 2021 ſind
1623 1976 1694 2028 ſehr
1707 1982 1770 2020 den

721 2028 978 2074 Leidenſchaften
1001 2033 1165 2079 ergeben;
1187 2034 1260 2082 ihre
1273 2034 1385 2077 Adern
1398 2035 1562 2090 ſchwellen
1573 2039 1668 2088 leicht
1682 2042 1769 2095 auf;

720 2097 796 2130 bald
818 2097 884 2137 ſind
911 2099 951 2139 ſie
976 2099 1070 2144 leicht
1095 2101 1158 2147 auf
1177 2102 1239 2142 den
1270 2100 1389 2156 Fuͤßen
1420 2108 1487 2147 und
1512 2117 1609 2159 guter
1634 2107 1765 2160 Laune;

717 2164 796 2195 bald
817 2168 895 2198 aber
918 2166 1015 2210 traͤg,
1049 2170 1200 2213 ſchwer,
1231 2174 1389 2218 dumm,
1424 2175 1489 2212 und
1526 2175 1766 2229 verdruͤßlich;

719 2240 798 2272 bald
821 2234 927 2274 haben
948 2237 990 2272 ſie
1011 2246 1231 2287 Abweichen,
1253 2239 1331 2275 bald
1351 2241 1419 2284 ſind
1440 2240 1480 2286 ſie
1501 2241 1674 2292 verſtopft.
1695 2242 1763 2288 Da

717 2295 775 2335 bey
796 2299 891 2339 ihnen
911 2306 963 2337 die
992 2306 1104 2345 Saͤfte
1136 2310 1222 2341 nicht
1243 2307 1383 2355 gehoͤrig
1414 2309 1665 2359 ausgearbeitet
1694 2316 1761 2354 und

718 2362 863 2403 verkocht
883 2375 1041 2414 werden;
1062 2378 1106 2405 da
1128 2375 1168 2414 ſie
1182 2375 1242 2418 bey
1262 2375 1351 2422 ihrer
1364 2373 1548 2424 Schwaͤche
1562 2382 1628 2419 und
1650 2378 1759 2430 Reitz⸗

1626 2446 1703 2488 bar⸗

737 2539 776 2574 *)
795 2536 937 2574 Gaubius
949 2540 1213 2584 Krankheitslehre
1228 2547 1255 2584 §.
1273 2555 1340 2586 391.
