1661 2379
236 422 300 464 ihn
317 421 424 456 wieder
438 429 473 464 zu
501 420 666 462 gewinnen,
693 418 764 457 noch
784 426 857 453 neue
870 419 952 454 Titel
970 416 1138 460 denjenigen

247 473 422 513 beyfuͤgete,
450 473 494 504 die
512 481 540 504 er
561 471 643 510 ſchon
671 468 761 502 hatte.
816 466 981 507 Sebaſtian
997 475 1062 502 war
1080 467 1139 501 das

248 525 482 564 Schlachtopfer
511 524 598 558 dieſer
628 517 934 559 Wiederverſoͤhnung
959 521 1021 549 und
1053 517 1141 558 gieng

236 579 324 607 nach
347 568 607 605 Conſtantinopel,
633 571 682 597 wo
709 573 739 597 er
759 563 838 602 nicht
860 562 1016 602 ſonderlich
1039 563 1143 601 aufge⸗

248 633 388 659 nommen
410 624 529 663 wurde,
555 620 677 662 welches
703 622 753 663 ihn
781 620 966 662 vermochte,
994 619 1040 653 ein
1064 620 1140 654 See⸗

249 682 357 719 raͤuber
371 689 404 722 zu
421 683 546 716 werden.

326 732 386 769 Fr.
414 736 482 769 Wie
503 733 579 769 ſtarb
596 731 782 769 Sebaſtian?

299 779 370 823 A.
399 783 453 818 Da
479 789 508 814 er
537 780 627 820 dieſes
655 779 715 818 ihm
740 780 768 817 ſo
786 775 1018 821 unanſtaͤndigen
1034 775 1142 812 Lebens

236 831 436 876 uͤberdruͤßig
450 839 534 873 war,
565 833 594 871 ſo
612 830 697 873 gieng
723 839 750 864 er
767 830 875 865 wieder
903 840 934 872 zu
952 828 1144 868 Genſerichen

237 888 313 919 und
330 882 412 922 hatte
430 886 489 918 das
510 880 623 924 Gluͤck,
659 882 703 916 die
717 880 899 919 Verbrechen
923 880 1016 922 ſeines
1038 878 1147 915 Lebens

252 938 382 977 dadurch
413 937 475 971 aus
499 943 532 978 zu
557 933 678 978 tilgen,
712 936 770 977 daß
796 943 825 969 er
850 934 899 977 fuͤr
920 931 979 969 den
1004 932 1146 969 Glauben

250 998 341 1034 ſtarb.

332 1042 394 1095 Fr.
422 1046 505 1083 Was
521 1043 642 1089 geſchah
660 1042 700 1078 im
718 1050 789 1085 440
812 1041 913 1085 Jahre
929 1049 963 1086 zu
980 1041 1149 1083 Conſtanti⸗

253 1103 369 1143 nopel?

329 1145 377 1186 A.
398 1147 611 1189 Theodoſius,
643 1145 761 1181 welcher
784 1145 857 1185 ſeine
873 1143 998 1180 Tochter
1016 1154 1054 1178 an
1068 1143 1148 1178 “Va⸗

252 1193 400 1231 lentinian
424 1192 587 1233 vermaͤhlet
603 1192 697 1231 hatte,
727 1193 829 1226 wurde
845 1188 1024 1231 eiferſuͤchtig
1049 1196 1149 1229 wegen

254 1252 304 1285 der
319 1246 495 1287 Kaiſerinn,
526 1249 586 1279 und
613 1246 669 1284 ließ
689 1244 815 1284 deshalb
832 1244 998 1287 Paulinum
1026 1242 1148 1285 hinrich⸗

249 1303 317 1338 ten,
341 1297 461 1336 welcher
485 1302 545 1332 von
560 1295 702 1339 Kindheit
723 1291 776 1342 auf
796 1295 851 1335 ſein
867 1293 986 1336 Freund
1007 1293 1145 1334 geweſen.

251 1351 428 1391 Athanais,
454 1349 555 1389 welche
571 1350 626 1383 den
643 1347 763 1386 Namen
782 1344 917 1382 Eudocia
933 1352 1147 1386 angenommen

251 1404 354 1449 hatte,
398 1402 491 1448 begab
514 1403 567 1447 ſich
592 1393 664 1442 nach
681 1400 868 1445 Jeruſalem,
911 1407 959 1436 wo
978 1400 1023 1443 ihr
1041 1398 1148 1441 Wohl⸗

250 1458 358 1498 wollen
380 1458 473 1494 einem
497 1457 623 1502 Prieſter
643 1460 705 1493 und
722 1455 891 1494 Diaconus
916 1456 975 1491 das
991 1454 1079 1490 Leben
1103 1452 1150 1487 ko⸗

249 1505 328 1556 ſtete.
381 1507 517 1544 Eudocia
534 1505 645 1549 vergaß
665 1507 781 1547 darauf
792 1506 855 1545 ihre
871 1504 997 1547 Tugend
1013 1509 1073 1540 und
1091 1503 1149 1543 ließ

253 1560 307 1595 den
323 1558 484 1591 Saturnin
502 1556 688 1594 umbringen,
715 1553 834 1591 welcher
851 1556 899 1588 der
915 1552 1080 1593 Eiferſucht
1095 1552 1148 1582 des

252 1614 379 1652 Kaiſers
394 1613 524 1653 gedienet
540 1612 632 1649 hatte.
683 1612 775 1650 Dieſe
790 1610 971 1655 Prinzeſſinn
987 1608 1148 1642 vollendete

253 1663 301 1704 ihr
318 1659 404 1695 Leben
421 1661 451 1693 in
470 1663 519 1692 der
535 1660 625 1698 Buße
638 1662 700 1692 und
718 1658 883 1696 betheurete
899 1658 953 1698 bey
970 1656 1064 1694 ihrem
1088 1656 1147 1690 Ab⸗

253 1711 382 1755 ſterben,
410 1712 468 1751 daß
498 1709 533 1746 ſie
559 1710 730 1750 unſchuldig
760 1716 798 1741 an
837 1710 925 1743 denen
959 1705 1145 1746 Verbrechen

252 1760 354 1797 waͤre,
379 1759 462 1791 deren
480 1759 529 1790 der
540 1747 649 1795 Kaiſer
666 1756 702 1794 ſie
718 1755 911 1794 beſchuldiget
926 1752 1018 1792 hatte.

334 1813 396 1865 Fr.
424 1817 490 1853 Mit
508 1816 577 1848 was
594 1812 639 1854 fuͤr
660 1814 750 1847 einem
769 1812 852 1854 Auge
870 1813 921 1852 ſah
937 1812 1091 1854 Pulcheria
1103 1812 1149 1846 die

257 1866 400 1906 Ungnade
418 1867 466 1899 der
483 1862 640 1904 Kaiſerinn
663 1864 723 1896 und
751 1861 811 1902 ihre
828 1861 939 1903 Folgen
957 1861 1017 1895 an?

336 1916 384 1963 A.
409 1921 475 1958 Der
491 1915 697 1962 Kaͤmmerling
718 1915 916 1960 Chryſaphus
935 1915 1016 1955 hatte
1032 1916 1078 1957 ihr
1106 1916 1150 1951 al⸗

261 1973 307 2011 les
332 1970 503 2008 Vertrauen
521 1972 574 2006 des
597 1968 721 2012 Kaiſers
744 1967 916 2003 benommen
940 1971 1002 2002 und
1020 1964 1071 2008 ſich
1091 1968 1150 2008 deſ⸗
