1516 2230
507 416 570 454 den
582 414 763 459 Erddoden
776 419 855 464 nach
867 423 925 460 der
934 420 1174 475 Gerechtigkeit
1183 427 1316 471 Gottes
1332 430 1419 472 kom⸗

507 475 584 508 men
596 467 754 520 ſolle;laßt
763 471 935 523 Peſtilenz,
943 474 1022 520 Tod
1031 482 1102 520 und
1112 477 1229 529 Hoͤlle,
1238 484 1331 530 ihren
1340 485 1415 527 Ra⸗

507 513 581 561 chen
597 525 697 565 gegen
711 519 781 563 euch
798 520 1009 571 aufſperren:
1033 527 1087 573 ihr
1096 528 1169 579 ſeyd
1184 529 1219 572 in
1236 534 1293 573 der
1303 533 1413 582 Hand

506 562 565 603 des
574 559 701 614 Hirten
714 564 814 612 Jeſu,
830 569 899 606 und
916 573 1073 613 niemand
1090 576 1178 615 wird
1191 576 1265 623 euch
1282 577 1412 621 daraus

502 613 626 662 reiſſen.
649 616 720 659 Gott
731 618 790 659 hat
797 618 877 668 ſeine
885 620 1070 672 Poſtulata
1079 629 1150 668 und
1160 628 1264 678 ſeinen
1276 632 1410 674 Willen

502 672 548 702 an
563 664 636 710 euch
649 666 784 714 ergehen
797 665 913 718 laſſen;
940 671 1055 715 darein
1070 674 1152 721 habt
1164 670 1208 727 ihr
1216 676 1410 729 gewilliget,

502 713 572 752 und
579 711 658 761 Jhn
671 714 756 761 nicht
766 714 985 768 abgewieſen:
1009 721 1137 769 wolan,
1148 724 1180 780 ſo
1192 725 1316 775 bringet
1333 722 1408 774 auch

498 762 558 802 alle
585 772 657 805 eure
676 764 860 814 Poſtulata
885 771 956 811 und
980 783 1053 814 euer
1073 774 1220 824 Anligen
1242 777 1305 817 mit
1328 780 1407 823 aller

494 808 780 865 Freymuͤthigkeit
804 824 873 860 und
889 821 1050 867 Demuth
1073 831 1137 866 vor
1159 832 1221 870 den
1247 829 1405 876 HErrn;

495 861 549 905 Er
562 861 650 905 wird
666 864 740 911 euch
753 864 912 915 ebenfalls
932 870 1018 918 nicht
1031 871 1163 922 hinweg
1173 873 1302 924 weiſen.
1325 878 1404 927 Jhr

494 906 567 956 ſeyd
582 914 641 955 es,
663 909 712 953 die
730 911 782 958 ihr
799 921 872 961 zum
888 914 1023 965 HErrn
1036 920 1111 963 mit
1129 912 1401 972 Glaubensfreu⸗

494 957 613 1009 digkeit
628 970 726 1010 ſagen
748 962 875 1014 doͤrfet:
891 970 1029 1018 Verlaß
1040 972 1137 1018 mich
1152 973 1285 1020 nicht/
1282 976 1401 1023 HErr

491 1016 588 1046 mein
604 1000 731 1051 Gott!
764 1014 815 1059 ſey
842 1013 940 1055 nicht
963 1015 1060 1063 ferne
1083 1029 1160 1059 von
1181 1022 1290 1068 mir;
1339 1027 1400 1065 eile

489 1060 559 1099 mir
574 1058 845 1114 beyzuſtehen/
846 1062 988 1113 HErr/
1008 1061 1113 1113 meine
1132 1062 1263 1125 Huͤlfe!
1294 1075 1395 1127 Pſal.

490 1116 554 1160 38,
580 1124 639 1153 22.
653 1123 713 1160 23.

707 1243 1127 1345 Schlußgebeth.

476 1426 563 1497 H

563 1428 656 1480 Err,
688 1428 800 1480 unſere
831 1430 967 1484 Huͤlfe!
1008 1439 1062 1482 dir
1089 1439 1139 1489 ſey
1165 1440 1280 1488 Dank
1314 1449 1386 1490 und

587 1480 753 1520 herzliches
773 1474 838 1518 Lob
863 1481 1043 1526 gebracht,
1083 1481 1150 1531 daß
1170 1485 1215 1528 du
1230 1489 1299 1529 uns
1324 1488 1384 1533 alle

474 1535 545 1570 von
560 1532 617 1572 der
634 1528 935 1586 Nothwendigkeit
954 1540 1041 1581 einer
1064 1539 1243 1591 eilfertigen
1265 1547 1383 1595 Beſſe⸗

471 1583 562 1620 rung
587 1577 725 1625 belehret
739 1582 822 1628 haſt.
895 1584 1037 1631 Vergib
1051 1593 1122 1629 uns
1143 1596 1209 1633 aus
1227 1591 1381 1638 Gnaden

469 1625 521 1667 die
536 1617 722 1676 Frechheit,
737 1629 804 1672 daß
819 1632 885 1675 wir
898 1626 1067 1684 groͤſſeſten
1078 1637 1199 1687 Theils
1214 1643 1264 1684 die
1280 1643 1380 1688 Buſe

469 1675 550 1722 nach
575 1675 707 1722 unſerm
743 1682 879 1726 Willen
911 1679 1175 1736 aufgeſchoben;
1223 1692 1378 1738 Gedenke

467 1722 554 1769 nicht
567 1723 698 1774 unſerer
717 1725 908 1779 Tohrheit,
944 1734 1025 1780 nach
1047 1735 1181 1778 welcher
1208 1739 1272 1779 wir
1291 1742 1378 1790 nicht

464 1772 600 1824 bedacht
623 1775 767 1825 haben,
801 1778 868 1822 daß
878 1782 993 1829 unſere
1016 1783 1182 1837 Busfriſt
1198 1790 1319 1837 endlich
1337 1792 1377 1841 zu

463 1820 561 1867 Ende
576 1825 676 1874 gehe,
701 1830 771 1869 und
796 1828 863 1878 daß
877 1843 923 1875 an
939 1832 1055 1878 Statt
1069 1838 1179 1881 deiner
1192 1839 1320 1883 Gnade
1336 1851 1375 1890 zu

467 1872 531 1920 letzt
555 1872 663 1919 lauter
682 1874 849 1927 Ungnade
869 1885 941 1925 und
957 1881 1054 1927 Zorn
1071 1881 1153 1927 uͤber
1172 1887 1242 1927 die,
1266 1890 1298 1927 ſo
1310 1891 1373 1927 ſich
