1514 2145
227 451 276 480 ten
291 445 398 495 geben;
419 445 488 486 auch
504 446 610 493 vergaß
625 453 656 478 er
668 444 745 484 nicht
759 445 805 484 ein
819 451 890 482 paar
898 441 1036 491 Tabacks⸗

226 513 333 560 ſtengel
348 513 399 555 fuͤr
411 496 473 557 ſich.
512 510 557 553 Er
570 496 653 554 faͤllte
666 506 838 553 Brennholz
850 509 881 543 in
897 510 948 544 den
962 507 1036 543 Ber⸗

225 598 300 632 gen,
324 596 383 626 und
410 591 547 634 zerſchlug
569 592 633 631 hier
654 593 713 625 und
736 593 772 623 da
791 592 822 622 in
837 594 889 622 den
910 588 1037 627 Planta⸗

227 664 284 696 gen
303 659 349 700 die
365 656 461 694 Felſen
474 656 534 700 und
550 656 687 697 Steine,
711 660 761 683 um
778 655 832 698 den
854 654 935 697 Boden
957 655 1037 696 ebe⸗

228 748 280 775 ner
308 748 343 782 zu
361 740 504 789 machen.
522 740 602 781 Alle
620 740 694 783 dieſe
716 737 853 774 Arbeiten
872 739 1037 778 verrichtete

228 827 259 853 er
278 821 335 855 mit
358 816 483 860 Einſicht
498 818 557 852 und
573 816 754 858 Aemſigkeit.
799 809 833 860 Er
828 813 949 852 liebte
958 813 1038 848 Loui⸗

229 871 277 916 ſen
286 859 373 926 ſeine
386 867 577 923 Gebieterin
584 882 660 917 uͤber
670 884 756 917 alles
758 883 834 919 und
837 882 907 923 eben
925 882 952 929 ſo
970 882 1038 924 ſehr

229 960 293 997 war
310 959 341 994 er
357 930 425 990 auch
433 927 605 990 Karolineu
624 950 741 991 ergeben
761 956 819 997 mit
838 956 920 988 deren
941 954 1041 991 Nege⸗

229 1046 278 1086 rin
307 1053 338 1085 er
365 1042 415 1086 ſich
446 1043 497 1087 bey
524 1041 666 1085 Minnas
685 1040 805 1081 Geburt
836 1036 1039 1083 verheyrathet

229 1102 323 1150 hatte.
368 1098 411 1151 Er
418 1085 527 1149 liebte
550 1097 654 1148 Marier
680 1113 737 1156 mit
754 1112 951 1153 Leidenſchaft.
975 1113 1038 1157 Sie

232 1198 296 1225 war
319 1185 447 1237 geſchickt
467 1185 597 1236 reinlich
607 1188 669 1235 und
691 1186 849 1234 beſonders
874 1189 934 1227 ſehr
964 1195 1036 1227 treu.

216 1244 295 1299 Sic
315 1255 440 1298 beſorgte
458 1254 502 1289 die
523 1232 634 1295 Kuͤche,
667 1261 790 1297 wartete
809 1257 863 1293 das
883 1255 1045 1303 Federvieh

232 1346 300 1382 trug
330 1349 388 1374 von
409 1339 473 1380 Zeit
491 1348 524 1385 zu
553 1338 617 1378 Zeit
646 1341 708 1377 dem
735 1337 907 1386 Ueberſchuß
939 1338 1038 1377 beyder

230 1398 404 1449 Plantagen
423 1407 455 1450 in
471 1409 516 1446 die
531 1405 734 1452 benachbarten
754 1413 829 1450 Orte
852 1412 885 1459 zu
906 1411 1039 1455 Markte,

233 1487 350 1525 welches
367 1487 481 1534 freylich
496 1485 572 1530 nicht
585 1493 638 1525 gar
647 1485 704 1521 viel
719 1484 803 1523 ſagen
817 1486 929 1530 wollte.
942 1487 1037 1525 Dazu

232 1552 331 1602 kamen
349 1553 421 1600 noch
444 1557 490 1590 ein
505 1561 578 1596 paar
596 1555 718 1595 Ziegen,
741 1558 787 1600 die
804 1555 861 1602 mit
885 1563 947 1605 dem
963 1560 1037 1605 Kin⸗

235 1631 304 1669 dern
335 1618 529 1668 aufwuchſen,
569 1634 636 1667 und
660 1631 709 1669 ein
740 1633 853 1673 großer
881 1631 966 1678 Hund
987 1638 1036 1678 der

236 1715 287 1747 des
317 1710 430 1750 Nachts
461 1710 565 1752 Wache
591 1710 667 1757 hielt
703 1712 763 1743 und
792 1709 885 1751 hierin
920 1710 1033 1747 beſtand
