1544 2313
458 316 514 357 30

724 307 1049 374 Vorbereitung
1049 307 1153 374 zur

550 419 574 441 1.
596 407 673 440 Eſſai
694 406 742 438 ſur
769 406 797 439 la
819 409 935 440 marine
957 412 987 436 et
1012 407 1063 439 ſur
1082 406 1110 439 le
1125 420 1290 440 commerce
1305 417 1359 447 par

507 445 550 486 M.
571 457 646 486 D***
663 454 739 489 (Des
756 451 885 486 Landes)
900 460 971 482 avec
988 453 1038 482 des
1054 462 1227 493 remarques
1240 457 1359 484 hiſtori-

506 508 579 538 ques
593 506 621 529 et
637 499 781 538 critiques
795 501 830 531 de
846 500 986 535 l'auteur,
1006 499 1013 530 à
1024 501 1203 532 Amſterdam
1221 508 1301 537 1743.
1313 509 1358 532 12.

560 567 588 587 2.
614 555 747 587 Hiſtoire
763 555 901 593 generale
916 555 954 587 de
969 553 998 586 la
1015 558 1142 591 marine,
1151 563 1223 588 tom.
1233 556 1257 587 I.
1272 556 1287 585 à
1307 558 1357 589 Pa-

508 601 550 633 ris
566 609 652 641 1744.
667 607 699 635 4.

852 704 886 743 §.
939 715 983 746 55.

569 790 697 833 Wenn
726 786 792 827 wir
825 797 895 829 nun
927 790 960 830 in
979 787 1076 836 dieſer
1095 788 1271 836 Ordnung
1296 790 1357 830 den

461 838 585 884 Staat
612 842 701 881 eines
726 833 874 881 Reiches
884 844 952 880 und
973 840 1052 887 ſeine
1072 835 1266 888 Schwaͤche
1289 841 1358 881 und

462 886 601 933 Staͤrke
621 887 797 935 angeſehen
813 887 930 936 haben,
958 888 988 934 ſo
1002 891 1041 936 iſt
1056 898 1092 930 es
1108 889 1192 937 nicht
1208 889 1354 938 ſchweer,

460 941 521 980 mit
531 934 640 988 Huͤlfe
653 943 709 981 der
716 940 925 988 allgemeinen
935 940 1078 985 Politick
1091 939 1265 989 diejenigen
1283 940 1359 984 Re⸗

458 990 534 1037 geln
551 987 862 1039 herauszubringen,
885 983 1050 1037 wornach
1076 992 1127 1032 ein
1152 992 1252 1037 Volk
1273 994 1357 1036 han⸗

457 1046 531 1087 deln
547 1042 646 1095 muß,
673 1052 731 1082 um
746 1038 807 1086 ſein
830 1038 947 1087 Wohl
970 1053 1007 1094 zu
1027 1034 1210 1088 befoͤrdern.
1262 1048 1358 1093 Die⸗

458 1097 488 1139 ſe
502 1094 634 1143 Regeln
650 1100 751 1137 nennt
767 1105 847 1137 man
862 1094 1194 1146 Staatsmaximen,
1212 1096 1281 1138 und
1296 1097 1357 1139 den

457 1144 636 1192 Jnbegriff
654 1149 732 1188 aller
762 1145 1075 1190 Staatsmaximen
1098 1146 1185 1188 eines
1213 1147 1358 1193 Reiches

459 1198 495 1237 in
509 1195 610 1240 ihrem
625 1196 898 1244 Zuſamenhange
907 1199 972 1236 das
978 1198 1289 1247 Staatsintereſſe.
1304 1198 1357 1241 Es

457 1249 497 1294 iſt
514 1247 579 1293 alſo
588 1249 652 1286 das
664 1246 948 1294 Staatsintereſſe
964 1248 997 1287 in
1007 1252 1063 1287 der
1070 1248 1168 1294 That
1184 1250 1286 1293 nichts
1296 1258 1358 1289 an⸗

457 1290 542 1343 ders,
552 1298 601 1337 als
615 1299 679 1339 eine
692 1291 835 1340 Politick,
842 1300 892 1339 die
902 1296 968 1341 auf
971 1298 1064 1339 einen
1083 1293 1246 1350 einzelnen
1260 1296 1356 1344 Staat

459 1348 629 1394 appliciret
656 1348 751 1391 wird.
806 1348 859 1390 Es
885 1342 998 1398 gehoͤrt
1019 1348 1100 1396 auch
1122 1350 1189 1390 das
1203 1349 1358 1393 Staats⸗

459 1394 600 1443 intereſſe
628 1406 681 1442 zur
701 1386 1070 1447 Staatswiſſenſchaft,
1096 1397 1172 1438 weil
1196 1401 1247 1445 ihr
1262 1394 1355 1440 End⸗

460 1448 559 1496 zweck
583 1447 683 1494 dahin
709 1448 860 1495 abzielet,
888 1455 950 1489 von
983 1450 1038 1491 der
1067 1448 1237 1497 Kenntniß
1259 1452 1352 1491 eines

458 1503 601 1548 Staats
615 1504 648 1544 in
665 1506 719 1544 der
734 1503 877 1556 Politick
892 1504 941 1547 die
957 1498 1105 1555 gehoͤrige
1123 1503 1356 1552 Anwendung

461 1559 499 1600 zu
516 1551 664 1601 machen.

841 1669 874 1710 §.
926 1673 1018 1711 56.

558 1746 625 1792 Ein
640 1746 756 1794 Volk,
782 1748 848 1788 das
871 1742 950 1793 ſeine
966 1746 1080 1795 wahre
1095 1743 1304 1797 Wohlfahrt
1319 1754 1354 1795 zu

459 1784 648 1839 befoͤrdern,
677 1789 758 1834 ſeine
782 1791 978 1840 Sicherheit
1005 1799 1042 1839 zu
1068 1792 1259 1840 befeſtigen,
1287 1795 1355 1833 und

459 1845 541 1895 ſeine
559 1843 820 1894 Gluͤckſeeligkeit
837 1849 1083 1888 vollkommener
1097 1855 1135 1895 zu
1152 1846 1286 1893 machen
1303 1849 1354 1888 be⸗

461 1892 564 1947 muͤht
560 1890 634 1952 iſt,
640 1894 719 1944 muß
734 1887 853 1945 ſowohl
875 1897 908 1939 in
926 1897 1104 1946 Anſehung
1124 1898 1228 1947 ſeiner
1243 1898 1355 1949 ſelbſt,

461 1953 518 1998 als
542 1953 577 1996 in
611 1951 791 2003 Anſehung
822 1954 954 1997 andrer
973 1950 1112 2001 Voͤlker
1132 1953 1258 2006 gewiſſe
1280 1957 1355 1999 Re⸗

1278 2013 1364 2065 geln
