1442 2514
345 570 394 606 75
549 562 733 612 Von der
740 563 1038 624 Verleugnung

351 640 507 693 Baum
516 644 588 693 des
596 645 761 700 Lebens,
779 652 871 705 gute
891 646 1074 710 Fruͤchte,
1084 633 1215 710 Licht,

350 705 1218 782 Gerechtigkeit,
697 706 838 769 Gottes
854 708 990 779 Saame,
1007 711 1221 783 Seligkeit,

347 771 493 829 Leben,
500 772 622 829 Reich
631 775 852 829 Gottes.“

600 897 938 980 Vebrauch.

340 1112 642 1173 Verleugnung
672 1115 751 1174 ſein
779 1116 888 1176 ſelbſt
898 1117 1110 1173 eiaentlich
1135 1121 1212 1178 ſey,

339 1167 434 1224 wie,
444 1169 527 1221 und
536 1180 702 1224 warum
710 1171 846 1234 ſelbige
854 1164 976 1236 muͤſſe
985 1174 1214 1239 angeſtellet

336 1236 518 1285 werden.

396 1292 476 1341 Die
499 1291 769 1350 Verleugnung
784 1294 855 1351 ſein
870 1297 968 1354 ſelbſt
984 1298 1028 1350 iſt
1051 1301 1105 1346 die
1119 1300 1208 1357 erſte

337 1343 477 1407 Frucht
494 1352 557 1397 des
573 1351 863 1409 ſeligmachenden
879 1356 1104 1415 Glaubens,
1131 1361 1207 1408 und

335 1410 408 1455 das
424 1407 704 1468 nothwendigſte
717 1411 846 1465 Stuͤck
869 1418 929 1465 der
947 1416 1204 1473 Erneuerung,

336 1471 386 1516 da
421 1470 476 1517 ein
512 1471 812 1532 gerechtfertigter
849 1473 1033 1535 glaͤubiger
1062 1479 1204 1535 Chriſt,

334 1526 511 1583 durch
466 1521 530 1582 die
519 1527 658 1579 Gnade
665 1523 835 1582 GOttes
845 1534 878 1591 ſo
896 1535 935 1582 in
944 1525 1016 1592 ihm
1033 1533 1099 1594 iſt,
1129 1539 1206 1585 und

331 1586 523 1649 kraͤfftigen
551 1590 743 1651 Beyſtand
763 1594 935 1644 GOttes
957 1599 1020 1644 des
1043 1594 1202 1653 werthen

331 1645 504 1706 Heiligen
521 1649 692 1710 Geiſtes,
721 1656 760 1700 in
775 1649 1035 1714 Betrachtung
1053 1658 1114 1705 der
1143 1658 1205 1705 ab⸗

329 1705 537 1767 ſcheulichen
544 1709 848 1769 Verdorbenheit,
859 1714 897 1761 in
904 1712 1030 1771 welche
1044 1727 1081 1764 er
1094 1717 1205 1774 durch

330 1773 399 1818 den
406 1769 567 1828 Verluſt
576 1774 640 1819 des
648 1771 841 1833 göttlichen
851 1776 1070 1827 Ebenbildes
1087 1778 1130 1835 iſt
1144 1790 1203 1833 ge⸗

328 1821 472 1883 rathen,
483 1826 652 1878 GOttes
667 1828 766 1877 Liebe
781 1833 856 1880 und
863 1825 1201 1891 Barmhertzigkeit,

327 1886 384 1932 die
391 1885 452 1942 ihn
469 1886 579 1944 durch
587 1887 800 1949 Chriſtum,
818 1896 888 1939 aus
903 1892 1049 1952 ſolchem
1067 1896 1201 1944 Elende

328 1946 403 1990 und
413 1941 607 2004 geiſtlichen
616 1946 722 1995 Tode
741 1950 887 2008 geriſſen
896 1950 974 2007 hat,
983 1952 1085 2006 heilig
1094 1954 1200 2002 erwe⸗

329 2002 404 2052 get,
414 2001 488 2044 und
498 2000 668 2058 demnach
685 2001 789 2057 Jhm
784 2005 925 2067 eintzig
941 2006 995 2063 und
1035 2004 1139 2054 allein
1156 2021 1199 2066 zu

326 2056 492 2113 gefallen,
507 2058 652 2120 abſaget
670 2059 746 2110 und
762 2065 969 2118 verleugnet
983 2064 1096 2119 ſeinen
1112 2068 1198 2127 eige⸗

325 2128 397 2167 nen
404 2118 607 2182 Verſtand,
619 2122 731 2181 ſeinen
740 2126 882 2182 eigenen
894 2125 1063 2184 Willen,
1084 2126 1197 2187 ſeinen

1114 2199 1197 2244 Be⸗

465 2252 483 2273 *
503 2248 584 2280 ldem
590 2248 708 2281 ibidem.
