1424 2376
1000 252 1058 300 35

140 348 192 383 ten
211 341 325 389 leben;
349 349 447 381 wenn
463 340 584 391 lehrer
600 341 633 382 in
644 340 767 387 kirchen
787 341 855 380 und
871 339 996 386 ſchulen
1006 341 1058 387 ihr

138 394 371 444 chriſtenthum
381 395 449 435 und
466 390 526 439 amt
538 395 610 437 lau,
628 391 720 441 traͤge
735 395 803 433 und
821 391 971 440 ſchlaͤfrig
982 392 1059 435 trei⸗

139 446 216 490 ben,
234 446 366 496 ſelbſten
383 448 416 489 in
426 443 521 494 boͤſen
530 444 762 495 geſellſchaften
774 445 832 494 ſich
841 444 965 494 finden,
984 447 1054 487 und

139 496 210 536 wol
241 506 302 545 gar
332 495 398 543 ihre
428 496 667 542 untergebenen
707 491 933 542 herrſchenden
965 503 1057 541 zorn,

137 547 288 595 voͤllerey,
298 548 383 598 geitz,
391 548 581 598 feindſchaft
589 552 657 591 und
665 550 787 592 andere
797 547 919 594 ſuͤnden
928 559 975 590 an
990 549 1054 598 ſich

138 603 394 648 wahrnehmen,
412 596 481 646 auch
493 603 664 652 allerhand
675 599 808 650 unnuͤtze
824 595 927 650 worte,
935 595 1053 652 ſchertz,

137 655 265 703 fluchen
290 657 359 697 und
383 651 594 702 ſchwoͤren
552 651 606 699 ꝛc.
621 664 686 694 von
713 653 773 704 ſich
800 651 900 699 hoͤren
927 653 1053 703 laſſen;

135 711 235 746 wenn
246 703 372 750 eltern,
383 702 514 754 herren
525 706 592 744 und
601 701 732 753 frauen
744 702 777 742 in
787 704 859 743 dem
870 700 1052 751 angeſichte

137 757 222 806 ihrer
240 756 349 800 kinder
366 756 435 805 und
435 756 588 807 geſindes
599 758 658 807 ſich
669 755 729 796 mit
738 755 894 796 einander
903 755 1052 806 zancken,

111 810 253 860 beiſſen
265 811 331 851 und
350 807 510 856 ſchlagen,
527 809 605 850 oder
620 808 741 849 andere
757 809 997 855 unordnungen
1016 806 1054 849 in

135 860 238 907 ihrem
247 858 344 907 hauſe
354 861 571 907 vornehmen:
598 860 666 906 So
677 860 712 908 iſt
722 860 786 899 das
795 856 946 907 aͤrgernis
956 860 1054 900 aller⸗

133 912 251 962 dinges
261 908 394 962 groͤſſer,
405 916 472 954 und
485 915 552 962 thut
570 913 629 954 viel
638 911 819 955 mehrerern
830 912 976 961 ſchaden,
993 912 1053 953 als

132 968 232 1001 wenn
247 959 416 1007 geringere
433 961 517 1000 leute
544 966 655 1001 etwas
681 960 849 1004 unrechtes
878 965 962 1005 thun
981 962 1051 1002 und

133 1017 294 1063 handeln.
350 1018 441 1061 Wir
451 1017 562 1065 wiſſen
573 1018 638 1057 das
658 1011 793 1064 exempel
822 1011 1052 1066 Jerobeams,

131 1068 199 1108 der
213 1075 320 1118 gantz
335 1064 462 1116 Jſrael
477 1064 663 1120 ſuͤndigen
680 1063 840 1109 machte,
875 1064 1054 1112 ingleichen

133 1119 200 1159 das
210 1122 347 1164 exempel
358 1120 446 1157 derer
464 1113 770 1168 hohen⸗prieſter,
786 1112 1054 1174 ſchriftgelehr⸗

129 1177 196 1210 ten
213 1170 279 1210 und
296 1166 505 1222 phariſaͤer,
522 1170 640 1216 welche
655 1167 776 1213 endlich
794 1169 891 1214 durch
910 1172 977 1214 ihre
987 1179 1054 1204 au-

132 1219 266 1265 toritaͤt
283 1224 352 1264 und
375 1218 578 1271 verfuͤhrung
596 1229 631 1262 es
657 1220 761 1268 dahin
785 1221 956 1267 brachten,
983 1219 1055 1270 daß

130 1274 201 1316 das
211 1276 300 1317 volck
308 1270 386 1316 uͤber
396 1279 457 1314 den
469 1273 698 1321 unſchuldigen
718 1274 785 1313 und
802 1272 1055 1321 allerheiligſten

134 1325 275 1377 JEſum
284 1327 350 1368 das
360 1324 550 1375 crucifige,
560 1326 722 1374 creuzige
739 1324 876 1368 ausrief,
894 1327 939 1365 da
949 1330 984 1364 es
994 1324 1055 1373 ihn

135 1383 199 1412 nur
209 1372 311 1420 einige
324 1378 399 1418 tage
406 1373 547 1420 vorhero
562 1372 624 1414 mit
632 1362 735 1415 einem
752 1370 973 1419 frolockenden
984 1370 1057 1419 ho⸗

134 1428 271 1478 ſianna
287 1426 486 1479 empfangen
509 1429 612 1476 hatte.
666 1428 718 1476 Es
735 1427 773 1477 iſt
790 1429 860 1477 alſo
879 1429 961 1476 auch
982 1429 1056 1473 kein

135 1484 287 1530 wunder,
297 1480 364 1530 daß
371 1480 568 1530 dergleichen
576 1477 764 1530 aͤrgerniſſe,
781 1481 830 1522 die
840 1481 938 1529 ſolche
947 1480 1058 1531 perſo⸗

136 1540 200 1572 nen
208 1531 349 1581 gegeben
360 1531 483 1577 haben,
501 1533 584 1576 auch
593 1532 685 1572 einen
703 1530 769 1579 ſehr
777 1532 935 1580 ſchweren
944 1530 1059 1580 angſt⸗

124 1590 204 1629 und
221 1584 420 1635 buß⸗kampf
430 1586 654 1635 verurſachen,
671 1594 770 1625 wenn
789 1583 831 1632 ſie
847 1584 891 1625 im
901 1583 1057 1634 gewiſſen

136 1644 209 1683 rege
225 1636 368 1677 werden.
420 1635 499 1680 Die
524 1631 807 1680 nachdruͤcklichen
834 1632 1059 1683 buß⸗exempel

136 1691 311 1736 Davids,
328 1690 385 1729 als
395 1699 427 1728 er
439 1695 505 1729 aus
518 1689 691 1735 hochmuth
709 1689 775 1728 das
773 1682 861 1731 volck
879 1682 975 1738 zehlen
995 1687 1060 1740 laſ⸗

136 1741 203 1790 ſen,
226 1740 372 1792 Hiskiaͤ,
383 1741 588 1788 Manaßis
603 1739 779 1790 ingleichen
797 1742 917 1789 Petri,
943 1748 1062 1788 wegen

139 1792 237 1840 ſeiner
255 1791 491 1839 verleugnung,
507 1791 624 1840 Pauli
633 1800 747 1838 wegen
764 1788 862 1837 ſeiner
878 1787 1061 1840 laͤſterung,

137 1840 340 1892 ſchmaͤhung
350 1843 419 1883 und
426 1839 634 1892 verſolgung,
649 1839 777 1884 koͤnnen
795 1846 861 1882 uns
874 1841 995 1889 ſolches
1006 1843 1065 1884 be⸗

139 1899 275 1946 ſonders
288 1898 407 1948 zeigen.
461 1897 544 1942 Der
559 1898 668 1946 HErr
677 1896 767 1945 gebe,
784 1896 850 1944 daß
868 1897 908 1947 ſie
926 1898 1009 1944 auch
1026 1905 1063 1946 zu

140 1950 260 1999 unſern
276 1948 374 1999 zeiten
392 1948 474 1994 viele
491 1948 681 1999 nachfolger
702 1945 791 1995 ihres
808 1946 943 2001 ſtandes
954 1949 1065 1997 haben

644 2006 734 2040 C2

954 2002 1067 2053 moͤch⸗
