1708 2499
497 396 615 447 nauſte
642 395 860 442 verbunden,
895 397 968 440 und
987 397 1098 443 dieſes
1117 399 1245 450 Ganze
1272 399 1311 452 iſt
1340 398 1376 448 ſo
1404 408 1474 443 ver⸗

497 446 566 487 eint
584 446 619 488 in
639 449 702 487 den
731 445 888 496 Haͤnden
924 452 984 490 des
1016 448 1267 496 Souverains.
1323 453 1391 496 Nur
1423 453 1475 501 iſt

496 502 579 550 dieſe
603 500 747 550 Gefahr
776 494 922 550 dabey,
955 502 1026 546 daß
1056 496 1141 550 auf
1166 495 1229 551 die
1236 506 1361 556 Weiſe
1390 505 1477 550 dieſe

494 550 623 599 Macht
644 560 683 597 zu
705 547 797 601 leicht
819 561 858 601 zu
876 548 1144 603 unvorſichtigen
1172 556 1242 595 und
1276 553 1475 599 unterdruͤk⸗

495 607 621 649 kenden
639 602 876 658 Maaßregeln
890 604 1074 655 gebraucht
1092 607 1231 650 werden
1248 610 1340 651 kann
1355 609 1448 659 (h).

1383 669 1477 708 So

535 729 604 774 (h)
626 731 718 774 Dieſe
738 731 858 773 Gefahr
873 733 927 770 hat
945 731 1078 775 gewiſſer
1102 731 1210 774 maßen
1236 734 1292 773 bey
1315 736 1395 775 jeder
1415 735 1477 770 Re⸗

576 769 804 812 gierungsform
823 771 903 811 ſtatt,
929 779 985 805 nur
1003 774 1061 813 daß
1081 776 1114 807 es
1130 774 1184 812 bey
1196 775 1310 806 andern
1334 780 1391 809 uns
1400 770 1476 816 min⸗

575 808 627 847 der
642 809 787 854 auffaͤllt,
810 816 877 849 weil
893 818 943 849 der
961 818 1100 857 meiſtens
1114 815 1286 860 taͤuſchende
1300 817 1395 852 Tittel
1415 827 1476 851 von

574 857 746 894 Republik,
770 860 821 890 der
838 859 884 891 die
900 858 994 897 Seele
1017 859 1076 892 mit
1099 858 1179 891 einer
1203 860 1283 900 Jdee
1304 866 1364 893 von
1385 859 1477 900 Frey⸗

574 895 637 931 heit
664 894 784 933 erfuͤllt,
811 896 859 927 es
893 894 1024 937 weniger
1058 892 1236 935 vermuthen
1270 894 1344 939 laͤßt.
1411 892 1475 936 Die

578 936 810 976 Grandurſache
828 939 920 973 bleibt
936 940 1042 974 immer
1059 941 1104 974 die
1120 939 1230 981 hoͤchſte
1248 942 1386 984 Macht,
1407 934 1474 983 die,

577 976 635 1009 wie
653 979 704 1011 der
720 977 874 1019 Verfaſſer
891 976 1001 1020 zeigte,
1026 978 1057 1015 in
1062 976 1152 1019 jeder
1178 980 1474 1020 Staatsverfaſſung

573 1021 632 1057 ſich
654 1021 756 1056 finden
775 1025 858 1064 muß.
903 1017 950 1058 Es
962 1023 1047 1065 fragt
1061 1024 1116 1061 ſich
1131 1023 1201 1064 alſo
1212 1027 1249 1058 ob
1265 1026 1313 1058 die
1324 1016 1475 1071 Unfaͤhig⸗

574 1060 634 1092 keit
654 1062 705 1093 der
720 1055 963 1100 Gegenwirkung
979 1069 1037 1093 nur
1052 1061 1083 1093 in
1102 1063 1305 1099 Monarchien
1326 1066 1397 1098 ſtatt
1411 1062 1474 1101 ha⸗

574 1102 632 1134 ben
654 1099 749 1135 kann,
773 1102 834 1132 und
858 1102 890 1134 in
925 1103 1038 1135 andern
1061 1099 1374 1146 Regierungsformen
1396 1106 1476 1146 weg⸗

574 1142 656 1180 faͤllt.
702 1143 785 1180 Man
803 1143 880 1178 wird
906 1143 1026 1186 geneigt
1049 1145 1122 1181 dieſe
1144 1144 1243 1188 Frage
1269 1153 1305 1186 zu
1330 1146 1474 1186 bejahen,

574 1180 606 1222 ſo
631 1179 719 1222 lange
747 1189 819 1215 man
844 1183 909 1218 dem
934 1176 1052 1227 Gefuͤhl
1064 1184 1144 1227 bloß
1170 1187 1281 1224 traut,
1322 1187 1383 1220 und
1411 1185 1477 1226 jene

576 1229 696 1266 Muſter
713 1229 851 1269 befragt,
873 1231 1012 1269 wodurch
1030 1231 1075 1266 die
1091 1230 1313 1271 Beredſamkeit
1331 1233 1360 1267 in
1381 1232 1473 1275 Frey⸗

573 1265 690 1306 ſtaaten
706 1266 770 1305 ihre
785 1259 908 1304 Mutter
924 1270 984 1302 und
1001 1268 1155 1311 Pflegerin
1170 1277 1206 1310 zu
1225 1269 1348 1311 erheben
1365 1270 1471 1313 ſuchte.

575 1313 678 1347 Allein
706 1312 760 1354 bey
787 1320 949 1353 genauerer
974 1313 1139 1353 Pruͤfung,
1174 1313 1274 1356 zeigen
1306 1320 1366 1352 uns
1393 1317 1475 1360 ſelbſt

574 1348 793 1384 Demokratien
813 1350 873 1383 daß
890 1351 929 1389 ſie
943 1352 996 1389 fuͤr
1012 1353 1087 1392 dieſe
1098 1347 1221 1393 Gefahr
1236 1361 1286 1386 am
1311 1352 1473 1394 wenigſten

576 1386 716 1426 geſichert
730 1388 805 1428 ſind.
849 1385 943 1423 Denn
957 1390 1015 1422 wie
1029 1390 1115 1429 leicht
1129 1389 1206 1425 kann
1222 1393 1280 1425 das
1301 1392 1475 1426 Staatsbe⸗

557 1435 636 1465 ſte,
660 1429 730 1462 oder
745 1428 790 1461 die
805 1428 908 1469 Sache
927 1430 977 1462 der
997 1427 1159 1471 Unſchuld,
1184 1433 1272 1471 durch
1299 1432 1344 1466 die
1364 1433 1477 1472 Macht

579 1462 631 1504 der
649 1468 738 1509 feilen
756 1468 859 1512 Zunge
875 1469 959 1503 eines
976 1469 1163 1513 Sophiſten,
1188 1472 1277 1513 durch
1292 1471 1476 1521 Vorurthei⸗

576 1510 626 1548 le,
649 1501 911 1551 Privatabſichten
929 1513 998 1546 oder
1016 1511 1263 1555 Leidenſchaften,
1287 1513 1334 1547 die
1353 1506 1474 1556 meiſten

577 1551 741 1587 Stimmen
771 1550 865 1586 wider
886 1553 942 1595 ſich
960 1553 1138 1588 bekommen.
1183 1549 1260 1592 Hier
1274 1554 1309 1593 iſt
1325 1557 1405 1588 dann
1415 1562 1473 1601 gar

575 1593 677 1632 nichts
705 1593 808 1627 weiter
834 1603 871 1636 zu
895 1594 991 1632 thun,
1022 1599 1060 1630 da
1087 1597 1134 1629 die
1159 1596 1362 1638 Obermacht,
1391 1597 1474 1638 nicht

575 1642 635 1666 nur
664 1633 710 1668 die
734 1634 891 1679 geſetzliche
917 1635 1051 1678 Staͤrke,
1087 1636 1139 1677 fuͤr
1161 1637 1217 1677 ſich
1242 1639 1312 1679 hat,
1344 1640 1471 1680 ſondern

576 1677 650 1713 auch
671 1672 759 1713 durch
784 1680 829 1712 die
853 1680 1010 1717 Mehrheit
1027 1681 1077 1713 der
1090 1676 1216 1722 Haͤnde,
1256 1680 1301 1713 die
1322 1679 1471 1723 phyſiſche

575 1717 635 1754 auf
657 1716 720 1753 ihre
746 1717 837 1751 Seite
853 1716 1025 1758 bekoͤmmt,
1070 1715 1180 1757 mithin
1202 1728 1253 1753 um
1274 1719 1303 1762 ſo
1327 1721 1410 1760 mehr
1427 1721 1471 1755 im

578 1759 706 1795 Stande
729 1758 784 1797 iſt,
805 1757 1095 1804 Ungerechtigkeiten
1117 1760 1193 1801 deſto
1222 1762 1348 1804 dreuſter
1368 1764 1471 1803 durch⸗

575 1800 719 1843 zuſetzen:
743 1808 851 1836 wovon
875 1805 928 1839 ſeit
940 1805 1095 1839 Sokrates
1110 1807 1164 1839 den
1182 1805 1355 1848 Giftbecher
1370 1805 1468 1844 trank,

574 1840 633 1874 alle
651 1837 839 1880 Geſchichten
868 1841 974 1881 ſolcher
992 1843 1150 1878 Staaten,
1182 1843 1243 1876 uns
1269 1843 1313 1876 die
1337 1846 1471 1878 traurig⸗

571 1879 637 1926 ſten
656 1874 800 1931 Beyſpiele
818 1886 980 1928 aufſtellen.
996 1889 1048 1926 (a)
1070 1888 1139 1928 Bey
1146 1887 1360 1926 Ariſtokratien
1375 1883 1470 1926 leuch⸗

1424 1940 1470 1967 tet

563 1987 623 2026 (a)
643 1987 712 2025 Man
735 1991 787 2029 ſehe
800 1987 916 2027 hieruͤber
930 1993 1059 2030 beſonders
1075 1992 1113 2024 die
1129 1991 1329 2030 Abhandlungen
1342 1997 1386 2026 des
1399 1992 1470 2029 Hrn.

615 2027 730 2068 Hofrath
750 2033 839 2067 Heyne
855 2032 882 2059 de
893 2032 957 2062 rebus
975 2034 1070 2065 publicis
1088 2034 1189 2068 Magnae
1204 2037 1314 2064 Gtaeciae
1331 2044 1355 2063 et
1370 2036 1468 2064 Siciliae

1398 2067 1469 2104 deque
