2658 2898
1012 535 1183 592 III.
1209 554 1336 597 Waͤre
1364 556 1444 595 kein
1470 556 1616 602 GOtt,
1643 560 1735 598 oder
1760 560 1819 601 ein
1850 557 2026 611 hoͤchſtes
2053 570 2135 606 und
2163 566 2428 611 vollkommen⸗

1006 599 1084 650 ſtes
1098 604 1256 655 Weſen,
1281 606 1446 653 welches
1467 609 1593 660 Kraft
1621 606 1735 661 ſeiner
1759 611 2011 665 unendlichen
2033 617 2316 673 Gerechtigkeit
2344 623 2424 665 und

1005 655 1155 704 Macht
1167 661 1258 698 alles
1276 658 1358 708 boͤſe
1375 660 1512 709 ſtrafen
1527 664 1597 704 kan
1612 668 1694 706 und
1711 666 1813 716 will,
1846 671 1927 710 und
1951 671 2061 719 muß,
2090 673 2165 713 wie
2185 667 2323 719 koͤnnte
2347 683 2427 718 uns

1006 705 1115 751 unſer
1138 706 1347 758 Gewiſſen,
1383 721 1495 751 wenn
1522 714 1597 754 wir
1627 713 1732 763 boͤſes
1758 727 1804 763 zu
1825 718 1924 764 thun
1947 720 2096 765 willens
2119 724 2221 773 ſind,
2255 732 2422 770 warnen,

1006 755 1082 798 wie
1099 755 1236 800 koͤnnte
1252 769 1293 797 es
1310 769 1385 799 uns
1406 763 1540 810 ſtrafen
1557 767 1636 805 und
1653 764 1826 819 unruhig
1842 767 2011 821 machen,
2042 771 2167 812 indem
2190 775 2288 815 wirs
2314 776 2424 824 thun,

1005 807 1101 844 oder
1118 806 1257 855 gethan
1276 808 1421 854 haben?
1447 815 1534 853 Und
1550 822 1703 854 warum
1726 814 1833 857 waͤre
1850 827 1932 859 uns
1955 820 2009 858 im
2036 821 2270 872 Gegentheil
2292 826 2425 874 wohl?

1005 860 1184 901 Warum
1213 858 1344 901 waͤren
1370 864 1446 904 wir
1468 864 1635 918 froͤlich?
1674 870 1847 911 Warum
1872 868 2200 924 empfaͤnden
2135 874 2210 924 wir
2227 876 2343 925 Ruhe
2369 881 2423 919 im

1003 904 1217 958 Gewiſſen,
1246 918 1360 949 wenn
1375 912 1450 950 wir
1470 921 1592 952 etwas
1617 922 1732 963 gutes
1758 917 1859 963 thun
1880 921 2045 969 wollen,
2083 927 2174 963 oder
2198 926 2335 965 bereits
2360 936 2422 969 ge⸗

1003 956 1122 1005 than,
1151 960 1241 999 oder
1257 971 1370 1001 wenn
1386 964 1462 1003 wir
1483 968 1553 1005 das
1568 963 1668 1014 boͤſe,
1699 976 1811 1014 wozu
1837 970 1911 1008 wir
1930 975 2093 1024 gereitzet
2108 978 2283 1025 werden,
2315 974 2422 1029 nicht

1002 1008 1123 1056 thun,
1148 1013 1307 1061 ſondern
1325 1026 1364 1053 es
1382 1014 1654 1060 uͤberwinden?
1687 1022 1813 1067 Dieſes
1840 1024 1901 1064 kan
1926 1028 2012 1071 nicht
2031 1026 2209 1075 herruͤhren
2230 1032 2329 1072 allein
2355 1041 2421 1072 von

1002 1062 1061 1103 der
1090 1062 1217 1111 Furcht
1241 1076 1303 1105 vor
1328 1071 1382 1107 der
1411 1068 1547 1116 Strafe
1572 1075 1626 1114 der
1647 1073 1846 1121 Obrigkeit:
1882 1075 1997 1120 Denn
2015 1079 2079 1119 wir
2104 1080 2294 1130 empfinden
2319 1085 2421 1134 dieſes

1000 1119 1146 1154 warnen,
1190 1113 1333 1164 ſtrafen,
1366 1115 1507 1161 Unruhe
1532 1122 1665 1170 unſeres
1690 1124 1906 1174 Gewiſſens,
1931 1129 2015 1173 auch
2036 1131 2097 1169 des
2114 1132 2258 1177 Nachts
2282 1136 2351 1173 und
2371 1143 2418 1175 im

1000 1162 1184 1211 Winckel,
1208 1174 1265 1206 wo
1283 1172 1351 1210 uns
1367 1168 1436 1209 kein
1450 1170 1590 1220 Menſch
1608 1172 1723 1223 ſiehet,
1749 1179 1818 1214 und
1835 1176 1902 1223 alſo
1917 1178 2003 1218 keine
2024 1173 2291 1234 Obrigkeitliche
2297 1178 2436 1238 Strafe

997 1219 1041 1260 zu
1060 1212 1211 1262 beſorgen
1228 1219 1277 1266 iſt.
1325 1220 1433 1263 Viele
1450 1226 1500 1261 die
1518 1219 1666 1270 heimlich
1691 1222 1784 1275 boͤſes
1800 1227 1945 1277 gethan,
1972 1228 2079 1275 haben
2105 1232 2191 1278 nicht
2215 1237 2288 1281 eher
2311 1236 2417 1282 Ruhe

994 1251 1223 1313 gehabt,
1167 1257 1221 1317 biß
1241 1266 1281 1315 ſie
1298 1270 1463 1310 entweder
1479 1269 1547 1315 ihre
1567 1269 1723 1320 Boßheit
1738 1272 1828 1324 ſelbſt
1842 1274 2111 1329 geoffenbahret,
2146 1284 2222 1323 oder
2245 1284 2305 1332 ſich
2325 1283 2417 1339 ſelbſt

998 1319 1168 1360 ermordet
1185 1320 1316 1367 haben.
1380 1324 1475 1368 Das
1497 1324 1617 1372 Wohl
1645 1328 1677 1374 ſo
1695 1331 1759 1370 wir
1774 1330 1989 1381 empfinden,
2009 1341 2112 1376 wenn
2128 1338 2196 1377 wir
2211 1342 2311 1386 gutes
2330 1339 2415 1388 thun

997 1366 1123 1407 wollen
1137 1370 1207 1414 und
1223 1369 1348 1415 gethan
1364 1370 1495 1421 haben,
1520 1374 1584 1414 kan
1605 1373 1690 1421 nicht
1707 1366 1890 1425 herruͤhren
1906 1388 1974 1419 von
1988 1381 2044 1421 der
2061 1381 2256 1435 Hoffnung,
2265 1385 2331 1433 daß
2353 1395 2415 1430 un⸗

998 1412 1068 1462 ſere
1100 1412 1188 1460 gute
1196 1410 1347 1462 Wercke
1383 1410 1443 1463 von
1467 1425 1524 1461 der
1545 1425 1727 1472 weltlichen
1753 1421 1932 1476 Obrigkeit
1961 1431 2038 1469 oder
2058 1436 2205 1474 anderen
2231 1437 2414 1486 Menſchen

996 1464 1137 1507 werden
1151 1466 1302 1512 belohnet
1325 1472 1465 1509 werden:
1487 1473 1575 1511 denn
1585 1478 1651 1512 wir
1672 1474 1848 1525 befinden,
1868 1478 1946 1524 daß
1968 1479 1995 1527 je
2023 1481 2206 1528 heimlicher
2231 1488 2296 1525 wir
2322 1487 2418 1534 unſer

995 1515 1101 1559 gutes
1121 1513 1249 1565 halten,
1283 1519 1352 1558 und
1370 1521 1398 1566 je
1422 1522 1569 1567 weniger
1591 1525 1657 1561 wir
1677 1526 1784 1563 damit
1803 1528 2002 1577 paradiren,
2029 1533 2060 1578 je
2091 1536 2224 1579 ruhiger
2245 1539 2313 1575 und
2343 1543 2417 1576 ver⸗

995 1558 1143 1613 gnuͤgter
1163 1568 1228 1609 wir
1245 1568 1290 1609 im
1307 1567 1448 1620 Hertzen
1464 1571 1551 1622 ſind,
1583 1573 1615 1623 ſo
1633 1574 1670 1622 iſt
1687 1577 1771 1623 auch
1787 1583 1919 1619 voraus
1935 1583 2097 1631 bekannt,
2136 1587 2203 1628 daß
2230 1590 2258 1631 je
2289 1590 2413 1637 ernſtli⸗

995 1617 1073 1666 cher
1090 1619 1151 1668 ſich
1169 1622 1304 1668 jemand
1323 1628 1380 1665 des
1399 1634 1500 1672 guten
1516 1626 1715 1679 befleißiget,
1739 1630 1810 1671 und
1827 1641 1920 1679 zwar
1935 1633 2018 1680 ohne
2041 1637 2157 1683 privat
2172 1638 2357 1690 Intereſſe,
2382 1642 2413 1689 je

995 1670 1146 1720 weniger
1173 1683 1208 1714 er
1232 1677 1283 1716 bei
1302 1678 1358 1718 der
1383 1679 1491 1721 Welt
1519 1681 1607 1728 gilt,
1650 1680 1685 1728 ja
1714 1681 1805 1727 wohl
1826 1694 1891 1733 gar
1922 1680 2097 1735 deswegen
2133 1689 2291 1737 verfolget
2315 1697 2412 1734 wird.

992 1720 1209 1769 Aberglaube
1225 1727 1311 1766 kans
1327 1730 1411 1773 auch
1427 1728 1514 1774 nicht
1528 1732 1610 1779 ſein,
1653 1733 1730 1772 weil
1759 1735 1819 1783 ſich
1844 1736 1946 1786 dieſes
1968 1738 2088 1788 Wohl
2103 1745 2169 1782 und
2188 1731 2327 1794 Wehe,
2352 1744 2411 1785 bei

991 1771 1117 1822 allen,
1139 1775 1191 1815 die
1207 1780 1306 1820 gutes
1327 1780 1405 1818 oder
1421 1776 1514 1825 boͤſes
1531 1781 1635 1830 thun,
1662 1784 1731 1823 und
1755 1785 1854 1833 dieſes
1871 1789 2011 1836 letztere,
2047 1787 2145 1839 auch
2167 1794 2286 1832 wider
2304 1792 2413 1841 ihren

990 1825 1174 1871 Willen,
1214 1828 1417 1875 wenigſtens
1441 1834 1657 1874 unterweilen
1679 1836 1832 1885 befindet.
1909 1840 2046 1885 Mithin
2075 1841 2157 1889 muß
2188 1847 2238 1886 ein
2264 1841 2430 1895 hoͤchſtes

990 1875 1131 1920 Weſen
1153 1877 1239 1923 ſein,
1270 1880 1337 1916 das
1359 1882 1446 1920 allen
1469 1881 1650 1931 Menſchen
1670 1892 1710 1930 zu
1738 1885 1884 1932 gebieten
1900 1893 1970 1929 und
1999 1889 2063 1939 ſein
2091 1890 2200 1941 Geſetz
2225 1895 2323 1944 ihnen
2352 1898 2408 1936 ins

988 1913 1093 1970 Hertz
1111 1916 1321 1970 geſchrieben
1330 1928 1409 1974 hat,
1434 1933 1502 1967 das
1521 1926 1703 1979 allwiſſend
1720 1933 1777 1982 iſt,
1802 1935 1870 1975 und
1879 1936 1973 1983 weiß
1990 1939 2091 1983 alles,
2108 1947 2187 1979 was
2200 1946 2252 1983 ein
2269 1945 2407 1992 Menſch

986 1970 1080 2017 auch
1098 1974 1144 2014 im
1161 1973 1324 2019 Winckel
1341 1981 1409 2017 und
1427 1980 1572 2026 heimlich
1593 1983 1692 2027 thut,
1717 1984 1797 2028 und,
1819 1985 1900 2032 nach
1917 1987 2019 2033 ſeiner
2028 1992 2241 2038 unendlichen
2262 1997 2406 2038 Gerech⸗

989 2020 1123 2072 tigkeit,
1145 2027 1239 2065 einen
1260 2022 1406 2075 hoͤchſten
1423 2028 1570 2078 Abſcheu
1587 2040 1648 2072 vor
1662 2036 1749 2073 allen
1771 2033 1866 2083 boͤſen
1883 2031 1942 2082 hat
1958 2040 2028 2077 und
2044 2039 2177 2090 ſelbiges
2199 2049 2321 2092 zeitlich
2336 2051 2404 2094 und

988 2075 1078 2119 ewig
1094 2073 1215 2122 ſtrafen
1232 2075 1333 2125 muß,
1358 2077 1443 2124 auch
1468 2083 1551 2130 nach
1577 2081 1677 2131 ſeiner
1699 2077 1885 2133 Allmacht,
1901 2086 2038 2141 ſtrafen
2069 2091 2167 2141 kan,
2191 2102 2260 2135 und
2278 2102 2400 2135 dahero

984 2127 1052 2169 den
1066 2125 1251 2178 Menſchen
1267 2139 1331 2171 vor
1357 2133 1433 2173 dem
1460 2126 1553 2182 boͤſen
1578 2140 1732 2182 warnet,
1770 2136 1853 2178 oder
1875 2146 1974 2181 wenn
1999 2145 2055 2183 ers
2081 2148 2223 2193 gethan,
2254 2152 2399 2190 unruhig

2261 2209 2399 2255 machet,

1064 2259 1206 2302 ſondern
1214 2262 1294 2304 auch
1306 2263 1444 2306 zugleich
1461 2265 1682 2312 durchgaͤngig
1697 2268 1826 2307 erbauet
1835 2277 1902 2307 und
1920 2278 2205 2325 Seelen⸗inniglich
2213 2289 2398 2323 vergnuͤget.

1062 2307 1112 2344 Es
1129 2311 1204 2343 wird
1219 2309 1312 2344 keinen
1329 2311 1438 2351 einigen
1456 2312 1480 2354 je
1495 2322 1589 2350 reuen,
1603 2314 1693 2351 dieſen
1711 2315 1828 2357 Beweiß
1842 2320 1886 2359 gel
1899 2319 1955 2362 ſen,
1966 2324 2041 2361 noch
2064 2327 2117 2357 den
2134 2328 2254 2362 Tractat
2279 2333 2318 2361 an
2341 2328 2415 2369 ſich

1061 2351 1184 2392 erkaufet
1203 2361 1238 2393 zu
1253 2352 1355 2394 haben.
1398 2358 1440 2392 Er
1452 2359 1487 2397 iſt
1500 2360 1588 2399 herau
1608 2359 1771 2400 gekommen
1783 2369 1815 2403 zu
1832 2363 1935 2405 Leipzig
1951 2372 2040 2406 1733.
2064 2373 2090 2405 8.
2107 2367 2166 2401 f.t.
2192 2367 2392 2417 Ueberzeugen⸗

1060 2395 1109 2422 der
1121 2394 1251 2435 Vortrag
1266 2402 1322 2430 von
1337 2397 1424 2434 GOtt
1439 2405 1498 2434 und
1515 2403 1560 2435 der
1573 2398 1700 2440 Schrift.
1717 2398 1804 2446 Unſer
1817 2402 1868 2446 erſt
1882 2405 2005 2445 belobter
2018 2409 2134 2451 Erweiß
2149 2411 2270 2452 befindet
2283 2411 2335 2454 ſich
2352 2416 2393 2449 im

1038 2433 1091 2475 I.
1097 2434 1171 2479 Cap.
1187 2439 1218 2476 in
1234 2441 1282 2475 der
1295 2440 1350 2475 III.
1365 2438 1487 2476 Section
1511 2450 1542 2483 p.
1561 2448 1605 2478 82.
1625 2434 1693 2483 folg.
