1626 2340
620 450 682 509 Jm
684 454 916 508 Vorbeygehen
927 458 1080 504 bemerken
1093 467 1166 509 wir,
1190 461 1265 517 daß
1265 462 1325 516 die
1339 467 1464 523 Groͤße

623 508 724 552 allein
735 518 769 546 in
784 509 889 557 hohen
898 512 1097 564 Schenkeln
1105 518 1238 570 beſtehe.
1294 524 1371 561 Will
1387 534 1462 562 man

617 562 676 605 ſich
693 562 756 602 alſo
770 571 853 598 einen
884 561 987 612 Rieſen
1008 578 1210 607 abzeichnen:
1238 570 1269 615 ſo
1284 572 1370 610 male
1386 584 1460 612 man

618 614 676 659 ſich
692 615 739 650 ein
749 614 835 660 Paar
863 610 951 667 große
978 612 1145 673 Schenkel,
1170 624 1287 667 darauf
1299 636 1371 662 man
1389 624 1461 672 fuͤg⸗

614 659 676 700 lich
692 660 774 696 einen
785 653 975 706 Kinderkopf
988 666 1069 709 ſetzen
1085 668 1178 708 kann;
1194 668 1282 707 denn
1301 675 1335 708 es
1351 672 1458 711 bleibet

617 716 689 756 doch
701 718 752 752 ein
768 715 1073 766 hochgeſchenkelter
1089 722 1220 765 Mann.
1267 725 1459 785 Fuͤrwahr!

618 765 666 798 ein
681 767 764 802 artig
775 768 867 803 Bild!
895 771 963 806 ꝛc.
1000 768 1135 814 Horaz.
1145 773 1328 821 Dichtk.

566 803 919 860 Hochzeitgebraͤuche.
968 810 1040 853 Wir
1052 815 1146 860 haben
1157 818 1237 859 ſchon
1255 822 1392 857 oben
1354 826 1392 857 die
1401 834 1457 866 ge⸗

620 867 734 912 ſchickte
749 862 963 919 Beſaͤmung
974 871 1204 916 verwittweter
1218 874 1320 925 Kitze
1332 883 1400 922 mit
1400 884 1457 924 ge⸗

587 913 799 963 buͤhrendem
816 924 1015 968 Weihrauche
1031 926 1188 970 beſtreuet;
1221 932 1267 967 die
1285 930 1457 978 Schoͤnheit

602 971 682 1013 des
682 972 846 1017 folgenden
855 976 1049 1014 Ausdruckes
1060 981 1132 1016 aber
1148 982 1227 1024 reißt
1235 984 1299 1019 uns
1315 986 1456 1023 vollends

609 1024 724 1066 dahin.
775 1029 851 1064 Wer
847 1020 971 1071 koͤnnte
991 1024 1082 1080 ſonſt
1077 1036 1130 1071 als
1145 1028 1259 1080 Rath
1285 1029 1455 1088 Bodmer,

583 1078 685 1117 der
692 1073 1152 1130 zweyhundertmaͤnniſche
1166 1086 1302 1136 Rath,
1302 1088 1377 1132 der
1386 1096 1457 1129 den

613 1121 814 1174 Hochzeiten
832 1135 882 1167 der
890 1120 1029 1182 Neſſeln
1043 1138 1107 1173 und
1115 1134 1248 1181 Nelken
1262 1131 1454 1189 beywohnet,

617 1178 673 1216 uns
689 1173 736 1221 die
762 1171 956 1232 Gebraͤuche
968 1176 1132 1234 verrathen,
1159 1189 1205 1224 die
1219 1194 1281 1225 von
1295 1195 1349 1227 den
1365 1187 1453 1238 fuͤhl⸗

611 1226 702 1272 loſen
714 1229 882 1276 Pflanzen
889 1234 952 1277 bey
961 1235 1051 1275 ihren
1078 1228 1274 1284 Hochzeiten
1288 1233 1453 1287 beobachtet

612 1278 756 1317 werden?
791 1282 853 1317 Die
867 1281 1013 1327 Fraͤulein
1028 1285 1153 1326 Toͤchter
1199 1285 1307 1332 Noahs
1326 1284 1452 1339 wußten

611 1330 695 1369 zwar
702 1328 762 1364 viel
772 1336 832 1365 von
859 1320 912 1375 der
898 1327 1066 1381 Zeugung
1078 1332 1135 1375 der
1142 1332 1344 1383 Menſchen;

669 1382 869 1418 “Dennoch
882 1373 993 1431 wußten
1021 1382 1058 1429 ſie
1078 1385 1179 1431 nichts
1198 1394 1269 1426 vom
1288 1389 1376 1429 Leben
1397 1393 1450 1431 der

974 1438 1195 1497 fuͤhlloſen
1206 1445 1396 1499 Pflanzen,

661 1486 808 1528 “Jhrer
815 1474 984 1528 geheimen
991 1478 1157 1531 Zeugung
1167 1490 1229 1520 und
1243 1493 1341 1543 ihren
1362 1491 1471 1544 Hoch⸗

859 1543 1163 1598 zeitgebraͤuchen.„
1209 1541 1323 1603 Noah,
1333 1542 1442 1600 40S.

555 1563 665 1612 Die
677 1574 813 1613 Blumen
829 1588 923 1620 haben
941 1587 1063 1627 freylich
1079 1593 1141 1626 ihre
1149 1591 1444 1633 Geburtsglieder,

599 1645 664 1679 und
681 1645 747 1686 ihre
778 1642 993 1697 hochzeitliche
1014 1649 1170 1697 Sitten:
1210 1651 1281 1691 und
1295 1660 1367 1695 was
1388 1658 1442 1702 fuͤr

597 1688 856 1741 Hochzeitliches
870 1697 1040 1735 bekommen
1053 1703 1113 1737 wir
1126 1703 1207 1746 nicht
1222 1705 1255 1739 in
1268 1704 1440 1750 folgendem

595 1739 838 1795 hochzeitlichen
845 1747 957 1796 Verſe
965 1762 1002 1797 zu
1007 1755 1134 1792 denken!

656 1790 790 1831 “Lobet
798 1796 854 1830 den
861 1794 955 1837 Gott,
967 1801 1024 1833 den
1033 1798 1154 1840 Retter,
1166 1806 1228 1836 von
1236 1801 1375 1843 welchem
1390 1807 1437 1843 die

1046 1856 1149 1892 Milde
1160 1857 1215 1891 des
1222 1855 1352 1897 Segens

650 1898 767 1939 “Auf
772 1902 817 1936 die
826 1896 1040 1949 hochzeitliche
1047 1903 1165 1952 Nacht
1194 1899 1250 1951 und
1243 1903 1435 1957 Empfaͤng⸗

672 1948 914 1997 nißſtunde
923 1953 1137 2003 herabfleußt.
1193 1959 1299 2007 Noah,
1298 1957 1434 2011 386S.

554 1996 641 2038 Ob
655 1996 717 2039 wir
732 1999 826 2044 gleich
839 2003 926 2041 einen
943 2000 1059 2051 naͤhern
1072 2007 1136 2047 Ort
1151 2007 1265 2055 wiſſen,
1284 2017 1344 2049 von
1362 2014 1430 2050 dem
