1391 2075
308 329 359 359 Der
375 327 479 361 Einzige
489 329 560 356 unter
571 323 620 356 den
630 329 800 360 Unzaͤhligen.

867 331 912 364 37

195 417 303 454 keinen
324 414 395 462 Fall
417 415 501 461 hatte
517 425 552 463 zu
571 417 602 460 ſo
625 415 708 454 einer
726 413 911 454 uͤbertriebe⸗

193 488 253 514 nen
277 476 449 524 Eiferſucht
467 477 558 525 unſer
572 475 742 523 Churburg
764 475 829 513 eine
849 476 910 513 Ur⸗

193 537 296 585 ſache;
334 540 405 577 weil
437 539 525 587 Luzie
551 539 639 578 keine
671 539 813 578 weiteren
841 538 909 577 Be⸗

194 603 368 653 duͤrfniſſe,
409 607 461 642 als
478 624 527 634 —
553 606 587 641 in
620 604 720 642 Treue
744 606 808 642 und
842 605 909 641 Un⸗

191 666 293 712 ſchuld
312 678 347 713 zu
363 665 641 706 leben
482 672 501 709 —
518 665 641 706 kannte.
668 667 753 705 Aber
771 668 801 714 ſo
821 667 908 702 woll⸗

191 739 219 770 te
239 730 411 777 Churburg
430 730 507 776 auch
526 730 603 778 hier
603 730 772 778 abermals
788 728 904 777 zeigen,

192 789 256 837 daß
276 799 307 824 er
324 775 377 826 der
390 786 571 835 Einzige
594 797 687 825 unter
704 789 762 825 den
781 785 908 835 Unzaͤh⸗

191 856 275 905 ligen
298 859 359 906 ſey.
420 861 538 904 Daher
557 856 629 895 kam
656 866 690 896 es
716 860 816 903 auch,
844 860 908 905 daß

190 936 223 960 er
249 926 296 961 bei
316 926 370 961 der
388 923 494 968 Nacht
515 923 573 960 alle
594 921 722 969 Thuͤren
742 923 794 962 der
812 923 907 968 Veſte

191 989 249 1025 mit
266 987 385 1032 eigener
395 985 493 1033 Hand
509 986 684 1035 zumachte,
711 987 760 1026 die
770 985 907 1036 Schluͤſ⸗

190 1053 232 1099 ſel
245 1052 297 1091 ins
307 1050 385 1088 Bett
402 1049 520 1098 ſteckte,
546 1050 611 1087 und
632 1051 691 1086 mit
712 1050 794 1086 einer
805 1049 904 1094 Hand

190 1115 251 1165 das
283 1114 477 1159 Weibchen,
515 1115 575 1152 mit
602 1115 656 1150 der
684 1113 803 1151 andern
833 1114 906 1151 aber

191 1185 240 1223 die
260 1180 417 1231 Schluͤſſel
436 1179 550 1228 huͤtete.
568 1200 635 1211 —

243 1247 337 1292 Drey
369 1255 464 1294 ganze
486 1243 593 1293 Jahre
624 1247 700 1287 lebte
721 1247 768 1286 die
794 1245 906 1292 Arme,

191 1309 349 1359 zufrieden
368 1312 426 1348 mit
447 1312 545 1356 ihrem
565 1310 763 1358 Schickſale,
791 1321 833 1346 an
853 1310 906 1345 der

191 1375 288 1417 Seite
302 1372 358 1410 des
381 1370 606 1422 eiferſuͤchtigen
619 1373 797 1416 Mannes,
823 1372 903 1418 ohne

191 1441 250 1478 den
270 1435 445 1477 Gedanken
464 1446 500 1484 zu
520 1435 642 1483 hegen,
678 1435 742 1485 daß
762 1441 795 1474 es
819 1436 905 1482 wohl

190 1497 483 1547 liebenswuͤrdigere
498 1499 645 1540 Maͤnner
664 1499 699 1537 in
717 1499 771 1535 der
791 1501 906 1543 tyroler

192 1566 327 1618 Gegend
347 1568 432 1614 gebe.
483 1569 569 1610 Aber
587 1570 652 1618 jezt
661 1567 766 1613 dachte
795 1566 835 1615 ſie
857 1569 907 1614 ih⸗

192 1628 245 1662 res
273 1619 465 1667 Nachbars,
500 1625 555 1662 des
587 1638 612 1652 —
637 1631 719 1666 zwar
749 1623 905 1661 unbemit⸗

193 1694 285 1737 telten
293 1690 343 1744 —
360 1694 477 1737 Ritters
495 1691 765 1743 Katzenſtein.
829 1696 905 1736 Mit

783 1757 856 1809 ihm
