1966 2612
846 238 892 272 22

942 230 985 288 I.
985 230 1096 288 Von
1096 230 1178 288 der
1178 230 1430 288 Traurigkeit
1430 230 1539 288 uͤber
1539 230 1635 288 den
1635 230 1722 288 Tod

850 321 923 361 Tod
939 325 999 361 alle
1022 326 1097 370 dieſe
1114 326 1219 365 Guͤter
1242 328 1303 374 auf
1322 328 1438 367 einmal
1452 331 1649 379 wegnimmt,
1673 338 1731 372 und
1753 336 1799 385 ihn

847 382 885 418 zu
901 376 952 410 der
971 376 1129 423 traurigen
1145 378 1432 431 Nothwendigkeit,
1447 394 1505 428 gar
1522 385 1601 427 nicht
1616 386 1698 434 mehr
1714 399 1746 434 zu
1764 391 1798 428 le⸗

846 420 917 463 ben,
944 425 1142 461 verdammet.
1194 426 1297 465 Allein
1324 431 1371 465 ein
1399 429 1506 474 ſolcher
1519 431 1671 480 Schmerz
1696 435 1797 480 ſchicket

844 479 903 524 ſich
919 491 978 517 nur
995 481 1045 525 ſuͤr
1062 482 1240 532 diejenigen,
1266 487 1323 525 die
1345 488 1443 527 keine
1457 488 1654 542 Hoffnung
1673 492 1796 538 haben.

844 529 916 565 Und
925 534 984 565 das
995 530 1030 573 iſt
1039 531 1171 568 alsdann
1181 538 1250 569 was
1260 543 1339 579 ganz
1348 534 1569 584 unlaͤugbares,
1577 548 1664 575 wenn
1679 542 1738 579 eine
1747 543 1795 588 ſol⸗

843 578 893 620 che
900 576 1100 627 Traurigkeit
1108 582 1181 619 uͤber
1187 583 1372 633 dergleichen
1381 587 1535 635 Perſonen
1544 591 1666 639 entſteht,
1699 592 1742 628 die
1750 594 1791 630 ein

842 629 1022 676 chriſtliches
1039 634 1126 671 Leben
1144 637 1236 682 durch
1260 637 1345 676 einen
1370 639 1550 688 chriſtlichen
1567 643 1636 682 Tod
1660 645 1792 694 beſchlieſ⸗

841 682 903 727 ſen.
956 685 1024 721 Und
1049 687 1113 732 hier
1128 688 1166 732 iſt
1186 695 1231 734 es,
1248 699 1297 726 wo
1318 701 1393 727 man
1410 694 1496 740 mehr
1519 697 1571 732 als
1586 696 1662 743 ſonſt
1677 698 1791 744 irgends

842 741 891 767 wo
904 732 1029 779 Urſache
1047 735 1103 780 hat
1118 746 1153 782 zu
1168 736 1322 786 erkennen,
1342 740 1398 777 wie
1416 743 1515 789 wenig
1531 744 1603 788 doch
1618 747 1663 781 die
1678 747 1789 793 meiſten

839 782 983 830 Chriſten
1009 785 1082 826 nach
1100 788 1183 826 ihren
1200 791 1320 837 eigenen
1338 792 1545 841 Grundſaͤtzen
1565 796 1717 844 urtheilen,
1734 802 1790 838 und

839 838 892 868 auf
914 831 977 867 eine
1000 832 1088 878 ſolche
1105 825 1209 881 Weiſe
1225 837 1398 886 verfahren,
1416 841 1462 878 die
1482 845 1550 879 dem
1567 843 1721 890 Glauben,
1740 849 1789 883 den

835 888 876 934 ſie
901 887 1060 935 bekennen,
1093 890 1245 934 durchaus
1268 902 1412 942 entgegen
1436 898 1484 940 iſt.
1556 902 1635 941 Wir
1655 900 1787 950 glauben,

837 940 902 983 daß
922 951 968 975 die
985 938 1085 979 Seele
1103 944 1282 990 unſterblich
1299 948 1354 993 ſey.
1406 949 1484 988 Wir
1498 948 1643 998 glauben,
1658 952 1716 999 daß
1733 955 1788 991 eine

836 989 928 1036 ſolche
941 989 1041 1028 Seele
1058 993 1100 1029 im
1118 995 1216 1038 letzten
1240 995 1441 1045 Augenblicke
1467 1001 1549 1036 eines
1575 1010 1666 1048 guten
1688 1003 1785 1042 Todes

833 1040 920 1088 ihren
944 1039 1015 1087 Zug
1040 1054 1108 1087 zum
1131 1045 1272 1091 Himmel
1297 1049 1414 1097 nehme,
1440 1056 1502 1090 und
1524 1056 1586 1101 daß
1612 1057 1659 1092 die
1682 1056 1784 1103 Engel,

832 1095 881 1130 die
899 1096 954 1141 ſich
973 1095 1075 1137 bisher
1094 1109 1146 1134 um
1165 1100 1203 1146 ſie
1219 1098 1271 1145 her
1288 1093 1437 1149 gelagert,
1454 1107 1515 1142 und
1533 1108 1569 1153 ſie
1584 1106 1729 1155 beſchuͤtzet
1742 1107 1789 1161 ha⸗

830 1138 901 1186 ben,
919 1133 1042 1186 dieſelbe
1060 1144 1212 1192 nunmehr
1236 1147 1267 1182 in
1291 1153 1348 1185 den
1372 1149 1506 1201 Schooß
1531 1152 1651 1191 Gottes
1675 1149 1784 1200 tragen.

829 1194 910 1235 Wir
925 1194 1023 1243 haben
1038 1199 1171 1247 geſehen,
1186 1200 1244 1236 wie
1260 1202 1309 1238 die
1327 1203 1482 1251 unſerigen
1499 1206 1553 1252 bey
1573 1209 1655 1255 ihren
1671 1208 1784 1247 Lebens⸗

830 1252 924 1291 tagen
942 1249 1099 1298 geſeufzet,
1117 1253 1175 1290 wie
1193 1255 1231 1300 ſie
1252 1256 1309 1303 ſich
1326 1255 1470 1306 geſehnet,
1495 1265 1559 1301 und
1580 1266 1632 1299 der
1655 1262 1781 1304 Stunde

825 1298 909 1344 ihrer
926 1300 1117 1348 Befreyung
1143 1309 1288 1350 entgegen
1313 1301 1453 1354 geſehen.
1498 1314 1569 1349 Und
1592 1323 1678 1351 wenn
1698 1313 1733 1360 ſie
1748 1323 1780 1359 zu

823 1351 933 1395 dieſem
945 1351 1146 1400 Augenblicke
1163 1357 1341 1405 gekommen
1357 1361 1434 1406 ſind,
1446 1361 1474 1405 ſo
1492 1361 1595 1410 zaͤhlen
1611 1361 1667 1403 wir
1682 1366 1718 1412 ſie
1726 1367 1778 1402 un⸗

821 1401 868 1433 ter
883 1386 932 1434 die
944 1390 1212 1449 Ungluͤckſeligen?
1235 1404 1327 1450 Habe
1332 1407 1380 1457 ich
1377 1407 1459 1454 alſo
1476 1412 1555 1457 nicht
1588 1411 1693 1458 Grund,
1708 1420 1778 1448 wenn

820 1451 869 1495 ich
883 1453 961 1500 ſage,
978 1462 1011 1491 es
1027 1456 1071 1500 ſey
1087 1459 1167 1495 keine
1183 1459 1297 1507 einzige
1313 1460 1526 1512 Gelegenheit,
1550 1478 1598 1503 wo
1622 1469 1670 1506 die
1690 1469 1775 1517 Chri⸗

820 1503 885 1547 ſten
904 1505 988 1550 ihren
1005 1506 1127 1552 eigenen
1144 1509 1353 1558 Grundſaͤtzen
1367 1513 1501 1559 weniger
1517 1515 1629 1564 gemaͤß
1643 1519 1775 1565 urtheile⸗

820 1558 884 1599 ten,
903 1561 965 1594 und
981 1562 1050 1596 dem
1066 1558 1226 1607 Glauben,
1244 1566 1299 1603 den
1317 1564 1355 1610 ſie
1374 1564 1532 1614 bekennen,
1555 1568 1638 1616 mehr
1653 1571 1775 1616 zuwider

807 1603 994 1652 handelten,
1011 1609 1060 1643 als
1077 1610 1167 1655 hier?
1193 1612 1290 1660 Dieſe
1298 1614 1452 1662 Perſonen
1461 1611 1574 1654 waren
1582 1622 1622 1655 da
1638 1630 1672 1666 zu
1682 1619 1772 1658 bekla⸗

816 1663 888 1701 gen,
915 1659 965 1694 als
980 1661 1017 1706 ſie
1041 1662 1115 1704 noch
1132 1661 1185 1705 bey
1207 1672 1270 1701 uns
1287 1667 1318 1702 in
1341 1668 1448 1715 dieſem
1462 1668 1692 1720 Thraͤnenthale
1713 1682 1772 1709 wa⸗

816 1718 882 1744 ren.
935 1709 996 1748 Da
1013 1722 1116 1749 waren
1132 1714 1169 1758 ſie
1184 1725 1220 1761 zu
1238 1714 1392 1764 beklagen,
1409 1721 1448 1756 da
1467 1722 1505 1768 ſie
1526 1719 1595 1773 noch
1613 1724 1676 1761 alle
1689 1721 1771 1771 Tage

816 1757 851 1794 in
869 1758 995 1806 Gefahr
1011 1765 1062 1796 der
1077 1761 1198 1801 Suͤnde
1217 1772 1333 1811 waren,
1357 1769 1418 1802 und
1441 1770 1512 1812 noch
1531 1770 1558 1815 ſo
1575 1771 1770 1816 manchesmal

817 1815 879 1844 von
897 1809 944 1855 ihr
962 1810 1163 1850 uͤberwunden
1180 1820 1316 1855 wurden.
1368 1817 1430 1857 Da
1450 1829 1553 1858 waren
1578 1823 1615 1869 ſie
1629 1833 1664 1870 zu
1679 1823 1771 1861 bekla⸗

817 1869 889 1905 gen,
906 1863 955 1899 als
970 1866 1008 1909 ſie
1027 1866 1079 1911 bey
1098 1868 1193 1911 ihrem
1221 1869 1309 1914 Laufe
1334 1873 1394 1919 auf
1407 1876 1459 1911 der
1481 1875 1585 1924 Bahn
1608 1881 1661 1915 des
1680 1877 1769 1924 Heils

815 1915 891 1957 noch
911 1917 940 1952 in
957 1917 1084 1966 Gefahr
1099 1919 1236 1968 ſtunden,
1253 1921 1307 1962 bey
1325 1923 1422 1961 einem
1439 1927 1468 1973 ſo
1485 1923 1659 1976 muͤhſamen
1668 1929 1767 1969 Wan⸗

817 1964 867 2000 del
882 1963 956 2006 noch
973 1967 1082 2004 immer
1098 1969 1317 2016 auszugleiten.
1373 1972 1434 2012 Da
1452 1986 1554 2013 waren
1575 1978 1613 2024 ſie
1627 1989 1662 2026 zu
1675 1978 1766 2017 bekla⸗

816 2019 887 2056 gen,
903 2014 953 2049 als
971 2015 1007 2060 ſie
1024 2015 1095 2059 noch
1111 2020 1170 2056 das
1186 2019 1286 2059 Elend
1304 2026 1355 2060 der
1370 2025 1481 2066 Kirche
1504 2027 1583 2069 nicht
1606 2037 1663 2063 nur
1676 2027 1765 2074 ſehen,

814 2069 941 2114 ſondern
960 2073 1033 2116 auch
1052 2073 1133 2119 ſelbſt
1148 2075 1251 2114 darein
1267 2079 1431 2117 verwickelt
1445 2079 1510 2128 ſeyn
1520 2085 1658 2131 mußten.
1710 2086 1767 2125 Da

814 2129 920 2160 waren
937 2122 976 2172 fie
989 2134 1026 2175 zu
1043 2121 1196 2174 beklagen,
1213 2128 1262 2165 als
1278 2131 1316 2178 ſie
1344 2130 1429 2180 noch,
1447 2143 1509 2172 wenn
1540 2135 1578 2182 ſie
1593 2139 1642 2176 der
1651 2137 1768 2185 Wahr⸗

1707 2195 1766 2237 heit
