1718 2438
701 508 812 560 folge/
836 512 959 561 Loͤſung
968 516 1024 554 des
1032 511 1149 562 groben
1165 516 1230 555 und
1239 513 1356 556 kleinen
1375 512 1577 569 Geſchuͤtzes/

702 573 769 609 und
780 578 872 611 unter
882 569 1042 616 allerhand
1049 570 1328 621 Jubel⸗Geſchrey
1335 574 1403 613 und
1411 570 1574 621 Freuden⸗

700 615 968 656 Inſtrumenten
979 616 1056 664 nach
1065 621 1137 658 dero
1146 615 1379 670 Reſidentz/da
1372 626 1448 658 man
1458 619 1575 658 immit⸗

701 670 767 717 telſt
778 680 834 712 vor
843 676 911 712 dem
929 670 1117 718 Rathhauſe
1127 672 1237 716 Wein
1246 669 1396 721 ſpringen
1411 670 1502 722 ließ/
1508 673 1573 713 und

702 722 771 760 dem
780 720 941 769 gemeinen
953 720 1062 765 Volck
1070 720 1232 770 abermahl
1241 722 1308 762 vier
1331 718 1484 777 gebratene
1505 721 1576 778 Och⸗

701 769 751 815 ſen
762 780 831 819 zum
842 768 941 818 beſten
956 767 1046 819 gab/
1044 775 1108 813 und
1132 771 1179 811 die
1186 773 1291 819 gantze
1309 772 1577 823 Magnificence

704 826 759 864 der
769 816 936 869 Kroͤnung
946 822 1033 863 eines
1042 821 1129 872 mehr
1138 822 1190 865 als
1202 817 1416 875 Koͤniglichen
1425 826 1577 863 Monar-

702 873 813 914 chens
831 870 977 915 gluͤcklich
994 875 1125 924 endigte.

800 928 904 971 Unter
923 931 976 967 der
992 927 1120 977 Pracht
1136 927 1231 977 dieſer
1252 936 1313 969 neu
1329 926 1494 976 erlangten
1503 926 1576 979 Ho⸗

700 975 763 1027 heit
772 972 892 1024 vergaß
901 974 1076 1017 Guſtavus
1084 975 1132 1018 die
1138 975 1259 1027 Liebe
1251 975 1283 1027 zu
1278 979 1334 1018 der
1347 977 1577 1028 Durchlauch⸗

701 1027 813 1078 tigſten
824 1028 990 1069 Arionen
999 1025 1099 1078 nicht/
1112 1029 1246 1077 ſondern
1257 1029 1423 1078 hierinnen
1433 1028 1532 1080 ſuchte
1540 1040 1575 1071 er

699 1080 775 1122 eben
782 1080 846 1124 ſein
858 1075 1069 1129 Koͤnigliches
1080 1076 1313 1129 Vergnuͤgen/
1317 1084 1384 1122 und
1391 1080 1483 1123 wolte
1494 1080 1574 1130 nach

699 1135 770 1174 dem
778 1131 897 1180 Thron
907 1134 960 1172 der
968 1131 1078 1182 Ehren
1089 1130 1146 1182 ſich
1154 1130 1215 1183 auf
1236 1137 1305 1176 dem
1322 1132 1441 1183 Thron
1456 1140 1573 1175 unver⸗

699 1184 890 1235 gleichlicher
900 1184 984 1226 Liebe
992 1184 1136 1232 erheben.

810 1237 861 1278 Er
874 1234 998 1278 brachte
1005 1234 1065 1282 erſt
1073 1238 1135 1278 das
1145 1239 1250 1286 gantze
1257 1235 1361 1285 Reich
1368 1235 1574 1280 vollkommen

698 1293 794 1328 unter
801 1284 905 1333 ſeinen
925 1285 1135 1334 Gehorſam/
1157 1289 1224 1330 und
1233 1292 1287 1329 der
1295 1284 1393 1346 Fuͤrſt
1403 1287 1574 1327 Kareizis-

698 1333 796 1372 vvod
804 1331 902 1381 muſte
916 1331 974 1383 ſich
987 1332 1073 1383 nebſt
1080 1336 1204 1376 andern
1212 1341 1271 1375 vor
1285 1336 1349 1375 inm
1358 1330 1580 1389 demuͤthigen/

698 1385 737 1427 ob
746 1396 779 1428 er
789 1386 886 1435 gleich
915 1381 969 1431 den
979 1382 1102 1435 Schalck
1109 1388 1153 1430 im
1162 1387 1296 1438 Hertzen
1306 1386 1442 1439 behielte.
1484 1391 1575 1434 Wie

697 1447 767 1480 nun
778 1438 826 1478 die
835 1434 968 1486 guͤldene
976 1436 1076 1485 Ruhe
1085 1442 1152 1481 und
1161 1430 1416 1491 Gluͤckſeeligkeit
1424 1438 1482 1491 ſich
1494 1436 1574 1482 uͤber

697 1490 785 1536 gantz
793 1487 995 1527 Sarmatien
1007 1486 1222 1542 ausbreitete/
1220 1497 1274 1538 zog
1283 1487 1457 1529 Guſtavus
1464 1490 1497 1531 in
1497 1490 1574 1531 dem

698 1536 910 1589 praͤchtigſten
929 1541 1068 1590 Gefolge
1088 1550 1151 1584 von
1171 1542 1410 1594 Sarmatiſchen
1420 1539 1577 1595 Fuͤrſten/

697 1592 800 1641 ſeinen
810 1593 995 1635 Generalen
1003 1596 1069 1634 und
1078 1594 1306 1641 Cavalieren,
1318 1593 1396 1645 nach
1403 1595 1575 1638 demWit⸗

696 1644 918 1688 tekindiſchen
930 1644 1044 1685 Lande.

798 1686 865 1742 Se.
884 1686 1016 1744 Koͤnigl.
1027 1694 1141 1746 Bruſt
1150 1693 1271 1744 beſeelte
1285 1694 1352 1736 eine
1362 1691 1576 1745 unbeſchreib⸗

697 1746 772 1794 liche
781 1743 938 1795 Freude/
968 1749 1006 1786 da
1017 1755 1051 1787 er
1068 1746 1116 1787 die
1139 1741 1247 1795 ſchoͤne
1276 1745 1439 1796 Reſidentz
1456 1746 1573 1793 Stadt

696 1801 880 1841 Denaruta
890 1799 989 1847 liegen
998 1794 1079 1848 ſah/
1078 1804 1143 1840 und
1159 1798 1305 1849 folgends
1314 1808 1375 1842 von
1383 1802 1463 1842 allen
1474 1801 1574 1845 Vor⸗

696 1850 832 1892 nehmen
849 1847 949 1898 ſeines
966 1850 1139 1899 herrlichen
1161 1847 1574 1902 Groß⸗Fuͤrſten⸗Thums

698 1904 766 1942 und
775 1907 844 1942 dem
860 1904 986 1951 gantzen
1002 1903 1313 1954 Wittekindiſchen
1334 1902 1413 1947 Adel
1431 1897 1578 1952 eingeho⸗

700 1951 752 1994 let/
751 1950 890 2001 hernach
899 1948 975 1992 aber
982 1944 1038 1995 von
1050 1952 1214 1992 Arionen
1232 1948 1423 1996 empfangen
1434 1948 1581 1994 wurde.

800 2007 902 2050 Keine
912 2006 1012 2054 Feder
1023 2006 1132 2056 reichet
1141 2014 1207 2054 zu/
1229 2011 1332 2049 weder
1341 2012 1403 2049 das
1412 2001 1578 2056 Vergnuͤ⸗

700 2067 763 2109 gen
771 2059 868 2110 dieſes
877 2058 976 2111 hohen
986 2064 1051 2102 und
1060 2058 1303 2106 vollkommenen
1320 2056 1458 2113 Fuͤrſten
1470 2063 1573 2113 Paa⸗
