1589 2525
161 466 213 499 des
236 456 385 509 Fuͤrſten;
429 451 504 494 ſeine
530 448 771 495 Liebhabereien;
823 446 874 482 der
895 446 924 485 ſo
949 444 1031 483 leicht

163 518 226 551 und
248 523 300 549 um
324 513 352 552 ſo
373 506 508 551 geringen
523 507 613 549 Preis
639 514 673 547 zu
695 500 867 542 erkaufende
890 498 1033 539 erhabene

165 573 268 611 Name
296 569 373 606 eines
411 561 590 608 Beſchuͤzers
624 564 674 598 der
698 555 936 600 Wiſſenſchaften
972 556 1033 588 und

167 621 296 668 Kuͤnſte;
332 621 375 657 die
395 625 454 653 von
477 619 541 657 ihm
564 613 764 658 angefangene
789 607 1035 652 Verſchoͤnerung

167 685 218 719 der
240 679 362 719 Stadt,
388 677 449 712 und
471 675 544 716 ſeine
570 669 720 713 Sorgfalt
739 665 790 710 fuͤr
814 667 858 702 die
880 665 1038 704 Unterhal⸗

169 740 243 778 tung
281 735 341 768 und
373 733 418 769 die
451 723 699 772 Vergnuͤgungen
737 727 787 761 des
816 723 932 762 Volks:
980 722 1036 756 das

168 795 270 826 waren
291 784 364 826 ſeine
385 779 554 826 Anſpruͤche
576 780 636 821 auf
664 780 724 813 eine
747 774 852 817 Liebe,
901 776 943 808 die
974 773 1037 811 ihm

171 840 349 889 Bildſaͤulen
389 834 428 888 zu
425 838 491 883 Fuß
514 838 577 872 und
607 843 640 877 zu
669 831 796 876 Pferde,
825 833 861 875 an
915 823 1042 871 oͤffentli⸗

173 899 241 940 chen
279 893 391 939 Plaͤzen
422 896 484 930 und
522 892 581 934 auf
611 892 666 925 den
705 885 832 925 Giebeln
864 879 1042 927 oͤffentlicher

174 953 335 998 Gebaͤude,
368 952 494 989 erwarb.
541 949 604 987 Die
627 944 749 989 Belgier
777 949 864 984 zogen
887 939 972 982 ruhig
987 937 1047 980 auf

174 1012 225 1046 der
247 1008 356 1042 breiten
384 994 556 1045 Heerſtraße
576 1000 627 1035 der
650 994 850 1036 Gewohnheit
874 994 951 1032 fort,
981 991 1043 1026 und

176 1065 364 1108 verrichteten
393 1063 484 1105 willig
516 1061 577 1096 und
599 1056 776 1099 mechaniſch
798 1055 844 1093 ihr
865 1049 1046 1094 Tagewerk,

178 1124 255 1164 ohne
291 1121 341 1162 ſich
378 1126 432 1153 um
473 1117 517 1154 die
549 1111 749 1155 Verwaltung
782 1110 833 1145 der
863 1103 1047 1151 oͤffentlichen

178 1173 441 1221 Angelegenheiten
464 1180 497 1213 zu
520 1164 688 1205 kuͤmmern.
733 1165 801 1207 Jhr
825 1162 995 1201 Vertrauen
1016 1159 1049 1193 in

181 1232 226 1268 die
251 1229 332 1271 weiſe
368 1223 519 1269 Fuͤhrung
550 1225 600 1258 der
631 1218 745 1262 hoͤhern
770 1213 897 1254 Staͤnde
927 1214 996 1254 ging
1018 1219 1049 1251 ſo

181 1287 269 1328 weit,
311 1284 366 1325 daß
397 1279 589 1323 verſchiedene
612 1273 828 1317 Brabantiſche
850 1269 968 1310 Staͤdte
990 1277 1051 1303 von

181 1340 279 1384 ihrem
300 1338 412 1381 Recht,
455 1332 657 1378 Abgeordnete
684 1339 734 1374 zur
760 1325 995 1369 Verſammlung
1018 1329 1052 1363 zu

164 1393 317 1437 ſchicken,
345 1391 443 1427 keinen
468 1386 628 1427 Gebrauch
650 1384 785 1423 machten
806 1383 867 1416 und
896 1382 944 1415 der
967 1378 1055 1414 dritte

184 1441 297 1480 Stand
320 1438 440 1480 folglich
471 1435 560 1476 zulezt
584 1433 681 1473 wenig
720 1430 803 1468 mehr
829 1429 878 1462 als
900 1429 967 1461 dem
989 1425 1055 1461 Na⸗

185 1509 255 1540 men
278 1503 353 1540 nach
374 1497 505 1540 exiſtirte.
576 1496 640 1532 Die
672 1489 864 1532 Geiſtlichkeit
885 1488 968 1529 hatte
997 1485 1071 1522 bei⸗

186 1556 264 1597 nahe
283 1553 314 1589 in
337 1551 412 1589 allen
433 1545 622 1594 Provinzen,
648 1546 696 1582 als
716 1542 801 1585 erſter
822 1541 884 1577 und
906 1536 1059 1582 zahlreich⸗

187 1608 242 1649 ſter
275 1595 458 1646 Landſtand,
505 1599 552 1636 ein
589 1593 799 1642 entſchiedenes
835 1588 1062 1636 Uebergewicht·

189 1669 273 1711 Jhre
296 1670 377 1702 treue
398 1658 594 1706 Ergebenheit
623 1664 712 1699 gegen
744 1656 798 1691 den
822 1653 892 1695 Hof
926 1651 1061 1690 beruhete

188 1722 248 1765 auf
270 1720 363 1757 einem
387 1713 684 1761 gemeinſchaftlichen
707 1709 865 1753 Jntereſſe.
910 1706 973 1744 Die
996 1701 1063 1747 ſuͤße

190 1776 364 1822 Herrſchaft
388 1769 461 1810 uͤber
483 1772 527 1809 die
552 1764 743 1810 Gemuͤther,
784 1766 815 1800 in
848 1764 934 1798 deren
965 1759 1065 1802 Beſize

191 1837 266 1868 man
288 1827 323 1868 ſie
344 1824 421 1867 nicht
443 1820 547 1867 ſtoͤrte,
569 1829 634 1857 war
654 1818 763 1855 immer
788 1815 877 1858 einige
902 1814 968 1848 dem
988 1812 1067 1848 Lan⸗

193 1888 338 1931 desherrn
369 1886 484 1926 gezollte
516 1879 679 1922 Millionen
716 1878 822 1916 werth.
889 1874 973 1911 Man
1005 1878 1067 1905 ver⸗

196 1943 313 1986 fichert,
362 1939 419 1981 daß
447 1939 572 1989 Maria
606 1931 764 1978 Thereſia
785 1926 927 1970 waͤhrend
950 1930 999 1963 des
1022 1925 1069 1966 ſie⸗

195 1994 387 2043 benjaͤhrigen
421 1991 546 2037 Krieges
567 1999 609 2028 an
628 1987 757 2031 wirklich
780 1983 953 2029 bewilligten
975 1981 1067 2020 Sub⸗
