1344 2109
270 414 374 451 „Sie
396 411 485 453 zollen
504 413 566 444 dem
587 407 744 446 erhabenen
765 408 890 447 Weſen,
922 409 976 439 das

198 465 268 507 uns
287 469 360 500 ſchuf
378 487 413 501 —
438 463 557 496 dadurch
576 459 629 496 daß
649 458 684 496 ſie
702 460 746 491 die
765 458 864 495 Sache
886 455 976 490 ſeiner

197 516 360 555 Geſchoͤpfe
372 518 584 556 vertheidigen,
604 514 661 544 und
678 514 760 547 deren
779 511 867 551 Wohl
889 507 977 548 befoͤr⸗

197 572 278 608 dern
295 597 327 615 —
331 578 420 612 mehr
432 574 618 612 Verehrung,
636 570 683 602 als
697 570 752 602 alle
767 569 870 606 Kniee,
890 566 934 600 die
949 566 979 605 je

198 642 260 667 vor
277 632 387 669 Goͤtzen
395 632 451 675 ſich
457 629 630 671 beugten,“
652 629 708 667 rief
720 628 795 662 mein
811 625 927 665 Oheim.

288 691 361 730 Hier
375 689 432 729 trat
463 680 553 729 Yorik
553 680 605 728 in
616 686 658 716 die
673 683 786 716 Stube.

284 738 380 778 „Sie
410 736 515 776 fechten
540 742 590 770 um
611 737 661 768 des
684 735 805 773 Ruhms
832 735 981 769 willen!“

198 797 272 832 rief
284 797 360 837 mein
381 793 478 826 Vater
492 791 557 823 und
567 788 654 830 erhob
676 786 749 826 ſeine
770 785 915 824 Stimme.

280 849 437 897 „Ruhm!
458 849 488 891 —
499 845 583 890 ſagte
587 842 696 883 Yorik,
717 848 776 880 und
788 843 982 881 Wohlwollen

198 907 314 943 roͤthete
333 908 408 939 ſeine
419 901 561 938 Wangen
577 910 614 922 —
633 897 741 938 Ruhm
758 895 839 934 bluͤht
852 895 904 932 auf
917 898 981 928 dem

198 964 378 1000 Oelbaume.
402 960 490 1005 Jch
502 956 568 991 ſehe
588 950 636 984 nie
652 950 736 986 einen
766 945 982 987 Lorbeerzweig,

198 1023 267 1067 auf
281 1024 389 1057 deſſen
394 1003 535 1058 Blaͤttern
554 1009 606 1048 ich
611 1017 686 1044 nicht
707 1010 780 1045 Blut
796 1008 830 1046 zu
848 997 982 1032 erblicken

199 1075 324 1112 waͤhne.
361 1082 428 1112 Der
463 1074 581 1108 Lorbeer
614 1064 759 1102 beſchattet
791 1064 843 1094 den
871 1060 982 1100 Wolf.

212 1142 279 1172 Der
297 1139 440 1167 Oelbaum
455 1120 593 1160 gewaͤhrt
614 1124 676 1153 dem
702 1119 842 1153 Lamme
862 1117 909 1150 ein
922 1117 981 1151 Ob⸗

210 1195 287 1224 dach.
301 1183 332 1220 —
358 1183 414 1214 Die
419 1180 564 1213 Wunden
583 1174 632 1218 der
637 1173 760 1211 Truͤbſal
773 1180 808 1212 zu
826 1171 984 1205 verbinden

208 1263 247 1274 —
251 1247 317 1279 den
326 1233 508 1275 Hungrigen
516 1238 549 1256 zu
563 1228 671 1250 ſpeiſen
694 1240 733 1263 —
744 1226 805 1245 den
827 1220 983 1244 Leidenden

211 1296 310 1329 ſeinen
325 1291 467 1320 Kummer
477 1281 634 1323 vergeſſen,
650 1283 702 1314 das
717 1283 809 1312 Elend
826 1280 931 1314 laͤcheln
947 1285 984 1314 zu

214 1351 335 1391 machen
346 1352 379 1377 —
399 1346 454 1363 das
473 1338 527 1376 iſt
548 1330 651 1369 Ruhm!
673 1327 774 1368 Ruhm
798 1324 873 1366 iſt's,
900 1323 983 1363 unſre

214 1400 427 1446 Mitmenſchen
441 1403 475 1424 zu
496 1393 670 1423 beſchirmen.
681 1402 724 1420 —
735 1384 812 1417 Aber
824 1378 986 1420 Ehrgeiz

217 1461 280 1502 und
298 1452 523 1496 Raubſucht,
537 1449 586 1485 die
606 1449 654 1489 ſich
671 1448 767 1489 hinter
786 1448 829 1484 die
848 1446 983 1481 Mauern

217 1524 296 1550 ihrer
323 1518 422 1547 Feſten
450 1511 623 1543 verbergen,
638 1500 770 1542 richten
789 1494 852 1536 ihre
881 1492 989 1533 Feuer⸗

217 1569 343 1604 ſchluͤnde
364 1562 416 1603 auf
425 1561 482 1595 die
482 1556 581 1594 Koͤpfe
603 1562 650 1589 der
670 1551 829 1595 Huͤlfloſen.
847 1566 883 1581 —
911 1551 986 1589 My⸗

218 1627 345 1666 riaden,
360 1635 421 1654 von
445 1623 538 1655 ihnen
553 1613 585 1646 in
611 1607 778 1649 Thaͤtigkeit
803 1607 901 1647 geſetzt
926 1608 988 1638 und

222 1682 302 1712 blind
314 1682 404 1716 gegen
416 1673 476 1708 alle
491 1669 610 1713 Furcht,
630 1669 721 1711 ſtehen
740 1672 798 1711 mit
814 1674 861 1705 der
875 1670 989 1706 Sonne

222 1742 276 1772 auf
304 1746 364 1769 und
392 1727 560 1764 vermiſchen
586 1729 640 1758 den
672 1720 880 1763 wohlthaͤtigen
904 1719 990 1759 Thau
