1612 2602
505 515 566 557 258

696 507 978 562 theologiſcher
993 510 1232 559 Bedencken,

505 592 566 633 als
591 590 792 640 dergleichen
809 602 890 633 vom
910 594 1052 637 Manne
1069 593 1184 643 geſagt
1202 592 1304 644 wird,
1329 591 1401 644 daß

507 655 544 685 er
572 649 633 687 des
658 644 810 687 Weibes
827 645 877 694 ſey
904 648 984 686 oder
1007 651 1082 688 dem
1104 637 1237 690 Weibe
1260 643 1397 696 gehoͤre,

506 701 649 748 welches
675 703 758 749 auch
789 701 823 743 in
851 706 909 743 der
930 700 1205 753 Beſchaffenheit
1226 705 1284 743 der
1303 704 1400 751 eheli⸗

507 754 586 802 chen
626 751 830 805 Geſelſchaft
867 755 959 803 ſelbſt
1001 755 1107 804 ſeinen
1131 760 1236 803 guten
1263 754 1399 798 Grund

490 806 593 854 hat;
619 803 724 855 daher
747 807 838 848 eines
859 805 1160 850 Vaternbruders
1176 805 1333 858 Witwe,
1345 807 1398 848 die

507 855 594 907 nach
619 862 680 902 des
709 861 873 905 Mannes
898 857 999 905 Tode
1024 862 1145 901 einem
1166 859 1310 901 andern
1328 868 1398 911 ge⸗

508 910 670 955 worden
699 908 903 962 Roͤm.7,3
929 910 1018 963 nicht
1035 910 1130 963 mehr
1148 913 1210 955 des
1229 909 1400 957 Vatern⸗

508 967 656 1011 bruders
678 968 794 1013 Weib
818 967 957 1010 bleibet:
987 967 1052 1019 (2)
1067 969 1135 1014 daß
1166 968 1227 1018 bey
1251 971 1314 1012 den
1329 968 1400 1019 Jſ⸗

509 1019 671 1062 raeliten
689 1020 742 1061 die
776 1019 966 1070 Befugnis
993 1025 1064 1063 und
1101 1021 1400 1071 Verbindlichkeit

508 1071 571 1115 des
598 1072 775 1130 Brudern
796 1073 992 1116 unbeerbte
1007 1074 1153 1118 Witwe
1162 1082 1211 1122 zu
1217 1071 1400 1124 heiraten,

507 1122 543 1172 ſo
566 1134 630 1167 auf
651 1129 711 1165 der
727 1124 898 1176 goͤtlichen
916 1124 1170 1174 Verordnung
1199 1141 1212 1174 5
1220 1125 1333 1175 Moſ.
1345 1139 1400 1176 25,

505 1185 577 1222 5ꝛc.
604 1175 766 1227 beruhet,
791 1175 892 1226 gleich
928 1176 1151 1227 aufgehoͤret,
1176 1178 1215 1225 ſo
1244 1179 1324 1225 bald
1350 1180 1403 1221 die

506 1227 655 1272 Witwe
688 1227 783 1269 einen
819 1226 1005 1275 Fremden,
1025 1228 1144 1275 auſſer
1164 1231 1226 1269 der
1247 1226 1403 1272 naͤchſten

507 1274 866 1325 Blutsfreundſchaft
890 1277 989 1322 ihres
1017 1272 1260 1333 verſtorbenen
1285 1268 1405 1323 Man⸗

508 1330 574 1366 nes
594 1326 794 1374 geheiratet,
820 1323 1015 1379 dergeſtalt,
1045 1329 1115 1373 daß
1137 1335 1222 1366 nach
1240 1324 1402 1369 aberma⸗

502 1379 610 1428 ligem
628 1368 814 1426 Abſterben
830 1379 890 1420 des
907 1379 1045 1428 zweiten
1065 1378 1245 1430 Mannes,
1272 1381 1334 1421 des
1349 1391 1404 1422 er⸗

504 1436 577 1485 ſten
604 1433 768 1479 Mannes
796 1428 948 1482 Bruder
968 1429 1164 1485 dieſelbe
1161 1446 1223 1477 um
1260 1448 1272 1485 3
1288 1435 1404 1487 Moſ.

504 1490 559 1535 18,
570 1487 617 1524 16.
633 1496 697 1534 20,
705 1495 741 1525 21
761 1485 872 1526 willen
889 1485 984 1534 nicht
992 1485 1144 1536 heiraten
1157 1484 1295 1537 duͤrfen,
1320 1486 1404 1529 weil

502 1541 563 1591 ſie
581 1540 616 1582 in
631 1541 769 1591 ſolchem
794 1539 891 1590 Falle
919 1533 1017 1593 nicht
1045 1542 1131 1592 mehr
1142 1545 1204 1586 des
1225 1541 1401 1587 Bruders

504 1592 624 1640 Weib
651 1592 823 1642 geweſen;
841 1585 991 1643 welches
1015 1586 1172 1645 demnach
1188 1592 1233 1636 in
1246 1590 1401 1644 aͤnlichen

492 1640 863 1695 Schwaͤgerſchaften
895 1640 954 1686 der
956 1639 1223 1695 Seitenlinien,
1254 1640 1297 1694 wo
1333 1646 1404 1688 die⸗

502 1701 537 1749 ſe
563 1699 814 1747 Verordnung
833 1688 950 1744 allein
959 1690 1044 1751 ſtat
1052 1697 1235 1750 gefunden,
1265 1690 1348 1751 auch
1364 1701 1401 1736 in

502 1748 641 1800 Abſicht
662 1738 806 1791 anderer
825 1748 1164 1799 Eheverordnungen
1179 1747 1288 1799 gelten
1298 1746 1400 1793 muͤs⸗

480 1805 577 1855 ſen:
603 1808 674 1846 und
705 1805 760 1856 (3)
794 1805 865 1855 daß
895 1806 982 1857 nach
996 1804 1220 1858 5Moſ.24,
1239 1800 1307 1854 2⸗4
1330 1801 1402 1850 und

480 1850 592 1907 Jer.
607 1861 679 1909 3,1
701 1858 862 1898 niemand
886 1857 950 1906 ſein
982 1858 1206 1908 geſchiedenes
1223 1856 1399 1909 Eheweib

502 1906 629 1947 wieder
651 1914 821 1946 annemen
841 1908 923 1945 oder
946 1904 1032 1955 aufs
1053 1916 1138 1949 neue
1143 1896 1302 1959 heiraten
1317 1899 1418 1958 duͤr⸗

501 1961 557 2011 fe,
584 1962 636 2010 ſo
654 1961 734 2003 bald
758 1964 800 2009 ſie
831 1961 915 2012 nach
937 1960 1006 2010 ihm
1028 1966 1121 2007 einen
1140 1963 1270 2007 andern
1288 1962 1399 2014 gehei⸗

502 2015 610 2061 ratet,
637 2012 729 2060 ſelbſt
767 2010 856 2060 nicht
883 2010 967 2059 nach
1001 2018 1079 2053 dem
1114 2008 1298 2063 Abſterben
1334 2016 1398 2054 des

498 2063 637 2114 zweiten
663 2066 849 2112 Mannes,
877 2066 922 2106 ob
946 2065 1071 2116 ſolches
1098 2063 1200 2115 gleich
1222 2074 1289 2109 vor
1306 2067 1398 2108 einer

500 2118 766 2168 anderweitigen
799 2120 1071 2171 Verheiratung
1115 2120 1240 2168 allezeit
1270 2119 1395 2170 geſche⸗

497 2166 561 2213 hen
583 2166 736 2210 koͤnnen;
762 2163 837 2205 weil
864 2160 965 2213 durch
987 2154 1057 2205 eine
1072 2174 1157 2207 neue
1176 2157 1414 2210 anderweiti⸗

1350 2240 1391 2279 ge
