1233 1832
371 338 407 388 ſo
428 339 479 386 ihr
493 347 559 382 nur
579 340 630 381 ein
659 340 770 389 wenig
803 340 923 392 zuruͤck
939 343 1120 394 gedencken

372 395 496 434 wollet.
570 395 709 439 Daran
725 386 812 443 ſollet
827 396 880 443 ihr
892 396 968 441 euch
986 396 1020 442 ja
1047 404 1119 442 nun

360 444 465 494 billig
481 443 647 495 ſpiegeln,
686 450 760 490 und
774 451 909 494 daraus
935 450 1121 496 erkennen,

371 485 440 544 daß
453 485 557 544 GOtt
577 498 622 540 die
655 499 857 544 Verachtung
868 499 994 547 ſeines
1014 501 1121 545 Worts

370 550 442 591 und
453 549 505 589 die
518 548 813 600 Unbußfertigkeit
827 552 917 600 nicht
929 552 1121 605 ungeſtraft

369 600 458 649 laſſe.
508 601 582 645 So
595 603 675 643 aber
692 603 776 648 auch
799 613 847 645 an
865 603 1026 651 manchen
1038 607 1118 649 Un⸗

369 649 584 702 bußfertigen
606 655 664 694 der
671 654 770 702 Zorn
803 650 918 701 GOttes
938 659 999 704 hier
1027 659 1121 702 nicht

368 698 525 749 offenbar
541 701 749 749 geworden,
786 703 819 749 ſo
847 704 963 753 wiſſen
985 706 1051 746 wir
1068 704 1118 753 ja

368 748 473 795 doch,
497 749 567 797 daß
581 752 666 791 wir
668 745 752 799 alle
772 744 917 801 muͤſſen
933 749 1121 805 offenbar

369 799 538 841 werden
563 808 655 856 vor
700 800 793 843 dem
839 799 1118 856 Richterſtuhl

362 851 537 901 Chriſti,
566 846 650 899 auf
666 854 726 907 daß
742 858 809 896 ein
832 855 1023 907 ieglicher
1033 866 1116 900 em⸗

353 899 512 959 pfahe,
539 903 736 948 nachdem
749 914 790 946 er
805 907 1028 955 gehandelt
1039 910 1119 957 hat

354 959 441 995 bey
462 949 601 990 Leibes
626 973 766 997 Leben,
793 963 837 990 es
860 952 918 1000 ſey
935 962 1062 1000 gutes
1071 963 1114 993 o⸗

366 999 437 1035 der
448 990 590 1044 Boͤſes.
605 1008 631 1033 2
637 994 815 1044 Corinth.
822 997 917 1044 5,10.
965 997 1059 1048 Ach!
1078 1002 1116 1048 ſo

355 1042 534 1090 verhaͤrtet
561 1048 644 1090 doch
681 1055 760 1090 eure
782 1040 918 1097 Hertzen
932 1058 1003 1089 nun
1027 1050 1116 1098 nicht

355 1092 505 1138 weiter,
529 1093 712 1145 ſonderlich
723 1095 807 1147 ietzt,
836 1099 883 1139 da
891 1099 954 1145 ihr
961 1098 1012 1149 diß
1023 1099 1114 1149 alles

364 1143 532 1198 anhoͤret:
544 1149 669 1199 Denn
678 1151 792 1197 GOtt
802 1151 839 1199 iſt
848 1150 1007 1201 wahrlich
1026 1154 1115 1204 nicht

364 1196 461 1248 ferne
474 1205 542 1239 von
557 1199 666 1241 einem
680 1199 834 1250 ieglichen
845 1204 945 1245 unter
955 1200 1063 1249 euch;
1073 1206 1113 1246 es

364 1251 403 1298 iſt
421 1247 532 1294 nichts
546 1257 612 1293 vor
629 1250 698 1299 ihm
720 1250 938 1303 unſichtbar,
968 1245 1111 1301 ſondern

352 1301 448 1343 alles
464 1299 547 1346 bloß
568 1302 642 1342 und
658 1302 844 1349 entdecket
840 1304 896 1352 vor
910 1304 1022 1354 ſeinen
1034 1296 1110 1351 Au⸗

361 1364 461 1403 gen;
501 1357 554 1401 Er
567 1357 721 1406 ſchreibet
742 1362 803 1403 alle
841 1350 934 1410 Dinge
950 1357 1003 1406 auf
1030 1361 1109 1410 ſein

363 1408 519 1453 Buch,
551 1403 626 1450 und
651 1403 789 1458 bringet
808 1411 852 1452 ſie
880 1420 944 1450 vor
972 1414 1107 1457 gericht.

352 1458 461 1500 Das
477 1455 551 1501 ſollt
565 1458 618 1505 ihr
632 1458 759 1507 wiſſen.
819 1452 914 1503 Ach!
928 1460 1012 1511 daß
1034 1462 1107 1508 ihr

364 1497 525 1548 demnach
544 1500 632 1547 auch
660 1501 749 1551 noch
759 1498 857 1553 ietzo
857 1499 1000 1555 ſolche
1011 1508 1105 1552 Her⸗
