1676 2420
163 421 237 477 das
248 429 434 489 Exempel
447 437 520 488 zur
532 424 660 482 Regel
676 426 834 481 ſchicket,
845 427 941 475 oder
958 427 1080 474 nicht.

166 491 262 556 Die
284 492 543 564 allgemeine
556 488 706 556 Regel
733 489 828 556 iſt:
896 493 1005 545 Wer
1024 494 1081 540 da

166 559 341 622 glaͤubet,
365 564 432 618 der
451 563 520 620 ſoll
536 560 627 617 ſelig
645 557 822 606 werden.
878 559 995 606 Oder
1004 559 1084 606 mit

169 621 308 683 einiger
324 619 642 682 Erlaͤuterung:
680 616 786 672 Wer
802 617 856 663 da
872 618 971 666 nach
989 618 1083 664 dem

169 674 339 733 Grunde
354 678 426 730 der
444 676 705 733 allgemeinen
726 672 892 730 Gnade,
914 674 998 717 aus
1016 675 1085 718 der

170 739 428 800 allgemeinen
447 739 669 799 Wirckung
696 735 770 788 des
786 734 972 796 Heiligen
983 734 1087 785 Gei⸗

172 789 266 852 ſtes,
299 795 372 854 ſich
386 804 483 852 zum
501 791 699 844 Glauben
719 799 773 841 an
790 793 863 839 den
884 791 1088 843 allgemei⸗

173 866 244 907 nen
261 861 441 921 Heiland
466 862 539 916 der
557 857 712 916 Welt,
744 854 830 905 und
854 854 936 910 alſo
962 852 1004 903 in
1025 852 1090 905 die

173 908 536 973 Heils⸗Ordnung,
547 911 715 968 bringen
726 906 830 962 laͤßt,
841 912 924 957 und
939 908 1090 954 darinn

172 976 394 1033 verharret,
414 976 484 1029 der
500 974 570 1030 ſoll
586 970 674 1031 ſelig
693 971 869 1022 werden.
923 966 1017 1017 Und
1030 970 1094 1019 al⸗

173 1024 214 1084 ſo
233 1031 280 1090 iſt
295 1032 393 1091 dieſe
408 1028 539 1089 Regel
554 1027 652 1081 nach
672 1026 776 1074 allen
796 1026 911 1080 ihren
923 1026 1091 1079 Haupt⸗

174 1090 360 1153 Stuͤcken
377 1087 631 1166 allgemein.
697 1089 902 1143 Koͤmmts
910 1099 987 1156 nun
1007 1089 1101 1156 aber

179 1160 226 1208 zu
241 1157 311 1211 der
324 1155 572 1223 Zueignung
593 1155 678 1207 und
693 1164 742 1212 zu
765 1154 841 1202 den
860 1153 1098 1215 Exempeln,

181 1206 220 1267 ſo
243 1213 369 1272 findet
391 1218 466 1272 ſich
490 1222 606 1272 zwar
626 1217 713 1264 hier
730 1214 816 1258 eine
832 1213 1100 1256 Particulari-

183 1273 275 1330 taͤt:
330 1286 428 1340 aber
452 1289 514 1339 die
529 1287 683 1339 koͤmmt
699 1282 807 1335 nicht
824 1279 895 1336 her
911 1287 994 1331 von
1010 1279 1101 1329 dem

133 1323 389 1383 abſoluten
411 1330 675 1397 Rahtſchluſſe
692 1329 777 1377 und
795 1331 864 1373 der
879 1329 1006 1378 daher
1022 1329 1103 1370 ein⸗

180 1389 464 1449 geſchrenckten
488 1391 672 1445 Gnade,
719 1388 889 1441 ſondern
920 1390 1004 1436 von
1035 1387 1104 1433 der

186 1444 427 1512 Ordnung,
457 1450 542 1503 auf
551 1447 693 1502 welche
708 1440 771 1497 die
793 1438 942 1502 Regel,
969 1444 1032 1493 die
1046 1451 1102 1490 an

188 1503 259 1559 ſich
274 1509 486 1569 allgemein
500 1507 562 1565 iſt,
577 1504 720 1560 weiſet.
778 1498 1001 1556 Gleichwie
1017 1506 1105 1551 nun

188 1563 250 1624 die
256 1571 384 1636 Regel
407 1573 507 1627 nach
528 1571 616 1622 dem
637 1562 843 1623 Grunde
867 1560 948 1617 des
966 1559 1109 1628 Heils

188 1628 403 1691 allgemein
427 1633 512 1693 iſt;
553 1630 639 1689 alſo
655 1628 783 1687 findet
800 1625 874 1684 ſich
899 1626 1031 1686 dabey
1049 1631 1113 1678 die

193 1679 502 1742 Particulariraͤt
523 1691 631 1741 nicht
645 1687 818 1734 anders,
838 1687 909 1732 als
932 1682 977 1731 in
987 1690 1114 1739 Anſe⸗

194 1748 309 1816 hung
329 1758 400 1813 der
413 1751 660 1819 Ordnung
678 1747 752 1803 des
776 1747 949 1818 Heils,
959 1753 1003 1796 in
1017 1758 1116 1805 wel⸗

198 1815 261 1874 che
276 1817 351 1878 ſich
368 1814 478 1877 nicht
492 1821 566 1886 alle
593 1819 720 1869 wollen
741 1816 909 1871 bringen
924 1817 1062 1873 laſſen.

301 1920 349 1964 4.
374 1906 456 1963 Da
483 1909 529 1960 es
549 1915 639 1960 nun
663 1895 905 1961 unlaͤugbar
931 1896 1011 1957 iſt,
1039 1899 1125 1956 daß

203 1940 278 2007 ſich
299 1952 380 2010 bey
400 1957 470 2006 der
486 1950 744 2006 allgemeinen
760 1953 890 2001 Regel
913 1958 984 1995 der
998 1960 1126 2005 Zuei⸗

205 2018 349 2080 gnung
364 2020 468 2079 nach
483 2019 566 2073 eine
583 2012 907 2076 Particularitaͤt,
918 2019 1014 2068 oder
1022 2019 1130 2067 Ein⸗
