1511 2210
419 258 612 311 gerufen:
642 257 798 306 Komm
824 259 893 309 her
921 265 968 310 zu
997 266 1095 308 mir,
1127 260 1194 303 der
1214 258 1321 309 (die)
1338 258 1389 303 du

419 310 613 369 muͤhſelig
633 316 717 360 und
739 312 904 361 beladen
925 313 1014 369 biſt,
1045 314 1101 365 ich
1120 315 1219 366 will
1234 316 1317 359 dich
1337 325 1390 359 er⸗

419 367 589 422 quicken.
647 368 742 423 Auf
766 369 866 421 dieſe
899 370 1221 417 Gnaden ⸗ volle
1251 369 1389 418 Einla⸗

417 425 530 479 dung
567 423 757 476 erſcheine
796 424 850 474 ich
894 425 971 470 mit
1006 424 1159 473 meiner
1199 426 1389 478 ſchweren

418 481 797 534 Suͤnden ⸗ Buͤrde
829 479 974 538 anjetzo
1011 481 1097 533 hier
1135 483 1192 529 im
1221 480 1389 536 heiligen

415 534 717 590 Beichtſtuhle,
744 536 828 582 und
860 536 948 583 will
972 534 1090 587 ſolche
1112 544 1194 583 von
1222 537 1302 583 mir
1319 535 1395 590 auf

415 596 481 642 die
512 595 746 644 Schultern
776 593 930 641 meines
956 594 1084 650 JEſu
1101 596 1227 649 legen,
1259 597 1325 641 der
1340 593 1389 645 ſie

415 651 458 699 in
470 644 538 703 die
545 645 661 708 Tiefe
684 653 754 699 des
784 651 959 701 Meeres
976 650 1149 703 werfen,
1180 653 1264 698 und
1283 651 1389 699 ihrer

416 703 595 751 nimmer
614 707 810 760 gedenken
831 706 908 760 ſoll.
967 707 1075 755 Nun
1096 708 1205 760 klage
1231 706 1287 755 ich
1308 705 1389 760 ihm

417 772 471 810 an
484 760 668 814 GOttes
668 760 825 814 Statt,
830 753 888 811 wie
919 760 973 810 ich
986 754 1164 816 zeithero
1174 762 1299 816 theils
1311 764 1387 809 aus

420 817 738 874 Schwachheit,
764 818 884 872 theils
902 822 982 865 aus
996 819 1202 873 Bosheit,
1235 818 1321 870 ſehr
1332 829 1389 870 ge⸗

419 870 655 924 ſtrauchelt,
707 871 792 916 und
832 869 909 916 mit
943 870 1073 917 vielen
1106 862 1388 928 wiſſentlichen

420 932 610 986 Suͤnden
623 933 782 981 meinen
793 934 930 983 GOtt
943 933 1149 988 beleidiget
1160 935 1279 986 habe.
1309 933 1388 986 Jch

420 987 489 1035 bin
508 984 718 1042 nachlaͤßig
734 985 912 1039 geweſen
930 986 971 1033 in
990 984 1164 1034 meinem
1184 987 1389 1041 Chriſten⸗

420 1041 563 1096 thum;
615 1034 823 1096 ſaumſelig
851 1042 892 1088 in
918 1042 1091 1090 meinem
1116 1044 1274 1095 Stand
1308 1044 1389 1090 und

419 1099 585 1155 Beruf,
604 1102 688 1145 und
719 1089 934 1153 kaltſinnig
955 1099 996 1143 in
1015 1098 1168 1147 meiner
1185 1099 1390 1154 Chriſten⸗

419 1157 593 1215 Pflicht.
649 1158 737 1208 Die
768 1159 851 1205 edle
879 1156 975 1213 Zeit
1002 1156 1105 1209 habe
1123 1158 1178 1208 ich
1203 1158 1244 1204 in
1266 1154 1390 1207 Suͤn⸗

418 1214 495 1261 den
518 1214 604 1259 und
635 1212 823 1264 Eitelkeit
851 1212 1108 1268 zugebracht,
1161 1216 1245 1259 und
1264 1214 1390 1261 meine

418 1271 573 1319 Gaben
603 1269 710 1318 nicht
727 1278 775 1324 zu
792 1271 976 1319 GOttes
995 1271 1079 1318 und
1099 1274 1168 1319 des
1186 1270 1387 1320 Naͤchſten

417 1326 532 1381 Ehre
548 1325 769 1379 angeleget.
828 1328 943 1375 Dem
960 1325 1130 1380 heiligen
1152 1326 1272 1378 Geiſt
1287 1326 1388 1378 habe

418 1380 475 1432 ich
497 1379 538 1426 in
573 1379 654 1425 mir
689 1378 988 1433 widerſtrebet:
1046 1378 1245 1435 hingegen
1284 1376 1387 1425 mein

418 1438 529 1494 Herz
547 1439 619 1486 der
636 1439 756 1489 Welt
775 1441 859 1486 und
890 1437 1002 1493 ihren
1016 1436 1160 1492 Luͤſten
1184 1434 1390 1493 eingeraͤu⸗

418 1502 518 1543 met.
577 1498 729 1549 Meine
750 1496 898 1547 Augen
929 1495 1014 1547 ſind
1049 1495 1182 1551 geitzig
1208 1500 1293 1543 und
1318 1505 1390 1540 un⸗

418 1547 580 1604 zuͤchtig
580 1547 776 1604 geweſen.
834 1550 986 1601 Meine
1002 1538 1135 1604 Ohren
1170 1544 1288 1600 haben
1323 1551 1390 1596 der

418 1602 575 1661 Luͤgen,
589 1603 1009 1659 Verlaͤumdung
924 1596 991 1655 und
1022 1604 1153 1659 boͤſem
1164 1600 1389 1658 Geſchwaͤtz

421 1663 529 1721 offen
553 1663 780 1720 geſtanden.
833 1665 985 1715 Meine
1014 1663 1162 1724 Zunge
1192 1668 1266 1718 hat
1294 1664 1389 1712 nach

419 1717 621 1768 Schaden
643 1716 879 1771 getrachtet,
896 1715 982 1762 und
1001 1716 1069 1762 mit
1080 1708 1207 1772 Luͤgen
1234 1715 1312 1763 wie
1330 1714 1390 1763 ein

418 1770 723 1829 Scheermeſſer
748 1773 1003 1829 geſchnitten.
1060 1775 1214 1826 Meine
1240 1768 1390 1829 Haͤnde

416 1831 549 1884 haben
598 1832 697 1878 nach
732 1833 964 1879 unrechtem
1014 1832 1114 1881 Gut
1157 1831 1391 1887 getrachtet.

415 1891 569 1945 Meine
585 1889 703 1949 Fuͤſſe
720 1888 808 1949 ſind
840 1891 971 1941 eilend
986 1888 1165 1947 geweſen
1178 1902 1228 1947 zu
1251 1891 1388 1939 Scha⸗
