<?xml version='1.0' encoding='utf-8'?>
<PcGts xmlns="http://schema.primaresearch.org/PAGE/gts/pagecontent/2019-07-15" xmlns:xsi="http://www.w3.org/2001/XMLSchema-instance" pcGtsId="PAGE_01" xsi:schemaLocation="http://schema.primaresearch.org/PAGE/gts/pagecontent/2019-07-15 http://schema.primaresearch.org/PAGE/gts/pagecontent/2019-07-15/pagecontent.xsd">
  <Metadata>
    <Creator>OCR-D DFG Phase III</Creator>
    <Created>2024-01-19T13:10:41Z</Created>
    <LastChange>2024-01-19T13:10:41Z</LastChange>
    <Comments>ODEM: OCR-D extension for mass digitization (2021-2024)</Comments>
  </Metadata>
  <Page imageFilename="urn+nbn+de+gbv+3+1-814305-p0631-6_ger.jpg" imageWidth="1632" imageHeight="2403" type="content" primaryLanguage="German">
    <Border>
      <Coords points="85,184 81,2311 1275,2304 1258,191"/>
    </Border>
    <ReadingOrder>
      <OrderedGroup id="ro_1682598574738" caption="Regions reading order">
        <RegionRefIndexed index="8" regionRef="TextRegion_1673428110136_2627"/>
        <RegionRefIndexed index="9" regionRef="TextRegion_1673428110136_2626"/>
        <RegionRefIndexed index="10" regionRef="region0002"/>
        <RegionRefIndexed index="11" regionRef="region0004"/>
        <RegionRefIndexed index="12" regionRef="region0006"/>
        <RegionRefIndexed index="13" regionRef="TextRegion_1673428171804_2653"/>
        <RegionRefIndexed index="14" regionRef="TextRegion_1673428226051_2670"/>
        <RegionRefIndexed index="15" regionRef="TextRegion_1673428230115_2676"/>
        <RegionRefIndexed index="16" regionRef="TextRegion_1673428271937_2698"/>
        <RegionRefIndexed index="17" regionRef="region0014"/>
        <RegionRefIndexed index="18" regionRef="TextRegion_1673428370779_2724"/>
        <RegionRefIndexed index="19" regionRef="TextRegion_1673428373638_2730"/>
        <RegionRefIndexed index="20" regionRef="TextRegion_1673428398433_2749"/>
        <RegionRefIndexed index="21" regionRef="TextRegion_1673428402064_2756"/>
        <RegionRefIndexed index="22" regionRef="TextRegion_1673428402064_2755"/>
      </OrderedGroup>
    </ReadingOrder>
    <MathsRegion id="Maths_1673428389499_2744" custom="readingOrder {index:0;}">
      <Coords points="526,1962 927,1962 927,2073 526,2073"/>
    </MathsRegion>
    <MathsRegion id="Maths_1673428336944_2719" custom="readingOrder {index:1;}">
      <Coords points="107,1841 1058,1841 1058,1956 107,1956"/>
    </MathsRegion>
    <MathsRegion id="Maths_1673428313472_2713" custom="readingOrder {index:2;}">
      <Coords points="184,1664 1060,1664 1060,1785 184,1785"/>
    </MathsRegion>
    <MathsRegion id="Maths_1673428261400_2693" custom="readingOrder {index:3;}">
      <Coords points="109,1535 1056,1535 1056,1661 109,1661"/>
    </MathsRegion>
    <MathsRegion id="Maths_1673428243612_2686" custom="readingOrder {index:4;}">
      <Coords points="109,1360 1058,1360 1058,1423 109,1423"/>
    </MathsRegion>
    <MathsRegion id="Maths_1673428213864_2665" custom="readingOrder {index:5;}">
      <Coords points="228,1189 1059,1189 1059,1306 228,1306"/>
    </MathsRegion>
    <MathsRegion id="Maths_1673428157652_2647" custom="readingOrder {index:6;}">
      <Coords points="109,954 1061,954 1061,1070 109,1070"/>
    </MathsRegion>
    <MathsRegion id="Maths_1673428134744_2637" custom="readingOrder {index:7;}">
      <Coords points="113,463 1063,463 1063,570 113,570"/>
    </MathsRegion>
    <TextRegion orientation="-0.3757716" type="header" readingDirection="left-to-right" id="TextRegion_1673428110136_2627" custom="readingOrder {index:8;} structure {type:header;}">
      <Coords points="156,239 969,239 969,313 156,313"/>
      <TextLine id="line_1673428110179_2630" custom="readingOrder {index:0;}">
        <Coords points="156,239 255,240 258,244 268,244 307,239 457,240 461,247 477,248 521,244 529,240 541,240 545,243 608,240 613,243 642,244 649,239 668,239 678,246 735,249 785,244 792,239 805,239 811,245 829,245 839,240 852,240 858,243 863,240 875,240 881,247 892,248 904,248 912,241 929,241 935,248 969,248 969,311 949,310 910,313 900,307 807,307 802,312 784,312 782,307 700,306 659,307 651,312 643,312 637,306 537,305 457,306 449,313 437,313 431,306 311,306 206,301 184,303 156,299"/>
        <Word id="word_1682598381128_1634" custom="readingOrder {index:0;}">
          <Coords points="162,255 295,249 295,298 206,301 184,303 162,299"/>
          <TextEquiv>
            <Unicode>Gebr.</Unicode>
          </TextEquiv>
        </Word>
        <Word id="word_1682598381128_1633" custom="readingOrder {index:1;}">
          <Coords points="295,249 339,248 339,297 295,298"/>
          <TextEquiv>
            <Unicode>d.</Unicode>
          </TextEquiv>
        </Word>
        <Word id="word_1682598337120_1586" custom="readingOrder {index:2;}">
          <Coords points="370,255 517,256 517,305 457,306 449,313 437,313 431,306 370,306"/>
          <TextEquiv>
            <Unicode>Reihen</Unicode>
          </TextEquiv>
        </Word>
        <Word id="word_1682598337120_1585" custom="readingOrder {index:3;}">
          <Coords points="517,256 557,257 557,305 537,305 517,305"/>
          <TextEquiv>
            <Unicode>b.</Unicode>
          </TextEquiv>
        </Word>
        <Word id="word_1682598359946_1608" custom="readingOrder {index:4;}">
          <Coords points="587,251 684,251 684,306 659,307 651,312 643,312 637,306 586,305"/>
          <TextEquiv>
            <Unicode>Aufl.</Unicode>
          </TextEquiv>
        </Word>
        <Word id="word_1682598359945_1607" custom="readingOrder {index:5;}">
          <Coords points="684,251 822,252 821,307 807,307 802,312 784,312 782,307 700,306 684,306"/>
          <TextEquiv>
            <Unicode>math.</Unicode>
          </TextEquiv>
        </Word>
        <Word id="region0001_line0001_word0003" custom="readingOrder {index:6;}">
          <Coords points="960,257 850,257 850,307 900,307 910,313 949,310 960,310"/>
          <TextEquiv conf="0.9170999">
            <Unicode>Aufg.</Unicode>
          </TextEquiv>
        </Word>
        <TextEquiv>
          <Unicode>Gebr. d. Reihen b. Aufl. math. Aufg.</Unicode>
        </TextEquiv>
      </TextLine>
      <TextEquiv>
        <Unicode>Gebr. d. Reihen b. Aufl. math. Aufg.</Unicode>
      </TextEquiv>
    </TextRegion>
    <TextRegion orientation="-0.3757716" type="page-number" readingDirection="left-to-right" id="TextRegion_1673428110136_2626" custom="readingOrder {index:9;} structure {type:page-number;}">
      <Coords points="969,239 1062,239 1062,313 969,313"/>
      <TextLine id="line_1673428110179_2629" custom="readingOrder {index:0;}">
        <Coords points="969,248 1055,250 1061,253 1061,307 1034,310 1027,307 995,310 990,313 969,311"/>
        <Word id="region0001_line0001_word0004" custom="readingOrder {index:0;}">
          <Coords points="1058,268 983,267 983,312 990,313 995,310 1027,307 1034,310 1058,307"/>
          <TextEquiv>
            <Unicode>593</Unicode>
          </TextEquiv>
        </Word>
        <TextEquiv>
          <Unicode>593</Unicode>
        </TextEquiv>
      </TextLine>
      <TextEquiv>
        <Unicode>593</Unicode>
      </TextEquiv>
    </TextRegion>
    <TextRegion orientation="-0.3757716" readingDirection="left-to-right" id="region0002" custom="readingOrder {index:10;}">
      <Coords points="115,345 1058,345 1058,458 115,458"/>
      <TextLine id="region0002_line0001" custom="readingOrder {index:0;}">
        <Coords points="925,345 919,351 893,356 879,355 870,348 857,349 850,355 804,355 762,354 746,352 741,348 729,348 724,352 636,356 487,355 480,345 369,345 362,355 349,356 313,356 308,345 149,345 116,348 116,388 135,393 148,391 155,394 201,397 233,397 238,401 281,400 288,407 299,407 304,401 323,399 328,399 338,406 346,406 352,402 381,403 395,399 469,401 513,397 678,397 845,400 865,402 870,406 893,404 905,412 951,413 965,411 968,407 968,397 981,395 1001,406 1058,406 1058,349 958,353 947,351 944,345"/>
        <Baseline points="116,380 344,392 548,387 935,396 961,387 1058,396"/>
        <Word id="region0002_line0001_word0000" custom="readingOrder {index:0;}">
          <Coords points="170,355 205,355 205,389 170,389"/>
          <TextEquiv conf="0.9207289">
            <Unicode>6.</Unicode>
          </TextEquiv>
        </Word>
        <Word id="region0002_line0001_word0001" custom="readingOrder {index:1;}">
          <Coords points="234,352 234,397 236,400 281,400 313,400 323,399 328,399 329,400 363,400 363,353 362,355 349,356 313,356 311,352"/>
          <TextEquiv conf="0.9302977">
            <Unicode>Zuſatz.</Unicode>
          </TextEquiv>
        </Word>
        <Word id="region0002_line0001_word0002" custom="readingOrder {index:2;}">
          <Coords points="416,354 416,393 527,394 527,355 487,355 487,355"/>
          <TextEquiv conf="0.92508817">
            <Unicode>Wenn</Unicode>
          </TextEquiv>
        </Word>
        <Word id="region0002_line0001_word0003" custom="readingOrder {index:3;}">
          <Coords points="551,365 626,365 626,391 551,391"/>
          <TextEquiv conf="0.9301227">
            <Unicode>man</Unicode>
          </TextEquiv>
        </Word>
        <Word id="region0002_line0001_word0004" custom="readingOrder {index:4;}">
          <Coords points="648,361 709,362 709,392 648,391"/>
          <TextEquiv conf="0.9163565">
            <Unicode>aus</Unicode>
          </TextEquiv>
        </Word>
        <Word id="region0002_line0001_word0005" custom="readingOrder {index:5;}">
          <Coords points="731,358 800,358 800,392 731,392"/>
          <TextEquiv conf="0.9246396">
            <Unicode>dem</Unicode>
          </TextEquiv>
        </Word>
        <Word id="region0002_line0001_word0006" custom="readingOrder {index:6;}">
          <Coords points="825,357 905,358 905,399 825,398"/>
          <TextEquiv conf="0.8904306">
            <Unicode>269.</Unicode>
          </TextEquiv>
        </Word>
        <Word id="region0002_line0001_word0007" custom="readingOrder {index:7;}">
          <Coords points="921,352 952,352 952,405 921,405"/>
          <TextEquiv>
            <Unicode>§.</Unicode>
          </TextEquiv>
        </Word>
        <Word id="region0002_line0001_word0008" custom="readingOrder {index:8;}">
          <Coords points="975,365 1003,366 1003,391 975,390"/>
          <TextEquiv conf="0.4888357">
            <Unicode>n.</Unicode>
          </TextEquiv>
        </Word>
        <Word id="region0002_line0001_word0009" custom="readingOrder {index:9;}">
          <Coords points="1023,362 1054,362 1054,399 1023,399"/>
          <TextEquiv conf="0.87881005">
            <Unicode>5.</Unicode>
          </TextEquiv>
        </Word>
        <TextEquiv>
          <Unicode>6. Zuſatz. Wenn man aus dem 269. §. n. 5.</Unicode>
        </TextEquiv>
      </TextLine>
      <TextLine id="region0002_line0002" custom="readingOrder {index:1;}">
        <Coords points="120,391 116,394 115,444 188,450 218,449 226,458 249,458 257,451 382,453 385,458 403,458 405,453 410,452 569,453 571,458 586,458 592,454 600,454 602,457 684,458 712,453 842,455 847,450 848,407 843,402 785,400 771,409 699,410 698,402 694,399 641,398 637,400 635,407 618,407 612,399 566,399 558,409 534,409 529,405 521,404 516,408 482,409 416,409 413,402 395,400 388,403 384,410 339,409 328,400 317,402 314,408 288,408 239,404 233,398 210,397 202,403 183,405 160,402 157,395 148,392 136,395"/>
        <Baseline points="115,434 295,442 847,445"/>
        <Word id="region0002_line0002_word0000" custom="readingOrder {index:0;}">
          <Coords points="121,398 120,438 166,438 166,402 160,402 158,398"/>
          <TextEquiv conf="0.92459315">
            <Unicode>die</Unicode>
          </TextEquiv>
        </Word>
        <Word id="region0002_line0002_word0001" custom="readingOrder {index:1;}">
          <Coords points="205,400 202,403 188,404 188,447 370,448 370,409 339,409 328,400 323,400 317,402 314,408 288,408 239,404 235,400"/>
          <TextEquiv conf="0.9224564">
            <Unicode>allgemeine</Unicode>
          </TextEquiv>
        </Word>
        <Word id="region0002_line0002_word0002" custom="readingOrder {index:2;}">
          <Coords points="392,401 389,402 389,449 638,450 639,402 636,401 635,407 618,407 614,401 563,401 558,409 534,409 529,405 521,404 516,408 482,409 416,409 413,402 404,401"/>
          <TextEquiv conf="0.9202501">
            <Unicode>ſummatoriſche</Unicode>
          </TextEquiv>
        </Word>
        <Word id="region0002_line0002_word0003" custom="readingOrder {index:3;}">
          <Coords points="659,400 658,448 791,449 792,401 783,400 771,409 699,410 698,402 695,400"/>
          <TextEquiv conf="0.9220951">
            <Unicode>Formul</Unicode>
          </TextEquiv>
        </Word>
        <TextEquiv>
          <Unicode>die allgemeine ſummatoriſche Formul</Unicode>
        </TextEquiv>
      </TextLine>
      <TextEquiv>
        <Unicode>6. Zuſatz. Wenn man aus dem 269. §. n. 5.
die allgemeine ſummatoriſche Formul</Unicode>
      </TextEquiv>
    </TextRegion>
    <TextRegion orientation="-0.3757716" readingDirection="left-to-right" id="region0004" custom="readingOrder {index:11;}">
      <Coords points="108,574 1057,574 1057,954 108,954"/>
      <TextLine id="region0004_line0001" custom="readingOrder {index:0;}">
        <Coords points="999,575 996,578 965,583 938,582 931,585 901,585 897,576 883,575 878,579 876,586 862,575 834,575 823,586 809,586 807,578 803,575 756,575 749,577 745,585 739,585 731,576 722,576 714,582 710,579 680,579 672,574 661,574 652,583 628,581 624,578 558,583 554,576 542,575 531,584 519,576 507,576 499,583 473,583 468,575 458,574 445,584 440,575 427,574 420,585 373,586 355,585 353,579 344,574 334,574 325,581 269,580 266,575 245,575 242,578 240,575 220,575 218,580 214,574 196,574 190,579 108,574 109,618 164,622 185,631 192,631 200,625 236,627 249,629 254,634 270,632 291,639 302,634 336,637 345,630 368,628 392,630 409,638 420,638 432,630 471,628 497,629 504,635 515,634 518,630 541,633 545,636 559,634 562,638 568,639 599,630 638,630 663,634 673,631 714,630 822,631 826,636 833,638 840,633 854,633 858,630 983,629 1012,626 1022,621 1057,623 1057,578 1018,578 1015,575"/>
        <Baseline points="109,607 288,622 1057,613"/>
        <Word id="region0004_line0001_word0000" custom="readingOrder {index:0;}">
          <Coords points="122,579 122,619 164,622 183,630 193,630 200,625 236,627 249,629 251,631 300,631 300,581 269,580 269,580 218,580 218,580 218,580"/>
          <TextEquiv conf="0.9266505">
            <Unicode>vergleicht,</Unicode>
          </TextEquiv>
        </Word>
        <Word id="region0004_line0001_word0001" custom="readingOrder {index:1;}">
          <Coords points="328,582 328,629 356,629 357,629 357,585 355,585 354,582"/>
          <TextEquiv conf="0.9284591">
            <Unicode>ſo</Unicode>
          </TextEquiv>
        </Word>
        <Word id="region0004_line0001_word0002" custom="readingOrder {index:2;}">
          <Coords points="421,582 420,585 373,586 373,628 380,629 451,629 471,628 489,628 489,583 473,583 472,582 447,582 445,584 443,582"/>
          <TextEquiv conf="0.92739207">
            <Unicode>ergiebt</Unicode>
          </TextEquiv>
        </Word>
        <Word id="region0004_line0001_word0003" custom="readingOrder {index:3;}">
          <Coords points="505,582 505,630 518,630 518,630 520,630 578,631 578,583 561,583 558,583 558,583 533,582 531,584 528,582"/>
          <TextEquiv conf="0.91685414">
            <Unicode>ſich,</Unicode>
          </TextEquiv>
        </Word>
        <Word id="region0004_line0001_word0004" custom="readingOrder {index:4;}">
          <Coords points="613,583 676,584 676,628 613,627"/>
          <TextEquiv conf="0.92904955">
            <Unicode>daß</Unicode>
          </TextEquiv>
        </Word>
        <Word id="region0004_line0001_word0005" custom="readingOrder {index:5;}">
          <Coords points="699,586 747,586 747,623 699,623"/>
          <TextEquiv conf="0.9254674">
            <Unicode>die</Unicode>
          </TextEquiv>
        </Word>
        <Word id="region0004_line0001_word0006" custom="readingOrder {index:6;}">
          <Coords points="763,585 763,630 822,631 822,632 856,632 858,630 982,629 982,587 823,586 823,586 809,586 809,585"/>
          <TextEquiv>
            <Unicode>Coefficienten</Unicode>
          </TextEquiv>
        </Word>
        <Word id="region0004_line0001_word0007" custom="readingOrder {index:7;}">
          <Coords points="1003,587 1052,587 1052,621 1003,621"/>
          <TextEquiv conf="0.9313954">
            <Unicode>der</Unicode>
          </TextEquiv>
        </Word>
        <TextEquiv>
          <Unicode>vergleicht, ſo ergiebt ſich, daß die Coefficienten der</Unicode>
        </TextEquiv>
      </TextLine>
      <TextLine id="region0004_line0002" custom="readingOrder {index:1;}">
        <Coords points="1022,622 1015,624 1011,633 965,634 942,640 890,638 884,630 872,631 863,638 855,633 840,634 832,640 806,640 788,640 784,633 762,631 752,640 725,641 668,638 666,635 654,633 645,638 615,639 611,631 599,631 589,635 587,639 568,640 538,637 534,633 504,636 497,635 491,629 480,629 470,637 444,639 383,637 379,631 368,629 360,634 355,630 345,631 336,638 291,640 280,636 217,633 207,627 185,632 164,623 109,620 108,673 121,671 133,676 224,678 255,689 266,684 282,682 298,684 364,681 370,681 378,687 386,683 478,683 482,688 491,688 499,683 536,682 628,682 640,675 647,681 749,683 760,688 770,685 829,684 834,692 845,693 852,684 872,684 881,676 897,675 905,684 936,685 951,690 959,683 968,681 983,685 1007,678 1056,676 1057,630 1046,628 1042,624"/>
        <Baseline points="108,662 304,673 895,675 897,675 945,675 1056,666"/>
        <Word id="region0004_line0002_word0000" custom="readingOrder {index:0;}">
          <Coords points="122,625 121,671 123,672 265,673 265,635 217,633 207,627 185,632 169,625"/>
          <TextEquiv conf="0.925573">
            <Unicode>Glieder,</Unicode>
          </TextEquiv>
        </Word>
        <Word id="region0004_line0002_word0001" custom="readingOrder {index:1;}">
          <Coords points="294,668 402,669 402,637 383,637 379,631 368,629 360,634 355,630 345,631 336,638 294,639"/>
          <TextEquiv conf="0.928385">
            <Unicode>welche</Unicode>
          </TextEquiv>
        </Word>
        <Word id="region0004_line0002_word0002" custom="readingOrder {index:2;}">
          <Coords points="423,671 498,671 498,635 497,635 491,629 480,629 470,637 444,639 423,638"/>
          <TextEquiv conf="0.93057805">
            <Unicode>nach</Unicode>
          </TextEquiv>
        </Word>
        <Word id="region0004_line0002_word0003" custom="readingOrder {index:3;}">
          <Coords points="523,665 579,665 579,639 568,640 538,637 534,633 523,634"/>
          <TextEquiv conf="0.9305718">
            <Unicode>den</Unicode>
          </TextEquiv>
        </Word>
        <Word id="region0004_line0002_word0004" custom="readingOrder {index:4;}">
          <Coords points="596,667 707,668 707,640 668,638 666,635 654,633 645,638 615,639 611,631 599,631 596,631"/>
          <TextEquiv>
            <Unicode>beyden</Unicode>
          </TextEquiv>
        </Word>
        <Word id="region0004_line0002_word0005" custom="readingOrder {index:5;}">
          <Coords points="724,675 818,675 819,640 806,640 788,640 784,633 762,631 752,640 725,641 725,641"/>
          <TextEquiv conf="0.92805725">
            <Unicode>erſten</Unicode>
          </TextEquiv>
        </Word>
        <Word id="region0004_line0002_word0006" custom="readingOrder {index:6;}">
          <Coords points="872,631 863,638 855,633 840,634 837,635 837,677 879,677 881,676 897,675 898,677 959,677 959,635 942,640 890,638 884,631"/>
          <TextEquiv>
            <Unicode>folgen,</Unicode>
          </TextEquiv>
        </Word>
        <Word id="region0004_line0002_word0007" custom="readingOrder {index:7;}">
          <Coords points="1014,625 1011,633 995,633 995,666 1052,666 1052,629 1046,628 1043,625"/>
          <TextEquiv conf="0.9247737">
            <Unicode>mit</Unicode>
          </TextEquiv>
        </Word>
        <TextEquiv>
          <Unicode>Glieder, welche nach den beyden erſten folgen, mit</Unicode>
        </TextEquiv>
      </TextLine>
      <TextLine id="region0004_line0003" custom="readingOrder {index:2;}">
        <Coords points="896,676 879,678 873,684 878,692 876,694 842,695 838,709 784,708 783,691 778,686 760,689 749,684 647,682 641,676 628,683 501,684 491,689 467,692 379,691 376,686 364,682 356,684 352,690 309,692 299,691 292,683 274,685 271,689 241,689 234,688 233,683 228,680 210,677 196,678 189,685 169,685 149,682 118,672 108,676 108,719 109,725 142,725 192,731 195,737 206,740 215,739 219,733 363,736 367,739 382,735 453,734 522,740 533,746 544,741 590,739 593,743 604,744 611,739 643,737 667,737 678,741 684,737 741,737 755,741 761,738 792,738 805,733 975,738 1016,731 1057,729 1056,686 1014,685 1009,681 998,681 993,685 983,686 963,683 951,691 898,693 905,685"/>
        <Baseline points="108,715 566,730 813,729 832,724 1057,719"/>
        <Word id="region0004_line0003_word0000" custom="readingOrder {index:0;}">
          <Coords points="119,679 119,719 176,719 176,685 169,685 149,682 139,679"/>
          <TextEquiv conf="0.93144315">
            <Unicode>den</Unicode>
          </TextEquiv>
        </Word>
        <Word id="region0004_line0003_word0001" custom="readingOrder {index:1;}">
          <Coords points="197,683 197,731 260,732 260,689 241,689 234,688 233,683"/>
          <TextEquiv conf="0.92926687">
            <Unicode>hier</Unicode>
          </TextEquiv>
        </Word>
        <Word id="region0004_line0003_word0002" custom="readingOrder {index:2;}">
          <Coords points="282,684 280,684 280,726 472,727 472,691 467,692 379,691 376,686 371,684 355,684 352,690 309,692 299,691 292,684"/>
          <TextEquiv conf="0.9215538">
            <Unicode>berechneten</Unicode>
          </TextEquiv>
        </Word>
        <Word id="region0004_line0003_word0003" custom="readingOrder {index:3;}">
          <Coords points="496,692 542,693 542,734 496,733"/>
          <TextEquiv conf="0.8871221">
            <Unicode>A,</Unicode>
          </TextEquiv>
        </Word>
        <Word id="region0004_line0003_word0004" custom="readingOrder {index:4;}">
          <Coords points="565,690 610,690 610,733 565,733"/>
          <TextEquiv conf="0.736231">
            <Unicode>B,</Unicode>
          </TextEquiv>
        </Word>
        <Word id="region0004_line0003_word0005" custom="readingOrder {index:5;}">
          <Coords points="631,690 684,691 684,734 631,733"/>
          <TextEquiv conf="0.8965617">
            <Unicode>C,</Unicode>
          </TextEquiv>
        </Word>
        <Word id="region0004_line0003_word0006" custom="readingOrder {index:6;}">
          <Coords points="711,688 711,734 762,734 762,688 760,689 757,688"/>
          <TextEquiv conf="0.88924813">
            <Unicode>D,</Unicode>
          </TextEquiv>
        </Word>
        <Word id="word_1673428518786_2796" custom="readingOrder {index:7;}">
          <Coords points="792,714 801,714 876,717 876,727 871,727 792,724"/>
          <TextEquiv>
            <Unicode>....</Unicode>
          </TextEquiv>
        </Word>
        <Word id="region0004_line0003_word0011" custom="readingOrder {index:8;}">
          <Coords points="881,732 979,732 979,685 963,683 951,691 898,693 905,685 896,676 881,677"/>
          <TextEquiv conf="0.92975163">
            <Unicode>nach</Unicode>
          </TextEquiv>
        </Word>
        <Word id="region0004_line0003_word0012" custom="readingOrder {index:9;}">
          <Coords points="999,692 1048,692 1048,726 999,726"/>
          <TextEquiv conf="0.9325936">
            <Unicode>der</Unicode>
          </TextEquiv>
        </Word>
        <TextEquiv>
          <Unicode>den hier berechneten A, B, C, D, .... nach der</Unicode>
        </TextEquiv>
      </TextLine>
      <TextLine id="region0004_line0004" custom="readingOrder {index:3;}">
        <Coords points="109,726 109,783 236,785 250,787 259,796 276,795 283,789 334,789 345,786 399,789 405,797 414,797 422,789 444,791 449,787 487,791 500,789 515,795 519,791 634,788 640,791 655,791 661,798 670,798 681,792 718,793 727,797 739,791 765,789 800,789 813,797 818,796 821,791 862,790 887,790 891,795 902,796 908,790 914,789 1057,782 1057,737 1050,735 1033,738 1005,738 996,735 964,739 948,746 918,745 914,737 908,736 898,736 889,744 864,746 841,745 826,737 800,736 792,739 761,739 755,742 741,738 684,738 678,742 665,738 657,744 619,739 604,745 533,747 523,743 495,742 489,737 465,742 451,735 440,736 430,744 395,745 392,737 382,736 368,744 328,746 323,737 307,737 303,745 206,741 161,728"/>
        <Baseline points="109,773 732,783 1057,773"/>
        <Word id="region0004_line0004_word0000" custom="readingOrder {index:0;}">
          <Coords points="120,734 120,783 208,784 277,785 277,743 206,741 183,734"/>
          <TextEquiv>
            <Unicode>Ordnung</Unicode>
          </TextEquiv>
        </Word>
        <Word id="region0004_line0004_word0001" custom="readingOrder {index:1;}">
          <Coords points="306,738 303,745 294,744 294,783 421,784 421,744 395,745 392,738 377,738 368,744 328,746 323,738"/>
          <TextEquiv conf="0.93133897">
            <Unicode>einerley</Unicode>
          </TextEquiv>
        </Word>
        <Word id="region0004_line0004_word0002" custom="readingOrder {index:2;}">
          <Coords points="436,739 436,739 436,786 518,786 518,743 495,742 491,739 479,739 465,742 459,739"/>
          <TextEquiv conf="0.9249933">
            <Unicode>ſind,</Unicode>
          </TextEquiv>
        </Word>
        <Word id="region0004_line0004_word0003" custom="readingOrder {index:3;}">
          <Coords points="545,751 605,751 605,777 545,777"/>
          <TextEquiv conf="0.9249933">
            <Unicode>nur</Unicode>
          </TextEquiv>
        </Word>
        <Word id="region0004_line0004_word0004" custom="readingOrder {index:4;}">
          <Coords points="621,741 621,786 682,787 682,742 678,742 678,742 678,742 660,742 657,744 636,741"/>
          <TextEquiv conf="0.92725515">
            <Unicode>daß</Unicode>
          </TextEquiv>
        </Word>
        <Word id="region0004_line0004_word0005" custom="readingOrder {index:5;}">
          <Coords points="695,744 739,744 739,789 695,789"/>
          <TextEquiv conf="0.92093885">
            <Unicode>B,</Unicode>
          </TextEquiv>
        </Word>
        <Word id="region0004_line0004_word0006" custom="readingOrder {index:6;}">
          <Coords points="769,743 818,743 818,788 769,788"/>
          <TextEquiv conf="0.92690337">
            <Unicode>D,</Unicode>
          </TextEquiv>
        </Word>
        <Word id="region0004_line0004_word0007" custom="readingOrder {index:7;}">
          <Coords points="845,753 876,753 876,778 845,778"/>
          <TextEquiv conf="0.9304774">
            <Unicode>u.</Unicode>
          </TextEquiv>
        </Word>
        <Word id="region0004_line0004_word0008" custom="readingOrder {index:8;}">
          <Coords points="894,742 913,742 913,786 894,786"/>
          <TextEquiv conf="0.9177306">
            <Unicode>ſ.</Unicode>
          </TextEquiv>
        </Word>
        <Word id="region0004_line0004_word0009" custom="readingOrder {index:9;}">
          <Coords points="929,755 968,755 968,780 929,780"/>
          <TextEquiv conf="0.9177306">
            <Unicode>w.</Unicode>
          </TextEquiv>
        </Word>
        <Word id="region0004_line0004_word0010" custom="readingOrder {index:10;}">
          <Coords points="992,746 1051,746 1051,779 992,779"/>
          <TextEquiv conf="0.9318508">
            <Unicode>das</Unicode>
          </TextEquiv>
        </Word>
        <TextEquiv>
          <Unicode>Ordnung einerley ſind, nur daß B, D, u. ſ. w. das</Unicode>
        </TextEquiv>
      </TextLine>
      <TextLine id="region0004_line0005" custom="readingOrder {index:4;}">
        <Coords points="1033,783 1009,788 914,790 902,797 868,792 863,796 813,798 800,790 765,790 739,792 732,797 707,800 640,799 639,792 634,789 619,790 610,798 599,798 595,790 579,790 570,798 549,799 516,797 500,790 489,795 486,791 477,789 469,790 466,797 461,798 453,789 449,788 444,792 428,789 419,799 377,797 372,792 345,787 330,790 317,800 169,788 109,790 108,831 156,832 168,842 178,844 199,838 205,843 215,845 230,837 274,842 284,849 292,846 308,848 312,844 331,846 340,843 350,844 357,852 369,852 378,844 400,848 445,849 479,842 495,842 498,846 510,847 517,842 545,842 570,844 574,849 580,849 595,842 610,844 709,841 731,845 807,845 853,841 904,843 912,850 924,842 968,841 975,844 1010,837 1020,838 1025,844 1034,844 1041,837 1056,837 1057,783"/>
        <Baseline points="108,820 405,836 1056,827"/>
        <Word id="region0004_line0005_word0000" custom="readingOrder {index:0;}">
          <Coords points="119,794 118,831 156,832 157,833 264,834 264,795 254,794"/>
          <TextEquiv conf="0.926533">
            <Unicode>entgegen</Unicode>
          </TextEquiv>
        </Word>
        <Word id="region0004_line0005_word0001" custom="readingOrder {index:1;}">
          <Coords points="287,837 403,838 403,798 377,797 372,792 345,787 330,790 317,800 287,797"/>
          <TextEquiv conf="0.9279103">
            <Unicode>geſetzte</Unicode>
          </TextEquiv>
        </Word>
        <Word id="region0004_line0005_word0002" custom="readingOrder {index:2;}">
          <Coords points="428,789 424,794 423,836 553,837 554,799 549,799 516,797 500,790 489,795 486,791 479,789 474,789 469,790 466,797 461,798 453,789 448,789 444,792 428,789"/>
          <TextEquiv conf="0.92924446">
            <Unicode>Zeichen</Unicode>
          </TextEquiv>
        </Word>
        <Word id="region0004_line0005_word0003" custom="readingOrder {index:3;}">
          <Coords points="578,791 577,840 687,841 688,800 640,799 639,792 638,792 617,791 610,798 599,798 596,791"/>
          <TextEquiv conf="0.9240673">
            <Unicode>haben.</Unicode>
          </TextEquiv>
        </Word>
        <Word id="region0004_line0005_word0004" custom="readingOrder {index:4;}">
          <Coords points="757,794 756,835 846,836 846,796 813,798 807,794"/>
          <TextEquiv conf="0.9289371">
            <Unicode>Eben</Unicode>
          </TextEquiv>
        </Word>
        <Word id="region0004_line0005_word0005" custom="readingOrder {index:5;}">
          <Coords points="995,798 869,797 868,842 904,843 904,843 922,843 924,842 968,841 975,844 976,844 994,840"/>
          <TextEquiv conf="0.9283216">
            <Unicode>daſelbſt</Unicode>
          </TextEquiv>
        </Word>
        <Word id="region0004_line0005_word0006" custom="readingOrder {index:6;}">
          <Coords points="1050,794 1015,794 1014,837 1020,838 1020,839 1039,839 1041,837 1049,837"/>
          <TextEquiv conf="0.9270014">
            <Unicode>iſt</Unicode>
          </TextEquiv>
        </Word>
        <TextEquiv>
          <Unicode>entgegen geſetzte Zeichen haben. Eben daſelbſt iſt</Unicode>
        </TextEquiv>
      </TextLine>
      <TextLine id="region0004_line0006" custom="readingOrder {index:5;}">
        <Coords points="122,832 108,833 109,888 120,894 130,894 135,889 147,889 151,892 163,889 199,889 313,895 321,904 330,904 336,896 364,898 374,905 383,905 389,900 402,900 408,897 424,899 438,896 468,896 478,906 482,906 495,898 526,897 646,899 657,896 668,902 674,896 682,896 866,897 871,906 882,907 889,898 963,898 998,896 1005,903 1018,903 1025,896 1034,900 1057,896 1056,847 1023,847 1017,838 990,841 975,845 968,842 924,843 912,851 901,852 895,845 888,843 875,844 868,852 862,851 857,843 845,842 838,850 832,845 823,844 816,849 784,853 769,853 765,850 718,853 715,844 701,842 696,845 693,853 689,853 681,843 650,842 644,844 638,853 615,853 613,847 605,843 595,843 580,850 573,849 571,852 555,852 548,844 536,843 529,849 523,845 501,848 493,843 479,843 467,850 391,849 376,854 346,853 340,844 331,847 319,846 314,853 300,847 284,851 250,850 243,849 241,840 236,838 230,838 215,846 178,845 164,842 156,833"/>
        <Baseline points="109,878 379,889 1057,887"/>
        <Word id="region0004_line0006_word0000" custom="readingOrder {index:0;}">
          <Coords points="114,841 114,889 135,889 147,889 163,889 199,889 204,889 204,845 178,845 164,842 163,841"/>
          <TextEquiv conf="0.9313971">
            <Unicode>ſchon</Unicode>
          </TextEquiv>
        </Word>
        <Word id="region0004_line0006_word0001" custom="readingOrder {index:1;}">
          <Coords points="223,844 223,890 281,893 388,894 388,850 376,854 346,853 340,844 337,844 331,847 319,846 314,853 300,847 284,851 250,850 243,849 241,844"/>
          <TextEquiv conf="0.9190646">
            <Unicode>bewieſen,</Unicode>
          </TextEquiv>
        </Word>
        <Word id="region0004_line0006_word0002" custom="readingOrder {index:2;}">
          <Coords points="431,894 495,894 495,847 472,847 467,850 431,849"/>
          <TextEquiv conf="0.925121">
            <Unicode>daß</Unicode>
          </TextEquiv>
        </Word>
        <Word id="region0004_line0006_word0003" custom="readingOrder {index:3;}">
          <Coords points="514,847 514,885 562,886 562,852 555,852 551,847 530,847 529,849 526,847"/>
          <TextEquiv conf="0.92746156">
            <Unicode>die</Unicode>
          </TextEquiv>
        </Word>
        <Word id="region0004_line0006_word0004" custom="readingOrder {index:4;}">
          <Coords points="586,847 580,850 577,849 577,893 801,894 801,850 784,853 769,853 765,850 718,853 716,847 695,847 693,853 689,853 684,847 641,847 638,853 615,853 613,847"/>
          <TextEquiv conf="0.9169172">
            <Unicode>Coefficienten</Unicode>
          </TextEquiv>
        </Word>
        <Word id="region0004_line0006_word0005" custom="readingOrder {index:5;}">
          <Coords points="823,848 823,897 866,897 866,897 916,898 916,849 915,849 912,851 901,852 898,849 871,849 868,852 862,851 860,848 840,848 838,850 836,848"/>
          <TextEquiv conf="0.930515">
            <Unicode>dieſer</Unicode>
          </TextEquiv>
        </Word>
        <Word id="region0004_line0006_word0006" custom="readingOrder {index:6;}">
          <Coords points="937,845 937,895 1050,896 1050,847 1023,847 1022,845"/>
          <TextEquiv conf="0.9308619">
            <Unicode>Reihe,</Unicode>
          </TextEquiv>
        </Word>
        <TextEquiv>
          <Unicode>ſchon bewieſen, daß die Coefficienten dieſer Reihe,</Unicode>
        </TextEquiv>
      </TextLine>
      <TextLine id="region0004_line0007" custom="readingOrder {index:6;}">
        <Coords points="224,893 215,901 109,895 109,940 208,945 213,946 220,958 230,957 238,948 296,950 306,951 315,960 331,960 342,951 397,950 446,950 452,959 468,960 477,950 483,949 555,949 572,955 580,955 587,951 613,950 796,951 810,957 820,950 857,954 867,948 867,918 861,908 799,904 794,900 783,900 774,905 767,897 754,898 749,906 700,904 696,898 682,897 671,903 657,897 641,899 638,905 620,905 614,899 605,899 598,905 478,907 468,897 458,897 453,898 447,906 424,906 421,899 408,898 401,901 399,906 338,906 321,905 314,897 296,897 287,903 250,904 246,903 240,894"/>
        <Baseline points="109,930 315,942 867,943"/>
        <Word id="region0004_line0007_word0000" custom="readingOrder {index:0;}">
          <Coords points="118,906 206,906 206,938 118,938"/>
          <TextEquiv conf="0.92482096">
            <Unicode>wenn</Unicode>
          </TextEquiv>
        </Word>
        <Word id="region0004_line0007_word0001" custom="readingOrder {index:1;}">
          <Coords points="221,902 221,950 236,950 238,948 258,948 258,903 250,904 246,903 245,902"/>
          <TextEquiv conf="0.9284482">
            <Unicode>ſie</Unicode>
          </TextEquiv>
        </Word>
        <Word id="region0004_line0007_word0002" custom="readingOrder {index:2;}">
          <Coords points="291,900 287,903 272,903 272,949 296,950 298,950 366,951 397,950 438,950 438,906 424,906 422,901 402,901 401,901 399,906 338,906 321,905 317,900"/>
          <TextEquiv conf="0.9302798">
            <Unicode>allgemein</Unicode>
          </TextEquiv>
        </Word>
        <Word id="region0004_line0007_word0003" custom="readingOrder {index:3;}">
          <Coords points="453,902 453,949 483,949 483,906 478,907 473,902"/>
          <TextEquiv conf="0.93204343">
            <Unicode>ſo</Unicode>
          </TextEquiv>
        </Word>
        <Word id="region0004_line0007_word0004" custom="readingOrder {index:4;}">
          <Coords points="600,903 598,905 504,907 504,949 555,949 556,950 611,950 613,950 706,951 706,904 700,904 700,904 639,903 638,905 620,905 618,903"/>
          <TextEquiv conf="0.9263623">
            <Unicode>ausgedruͤckt</Unicode>
          </TextEquiv>
        </Word>
        <Word id="region0004_line0007_word0005" custom="readingOrder {index:5;}">
          <Coords points="749,905 749,906 725,905 725,950 796,951 798,952 816,952 816,905 814,905 774,905"/>
          <TextEquiv conf="0.92660433">
            <Unicode>wird,</Unicode>
          </TextEquiv>
        </Word>
        <TextEquiv>
          <Unicode>wenn ſie allgemein ſo ausgedruͤckt wird,</Unicode>
        </TextEquiv>
      </TextLine>
      <TextEquiv>
        <Unicode>vergleicht, ſo ergiebt ſich, daß die Coefficienten der
Glieder, welche nach den beyden erſten folgen, mit
den hier berechneten A, B, C, D, .... nach der
Ordnung einerley ſind, nur daß B, D, u. ſ. w. das
entgegen geſetzte Zeichen haben. Eben daſelbſt iſt
ſchon bewieſen, daß die Coefficienten dieſer Reihe,
wenn ſie allgemein ſo ausgedruͤckt wird,</Unicode>
      </TextEquiv>
    </TextRegion>
    <TextRegion orientation="-0.3757716" readingDirection="left-to-right" id="region0006" custom="readingOrder {index:12;}">
      <Coords points="112,1069 1054,1069 1054,1186 112,1186"/>
      <TextLine id="region0006_line0001" custom="readingOrder {index:0;}">
        <Coords points="1000,1070 997,1073 930,1072 921,1075 917,1083 887,1082 880,1075 871,1075 862,1082 826,1083 815,1081 808,1071 790,1074 777,1070 762,1073 713,1070 707,1074 705,1081 682,1082 578,1081 573,1071 561,1070 553,1081 536,1082 480,1080 475,1076 450,1080 451,1069 429,1069 428,1074 424,1070 410,1070 407,1073 405,1070 347,1069 344,1073 341,1069 269,1069 260,1074 258,1081 220,1079 211,1072 200,1072 195,1076 170,1076 166,1069 148,1069 144,1074 113,1073 113,1118 141,1118 162,1123 268,1123 280,1126 351,1126 357,1131 366,1131 384,1124 482,1123 490,1118 499,1118 504,1123 644,1127 649,1133 658,1135 682,1125 790,1126 801,1132 814,1127 842,1127 970,1130 1008,1127 1016,1132 1024,1132 1033,1129 1035,1124 1054,1122 1054,1078 1035,1078 1032,1070"/>
        <Baseline points="113,1108 325,1116 965,1118 1054,1113"/>
        <Word id="region0006_line0001_word0000" custom="readingOrder {index:0;}">
          <Coords points="119,1075 119,1115 175,1115 175,1076 170,1076 169,1075"/>
          <TextEquiv conf="0.9264703">
            <Unicode>mit</Unicode>
          </TextEquiv>
        </Word>
        <Word id="region0006_line0001_word0001" custom="readingOrder {index:1;}">
          <Coords points="201,1080 258,1081 258,1115 201,1114"/>
          <TextEquiv conf="0.9320082">
            <Unicode>den</Unicode>
          </TextEquiv>
        </Word>
        <Word id="region0006_line0001_word0002" custom="readingOrder {index:2;}">
          <Coords points="290,1069 290,1123 423,1123 482,1123 490,1118 499,1118 504,1123 511,1123 511,1081 480,1080 475,1076 450,1080 450,1069 428,1069 428,1074 424,1070 410,1070 407,1073 405,1070 367,1069 346,1069 344,1073 341,1069"/>
          <TextEquiv conf="0.91407424">
            <Unicode>Coefficienten</Unicode>
          </TextEquiv>
        </Word>
        <Word id="region0006_line0001_word0003" custom="readingOrder {index:3;}">
          <Coords points="555,1078 553,1081 544,1081 544,1116 626,1116 626,1081 578,1081 576,1078"/>
          <TextEquiv conf="0.9297019">
            <Unicode>einer</Unicode>
          </TextEquiv>
        </Word>
        <Word id="region0006_line0001_word0004" custom="readingOrder {index:4;}">
          <Coords points="706,1077 705,1081 682,1082 654,1081 654,1128 674,1128 682,1125 790,1126 795,1129 808,1129 814,1127 842,1127 926,1128 926,1079 919,1078 917,1083 887,1082 883,1078 866,1078 862,1082 826,1083 815,1081 813,1078"/>
          <TextEquiv conf="0.9270253">
            <Unicode>zuruͤckkehrenden</Unicode>
          </TextEquiv>
        </Word>
        <Word id="region0006_line0001_word0005" custom="readingOrder {index:5;}">
          <Coords points="1049,1079 949,1078 949,1127 1001,1127 1008,1127 1008,1127 1033,1127 1035,1124 1049,1122"/>
          <TextEquiv conf="0.9276017">
            <Unicode>Reihe</Unicode>
          </TextEquiv>
        </Word>
        <TextEquiv>
          <Unicode>mit den Coefficienten einer zuruͤckkehrenden Reihe</Unicode>
        </TextEquiv>
      </TextLine>
      <TextLine id="region0006_line0002" custom="readingOrder {index:1;}">
        <Coords points="490,1119 483,1123 479,1130 463,1136 438,1136 431,1125 404,1125 397,1130 384,1125 372,1134 314,1135 283,1135 281,1127 268,1124 259,1125 251,1135 216,1134 212,1124 200,1124 187,1133 151,1129 149,1122 133,1119 129,1120 126,1127 113,1128 112,1171 177,1178 219,1180 223,1186 237,1186 243,1180 250,1180 253,1186 268,1186 273,1180 279,1180 283,1185 300,1185 304,1179 390,1180 392,1186 422,1186 425,1180 476,1185 478,1182 526,1179 707,1180 761,1184 870,1183 874,1186 893,1186 1053,1175 1054,1130 1016,1133 1008,1128 999,1128 960,1137 931,1138 893,1136 888,1128 875,1128 867,1136 852,1137 834,1136 820,1128 801,1133 790,1127 783,1127 763,1128 748,1135 695,1136 691,1127 682,1126 675,1128 671,1135 645,1135 639,1131 629,1131 624,1135 578,1136 550,1134 541,1124 528,1125 525,1130 520,1126 509,1126 505,1129 499,1119"/>
        <Baseline points="112,1161 224,1170 808,1174 1053,1165"/>
        <Word id="region0006_line0002_word0000" custom="readingOrder {index:0;}">
          <Coords points="127,1123 126,1127 117,1127 117,1171 131,1173 242,1174 242,1134 216,1134 212,1124 200,1124 187,1133 151,1129 149,1123"/>
          <TextEquiv conf="0.91551834">
            <Unicode>einerley</Unicode>
          </TextEquiv>
        </Word>
        <Word id="region0006_line0002_word0001" custom="readingOrder {index:1;}">
          <Coords points="258,1127 257,1176 324,1176 324,1134 314,1135 283,1135 281,1127"/>
          <TextEquiv conf="0.93005323">
            <Unicode>ſeyn</Unicode>
          </TextEquiv>
        </Word>
        <Word id="region0006_line0002_word0002" custom="readingOrder {index:2;}">
          <Coords points="340,1177 495,1178 496,1119 490,1119 483,1123 479,1130 463,1136 438,1136 431,1125 404,1125 397,1130 384,1125 372,1134 340,1134"/>
          <TextEquiv conf="0.92891425">
            <Unicode>muͤſſen,</Unicode>
          </TextEquiv>
        </Word>
        <Word id="region0006_line0002_word0003" custom="readingOrder {index:3;}">
          <Coords points="510,1127 509,1166 557,1167 557,1134 550,1134 544,1127 526,1127 525,1130 521,1127"/>
          <TextEquiv conf="0.9234593">
            <Unicode>die</Unicode>
          </TextEquiv>
        </Word>
        <Word id="region0006_line0002_word0004" custom="readingOrder {index:4;}">
          <Coords points="577,1136 640,1136 639,1167 576,1167"/>
          <TextEquiv conf="0.92717445">
            <Unicode>aus</Unicode>
          </TextEquiv>
        </Word>
        <Word id="region0006_line0002_word0005" custom="readingOrder {index:5;}">
          <Coords points="674,1129 671,1135 660,1135 660,1171 768,1172 769,1130 758,1129 748,1135 695,1136 692,1129"/>
          <TextEquiv conf="0.9283754">
            <Unicode>einem</Unicode>
          </TextEquiv>
        </Word>
        <Word id="region0006_line0002_word0006" custom="readingOrder {index:6;}">
          <Coords points="778,1131 777,1177 894,1178 894,1136 893,1136 890,1131 871,1131 867,1136 852,1137 834,1136 825,1131 807,1131 801,1133 797,1131"/>
          <TextEquiv conf="0.93158484">
            <Unicode>Bruch</Unicode>
          </TextEquiv>
        </Word>
        <Word id="region0006_line0002_word0007" custom="readingOrder {index:7;}">
          <Coords points="918,1143 979,1144 978,1172 917,1171"/>
          <TextEquiv conf="0.9290079">
            <Unicode>von</Unicode>
          </TextEquiv>
        </Word>
        <Word id="region0006_line0002_word0008" custom="readingOrder {index:8;}">
          <Coords points="1000,1136 1050,1136 1049,1168 999,1168"/>
          <TextEquiv conf="0.9290079">
            <Unicode>der</Unicode>
          </TextEquiv>
        </Word>
        <TextEquiv>
          <Unicode>einerley ſeyn muͤſſen, die aus einem Bruch von der</Unicode>
        </TextEquiv>
      </TextLine>
      <TextEquiv>
        <Unicode>mit den Coefficienten einer zuruͤckkehrenden Reihe
einerley ſeyn muͤſſen, die aus einem Bruch von der</Unicode>
      </TextEquiv>
    </TextRegion>
    <TextRegion orientation="-0.3757716" readingDirection="left-to-right" id="TextRegion_1673428171804_2653" custom="readingOrder {index:13;}">
      <Coords points="109,1195 222,1195 222,1263 109,1263"/>
      <TextLine id="line_1673428171852_2656" custom="readingOrder {index:0;}">
        <Coords points="109,1201 160,1203 173,1208 181,1215 210,1219 222,1219 222,1262 217,1263 109,1260"/>
        <Word id="region0007_line0001_word0000" custom="readingOrder {index:0;}">
          <Coords points="115,1246 214,1247 214,1219 210,1219 181,1215 173,1208 160,1203 115,1201"/>
          <TextEquiv conf="0.87714523">
            <Unicode>Form</Unicode>
          </TextEquiv>
        </Word>
        <TextEquiv>
          <Unicode>Form</Unicode>
        </TextEquiv>
      </TextLine>
      <TextEquiv>
        <Unicode>Form</Unicode>
      </TextEquiv>
    </TextRegion>
    <TextRegion orientation="-0.3757716" readingDirection="left-to-right" id="TextRegion_1673428226051_2670" custom="readingOrder {index:14;}">
      <Coords points="107,1297 1056,1306 1056,1360 107,1360"/>
      <TextLine id="region0008_line0002" custom="readingOrder {index:0;}">
        <Coords points="115,1291 108,1298 107,1348 119,1349 128,1359 134,1360 145,1358 150,1350 163,1350 250,1357 263,1359 269,1366 289,1365 295,1360 330,1360 336,1369 344,1369 352,1362 361,1367 375,1368 384,1363 418,1357 496,1357 525,1362 529,1359 664,1357 671,1364 680,1365 686,1357 836,1358 849,1349 850,1320 845,1315 756,1313 747,1302 736,1304 727,1313 702,1311 695,1304 673,1308 664,1307 653,1312 634,1311 599,1302 568,1302 546,1304 536,1311 510,1309 503,1313 441,1313 435,1303 423,1303 415,1314 299,1314 294,1308 286,1305 228,1299 206,1298 185,1306 152,1304 143,1292"/>
        <Baseline points="107,1339 342,1351 849,1348"/>
        <Word id="region0008_line0002_word0000" custom="readingOrder {index:0;}">
          <Coords points="113,1299 112,1348 119,1349 120,1351 149,1351 150,1350 163,1350 175,1351 200,1351 200,1299 185,1306 152,1304 148,1299"/>
          <TextEquiv conf="0.92217547">
            <Unicode>ihren</Unicode>
          </TextEquiv>
        </Word>
        <Word id="region0008_line0002_word0001" custom="readingOrder {index:1;}">
          <Coords points="222,1303 221,1354 250,1357 258,1358 381,1359 381,1314 299,1314 294,1308 286,1305 269,1303"/>
          <TextEquiv conf="0.9287862">
            <Unicode>Urſprung</Unicode>
          </TextEquiv>
        </Word>
        <Word id="region0008_line0002_word0002" custom="readingOrder {index:2;}">
          <Coords points="422,1303 415,1314 401,1314 401,1347 529,1348 529,1310 510,1309 503,1313 441,1313 435,1303"/>
          <TextEquiv conf="0.9274584">
            <Unicode>nimmt.</Unicode>
          </TextEquiv>
        </Word>
        <Word id="region0008_line0002_word0003" custom="readingOrder {index:3;}">
          <Coords points="584,1306 583,1346 636,1346 636,1311 634,1311 614,1306"/>
          <TextEquiv conf="0.93175423">
            <Unicode>Es</Unicode>
          </TextEquiv>
        </Word>
        <Word id="region0008_line0002_word0004" custom="readingOrder {index:4;}">
          <Coords points="663,1307 658,1309 658,1352 695,1353 696,1308 675,1307 673,1308 665,1307"/>
          <TextEquiv conf="0.9316998">
            <Unicode>iſt</Unicode>
          </TextEquiv>
        </Word>
        <Word id="region0008_line0002_word0005" custom="readingOrder {index:5;}">
          <Coords points="733,1307 727,1313 716,1312 716,1345 788,1345 788,1313 756,1313 751,1307"/>
          <TextEquiv conf="0.9316">
            <Unicode>aber</Unicode>
          </TextEquiv>
        </Word>
        <TextEquiv>
          <Unicode>ihren Urſprung nimmt. Es iſt aber</Unicode>
        </TextEquiv>
      </TextLine>
      <TextEquiv>
        <Unicode>ihren Urſprung nimmt. Es iſt aber</Unicode>
      </TextEquiv>
    </TextRegion>
    <TextRegion orientation="-0.3757716" readingDirection="left-to-right" id="TextRegion_1673428230115_2676" custom="readingOrder {index:15;}">
      <Coords points="107,1425 1056,1425 1056,1535 107,1535"/>
      <TextLine id="region0008_line0005" custom="readingOrder {index:0;}">
        <Coords points="899,1413 887,1421 887,1432 861,1431 859,1424 852,1423 836,1431 796,1432 772,1430 759,1422 751,1422 746,1427 738,1420 720,1421 709,1429 702,1430 698,1424 685,1424 676,1429 663,1430 628,1431 618,1430 610,1423 603,1423 594,1430 575,1430 557,1428 549,1423 523,1428 514,1422 506,1424 498,1420 489,1420 479,1427 468,1429 446,1429 440,1423 430,1423 423,1429 414,1430 387,1430 357,1421 315,1423 299,1432 290,1422 277,1423 272,1429 267,1425 257,1425 250,1431 182,1428 112,1421 108,1422 108,1465 261,1477 418,1475 442,1477 450,1485 464,1485 471,1477 482,1477 491,1486 501,1486 511,1477 562,1475 749,1476 758,1483 768,1483 774,1477 781,1476 866,1477 876,1486 891,1486 902,1477 954,1477 962,1484 975,1484 984,1475 991,1473 1056,1468 1056,1424 981,1427 976,1419 962,1419 952,1428 945,1421 936,1421 928,1430 906,1432 906,1415"/>
        <Baseline points="898,1414 901,1414"/>
        <Word id="word_1673428230151_2679" custom="readingOrder {index:0;}">
          <Coords points="115,1425 152,1425 182,1428 202,1428 202,1455 115,1455"/>
          <TextEquiv conf="0.026658935">
            <Unicode>wenn</Unicode>
          </TextEquiv>
        </Word>
        <Word id="region0008_line0005_word0001" custom="readingOrder {index:1;}">
          <Coords points="224,1434 239,1434 239,1457 224,1457"/>
          <TextEquiv conf="0.026658935">
            <Unicode>e</Unicode>
          </TextEquiv>
        </Word>
        <Word id="region0008_line0005_word0002" custom="readingOrder {index:2;}">
          <Coords points="258,1460 306,1460 306,1428 299,1432 290,1422 277,1423 272,1429 267,1425 258,1425"/>
          <TextEquiv conf="0.92908305">
            <Unicode>die</Unicode>
          </TextEquiv>
        </Word>
        <Word id="region0008_line0005_word0003" custom="readingOrder {index:3;}">
          <Coords points="330,1468 518,1469 518,1424 514,1422 506,1424 498,1420 489,1420 479,1427 468,1429 446,1429 440,1423 430,1423 423,1429 414,1430 387,1430 357,1421 330,1422"/>
          <TextEquiv conf="0.9288918">
            <Unicode>Grundzahl</Unicode>
          </TextEquiv>
        </Word>
        <Word id="word_1673428230151_2681" custom="readingOrder {index:4;}">
          <Coords points="540,1425 552,1425 557,1428 575,1430 592,1430 592,1459 540,1459"/>
          <TextEquiv conf="0.9278114">
            <Unicode>der</Unicode>
          </TextEquiv>
        </Word>
        <Word id="region0008_line0005_word0005" custom="readingOrder {index:5;}">
          <Coords points="604,1466 812,1467 812,1431 796,1432 772,1430 759,1422 751,1422 746,1427 738,1420 720,1421 709,1429 702,1430 698,1424 685,1424 676,1429 663,1430 628,1431 618,1430 610,1423 604,1423"/>
          <TextEquiv conf="0.9268568">
            <Unicode>natuͤrlichen</Unicode>
          </TextEquiv>
        </Word>
        <Word id="region0008_line0005_word0006" custom="readingOrder {index:6;}">
          <Coords points="898,1413 887,1421 887,1432 861,1431 859,1424 852,1423 840,1429 840,1471 1006,1471 1051,1468 1051,1424 981,1427 976,1419 962,1419 952,1428 945,1421 936,1421 928,1430 906,1432 906,1415 899,1413"/>
          <TextEquiv conf="0.92725354">
            <Unicode>Logarithmen</Unicode>
          </TextEquiv>
        </Word>
        <TextEquiv>
          <Unicode>wenn e die Grundzahl der natuͤrlichen Logarithmen</Unicode>
        </TextEquiv>
      </TextLine>
      <TextLine id="region0008_line0006" custom="readingOrder {index:1;}">
        <Coords points="108,1466 107,1519 138,1524 148,1534 177,1534 180,1526 206,1526 211,1531 232,1528 273,1534 316,1534 337,1531 369,1535 372,1531 379,1530 437,1528 447,1521 447,1493 444,1489 384,1487 375,1476 349,1477 337,1485 325,1486 280,1483 249,1485 226,1483 223,1475 219,1473 208,1472 199,1479 194,1472 183,1471 174,1481 137,1478 136,1469 131,1466"/>
        <Baseline points="107,1510 291,1523 447,1519"/>
        <Word id="region0008_line0006_word0000" custom="readingOrder {index:0;}">
          <Coords points="116,1471 115,1520 138,1524 143,1529 178,1529 180,1526 206,1526 209,1529 220,1529 232,1528 243,1529 297,1530 297,1484 280,1483 249,1485 226,1483 223,1475 219,1473 208,1472 199,1479 194,1472 187,1471 182,1471 174,1481 137,1478 136,1471"/>
          <TextEquiv conf="0.928387">
            <Unicode>bezeichnet,</Unicode>
          </TextEquiv>
        </Word>
        <Word id="region0008_line0006_word0001" custom="readingOrder {index:1;}">
          <Coords points="346,1478 337,1485 325,1486 322,1485 322,1525 385,1526 385,1487 384,1487 377,1478"/>
          <TextEquiv conf="0.9277379">
            <Unicode>alſo</Unicode>
          </TextEquiv>
        </Word>
        <TextEquiv>
          <Unicode>bezeichnet, alſo</Unicode>
        </TextEquiv>
      </TextLine>
      <TextEquiv>
        <Unicode>wenn e die Grundzahl der natuͤrlichen Logarithmen
bezeichnet, alſo</Unicode>
      </TextEquiv>
    </TextRegion>
    <TextRegion orientation="-0.3757716" readingDirection="left-to-right" id="TextRegion_1673428271937_2698" custom="readingOrder {index:16;}">
      <Coords points="106,1665 184,1665 184,1737 106,1737"/>
      <TextLine id="line_1673428271982_2701" custom="readingOrder {index:0;}">
        <Coords points="121,1688 149,1691 156,1686 167,1686 173,1691 184,1691 184,1737 162,1739 107,1735 107,1690"/>
        <Word id="region0013_line0003_word0000" custom="readingOrder {index:0;}">
          <Coords points="176,1708 113,1708 112,1735 162,1739 175,1737"/>
          <TextEquiv conf="0.9215741">
            <Unicode>und</Unicode>
          </TextEquiv>
        </Word>
        <TextEquiv>
          <Unicode>und</Unicode>
        </TextEquiv>
      </TextLine>
      <TextEquiv>
        <Unicode>und</Unicode>
      </TextEquiv>
    </TextRegion>
    <TextRegion orientation="-0.3757716" readingDirection="left-to-right" id="region0014" custom="readingOrder {index:17;}">
      <Coords points="106,1768 522,1799 530,1843 106,1843"/>
      <TextLine id="region0014_line0001" custom="readingOrder {index:0;}">
        <Coords points="106,1768 106,1825 260,1833 267,1839 290,1835 297,1836 301,1842 317,1843 320,1837 328,1837 331,1843 354,1843 357,1837 529,1837 528,1786 519,1786 513,1792 353,1791 347,1786 339,1786 333,1790 323,1782 283,1785 277,1776 264,1776 253,1785 180,1783 176,1781 176,1774 171,1769"/>
        <Word id="region0014_line0001_word0000" custom="readingOrder {index:0;}">
          <Coords points="112,1775 112,1825 283,1826 283,1785 277,1776 264,1776 253,1785 180,1783 176,1781 176,1775"/>
          <TextEquiv conf="0.92076784">
            <Unicode>Demnach</Unicode>
          </TextEquiv>
        </Word>
        <Word id="region0014_line0001_word0001" custom="readingOrder {index:1;}">
          <Coords points="304,1784 304,1831 369,1831 369,1791 353,1791 347,1786 339,1786 333,1790 325,1784"/>
          <TextEquiv conf="0.910611">
            <Unicode>ſetze</Unicode>
          </TextEquiv>
        </Word>
        <Word id="region0014_line0001_word0002" custom="readingOrder {index:2;}">
          <Coords points="384,1819 526,1820 526,1787 518,1786 513,1792 384,1791"/>
          <TextEquiv conf="0.910611">
            <Unicode>man</Unicode>
          </TextEquiv>
        </Word>
        <TextEquiv>
          <Unicode>Demnach ſetze man</Unicode>
        </TextEquiv>
      </TextLine>
      <TextEquiv>
        <Unicode>Demnach ſetze man</Unicode>
      </TextEquiv>
    </TextRegion>
    <TextRegion orientation="-0.3757716" readingDirection="left-to-right" id="TextRegion_1673428370779_2724" custom="readingOrder {index:18;}">
      <Coords points="107,1983 529,1983 529,2054 107,2054"/>
      <TextLine id="line_1673428370812_2727" custom="readingOrder {index:0;}">
        <Coords points="112,1988 149,1991 154,1987 246,1986 251,1991 252,2002 349,2000 356,1993 368,1991 414,1991 422,1997 424,2003 470,2002 475,1993 487,1992 494,2000 504,1995 515,1995 520,2000 529,2000 529,2046 439,2046 414,2048 406,2054 275,2053 273,2044 159,2040 107,2035 107,1990"/>
        <Word id="region0017_line0002_word0000" custom="readingOrder {index:0;}">
          <Coords points="113,1993 174,1993 174,2029 113,2029"/>
          <TextEquiv conf="0.9257655">
            <Unicode>und</Unicode>
          </TextEquiv>
        </Word>
        <Word id="region0017_line0002_word0001" custom="readingOrder {index:1;}">
          <Coords points="195,1992 224,1991 224,2027 195,2028"/>
          <TextEquiv conf="0.68697387">
            <Unicode>K</Unicode>
          </TextEquiv>
        </Word>
        <Word id="word_1673428688475_2834" custom="readingOrder {index:2;}">
          <Coords points="238,2007 287,2007 287,2037 238,2037"/>
          <TextEquiv>
            <Unicode>=</Unicode>
          </TextEquiv>
        </Word>
        <Word id="region0017_line0002_word0002" custom="readingOrder {index:3;}">
          <Coords points="305,2038 353,2039 353,1997 352,1997 349,2000 305,2001"/>
          <TextEquiv>
            <Unicode>½,</Unicode>
          </TextEquiv>
        </Word>
        <Word id="region0017_line0002_word0003" custom="readingOrder {index:4;}">
          <Coords points="362,2043 407,2043 407,1991 368,1991 362,1992"/>
          <TextEquiv conf="0.9028372">
            <Unicode>ſo</Unicode>
          </TextEquiv>
        </Word>
        <Word id="region0017_line0002_word0004" custom="readingOrder {index:5;}">
          <Coords points="444,2030 523,2031 523,2000 520,2000 515,1995 504,1995 494,2000 487,1992 475,1993 470,2002 444,2002"/>
          <TextEquiv conf="0.93085647">
            <Unicode>wird</Unicode>
          </TextEquiv>
        </Word>
        <TextEquiv>
          <Unicode>und K = ½, ſo wird</Unicode>
        </TextEquiv>
      </TextLine>
      <TextEquiv>
        <Unicode>und K = ½, ſo wird</Unicode>
      </TextEquiv>
    </TextRegion>
    <TextRegion orientation="-0.3757716" readingDirection="left-to-right" id="TextRegion_1673428373638_2730" custom="readingOrder {index:19;}">
      <Coords points="933,1983 1029,1983 1029,2054 933,2054"/>
      <TextLine id="line_1673428373669_2733" custom="readingOrder {index:0;}">
        <Coords points="933,1986 969,1984 1028,1984 1028,2028 958,2032 939,2040 933,2040"/>
        <Baseline points="933,2022 951,2020 1028,2018"/>
        <Word id="region0017_line0002_word0007" custom="readingOrder {index:0;}">
          <Coords points="1025,1997 956,1997 956,2031 975,2031 1025,2028"/>
          <TextEquiv conf="0.9307238">
            <Unicode>oder</Unicode>
          </TextEquiv>
        </Word>
        <TextEquiv>
          <Unicode>oder</Unicode>
        </TextEquiv>
      </TextLine>
      <TextEquiv>
        <Unicode>oder</Unicode>
      </TextEquiv>
    </TextRegion>
    <TextRegion orientation="-0.3757716" type="footer" readingDirection="left-to-right" id="TextRegion_1673428398433_2749" custom="readingOrder {index:20;} structure {type:footer;}">
      <Coords points="145,2072 541,2072 541,2147 145,2147"/>
      <TextLine id="line_1673428398462_2752" custom="readingOrder {index:0;}">
        <Coords points="145,2080 195,2082 217,2092 223,2093 234,2085 249,2085 259,2093 276,2095 335,2089 339,2092 380,2096 393,2088 404,2088 410,2095 421,2095 429,2089 443,2089 454,2095 476,2097 541,2097 541,2116 540,2116 539,2135 534,2140 438,2140 431,2146 419,2143 416,2147 397,2147 394,2141 308,2141 240,2137 234,2142 225,2142 220,2137 145,2133"/>
        <Word id="region0020_line0001_word0000" custom="readingOrder {index:0;}">
          <Coords points="151,2120 310,2121 310,2091 276,2095 259,2093 249,2085 234,2085 223,2093 217,2092 195,2082 151,2080"/>
          <TextEquiv>
            <Unicode>Karſtens</Unicode>
          </TextEquiv>
        </Word>
        <Word id="region0020_line0001_word0001" custom="readingOrder {index:1;}">
          <Coords points="320,2126 475,2127 475,2096 454,2095 443,2089 429,2089 421,2095 410,2095 404,2088 393,2088 380,2096 339,2092 335,2089 320,2090"/>
          <TextEquiv conf="0.9052743">
            <Unicode>Analyſis.</Unicode>
          </TextEquiv>
        </Word>
        <TextEquiv>
          <Unicode>Karſtens Analyſis.</Unicode>
        </TextEquiv>
      </TextLine>
      <TextEquiv>
        <Unicode>Karſtens Analyſis.</Unicode>
      </TextEquiv>
    </TextRegion>
    <TextRegion orientation="-0.3757716" type="signature-mark" readingDirection="left-to-right" id="TextRegion_1673428402064_2756" custom="readingOrder {index:21;} structure {type:signature-mark;}">
      <Coords points="541,2072 904,2072 904,2147 541,2147"/>
      <TextLine id="line_1673428402092_2759" custom="readingOrder {index:0;}">
        <Coords points="541,2097 644,2098 645,2080 650,2075 758,2076 817,2084 904,2084 904,2114 857,2114 856,2122 851,2127 781,2130 769,2138 761,2138 755,2133 739,2135 732,2139 668,2138 663,2133 662,2117 541,2116"/>
        <Baseline points="662,2126 856,2120 904,2118"/>
        <Word id="region0020_line0001_word0002" custom="readingOrder {index:0;}">
          <Coords points="719,2084 781,2084 781,2130 719,2130"/>
          <TextEquiv conf="0.9263502">
            <Unicode>Pp</Unicode>
          </TextEquiv>
        </Word>
        <TextEquiv>
          <Unicode>Pp</Unicode>
        </TextEquiv>
      </TextLine>
      <TextEquiv>
        <Unicode>Pp</Unicode>
      </TextEquiv>
    </TextRegion>
    <TextRegion orientation="-0.3757716" type="catch-word" readingDirection="left-to-right" id="TextRegion_1673428402064_2755" custom="readingOrder {index:22;} structure {type:catch-word;}">
      <Coords points="904,2072 1056,2072 1056,2147 904,2147"/>
      <TextLine id="line_1673428402092_2758" custom="readingOrder {index:0;}">
        <Coords points="904,2084 938,2085 940,2076 944,2073 989,2073 1055,2074 1055,2113 1047,2113 1046,2121 1041,2126 1021,2128 954,2127 949,2122 949,2116 943,2114 904,2114"/>
        <Baseline points="904,2118 949,2117 981,2117 1055,2106"/>
        <Word id="region0020_line0001_word0003" custom="readingOrder {index:0;}">
          <Coords points="1052,2087 1005,2087 1005,2127 1021,2128 1041,2126 1046,2121 1047,2113 1052,2113"/>
          <TextEquiv>
            <Unicode>½u</Unicode>
          </TextEquiv>
        </Word>
        <TextEquiv>
          <Unicode>½u</Unicode>
        </TextEquiv>
      </TextLine>
      <TextEquiv>
        <Unicode>½u</Unicode>
      </TextEquiv>
    </TextRegion>
  </Page>
</PcGts>
