1735 2696
605 538 673 578 66

743 545 848 585 Das
848 545 901 585 2.
901 545 955 585 H.
955 545 1055 585 von
1055 545 1137 585 der
1137 545 1322 585 groͤſten

618 626 740 684 ſchrie
761 625 937 676 zwar
874 621 943 678 der
955 621 1101 668 Mund
1119 622 1228 663 eines
1244 615 1387 668 weiſen
1395 615 1531 659 Man⸗

620 686 723 733 nes/
737 682 833 723 aber
841 679 938 732 ſeine
948 676 1070 720 Seele
1086 671 1196 717 waͤre
1212 670 1351 724 ruhig;
1364 668 1433 709 und
1453 671 1534 708 was

621 733 823 786 dergleichen
866 724 1117 782 ungegruͤndete
1147 725 1275 777 Dinge
1303 719 1394 772 mehr
1421 718 1534 770 fuͤrge⸗

621 782 731 829 bracht
752 780 890 829 werden.

674 855 734 888 23.
751 838 843 886 Wir
880 829 1034 888 wiſſen/
1042 833 1113 886 daß
1137 834 1194 877 der
1213 829 1354 880 Menſch
1374 829 1435 870 aus
1454 831 1537 875 zwey

626 887 848 941 weſentlichen
864 885 1033 937 Theilen/
1040 882 1116 926 dem
1128 882 1229 925 Leib
1240 881 1310 921 und
1324 876 1468 924 Seele/
1485 873 1540 915 be⸗

628 940 767 996 ſtehet/
772 941 854 986 aber
860 939 930 988 daß
939 936 1021 985 dieſe
1030 935 1133 985 beyde
1149 935 1186 976 in
1210 928 1347 979 hoͤchſter
1358 931 1429 970 und
1437 927 1540 968 unbe⸗

628 992 846 1047 ſchreiblicher
870 986 1113 1040 Vereinigung
1145 983 1332 1029 verknuͤpfft
1353 974 1454 1029 ſind/
1466 982 1539 1019 der⸗

629 1043 797 1097 geſtalt/
798 1043 868 1095 daß
884 1045 934 1085 die
957 1039 1070 1085 Seele
1085 1044 1152 1078 von
1166 1036 1224 1076 der
1253 1030 1463 1079 Geſundheit
1478 1029 1540 1071 des

630 1094 790 1147 Leibes/
807 1096 866 1136 der
880 1092 956 1133 Leib
972 1086 1053 1130 aber
1076 1092 1143 1128 von
1167 1083 1243 1126 dem
1282 1077 1415 1129 Leben/
1436 1081 1542 1123 denen

634 1143 901 1197 Sinnligkeiten
920 1142 992 1186 und
1009 1137 1116 1185 denen
1134 1131 1335 1183 Gedancken
1352 1132 1410 1178 der
1430 1130 1544 1177 Seele

632 1199 867 1255 participiret.

686 1258 747 1295 24.
769 1242 886 1290 Denn
909 1239 975 1287 wie
1002 1240 1082 1283 das
1104 1237 1242 1282 Leben
1267 1235 1332 1279 des
1360 1229 1546 1284 Menſchen

636 1310 700 1345 vor
714 1301 768 1345 die
775 1294 1016 1347 Vereinigung
1024 1294 1099 1335 des
1113 1290 1262 1335 Leibes
1278 1289 1347 1332 und
1355 1292 1423 1329 der
1441 1287 1548 1327 See⸗

636 1352 703 1396 len
725 1357 921 1403 genommen
944 1342 1059 1397 wird/
1074 1346 1107 1397 ſo
1123 1346 1161 1396 iſt
1175 1350 1213 1387 es
1227 1342 1297 1386 kein
1320 1338 1500 1391 Zweiffel/
1508 1343 1549 1379 es

639 1407 680 1457 iſt
695 1405 762 1449 das
779 1401 881 1448 Leben
896 1402 966 1444 der
990 1398 1140 1442 Grund
1152 1397 1229 1435 des
1239 1389 1401 1451 groͤſten
1424 1390 1550 1433 Guts

640 1461 703 1504 des
735 1456 946 1509 Menſchen;
972 1452 1087 1499 Denn
1112 1456 1150 1494 es
1172 1450 1209 1499 iſt
1237 1458 1269 1490 ſo
1293 1447 1386 1488 dann
1409 1443 1551 1494 ſelbiges

641 1508 753 1558 nichts
772 1505 931 1551 anders/
936 1505 995 1547 als
1012 1505 1064 1546 die
1083 1498 1289 1547 Dauerung
1306 1497 1365 1538 des
1378 1491 1551 1546 menſchli⸗

641 1566 720 1609 chen
737 1552 923 1609 Weſens/
940 1558 1010 1599 und
1026 1554 1175 1601 begreifft
1189 1549 1329 1599 zugleich
1340 1549 1393 1592 die
1404 1546 1553 1592 Bewe⸗

642 1614 757 1663 gung
781 1610 855 1649 des
887 1600 1071 1648 Gebluͤts
1095 1601 1166 1642 und
1190 1602 1260 1641 der
1284 1594 1554 1647 Bewegungs

644 1647 829 1713 Geiſter/
845 1654 907 1697 wie
915 1651 1002 1701 nicht
1016 1646 1162 1697 weniger
1189 1647 1247 1689 der
1269 1642 1392 1698 Seelen
1421 1642 1491 1685 und
1501 1641 1554 1683 die

645 1705 871 1762 Gantzheit
885 1708 994 1749 derer
1015 1700 1155 1753 Theile
1176 1701 1249 1742 des
1269 1694 1556 1750 menſchlichen

645 1755 865 1819 Coͤrpers/
882 1755 1048 1803 darinnen
1062 1755 1150 1808 dieſe
1173 1752 1422 1802 Bewegungen
1441 1752 1558 1795 vorge.

646 1818 733 1873 hen/
758 1821 793 1866 in
814 1816 886 1868 ſich.

702 1879 761 1913 25.
777 1861 857 1910 Und
872 1867 963 1914 zwar
980 1858 1011 1909 ſo
1029 1857 1100 1910 ſind
1122 1848 1221 1904 dieſe
1240 1856 1316 1897 vier
1333 1848 1471 1897 Stuͤck
1482 1850 1559 1893 der⸗

650 1919 769 1970 geſtalt
794 1918 855 1962 mit
879 1913 1036 1961 einander
1051 1898 1335 1961 verknuͤpfft/
1354 1905 1417 1957 daß
1432 1905 1560 1948 keines

651 1971 761 2017 ohne
778 1970 858 2012 das
878 1966 1022 2010 andere
1033 1959 1119 2016 ſeyn
1127 1958 1213 2009 kan,
1234 1957 1304 2001 und
1322 1954 1392 2004 daß
1408 1962 1471 1997 von
1482 1953 1558 1998 dem

653 2022 863 2079 beſtaͤndigen
887 2019 1082 2075 Wohlſeyn
1104 2018 1164 2063 des
1187 2016 1278 2060 einen
1295 2013 1378 2065 auch
1393 2012 1445 2058 die
1460 2008 1562 2061 Guͤte

653 2077 717 2122 des
724 2078 853 2121 andern
870 2062 1093 2126 dependiret.

710 2135 768 2174 26.
779 2125 865 2175 Wo
885 2127 1002 2176 keine
1017 2118 1159 2178 Theile
1185 2118 1260 2164 des
1278 2111 1563 2170 menſchlichen

1409 2180 1567 2220 Leibes
