1850 2634
753 411 819 447 284

751 483 818 520 auch
843 486 895 516 den
909 485 994 519 Trieb
1016 485 1083 522 nach
1101 485 1260 524 Wohlſein,
1283 486 1358 518 einer
1383 484 1591 526 vernuͤnftigen
1606 489 1673 522 Ein⸗

750 537 918 576 ſchraͤnkung
940 544 973 574 zu
995 538 1197 575 unterwerfen.
1249 541 1322 572 Das
1340 539 1424 579 aber,
1450 545 1515 571 was
1549 543 1585 571 da
1616 542 1673 573 ein⸗

749 590 891 628 ſchraͤnkt,
914 592 981 625 muß
1004 592 1090 631 hoͤher
1113 591 1186 629 ſein,
1206 592 1251 623 als
1274 594 1452 631 dasienige,
1474 594 1591 632 welches
1614 601 1671 626 von

747 649 807 688 ihm
829 650 1034 687 eingeſchraͤnkt
1056 651 1145 688 wird,
1175 651 1279 690 mithin
1301 652 1375 684 kann
1400 654 1461 686 dies
1482 654 1670 694 Beſchraͤnkte

746 711 806 740 und
827 707 1089 749 Zubeſchraͤnkende
1106 709 1181 750 nicht
1200 710 1256 750 ſein
1277 709 1429 750 Endzweck
1450 712 1518 750 ſein.

821 1060 956 1101 Welches
977 1059 1010 1099 iſt
1031 1068 1092 1093 nun
1114 1062 1162 1094 der
1184 1060 1257 1101 letzte
1277 1060 1370 1102 Zweck
1392 1063 1441 1096 der
1460 1061 1584 1101 Natur,
1604 1063 1664 1097 und

741 1112 787 1134 wo
801 1106 886 1138 nicht
910 1106 957 1133 der
979 1104 1083 1133 Natur
1103 1094 1289 1140 uͤberhaupt,
1305 1109 1332 1139 ſo
1353 1110 1417 1143 doch
1440 1112 1488 1137 der
1503 1110 1608 1137 Natur
1627 1116 1667 1135 an

739 1174 804 1205 dem
834 1171 1016 1214 Menſchen?
1057 1173 1114 1207 Um
1146 1174 1234 1213 dieſes
1261 1181 1295 1214 zu
1325 1175 1442 1214 finden,
1471 1174 1582 1215 muͤſſen
1610 1176 1666 1217 wir

739 1225 844 1267 erſtlich
868 1229 922 1258 das
943 1224 1167 1267 herausſuchen,
1200 1233 1265 1262 was
1298 1230 1342 1263 die
1368 1225 1474 1265 Natur
1507 1237 1541 1269 zu
1570 1230 1665 1271 leiſten

737 1289 877 1322 vermag,
898 1291 938 1317 um
955 1281 1024 1329 den
1038 1286 1196 1326 Menſchen
1216 1294 1250 1326 zu
1273 1289 1336 1319 dem
1347 1287 1579 1328 vorzubereiten,
1599 1289 1666 1321 was

723 1340 768 1377 er
786 1335 863 1370 ſelbſt
887 1336 958 1371 thun
979 1337 1069 1370 muß,
1097 1342 1146 1365 um
1169 1331 1319 1373 Endzweck
1341 1343 1374 1373 zu
1396 1338 1463 1373 ſein.
1513 1338 1661 1375 Zweitens

734 1392 844 1430 muͤſſen
865 1393 920 1424 wir
940 1397 971 1425 es
992 1400 1051 1423 von
1072 1393 1146 1425 allen
1159 1394 1324 1434 denienigen
1338 1395 1470 1434 Zwecken
1490 1395 1715 1435 abſondern,

735 1457 821 1485 deren
840 1453 1027 1492 Moͤglichkeit
1054 1454 1109 1492 auf
1126 1454 1343 1493 Bedingungen
1370 1454 1491 1494 beruht,
1521 1456 1565 1488 die
1591 1452 1700 1490 man

719 1492 822 1535 allein
841 1510 900 1534 von
922 1506 970 1536 der
991 1504 1095 1536 Natur
1117 1500 1258 1536 erwarten
1275 1506 1353 1544 darf.
1394 1506 1471 1540 Nun
1493 1507 1597 1547 beruht
1617 1508 1661 1540 dle

734 1570 966 1613 Gluͤckſeligkeit,
993 1572 1040 1604 als
1061 1572 1206 1613 Zuſtand,
1241 1573 1365 1615 lediglich
1391 1575 1445 1615 auf
1471 1575 1578 1617 ſolchen
1598 1578 1667 1611 Be⸗

733 1625 916 1664 dingungen;
950 1628 1028 1659 denn
1059 1627 1094 1667 ſie
1116 1626 1149 1668 iſt
1172 1629 1216 1661 die
1236 1628 1370 1665 Materie
1388 1630 1459 1662 aller
1467 1630 1587 1670 Zwecke
1607 1630 1659 1664 des

731 1683 891 1724 Menſchen
918 1683 972 1724 auf
997 1686 1094 1723 Erden
1126 1686 1200 1725 (der
1225 1685 1383 1726 Jnbegriff
1408 1688 1478 1722 aller
1504 1689 1586 1728 durch
1615 1687 1660 1722 die

731 1734 837 1769 Natur
857 1734 888 1766 in
909 1739 968 1767 und
990 1725 1080 1774 außer
1101 1738 1163 1768 dem
1183 1726 1343 1777 Menſchen
1364 1737 1519 1778 moͤglichen
1531 1737 1689 1779 Zwecke)

731 1802 762 1827 er
780 1793 814 1833 iſt
834 1783 902 1831 alſo
917 1794 946 1827 in
969 1794 1127 1834 Anſehung
1148 1794 1295 1834 derſelben
1312 1802 1371 1828 von
1392 1796 1571 1836 empiriſchen
1592 1798 1657 1832 Na⸗

731 1856 981 1897 turbedingungen
996 1857 1159 1898 abhaͤngig,
1182 1860 1276 1898 (denn
1297 1867 1328 1894 es
1348 1860 1456 1894 koͤmmt
1477 1864 1530 1901 auf
1542 1864 1657 1898 Natur⸗

729 1915 912 1955 verhaͤltniſſe
936 1924 993 1954 an,
1015 1915 1049 1947 ob
1070 1919 1128 1949 und
1152 1918 1183 1950 in
1202 1919 1258 1951 wie
1275 1919 1343 1951 weit
1362 1925 1392 1950 er
1413 1919 1473 1960 hier
1494 1921 1546 1960 auf
1557 1921 1654 1955 Erden

728 1967 875 2001 gluͤckſelig
901 1969 1015 1994 werden
1040 1967 1129 1996 koͤnne
1157 1959 1223 1995 oder
1244 1969 1361 2003 nicht);
1382 1963 1493 2004 folglich
1523 1970 1598 1998 kann
1625 1970 1655 1995 er

730 2028 766 2062 ſie
781 2027 855 2063 nicht
877 2024 924 2056 als
938 2025 1019 2057 einen
1033 2027 1115 2066 durch
1134 2025 1190 2064 ſein
1203 2027 1380 2067 Selbſtthun
1395 2029 1548 2067 moͤglichen
1561 2022 1655 2069 Zweck

729 2089 898 2128 betrachten.
939 2089 982 2125 Er
1010 2092 1105 2124 kann
1132 2093 1176 2124 die
1205 2092 1421 2133 Gluͤckſeligkeit
1451 2093 1525 2133 nicht
1550 2093 1579 2130 ſo
1604 2099 1653 2126 an⸗

729 2147 829 2186 ſehen;
851 2150 926 2180 denn
946 2154 979 2180 es
1001 2147 1034 2187 iſt
1054 2148 1113 2186 ihm
1135 2149 1307 2188 unmoͤglich,
1327 2150 1371 2182 die
1390 2150 1483 2190 Jdee,
1504 2151 1604 2189 welche
1623 2155 1654 2181 er

727 2199 778 2239 ſich
797 2207 856 2232 von
885 2200 930 2240 ihr
956 2202 998 2234 im
1027 2200 1223 2241 Allgemeinen
1248 2193 1398 2241 entwirft,
1428 2211 1462 2243 zu
1490 2204 1652 2243 realiſiren;

726 2258 785 2289 und
806 2257 928 2289 wolte
949 2264 977 2289 er
1003 2256 1038 2295 ſie
1058 2256 1087 2295 ſo
1110 2256 1254 2297 anſehen,
1272 2257 1368 2293 wollte
1388 2267 1418 2292 er
1441 2259 1476 2299 ſie
1495 2263 1534 2299 zu
1550 2259 1653 2298 ſeinem
