<?xml version='1.0' encoding='utf-8'?>
<PcGts xmlns="http://schema.primaresearch.org/PAGE/gts/pagecontent/2019-07-15" xmlns:xsi="http://www.w3.org/2001/XMLSchema-instance" pcGtsId="PAGE_01" xsi:schemaLocation="http://schema.primaresearch.org/PAGE/gts/pagecontent/2019-07-15 http://schema.primaresearch.org/PAGE/gts/pagecontent/2019-07-15/pagecontent.xsd">
  <Metadata>
    <Creator>OCR-D DFG Phase III</Creator>
    <Created>2024-01-19T13:09:14Z</Created>
    <LastChange>2024-01-19T13:09:14Z</LastChange>
    <Comments>ODEM: OCR-D extension for mass digitization (2021-2024)</Comments>
  </Metadata>
  <Page imageFilename="urn+nbn+de+gbv+3+1-685018-p0474-4_ger.jpg" imageWidth="1668" imageHeight="2553" type="content" primaryLanguage="German">
    <Border>
      <Coords points="353,319 363,2424 1596,2414 1598,324"/>
    </Border>
    <ReadingOrder>
      <OrderedGroup id="ro_1652334652787" caption="Regions reading order">
        <RegionRefIndexed index="0" regionRef="TextRegion_1650618096148_5936"/>
        <RegionRefIndexed index="1" regionRef="TextRegion_1650618099934_5943"/>
        <RegionRefIndexed index="2" regionRef="TextRegion_1650618182384_6002"/>
        <RegionRefIndexed index="3" regionRef="TextRegion_1650618182384_6001"/>
        <RegionRefIndexed index="4" regionRef="TextRegion_1650618187180_6008"/>
        <RegionRefIndexed index="5" regionRef="TextRegion_1650618187180_6007"/>
        <RegionRefIndexed index="6" regionRef="TextRegion_1650618194495_6016"/>
        <RegionRefIndexed index="7" regionRef="TextRegion_1650618194495_6015"/>
        <RegionRefIndexed index="8" regionRef="TextRegion_1650618112223_5962"/>
        <RegionRefIndexed index="9" regionRef="region0009"/>
      </OrderedGroup>
    </ReadingOrder>
    <TextRegion orientation="0.5205981" readingDirection="left-to-right" id="TextRegion_1650618096148_5936" custom="readingOrder {index:0;}">
      <Coords points="615,480 1566,471 1568,740 617,740"/>
      <TextLine id="region0006_line0001" custom="readingOrder {index:0;}">
        <Coords points="615,539 637,539 644,533 653,533 659,538 664,538 674,537 681,532 705,535 755,529 865,526 883,530 890,537 903,538 914,536 921,530 947,527 989,527 1019,524 1071,529 1217,526 1227,530 1257,532 1310,530 1315,527 1332,526 1343,531 1378,529 1386,532 1447,530 1450,533 1471,527 1496,530 1523,528 1528,531 1565,530 1565,482 1522,481 1506,475 1496,475 1486,482 1468,482 1461,473 1449,473 1439,482 1416,482 1411,477 1402,478 1396,483 1345,483 1287,483 1283,475 1271,474 1261,484 1167,486 1164,475 1143,475 1139,475 1132,486 1103,486 1075,486 1071,476 1047,476 1041,485 970,485 966,477 948,477 944,486 934,486 929,477 912,477 909,485 889,483 877,477 808,478 781,486 775,486 770,478 752,478 749,486 745,486 738,479 710,480 705,485 681,479 615,480"/>
        <Word id="region0006_line0001_word0000" custom="readingOrder {index:0;}">
          <Coords points="697,534 698,534 698,490 621,491 621,535 642,535 644,533 653,533 655,535 678,534 681,532"/>
          <TextEquiv conf="0.9368036">
            <Unicode>Die</Unicode>
          </TextEquiv>
        </Word>
        <Word id="region0006_line0001_word0001" custom="readingOrder {index:1;}">
          <Coords points="714,491 804,490 804,526 714,527"/>
          <TextEquiv conf="0.92955077">
            <Unicode>Erica</Unicode>
          </TextEquiv>
        </Word>
        <Word id="region0006_line0001_word0002" custom="readingOrder {index:2;}">
          <Coords points="1026,524 1026,486 830,488 830,526 865,526 883,530 890,537 894,537 907,537 914,536 921,530 947,527 989,527 1019,524"/>
          <TextEquiv conf="0.90853524">
            <Unicode>Virginiana</Unicode>
          </TextEquiv>
        </Word>
        <Word id="region0006_line0001_word0003" custom="readingOrder {index:3;}">
          <Coords points="1074,484 1047,485 1047,523 1225,521 1225,484 1167,486 1166,483 1133,484 1132,486 1103,486 1075,486"/>
          <TextEquiv conf="0.90569216">
            <Unicode>fruteſcens</Unicode>
          </TextEquiv>
        </Word>
        <Word id="region0006_line0001_word0004" custom="readingOrder {index:4;}">
          <Coords points="1324,483 1261,484 1261,484 1246,484 1246,525 1324,524"/>
          <TextEquiv conf="0.9649314">
            <Unicode>aber</Unicode>
          </TextEquiv>
        </Word>
        <Word id="region0006_line0001_word0005" custom="readingOrder {index:5;}">
          <Coords points="1468,482 1397,483 1396,483 1348,483 1348,531 1378,529 1385,532 1401,531 1447,530 1448,531 1457,531 1471,527 1496,530 1523,528 1527,530 1559,530 1559,482 1533,481 1486,482 1486,482 1468,482"/>
          <TextEquiv conf="0.96230364">
            <Unicode>unterhalten</Unicode>
          </TextEquiv>
        </Word>
        <TextEquiv conf="0.9346361">
          <Unicode>Die Erica Virginiana fruteſcens aber unterhalten</Unicode>
        </TextEquiv>
      </TextLine>
      <TextLine id="region0006_line0002" custom="readingOrder {index:1;}">
        <Coords points="1019,525 1002,526 994,533 981,532 976,528 947,528 936,533 903,539 878,537 876,531 865,527 851,530 844,539 831,539 826,530 811,530 805,540 782,540 771,530 755,530 708,539 696,539 689,533 681,533 672,539 659,539 653,534 644,534 637,540 615,540 615,584 616,588 683,587 706,592 715,584 721,583 733,586 801,584 865,578 885,580 891,584 912,581 957,586 991,583 998,589 1005,589 1014,584 1031,584 1042,590 1053,585 1117,583 1124,580 1160,580 1168,584 1180,580 1198,579 1202,587 1226,579 1233,580 1237,588 1245,590 1255,589 1269,582 1305,583 1308,588 1325,581 1379,583 1387,580 1398,580 1412,584 1444,585 1468,585 1476,581 1492,581 1499,586 1566,582 1565,537 1530,534 1523,529 1496,531 1471,528 1456,534 1447,531 1409,535 1374,530 1368,534 1344,534 1338,529 1326,527 1315,528 1305,535 1254,536 1249,531 1236,531 1229,535 1223,528 1208,527 1200,533 1175,534 1172,530 1160,530 1156,534 1066,536 1060,528"/>
        <Word id="region0006_line0002_word0000" custom="readingOrder {index:0;}">
          <Coords points="729,585 728,539 637,540 637,540 623,540 624,588 683,587 694,589 709,589 715,584 721,583"/>
          <TextEquiv conf="0.9328945">
            <Unicode>einige</Unicode>
          </TextEquiv>
        </Word>
        <Word id="region0006_line0002_word0001" custom="readingOrder {index:1;}">
          <Coords points="781,539 741,540 742,579 872,577 871,538 844,538 844,539 831,539 831,539 806,539 805,540 782,540"/>
          <TextEquiv>
            <Unicode>Curioſi</Unicode>
          </TextEquiv>
        </Word>
        <Word id="region0006_line0002_word0002" custom="readingOrder {index:2;}">
          <Coords points="890,550 922,550 923,580 891,580"/>
          <TextEquiv conf="0.96453166">
            <Unicode>in</Unicode>
          </TextEquiv>
        </Word>
        <Word id="region0006_line0002_word0003" custom="readingOrder {index:3;}">
          <Coords points="1064,534 939,536 939,584 957,586 991,583 996,587 1008,587 1014,584 1031,584 1036,586 1049,586 1053,585 1098,583 1098,535 1066,536"/>
          <TextEquiv>
            <Unicode>Gefaͤßen</Unicode>
          </TextEquiv>
        </Word>
        <Word id="region0006_line0002_word0004" custom="readingOrder {index:4;}">
          <Coords points="1114,540 1185,540 1186,578 1115,578"/>
          <TextEquiv conf="0.9301744">
            <Unicode>und</Unicode>
          </TextEquiv>
        </Word>
        <Word id="region0006_line0002_word0005" custom="readingOrder {index:5;}">
          <Coords points="1228,534 1203,534 1204,585 1208,585 1226,579 1233,580 1235,585 1263,585 1269,582 1295,582 1295,535 1254,536 1252,534 1230,534 1229,535"/>
          <TextEquiv conf="0.9321053">
            <Unicode>ſetzen</Unicode>
          </TextEquiv>
        </Word>
        <Word id="region0006_line0002_word0006" custom="readingOrder {index:6;}">
          <Coords points="1341,532 1310,532 1311,584 1317,584 1325,581 1352,582 1352,534 1344,534"/>
          <TextEquiv conf="0.9637531">
            <Unicode>ſie</Unicode>
          </TextEquiv>
        </Word>
        <Word id="region0006_line0002_word0007" custom="readingOrder {index:7;}">
          <Coords points="1375,537 1435,536 1436,576 1376,577"/>
          <TextEquiv conf="0.92638814">
            <Unicode>des</Unicode>
          </TextEquiv>
        </Word>
        <Word id="region0006_line0002_word0008" custom="readingOrder {index:8;}">
          <Coords points="1456,534 1452,534 1453,578 1562,577 1561,537 1530,534 1529,533 1456,534 1456,534"/>
          <TextEquiv conf="0.9277003">
            <Unicode>Win⸗</Unicode>
          </TextEquiv>
        </Word>
        <TextEquiv>
          <Unicode>einige Curioſi in Gefaͤßen und ſetzen ſie des Win⸗</Unicode>
        </TextEquiv>
      </TextLine>
      <TextLine id="region0006_line0003" custom="readingOrder {index:2;}">
        <Coords points="851,580 841,583 807,584 787,590 734,591 733,587 727,584 715,585 706,593 683,588 616,590 616,593 616,640 747,639 749,645 760,646 768,644 773,638 839,635 852,640 910,638 915,643 925,644 929,639 943,634 956,637 1090,634 1170,637 1182,643 1193,636 1226,636 1233,632 1245,632 1250,635 1319,633 1331,630 1451,633 1566,631 1566,590 1500,591 1492,582 1476,582 1467,586 1465,590 1414,590 1408,590 1406,584 1398,581 1377,584 1374,590 1332,590 1330,584 1325,582 1313,588 1300,590 1296,584 1269,583 1262,589 1245,591 1237,589 1233,581 1226,580 1206,588 1202,588 1198,580 1180,581 1172,587 1166,587 1160,581 1149,581 1143,586 1132,581 1124,581 1117,586 1042,591 1012,587 1005,590 992,587 927,589 926,585 919,582 912,582 901,588 892,587 885,581"/>
        <Word id="region0006_line0003_word0000" custom="readingOrder {index:0;}">
          <Coords points="627,596 696,595 696,633 627,634"/>
          <TextEquiv conf="0.93021125">
            <Unicode>ters</Unicode>
          </TextEquiv>
        </Word>
        <Word id="region0006_line0003_word0001" custom="readingOrder {index:1;}">
          <Coords points="734,591 715,591 715,639 747,639 748,642 770,641 773,638 786,637 786,590 734,591"/>
          <TextEquiv conf="0.90359527">
            <Unicode>bey.</Unicode>
          </TextEquiv>
        </Word>
        <Word id="region0006_line0003_word0002" custom="readingOrder {index:2;}">
          <Coords points="927,588 839,589 839,635 852,640 856,640 910,638 911,639 929,639 929,639 943,634 956,637 959,637 959,588 927,589"/>
          <TextEquiv conf="0.90359527">
            <Unicode>Einige</Unicode>
          </TextEquiv>
        </Word>
        <Word id="region0006_line0003_word0003" custom="readingOrder {index:3;}">
          <Coords points="972,597 1104,596 1104,628 972,629"/>
          <TextEquiv conf="0.9288073">
            <Unicode>nennen</Unicode>
          </TextEquiv>
        </Word>
        <Word id="region0006_line0003_word0004" custom="readingOrder {index:4;}">
          <Coords points="1202,587 1125,588 1125,635 1170,637 1171,638 1191,638 1193,636 1226,636 1233,632 1245,632 1250,635 1257,635 1257,590 1245,591 1237,589 1236,587 1208,587 1206,588 1202,588"/>
          <TextEquiv conf="0.92490387">
            <Unicode>dieſelbe</Unicode>
          </TextEquiv>
        </Word>
        <Word id="region0006_line0003_word0005" custom="readingOrder {index:5;}">
          <Coords points="1300,590 1271,590 1271,624 1364,623 1364,590 1332,590 1332,589 1302,590 1300,590"/>
          <TextEquiv conf="0.91933423">
            <Unicode>Erica</Unicode>
          </TextEquiv>
        </Word>
        <Word id="region0006_line0003_word0006" custom="readingOrder {index:6;}">
          <Coords points="1406,584 1380,585 1380,624 1560,622 1560,590 1500,591 1493,583 1471,583 1467,586 1465,590 1414,590 1408,590"/>
          <TextEquiv conf="0.92404574">
            <Unicode>fruteſcens</Unicode>
          </TextEquiv>
        </Word>
        <TextEquiv conf="0.9192133">
          <Unicode>ters bey. Einige nennen dieſelbe Erica fruteſcens</Unicode>
        </TextEquiv>
      </TextLine>
      <TextLine id="region0006_line0004" custom="readingOrder {index:3;}">
        <Coords points="823,636 816,638 812,644 760,647 616,647 616,679 617,690 632,695 646,687 670,687 700,690 710,697 727,698 737,690 785,685 875,684 882,687 977,686 1034,691 1228,690 1235,697 1246,697 1252,690 1320,689 1327,697 1337,697 1343,690 1450,691 1466,692 1472,697 1484,697 1490,692 1567,688 1566,638 1547,638 1541,631 1530,631 1524,636 1515,634 1487,637 1480,632 1472,632 1455,638 1433,639 1402,638 1399,634 1359,639 1354,633 1331,631 1325,633 1321,640 1284,641 1251,640 1245,633 1233,633 1222,640 1190,640 1181,644 1173,641 1094,638 1090,635 1059,640 960,644 958,638 943,635 929,640 925,645 858,645 846,644 839,636"/>
        <Word id="region0006_line0004_word0000" custom="readingOrder {index:0;}">
          <Coords points="802,685 801,657 627,659 628,694 632,695 632,695 646,687 670,687 700,690 706,694 732,694 737,690 785,685"/>
          <TextEquiv conf="0.92020905">
            <Unicode>peregrina</Unicode>
          </TextEquiv>
        </Word>
        <Word id="region0006_line0004_word0001" custom="readingOrder {index:1;}">
          <Coords points="852,644 817,645 818,682 900,681 899,645 858,645"/>
          <TextEquiv conf="0.9277387">
            <Unicode>flore</Unicode>
          </TextEquiv>
        </Word>
        <Word id="region0006_line0004_word0002" custom="readingOrder {index:2;}">
          <Coords points="960,643 926,644 925,645 913,645 914,682 1006,681 1005,643 977,643 960,644"/>
          <TextEquiv conf="0.92933583">
            <Unicode>albo,</Unicode>
          </TextEquiv>
        </Word>
        <Word id="region0006_line0004_word0003" custom="readingOrder {index:3;}">
          <Coords points="1030,645 1102,644 1103,684 1031,685"/>
          <TextEquiv conf="0.96854">
            <Unicode>und</Unicode>
          </TextEquiv>
        </Word>
        <Word id="region0006_line0004_word0004" custom="readingOrder {index:4;}">
          <Coords points="1140,639 1118,640 1118,690 1202,690 1311,689 1310,640 1284,641 1251,640 1249,638 1223,638 1222,640 1190,640 1181,644 1173,641"/>
          <TextEquiv conf="0.9642539">
            <Unicode>vermehren</Unicode>
          </TextEquiv>
        </Word>
        <Word id="region0006_line0004_word0005" custom="readingOrder {index:5;}">
          <Coords points="1358,638 1326,638 1327,690 1343,690 1368,690 1367,638 1359,639"/>
          <TextEquiv conf="0.96243864">
            <Unicode>ſie</Unicode>
          </TextEquiv>
        </Word>
        <Word id="region0006_line0004_word0006" custom="readingOrder {index:6;}">
          <Coords points="1389,640 1490,639 1491,689 1390,690"/>
          <TextEquiv conf="0.9685037">
            <Unicode>durch</Unicode>
          </TextEquiv>
        </Word>
        <Word id="region0006_line0004_word0007" custom="readingOrder {index:7;}">
          <Coords points="1505,639 1557,638 1558,681 1506,682"/>
          <TextEquiv conf="0.9663527">
            <Unicode>die</Unicode>
          </TextEquiv>
        </Word>
        <TextEquiv conf="0.9509216">
          <Unicode>peregrina flore albo, und vermehren ſie durch die</Unicode>
        </TextEquiv>
      </TextLine>
      <TextLine id="region0006_line0005" custom="readingOrder {index:4;}">
        <Coords points="785,686 773,687 757,695 751,695 746,691 737,691 727,699 710,698 698,691 670,688 646,688 632,696 617,691 617,707 617,748 660,748 683,743 732,742 740,751 750,751 755,742 765,741 771,745 807,742 858,745 859,748 869,750 882,744 930,742 945,739 950,734 950,701 944,695 882,692 880,687 875,685 850,689 845,693 801,694 799,688"/>
        <Word id="word_1650618096186_5939" custom="readingOrder {index:0;}">
          <Coords points="626,702 894,699 894,740 626,740"/>
          <TextEquiv conf="0.90527606">
            <Unicode>Wurtzelbruth.</Unicode>
          </TextEquiv>
        </Word>
        <TextEquiv conf="0.90527606">
          <Unicode>Wurtzelbruth.</Unicode>
        </TextEquiv>
      </TextLine>
      <TextEquiv>
        <Unicode>Die Erica Virginiana fruteſcens aber unterhalten
einige Curioſi in Gefaͤßen und ſetzen ſie des Win⸗
ters bey. Einige nennen dieſelbe Erica fruteſcens
peregrina flore albo, und vermehren ſie durch die
Wurtzelbruth.</Unicode>
      </TextEquiv>
    </TextRegion>
    <TextRegion orientation="0.5205981" readingDirection="left-to-right" id="TextRegion_1650618099934_5943" custom="readingOrder {index:1;}">
      <Coords points="617,740 1568,740 1570,958 619,958"/>
      <TextLine id="region0006_line0006" custom="readingOrder {index:0;}">
        <Coords points="1237,732 1228,740 1222,737 1194,736 1160,745 1121,744 1115,738 1105,738 1098,744 1075,745 1067,736 1057,736 1050,746 1042,746 1027,744 1021,735 1006,735 996,739 991,735 982,735 970,745 964,746 878,748 869,751 860,749 826,750 821,743 807,743 801,749 772,749 765,742 757,742 750,752 740,752 732,743 683,744 663,747 659,755 642,755 638,759 638,793 642,795 655,796 659,800 683,796 689,801 744,801 750,805 757,804 766,799 798,798 803,795 816,796 826,803 837,803 846,798 876,795 883,795 891,802 901,797 947,794 985,793 1014,800 1027,792 1056,796 1081,793 1094,795 1203,797 1231,793 1281,796 1325,790 1356,793 1373,791 1380,795 1438,797 1448,797 1462,791 1475,791 1479,794 1568,794 1567,744 1488,745 1483,744 1475,734 1449,731 1396,733 1387,738 1381,734 1371,734 1363,743 1355,737 1345,737 1338,743 1291,745 1285,739 1275,739 1268,745 1256,745 1251,734"/>
        <Word id="region0006_line0006_word0000" custom="readingOrder {index:0;}">
          <Coords points="738,749 677,750 678,797 683,796 689,801 764,800 766,799 798,798 803,795 816,796 821,800 843,800 846,798 876,795 883,795 888,799 897,799 901,797 900,748 877,748 869,751 860,749 826,750 825,749 801,749 801,749 788,749 752,749 750,752 740,752"/>
          <TextEquiv conf="0.9130364">
            <Unicode>Diejenigen,</Unicode>
          </TextEquiv>
        </Word>
        <Word id="region0006_line0006_word0001" custom="readingOrder {index:1;}">
          <Coords points="1043,794 1043,747 925,748 925,795 947,794 985,793 1003,797 1018,797 1027,792"/>
          <TextEquiv conf="0.9299978">
            <Unicode>welche</Unicode>
          </TextEquiv>
        </Word>
        <Word id="region0006_line0006_word0002" custom="readingOrder {index:2;}">
          <Coords points="1056,748 1090,747 1091,790 1057,791"/>
          <TextEquiv conf="0.930408">
            <Unicode>in</Unicode>
          </TextEquiv>
        </Word>
        <Word id="region0006_line0006_word0003" custom="readingOrder {index:3;}">
          <Coords points="1106,750 1169,750 1170,791 1107,791"/>
          <TextEquiv conf="0.9311663">
            <Unicode>den</Unicode>
          </TextEquiv>
        </Word>
        <Word id="region0006_line0006_word0004" custom="readingOrder {index:4;}">
          <Coords points="1255,743 1186,744 1187,792 1325,790 1325,790 1325,790 1326,790 1325,744 1291,745 1289,743 1271,743 1268,745 1256,745"/>
          <TextEquiv conf="0.90945184">
            <Unicode>Gaͤrten</Unicode>
          </TextEquiv>
        </Word>
        <Word id="region0006_line0006_word0005" custom="readingOrder {index:5;}">
          <Coords points="1346,745 1397,745 1398,789 1347,789"/>
          <TextEquiv conf="0.932146">
            <Unicode>die</Unicode>
          </TextEquiv>
        </Word>
        <Word id="region0006_line0006_word0006" custom="readingOrder {index:6;}">
          <Coords points="1481,742 1416,743 1417,791 1558,790 1557,744 1488,745 1483,744"/>
          <TextEquiv conf="0.91948426">
            <Unicode>Bienen</Unicode>
          </TextEquiv>
        </Word>
        <TextEquiv conf="0.9236701">
          <Unicode>Diejenigen, welche in den Gaͤrten die Bienen</Unicode>
        </TextEquiv>
      </TextLine>
      <TextLine id="region0006_line0007" custom="readingOrder {index:1;}">
        <Coords points="633,794 627,798 618,798 618,820 618,852 687,850 731,853 737,858 743,858 750,851 767,849 777,857 787,857 794,852 801,857 810,857 817,852 870,849 873,854 888,856 897,853 899,849 977,848 997,844 1008,849 1016,847 1030,855 1042,847 1067,850 1085,845 1122,848 1137,846 1143,850 1244,847 1334,852 1383,846 1457,845 1472,852 1477,851 1479,847 1493,848 1504,844 1523,847 1568,847 1568,800 1480,799 1475,792 1458,793 1449,799 1391,800 1381,799 1373,792 1356,794 1338,791 1285,796 1277,799 1246,798 1240,794 1231,794 1225,798 1150,801 1102,799 1081,794 1072,794 1065,799 1049,798 1041,793 1027,793 1014,801 991,799 985,794 972,794 967,799 947,795 940,799 891,803 883,796 876,796 869,801 826,804 816,797 803,796 796,801 771,801 750,806 690,804 683,797 660,802 655,797"/>
        <Word id="region0006_line0007_word0000" custom="readingOrder {index:0;}">
          <Coords points="702,804 628,805 628,852 687,850 731,853 731,853 748,853 750,851 751,851 751,806 750,806"/>
          <TextEquiv conf="0.91677743">
            <Unicode>lieben,</Unicode>
          </TextEquiv>
        </Word>
        <Word id="region0006_line0007_word0001" custom="readingOrder {index:1;}">
          <Coords points="826,804 777,804 777,854 791,854 794,852 797,854 815,854 817,852 870,849 873,853 896,853 897,853 899,849 932,849 932,803 831,804 826,804"/>
          <TextEquiv conf="0.9221826">
            <Unicode>pflantzen</Unicode>
          </TextEquiv>
        </Word>
        <Word id="region0006_line0007_word0002" custom="readingOrder {index:2;}">
          <Coords points="949,803 1000,802 1000,843 949,844"/>
          <TextEquiv conf="0.92381895">
            <Unicode>die</Unicode>
          </TextEquiv>
        </Word>
        <Word id="region0006_line0007_word0003" custom="readingOrder {index:3;}">
          <Coords points="1014,801 1012,801 1012,848 1016,847 1026,853 1033,853 1042,847 1067,850 1085,845 1122,848 1137,846 1143,850 1145,850 1145,801 1129,800 1014,801 1014,801"/>
          <TextEquiv conf="0.92435396">
            <Unicode>Heiden</Unicode>
          </TextEquiv>
        </Word>
        <Word id="region0006_line0007_word0004" custom="readingOrder {index:4;}">
          <Coords points="1160,812 1220,811 1220,842 1160,843"/>
          <TextEquiv conf="0.9324157">
            <Unicode>um</Unicode>
          </TextEquiv>
        </Word>
        <Word id="region0006_line0007_word0005" custom="readingOrder {index:5;}">
          <Coords points="1233,803 1299,803 1299,843 1233,843"/>
          <TextEquiv conf="0.9251344">
            <Unicode>das</Unicode>
          </TextEquiv>
        </Word>
        <Word id="region0006_line0007_word0006" custom="readingOrder {index:6;}">
          <Coords points="1378,796 1315,797 1315,849 1362,849 1383,846 1457,845 1463,848 1479,847 1484,847 1495,847 1504,844 1523,847 1560,845 1560,798 1480,799 1477,795 1454,796 1449,799 1391,800 1381,799"/>
          <TextEquiv>
            <Unicode>Bienenhauß,</Unicode>
          </TextEquiv>
        </Word>
        <TextEquiv>
          <Unicode>lieben, pflantzen die Heiden um das Bienenhauß,</Unicode>
        </TextEquiv>
      </TextLine>
      <TextLine id="region0006_line0008" custom="readingOrder {index:2;}">
        <Coords points="989,845 974,851 932,849 926,852 898,853 888,857 838,854 810,858 777,858 772,857 767,850 750,852 743,859 693,856 687,851 678,851 670,856 618,857 618,884 619,905 656,901 664,904 705,906 712,911 722,907 737,909 740,906 759,905 778,900 810,904 888,903 894,907 904,906 917,899 934,902 967,899 985,906 995,902 1021,902 1097,907 1177,903 1423,901 1488,903 1494,912 1505,912 1512,904 1569,903 1568,848 1523,848 1504,845 1490,852 1472,853 1457,846 1448,851 1395,851 1383,847 1372,851 1355,849 1342,853 1300,854 1232,848 1228,851 1213,852 1147,854 1137,847 1122,849 1085,846 1055,854 1050,849 1042,848 1030,856 1016,848 1008,850 1004,846"/>
        <Word id="region0006_line0008_word0000" custom="readingOrder {index:0;}">
          <Coords points="628,862 699,861 700,899 629,900"/>
          <TextEquiv conf="0.9285953">
            <Unicode>und</Unicode>
          </TextEquiv>
        </Word>
        <Word id="region0006_line0008_word0001" custom="readingOrder {index:1;}">
          <Coords points="739,859 713,859 714,909 717,909 722,907 735,909 737,909 740,906 759,905 778,900 810,904 814,904 813,858 743,859 743,859"/>
          <TextEquiv conf="0.92744565">
            <Unicode>geben</Unicode>
          </TextEquiv>
        </Word>
        <Word id="region0006_line0008_word0002" custom="readingOrder {index:2;}">
          <Coords points="908,903 908,866 829,867 829,903 888,903 891,905 905,905"/>
          <TextEquiv conf="0.93048286">
            <Unicode>vor,</Unicode>
          </TextEquiv>
        </Word>
        <Word id="region0006_line0008_word0003" custom="readingOrder {index:3;}">
          <Coords points="1000,902 1000,856 934,857 934,901 967,899 983,905 986,905 995,902"/>
          <TextEquiv conf="0.918989">
            <Unicode>daß</Unicode>
          </TextEquiv>
        </Word>
        <Word id="region0006_line0008_word0004" custom="readingOrder {index:4;}">
          <Coords points="1013,859 1063,859 1064,901 1014,901"/>
          <TextEquiv conf="0.93004835">
            <Unicode>die</Unicode>
          </TextEquiv>
        </Word>
        <Word id="region0006_line0008_word0005" custom="readingOrder {index:5;}">
          <Coords points="1078,856 1218,854 1219,902 1079,904"/>
          <TextEquiv conf="0.93010795">
            <Unicode>Bienen</Unicode>
          </TextEquiv>
        </Word>
        <Word id="region0006_line0008_word0006" custom="readingOrder {index:6;}">
          <Coords points="1236,857 1365,856 1366,897 1237,898"/>
          <TextEquiv conf="0.9291493">
            <Unicode>daraus</Unicode>
          </TextEquiv>
        </Word>
        <Word id="region0006_line0008_word0007" custom="readingOrder {index:7;}">
          <Coords points="1379,855 1442,854 1443,896 1380,897"/>
          <TextEquiv conf="0.9171693">
            <Unicode>den</Unicode>
          </TextEquiv>
        </Word>
        <Word id="region0006_line0008_word0008" custom="readingOrder {index:8;}">
          <Coords points="1472,853 1456,853 1456,902 1488,903 1490,906 1510,906 1512,904 1564,899 1564,849"/>
          <TextEquiv>
            <Unicode>beſten</Unicode>
          </TextEquiv>
        </Word>
        <TextEquiv>
          <Unicode>und geben vor, daß die Bienen daraus den beſten</Unicode>
        </TextEquiv>
      </TextLine>
      <TextLine id="region0006_line0009" custom="readingOrder {index:3;}">
        <Coords points="646,902 638,906 619,906 619,934 619,967 655,967 706,960 721,961 731,967 744,967 752,961 773,964 785,959 818,957 828,948 834,952 829,963 836,964 868,954 905,957 921,956 926,952 1056,953 1070,951 1075,946 1075,913 1070,908 1057,906 985,907 967,900 939,903 917,900 900,908 813,909 793,908 788,902 778,901 762,908 722,908 712,912 707,909"/>
        <Word id="word_1650618099972_5946" custom="readingOrder {index:0;}">
          <Coords points="630,914 750,913 750,958 630,958"/>
          <TextEquiv conf="0.92560714">
            <Unicode>Honig</Unicode>
          </TextEquiv>
        </Word>
        <Word id="region0006_line0009_word0001" custom="readingOrder {index:1;}">
          <Coords points="890,955 890,912 767,913 767,963 773,964 785,959 818,957 828,948 834,952 829,963 836,964 868,954"/>
          <TextEquiv conf="0.92570776">
            <Unicode>ſaugen</Unicode>
          </TextEquiv>
        </Word>
        <Word id="region0006_line0009_word0002" custom="readingOrder {index:2;}">
          <Coords points="1020,952 1020,912 911,913 911,956 921,956 926,952"/>
          <TextEquiv conf="0.9073909">
            <Unicode>ſollen.</Unicode>
          </TextEquiv>
        </Word>
        <TextEquiv conf="0.9195686">
          <Unicode>Honig ſaugen ſollen.</Unicode>
        </TextEquiv>
      </TextLine>
      <TextEquiv>
        <Unicode>Diejenigen, welche in den Gaͤrten die Bienen
lieben, pflantzen die Heiden um das Bienenhauß,
und geben vor, daß die Bienen daraus den beſten
Honig ſaugen ſollen.</Unicode>
      </TextEquiv>
    </TextRegion>
    <TextRegion orientation="0.5205981" type="heading" readingDirection="left-to-right" id="TextRegion_1650618182384_6002" custom="readingOrder {index:2;} structure {type:heading;}">
      <Coords points="619,958 1570,958 1570,1003 619,1003"/>
      <TextLine id="region0006_line0010" custom="readingOrder {index:0;}">
        <Coords points="828,949 819,957 820,962 748,965 741,971 742,999 747,1002 800,1003 820,1012 826,1012 831,1008 875,1011 938,1006 941,1012 953,1014 975,1001 989,1009 998,1010 1011,1002 1034,1000 1134,999 1140,1006 1153,1007 1158,1007 1162,1001 1261,998 1268,1008 1275,1009 1287,1005 1290,1000 1364,997 1398,1000 1408,997 1467,995 1472,990 1472,961 1467,956 1317,958 1313,949 1298,949 1290,959 1213,959 1206,948 1186,949 1178,957 1170,949 1154,951 1150,948 1138,948 1131,957 1120,958 1112,958 1104,950 1092,951 1085,959 1032,960 1031,955 1026,952 1013,952 1008,954 1006,960 955,961 949,960 942,953 926,953 913,958 868,955 861,962 836,965 828,963 833,952"/>
        <Word id="region0006_line0010_word0000" custom="readingOrder {index:0;}">
          <Coords points="797,1002 882,1002 881,955 868,955 861,962 836,965 828,963 833,952 828,949 819,957 820,962 791,963 791,1002"/>
          <TextEquiv conf="0.9327733">
            <Unicode>171)</Unicode>
          </TextEquiv>
        </Word>
        <Word id="region0006_line0010_word0001" custom="readingOrder {index:1;}">
          <Coords points="942,953 923,953 913,958 907,957 908,1006 967,1005 975,1001 982,1005 1005,1005 1011,1002 1034,1000 1073,999 1073,959 1032,960 1031,955 1028,953 1009,953 1008,954 1006,960 955,961 949,960"/>
          <TextEquiv conf="0.92926484">
            <Unicode>Eryngium</Unicode>
          </TextEquiv>
        </Word>
        <Word id="region0006_line0010_word0002" custom="readingOrder {index:2;}">
          <Coords points="1108,954 1089,954 1089,954 1090,999 1134,999 1135,1001 1180,1000 1256,998 1255,959 1213,959 1209,953 1182,953 1178,957 1174,953 1134,954 1131,957 1120,958 1112,958"/>
          <TextEquiv conf="0.9122851">
            <Unicode>latifolium</Unicode>
          </TextEquiv>
        </Word>
        <Word id="region0006_line0010_word0003" custom="readingOrder {index:3;}">
          <Coords points="1315,954 1293,954 1290,959 1272,959 1273,1001 1289,1000 1290,1000 1364,997 1398,1000 1405,997 1405,956 1317,958"/>
          <TextEquiv conf="0.92116416">
            <Unicode>planum.</Unicode>
          </TextEquiv>
        </Word>
        <TextEquiv conf="0.9238718">
          <Unicode>171) Eryngium latifolium planum.</Unicode>
        </TextEquiv>
      </TextLine>
      <TextEquiv>
        <Unicode>171) Eryngium latifolium planum.</Unicode>
      </TextEquiv>
    </TextRegion>
    <TextRegion orientation="0.5205981" readingDirection="left-to-right" id="TextRegion_1650618182384_6001" custom="readingOrder {index:3;}">
      <Coords points="619,1003 1570,1003 1571,1109 620,1109"/>
      <TextLine id="region0006_line0011" custom="readingOrder {index:0;}">
        <Coords points="639,1002 620,1003 620,1046 626,1047 626,1057 632,1063 647,1060 653,1063 673,1064 710,1059 734,1061 744,1057 758,1060 776,1060 782,1057 805,1057 810,1060 908,1059 941,1052 979,1057 1023,1056 1032,1063 1055,1058 1242,1057 1248,1064 1258,1064 1266,1057 1301,1057 1307,1063 1318,1063 1326,1056 1362,1055 1454,1058 1459,1063 1472,1063 1479,1058 1570,1056 1570,1007 1418,1007 1411,998 1397,1001 1394,1008 1370,1007 1368,999 1349,998 1341,1006 1324,1006 1322,1000 1303,999 1296,1007 1289,1004 1275,1010 1268,1009 1262,999 1242,1000 1235,1007 1233,1000 1216,998 1209,1001 1207,1008 1140,1007 1135,1000 1116,1001 1109,1007 1057,1010 1054,1002 1034,1001 1026,1009 1019,1009 1017,1003 1011,1003 998,1011 989,1010 975,1002 968,1010 946,1015 939,1011 906,1009 866,1012 831,1009 826,1013 820,1013 804,1005 783,1002 742,1006 738,1003 719,1002"/>
        <Word id="region0006_line0011_word0000" custom="readingOrder {index:0;}">
          <Coords points="753,1059 754,1059 754,1015 677,1016 677,1060 705,1060 710,1059 716,1059 738,1059 744,1057"/>
          <TextEquiv conf="0.9321069">
            <Unicode>Die</Unicode>
          </TextEquiv>
        </Word>
        <Word id="region0006_line0011_word0001" custom="readingOrder {index:1;}">
          <Coords points="817,1011 769,1012 769,1056 877,1055 877,1011 866,1012 856,1011 827,1011 826,1013 820,1013"/>
          <TextEquiv conf="0.92631716">
            <Unicode>Arten</Unicode>
          </TextEquiv>
        </Word>
        <Word id="region0006_line0011_word0002" custom="readingOrder {index:2;}">
          <Coords points="948,1053 964,1053 964,1020 896,1020 896,1053 936,1053 941,1052"/>
          <TextEquiv conf="0.92637604">
            <Unicode>von</Unicode>
          </TextEquiv>
        </Word>
        <Word id="region0006_line0011_word0003" custom="readingOrder {index:3;}">
          <Coords points="989,1010 977,1010 977,1057 979,1057 1023,1056 1029,1061 1044,1060 1055,1058 1095,1058 1095,1009 1071,1009 1057,1010 1057,1009 1000,1010 998,1011 989,1010"/>
          <TextEquiv conf="0.9251274">
            <Unicode>dieſem</Unicode>
          </TextEquiv>
        </Word>
        <Word id="region0006_line0011_word0004" custom="readingOrder {index:4;}">
          <Coords points="1140,1007 1113,1007 1113,1058 1242,1057 1243,1058 1265,1058 1266,1057 1289,1057 1289,1006 1284,1006 1275,1010 1268,1009 1266,1006 1236,1006 1235,1007 1235,1006 1207,1006 1207,1008 1140,1007"/>
          <TextEquiv conf="0.92667234">
            <Unicode>Gewaͤchs</Unicode>
          </TextEquiv>
        </Word>
        <Word id="region0006_line0011_word0005" custom="readingOrder {index:5;}">
          <Coords points="1324,1006 1304,1006 1304,1056 1326,1056 1362,1055 1387,1055 1387,1007 1370,1007 1369,1006 1341,1006"/>
          <TextEquiv conf="0.9296688">
            <Unicode>habe</Unicode>
          </TextEquiv>
        </Word>
        <Word id="region0006_line0011_word0006" custom="readingOrder {index:6;}">
          <Coords points="1418,1007 1399,1007 1399,1050 1448,1049 1448,1007 1418,1007"/>
          <TextEquiv conf="0.9292743">
            <Unicode>im</Unicode>
          </TextEquiv>
        </Word>
        <Word id="region0006_line0011_word0007" custom="readingOrder {index:7;}">
          <Coords points="1461,1014 1564,1013 1564,1053 1461,1054"/>
          <TextEquiv>
            <Unicode>zwey⸗</Unicode>
          </TextEquiv>
        </Word>
        <TextEquiv>
          <Unicode>Die Arten von dieſem Gewaͤchs habe im zwey⸗</Unicode>
        </TextEquiv>
      </TextLine>
      <TextLine id="region0006_line0012" custom="readingOrder {index:1;}">
        <Coords points="940,1053 928,1057 921,1056 914,1062 903,1063 811,1064 805,1058 782,1058 772,1062 758,1061 751,1058 734,1062 710,1060 673,1065 653,1064 647,1061 620,1063 620,1076 621,1114 736,1117 741,1121 753,1120 759,1115 790,1112 856,1113 870,1113 879,1120 892,1120 902,1113 910,1113 917,1121 927,1119 938,1112 955,1112 957,1115 966,1116 982,1110 1044,1109 1080,1104 1089,1099 1089,1067 1083,1061 1047,1060 1040,1064 1032,1064 1023,1057 1013,1060 975,1060 966,1055 956,1057"/>
        <Word id="word_1650618102767_5953" custom="readingOrder {index:0;}">
          <Coords points="633,1073 688,1072 688,1109 633,1109"/>
          <TextEquiv conf="0.9243434">
            <Unicode>ten</Unicode>
          </TextEquiv>
        </Word>
        <Word id="word_1650618102768_5955" custom="readingOrder {index:1;}">
          <Coords points="701,1068 820,1067 820,1109 701,1109"/>
          <TextEquiv conf="0.90910226">
            <Unicode>Theile</Unicode>
          </TextEquiv>
        </Word>
        <Word id="word_1650618102768_5957" custom="readingOrder {index:2;}">
          <Coords points="830,1065 1031,1063 1032,1064 1037,1064 1038,1109 830,1109"/>
          <TextEquiv conf="0.9177083">
            <Unicode>angefuͤhret.</Unicode>
          </TextEquiv>
        </Word>
        <TextEquiv conf="0.9170513">
          <Unicode>ten Theile angefuͤhret.</Unicode>
        </TextEquiv>
      </TextLine>
      <TextEquiv>
        <Unicode>Die Arten von dieſem Gewaͤchs habe im zwey⸗
ten Theile angefuͤhret.</Unicode>
      </TextEquiv>
    </TextRegion>
    <TextRegion orientation="0.5205981" type="heading" readingDirection="left-to-right" id="TextRegion_1650618187180_6008" custom="readingOrder {index:4;} structure {type:heading;}">
      <Coords points="620,1109 1571,1109 1571,1156 620,1156"/>
      <TextLine id="region0006_line0013" custom="readingOrder {index:0;}">
        <Coords points="1086,1102 1028,1113 941,1116 918,1121 914,1125 914,1155 919,1160 939,1157 949,1161 998,1161 1029,1155 1048,1157 1058,1163 1103,1155 1252,1155 1280,1152 1285,1147 1285,1119 1280,1114 1204,1114 1196,1105 1185,1106 1177,1115 1154,1115 1142,1114 1140,1107 1135,1102"/>
        <Word id="region0006_line0013_word0000" custom="readingOrder {index:0;}">
          <Coords points="1053,1160 1072,1160 1072,1114 999,1114 975,1114 975,1160 1003,1160 1029,1155 1048,1157"/>
          <TextEquiv conf="0.93243974">
            <Unicode>172)</Unicode>
          </TextEquiv>
        </Word>
        <Word id="region0006_line0013_word0001" custom="readingOrder {index:1;}">
          <Coords points="1141,1112 1098,1113 1098,1151 1223,1150 1223,1114 1204,1114 1202,1112 1179,1112 1177,1115 1154,1115 1142,1114"/>
          <TextEquiv conf="0.73629946">
            <Unicode>Ferula.</Unicode>
          </TextEquiv>
        </Word>
        <TextEquiv conf="0.8343696">
          <Unicode>172) Ferula.</Unicode>
        </TextEquiv>
      </TextLine>
      <TextEquiv>
        <Unicode>172) Ferula.</Unicode>
      </TextEquiv>
    </TextRegion>
    <TextRegion orientation="0.5205981" readingDirection="left-to-right" id="TextRegion_1650618187180_6007" custom="readingOrder {index:5;}">
      <Coords points="620,1156 1571,1156 1573,1266 1089,1314 629,1314 622,1275"/>
      <TextLine id="region0006_line0014" custom="readingOrder {index:0;}">
        <Coords points="657,1155 621,1157 621,1161 621,1200 625,1201 625,1210 630,1215 689,1214 695,1217 733,1214 748,1217 790,1215 801,1212 815,1212 828,1216 923,1214 948,1221 958,1220 967,1215 1039,1214 1048,1217 1056,1212 1065,1212 1093,1213 1095,1217 1107,1220 1118,1213 1217,1212 1230,1211 1238,1207 1252,1207 1258,1215 1293,1211 1299,1216 1310,1215 1317,1209 1322,1209 1404,1210 1418,1210 1424,1215 1437,1206 1447,1208 1453,1215 1459,1215 1472,1210 1508,1205 1571,1204 1571,1160 1477,1159 1466,1150 1449,1152 1433,1149 1421,1158 1415,1159 1375,1159 1371,1153 1359,1150 1351,1150 1343,1157 1339,1157 1323,1154 1316,1149 1304,1149 1297,1154 1253,1155 1244,1160 1219,1162 1188,1162 1185,1157 1178,1155 1156,1157 1152,1162 1118,1163 1116,1158 1103,1156 1056,1164 1048,1158 1024,1156 1004,1162 965,1166 950,1166 948,1161 935,1158 927,1161 924,1166 912,1165 906,1155 893,1156 887,1165 840,1166 791,1163 784,1158 766,1160 756,1155"/>
        <Word id="region0006_line0014_word0000" custom="readingOrder {index:0;}">
          <Coords points="795,1213 795,1169 683,1170 683,1214 689,1214 692,1215 710,1215 733,1214 740,1215 788,1215 790,1215"/>
          <TextEquiv conf="0.8213775">
            <Unicode>Wird</Unicode>
          </TextEquiv>
        </Word>
        <Word id="region0006_line0014_word0001" custom="readingOrder {index:1;}">
          <Coords points="802,1177 870,1176 870,1211 802,1212"/>
          <TextEquiv conf="0.65810275">
            <Unicode>von</Unicode>
          </TextEquiv>
        </Word>
        <Word id="region0006_line0014_word0002" custom="readingOrder {index:2;}">
          <Coords points="1005,1214 1005,1166 877,1167 877,1214 923,1214 935,1217 962,1217 967,1215"/>
          <TextEquiv conf="0.65810275">
            <Unicode>einigen</Unicode>
          </TextEquiv>
        </Word>
        <Word id="region0006_line0014_word0003" custom="readingOrder {index:3;}">
          <Coords points="1271,1213 1271,1163 1014,1165 1014,1214 1039,1214 1048,1217 1056,1212 1065,1212 1093,1213 1095,1217 1096,1217 1111,1217 1118,1213 1217,1212 1230,1211 1238,1207 1252,1207 1258,1215"/>
          <TextEquiv conf="0.91286117">
            <Unicode>Ruthenkraut,</Unicode>
          </TextEquiv>
        </Word>
        <Word id="region0006_line0014_word0004" custom="readingOrder {index:4;}">
          <Coords points="1502,1159 1288,1162 1288,1211 1293,1211 1297,1214 1310,1214 1317,1209 1322,1209 1404,1210 1418,1210 1421,1213 1426,1213 1437,1206 1447,1208 1451,1212 1464,1212 1472,1210 1508,1205 1568,1201 1568,1156"/>
          <TextEquiv>
            <Unicode>Heidenſchmuck</Unicode>
          </TextEquiv>
        </Word>
        <TextEquiv>
          <Unicode>Wird von einigen Ruthenkraut, Heidenſchmuck</Unicode>
        </TextEquiv>
      </TextLine>
      <TextLine id="region0006_line0015" custom="readingOrder {index:1;}">
        <Coords points="1238,1208 1227,1215 1115,1217 1107,1221 1091,1216 1071,1217 1065,1213 1056,1213 1048,1218 964,1218 951,1222 920,1218 834,1222 822,1221 815,1213 801,1213 795,1220 752,1220 739,1215 714,1218 682,1215 621,1219 621,1262 622,1268 801,1264 827,1266 831,1272 862,1272 865,1267 897,1271 973,1267 1052,1267 1072,1270 1120,1266 1236,1265 1239,1268 1255,1268 1263,1264 1350,1263 1369,1264 1371,1267 1392,1267 1395,1264 1459,1266 1572,1263 1571,1205 1508,1206 1473,1211 1459,1216 1451,1215 1442,1207 1437,1207 1424,1216 1332,1213 1322,1210 1317,1210 1310,1216 1299,1217 1293,1212 1258,1216 1252,1208"/>
        <Word id="region0006_line0015_word0000" custom="readingOrder {index:0;}">
          <Coords points="633,1229 706,1228 706,1266 633,1267"/>
          <TextEquiv conf="0.93220896">
            <Unicode>und</Unicode>
          </TextEquiv>
        </Word>
        <Word id="region0006_line0015_word0001" custom="readingOrder {index:1;}">
          <Coords points="881,1269 881,1222 721,1224 721,1265 801,1264 827,1266 830,1271 862,1271 865,1267"/>
          <TextEquiv conf="0.90762687">
            <Unicode>Ferulago</Unicode>
          </TextEquiv>
        </Word>
        <Word id="region0006_line0015_word0002" custom="readingOrder {index:2;}">
          <Coords points="1060,1268 1093,1268 1093,1223 902,1225 902,1270 919,1269 973,1267 1052,1267"/>
          <TextEquiv conf="0.92664057">
            <Unicode>genennet,</Unicode>
          </TextEquiv>
        </Word>
        <Word id="region0006_line0015_word0003" custom="readingOrder {index:3;}">
          <Coords points="1130,1229 1214,1228 1214,1263 1130,1264"/>
          <TextEquiv conf="0.966272">
            <Unicode>man</Unicode>
          </TextEquiv>
        </Word>
        <Word id="region0006_line0015_word0004" custom="readingOrder {index:4;}">
          <Coords points="1258,1216 1236,1216 1237,1266 1259,1266 1263,1264 1296,1263 1296,1216"/>
          <TextEquiv conf="0.9319954">
            <Unicode>hat</Unicode>
          </TextEquiv>
        </Word>
        <Word id="region0006_line0015_word0005" custom="readingOrder {index:5;}">
          <Coords points="1480,1265 1480,1216 1314,1217 1314,1263 1350,1263 1369,1264 1371,1267 1392,1267 1395,1264 1459,1266"/>
          <TextEquiv conf="0.9189571">
            <Unicode>dreyerley</Unicode>
          </TextEquiv>
        </Word>
        <Word id="region0006_line0015_word0006" custom="readingOrder {index:6;}">
          <Coords points="1500,1217 1566,1212 1567,1258 1501,1263"/>
          <TextEquiv>
            <Unicode>Ar⸗</Unicode>
          </TextEquiv>
        </Word>
        <TextEquiv>
          <Unicode>und Ferulago genennet, man hat dreyerley Ar⸗</Unicode>
        </TextEquiv>
      </TextLine>
      <TextLine id="region0007_line0001" custom="readingOrder {index:2;}">
        <Coords points="757,1265 752,1270 732,1272 661,1271 650,1267 629,1270 629,1320 712,1318 757,1320 770,1316 785,1319 811,1318 828,1313 842,1313 846,1306 855,1300 855,1270 850,1265"/>
        <Word id="word_1650618132883_5977" custom="readingOrder {index:0;}">
          <Coords points="635,1281 711,1280 711,1314 635,1314"/>
          <TextEquiv conf="0.9643931">
            <Unicode>ten,</Unicode>
          </TextEquiv>
        </Word>
        <Word id="word_1650618132883_5979" custom="readingOrder {index:1;}">
          <Coords points="735,1276 809,1275 809,1314 735,1314"/>
          <TextEquiv conf="0.96344256">
            <Unicode>als:</Unicode>
          </TextEquiv>
        </Word>
        <TextEquiv conf="0.9639178">
          <Unicode>ten, als:</Unicode>
        </TextEquiv>
      </TextLine>
      <TextEquiv>
        <Unicode>Wird von einigen Ruthenkraut, Heidenſchmuck
und Ferulago genennet, man hat dreyerley Ar⸗
ten, als:</Unicode>
      </TextEquiv>
    </TextRegion>
    <TextRegion orientation="0.5205981" readingDirection="left-to-right" id="TextRegion_1650618194495_6016" custom="readingOrder {index:6;}">
      <Coords points="629,1314 1089,1314 1578,1357 1583,1997 631,1997 626,1366"/>
      <TextLine id="region0007_line0002" custom="readingOrder {index:0;}">
        <Coords points="999,1309 955,1311 948,1315 946,1323 921,1323 914,1311 898,1313 894,1323 845,1325 841,1314 820,1316 815,1318 811,1325 787,1325 786,1321 779,1317 766,1318 762,1320 761,1325 721,1325 712,1319 637,1322 630,1332 630,1362 630,1363 1089,1360 1088,1323 1081,1324 1075,1312 1050,1311 1040,1322 1034,1322 1032,1314 1028,1311"/>
        <Word id="region0007_line0002_word0000" custom="readingOrder {index:0;}">
          <Coords points="716,1321 687,1322 688,1358 801,1357 800,1325 787,1325 786,1321 761,1321 761,1325 721,1325"/>
          <TextEquiv conf="0.9221507">
            <Unicode>Ferula</Unicode>
          </TextEquiv>
        </Word>
        <Word id="region0007_line0002_word0001" custom="readingOrder {index:1;}">
          <Coords points="842,1318 818,1319 819,1358 958,1357 957,1318 947,1318 946,1323 921,1323 918,1318 895,1318 894,1323 845,1325"/>
          <TextEquiv>
            <Unicode>fœmina</Unicode>
          </TextEquiv>
        </Word>
        <Word id="region0007_line0002_word0002" custom="readingOrder {index:2;}">
          <Coords points="1032,1317 972,1319 973,1357 1086,1355 1085,1323 1081,1324 1077,1317 1043,1317 1040,1322 1034,1322"/>
          <TextEquiv>
            <Unicode>Plinii.</Unicode>
          </TextEquiv>
        </Word>
        <TextEquiv>
          <Unicode>Ferula fœmina Plinii.</Unicode>
        </TextEquiv>
      </TextLine>
      <TextLine id="region0008_line0001" custom="readingOrder {index:1;}">
        <Coords points="851,1364 843,1370 835,1366 822,1369 763,1370 753,1376 751,1384 627,1385 627,1418 748,1418 753,1423 951,1419 982,1423 989,1430 1009,1430 1017,1423 1054,1418 1472,1415 1479,1423 1490,1423 1500,1415 1578,1412 1578,1366 1354,1371 1348,1360 1335,1359 1330,1359 1318,1371 1260,1372 1255,1360 1230,1360 1224,1371 1153,1373 1148,1361 1109,1361 1104,1373 1062,1374 1053,1362 1049,1362 1028,1362 1025,1365 1024,1373 937,1377 897,1376 895,1369 887,1364 879,1364 874,1369 867,1363 853,1363"/>
        <Word id="region0008_line0001_word0000" custom="readingOrder {index:0;}">
          <Coords points="687,1392 704,1392 704,1402 687,1402"/>
          <TextEquiv conf="0.8698891">
            <Unicode>-</Unicode>
          </TextEquiv>
        </Word>
        <Word id="region0008_line0001_word0001" custom="readingOrder {index:1;}">
          <Coords points="751,1395 766,1394 766,1401 751,1402"/>
          <TextEquiv>
            <Unicode>-</Unicode>
          </TextEquiv>
        </Word>
        <Word id="region0008_line0001_word0002" custom="readingOrder {index:2;}">
          <Coords points="841,1369 822,1369 822,1369 816,1369 816,1408 973,1407 973,1375 937,1377 897,1376 895,1369 894,1369 874,1369 874,1369 874,1369 845,1369 843,1370"/>
          <TextEquiv conf="0.908344">
            <Unicode>Africana</Unicode>
          </TextEquiv>
        </Word>
        <Word id="region0008_line0001_word0003" custom="readingOrder {index:3;}">
          <Coords points="1055,1365 1024,1365 1024,1373 990,1374 990,1418 1197,1416 1197,1371 1153,1373 1149,1364 1107,1364 1104,1373 1062,1374"/>
          <TextEquiv conf="0.8972274">
            <Unicode>galbanifera</Unicode>
          </TextEquiv>
        </Word>
        <Word id="region0008_line0001_word0004" custom="readingOrder {index:4;}">
          <Coords points="1256,1364 1230,1365 1230,1407 1415,1405 1415,1369 1354,1371 1350,1363 1325,1363 1318,1371 1260,1372"/>
          <TextEquiv conf="0.9178545">
            <Unicode>fruteſcens</Unicode>
          </TextEquiv>
        </Word>
        <Word id="region0008_line0001_word0005" custom="readingOrder {index:5;}">
          <Coords points="1445,1376 1570,1368 1570,1404 1445,1412"/>
          <TextEquiv>
            <Unicode>myrri-</Unicode>
          </TextEquiv>
        </Word>
        <TextEquiv>
          <Unicode>- - Africana galbanifera fruteſcens myrri-</Unicode>
        </TextEquiv>
      </TextLine>
      <TextLine id="region0008_line0002" custom="readingOrder {index:2;}">
        <Coords points="898,1419 894,1421 892,1428 833,1431 830,1435 831,1464 856,1469 940,1471 967,1468 999,1468 1004,1463 1004,1439 998,1433 933,1429 928,1420"/>
        <Word id="region0008_line0002_word0000" custom="readingOrder {index:0;}">
          <Coords points="949,1430 890,1430 890,1466 950,1466 950,1430"/>
          <TextEquiv conf="0.7211702">
            <Unicode>dis.</Unicode>
          </TextEquiv>
        </Word>
        <TextEquiv conf="0.7211702">
          <Unicode>dis.</Unicode>
        </TextEquiv>
      </TextLine>
      <TextLine id="region0008_line0003" custom="readingOrder {index:3;}">
        <Coords points="787,1466 761,1467 757,1470 757,1489 676,1495 677,1507 752,1516 765,1515 771,1521 786,1522 876,1519 883,1522 994,1521 1009,1518 1017,1522 1077,1523 1083,1520 1185,1520 1205,1516 1269,1519 1294,1514 1325,1512 1330,1507 1330,1479 1325,1474 1209,1476 1204,1467 1186,1466 1179,1477 1079,1475 1071,1471 1049,1476 987,1478 981,1469 967,1469 961,1473 960,1479 940,1480 936,1471 920,1470 916,1472 915,1480 894,1480 891,1473 886,1470 834,1466"/>
        <Word id="word_1650617813203_5779" custom="readingOrder {index:0;}">
          <Coords points="686,1496 712,1496 712,1509 686,1509"/>
          <TextEquiv>
            <Unicode>-</Unicode>
          </TextEquiv>
        </Word>
        <Word id="region0008_line0003_word0000" custom="readingOrder {index:1;}">
          <Coords points="756,1496 771,1496 771,1505 756,1505"/>
          <TextEquiv>
            <Unicode>-</Unicode>
          </TextEquiv>
        </Word>
        <Word id="region0008_line0003_word0001" custom="readingOrder {index:2;}">
          <Coords points="888,1471 825,1472 826,1511 909,1510 908,1480 894,1480 891,1473"/>
          <TextEquiv conf="0.8416552">
            <Unicode>folio</Unicode>
          </TextEquiv>
        </Word>
        <Word id="region0008_line0003_word0002" custom="readingOrder {index:3;}">
          <Coords points="936,1471 923,1472 924,1509 1040,1508 1039,1476 987,1478 982,1471 963,1471 961,1473 960,1479 940,1480"/>
          <TextEquiv conf="0.9253346">
            <Unicode>latiore</Unicode>
          </TextEquiv>
        </Word>
        <Word id="region0008_line0003_word0003" custom="readingOrder {index:4;}">
          <Coords points="1079,1475 1066,1475 1067,1509 1084,1509 1083,1475"/>
          <TextEquiv conf="0.90601516">
            <Unicode>&amp;</Unicode>
          </TextEquiv>
        </Word>
        <Word id="region0008_line0003_word0004" custom="readingOrder {index:5;}">
          <Coords points="1205,1469 1183,1469 1179,1477 1106,1475 1107,1506 1270,1505 1269,1474 1209,1476"/>
          <TextEquiv conf="0.860536">
            <Unicode>tenuiore.</Unicode>
          </TextEquiv>
        </Word>
        <TextEquiv>
          <Unicode>- folio latiore &amp; tenuiore. -</Unicode>
        </TextEquiv>
      </TextLine>
      <TextLine id="region0008_line0004" custom="readingOrder {index:4;}">
        <Coords points="1353,1512 1339,1520 1320,1522 1306,1522 1302,1516 1294,1515 1273,1520 1205,1517 1160,1525 1147,1525 1143,1521 1131,1521 1127,1525 1121,1519 1099,1522 1083,1521 1075,1524 1073,1528 1018,1524 1009,1519 982,1521 977,1524 971,1521 948,1522 940,1527 919,1529 886,1527 884,1523 876,1520 842,1521 815,1525 790,1522 781,1527 722,1530 703,1521 691,1523 686,1531 666,1531 655,1530 649,1523 639,1523 628,1531 628,1581 640,1582 652,1577 665,1578 669,1581 736,1581 740,1578 792,1579 818,1575 834,1584 844,1585 852,1577 862,1577 865,1581 871,1581 885,1576 901,1578 923,1575 933,1580 943,1577 966,1578 979,1573 1003,1573 1038,1578 1076,1578 1090,1574 1105,1581 1115,1582 1138,1573 1162,1572 1180,1577 1208,1578 1230,1578 1239,1574 1280,1575 1289,1581 1301,1572 1317,1573 1334,1569 1341,1573 1384,1574 1392,1569 1404,1569 1411,1574 1442,1574 1453,1578 1490,1567 1579,1565 1579,1522 1451,1522 1445,1517 1437,1517 1431,1522 1406,1523 1376,1520 1370,1513"/>
        <Word id="region0008_line0004_word0000" custom="readingOrder {index:0;}">
          <Coords points="634,1533 718,1532 718,1575 634,1576"/>
          <TextEquiv conf="0.92505515">
            <Unicode>breit</Unicode>
          </TextEquiv>
        </Word>
        <Word id="region0008_line0004_word0001" custom="readingOrder {index:1;}">
          <Coords points="740,1533 812,1532 812,1573 740,1574"/>
          <TextEquiv conf="0.9223444">
            <Unicode>und</Unicode>
          </TextEquiv>
        </Word>
        <Word id="region0008_line0004_word0002" custom="readingOrder {index:2;}">
          <Coords points="908,1528 836,1529 836,1583 846,1582 852,1577 862,1577 865,1581 871,1581 885,1576 901,1578 923,1575 933,1580 943,1577 966,1578 979,1573 1003,1573 1038,1578 1076,1578 1090,1574 1104,1580 1118,1580 1138,1573 1162,1572 1180,1577 1180,1526 1073,1526 1073,1528 1059,1527 927,1528 919,1529"/>
          <TextEquiv conf="0.91374147">
            <Unicode>ſchmalblaͤtterichtes</Unicode>
          </TextEquiv>
        </Word>
        <Word id="region0008_line0004_word0003" custom="readingOrder {index:3;}">
          <Coords points="1464,1574 1464,1524 1201,1526 1201,1577 1208,1578 1230,1578 1239,1574 1280,1575 1286,1579 1291,1579 1301,1572 1317,1573 1334,1569 1341,1573 1384,1574 1392,1569 1404,1569 1411,1574 1442,1574 1453,1578"/>
          <TextEquiv conf="0.91885245">
            <Unicode>Ruthenkraut,</Unicode>
          </TextEquiv>
        </Word>
        <Word id="region0008_line0004_word0004" custom="readingOrder {index:4;}">
          <Coords points="1501,1566 1570,1558 1570,1525 1493,1534 1493,1566"/>
          <TextEquiv>
            <Unicode>wel⸗</Unicode>
          </TextEquiv>
        </Word>
        <TextEquiv>
          <Unicode>breit und ſchmalblaͤtterichtes Ruthenkraut, wel⸗</Unicode>
        </TextEquiv>
      </TextLine>
      <TextLine id="region0008_line0005" custom="readingOrder {index:5;}">
        <Coords points="1579,1566 1490,1568 1453,1579 1412,1578 1404,1570 1392,1570 1383,1576 1371,1573 1341,1576 1339,1572 1329,1570 1315,1574 1311,1578 1308,1573 1301,1573 1289,1582 1280,1578 1251,1578 1246,1575 1230,1579 1181,1579 1176,1575 1162,1573 1138,1574 1131,1579 1115,1583 1105,1582 1090,1575 1059,1581 1003,1574 979,1574 955,1581 946,1578 932,1581 923,1576 912,1576 901,1579 885,1577 879,1581 865,1582 862,1578 852,1578 844,1586 826,1583 818,1576 800,1578 795,1583 767,1584 758,1584 754,1578 740,1579 734,1585 719,1586 706,1581 697,1581 691,1585 670,1585 665,1579 652,1578 643,1581 638,1586 628,1586 629,1636 768,1632 785,1629 802,1632 809,1638 817,1638 826,1633 855,1633 873,1638 881,1638 890,1633 907,1633 918,1638 938,1632 990,1633 999,1629 1010,1629 1016,1633 1023,1628 1057,1631 1078,1630 1087,1625 1109,1629 1142,1628 1143,1632 1154,1632 1162,1625 1172,1628 1213,1624 1219,1627 1242,1628 1301,1628 1313,1624 1330,1627 1409,1622 1424,1625 1442,1621 1457,1626 1494,1627 1507,1627 1524,1622 1536,1625 1580,1624"/>
        <Word id="region0008_line0005_word0000" custom="readingOrder {index:0;}">
          <Coords points="709,1633 709,1587 634,1588 634,1635"/>
          <TextEquiv conf="0.92833716">
            <Unicode>ches</Unicode>
          </TextEquiv>
        </Word>
        <Word id="region0008_line0005_word0001" custom="readingOrder {index:1;}">
          <Coords points="724,1587 792,1586 793,1627 724,1628"/>
          <TextEquiv conf="0.92629343">
            <Unicode>eine</Unicode>
          </TextEquiv>
        </Word>
        <Word id="region0008_line0005_word0002" custom="readingOrder {index:2;}">
          <Coords points="836,1584 804,1585 804,1634 807,1636 818,1636 826,1633 855,1633 867,1636 883,1636 890,1633 907,1633 914,1636 923,1636 938,1632 963,1632 963,1584 845,1584 844,1586"/>
          <TextEquiv conf="0.91614807">
            <Unicode>holtzichte</Unicode>
          </TextEquiv>
        </Word>
        <Word id="region0008_line0005_word0003" custom="readingOrder {index:3;}">
          <Coords points="1106,1582 970,1584 971,1631 995,1630 999,1629 1010,1629 1012,1630 1019,1630 1023,1628 1045,1630 1078,1629 1087,1625 1109,1629 1122,1628 1122,1582 1118,1582 1115,1583"/>
          <TextEquiv conf="0.92189">
            <Unicode>Staude</Unicode>
          </TextEquiv>
        </Word>
        <Word id="region0008_line0005_word0004" custom="readingOrder {index:4;}">
          <Coords points="1174,1627 1174,1582 1136,1582 1136,1628 1142,1628 1143,1632 1154,1632 1162,1625 1172,1628"/>
          <TextEquiv conf="0.9247">
            <Unicode>iſt</Unicode>
          </TextEquiv>
        </Word>
        <Word id="region0008_line0005_word0005" custom="readingOrder {index:5;}">
          <Coords points="1216,1625 1259,1625 1259,1586 1187,1587 1187,1626 1193,1625 1213,1624"/>
          <TextEquiv conf="0.9270885">
            <Unicode>und</Unicode>
          </TextEquiv>
        </Word>
        <Word id="region0008_line0005_word0006" custom="readingOrder {index:6;}">
          <Coords points="1288,1582 1270,1582 1271,1625 1312,1624 1313,1624 1315,1624 1350,1624 1349,1581 1289,1582 1289,1582"/>
          <TextEquiv conf="0.92271924">
            <Unicode>viele</Unicode>
          </TextEquiv>
        </Word>
        <Word id="region0008_line0005_word0007" custom="readingOrder {index:7;}">
          <Coords points="1429,1578 1363,1579 1363,1624 1409,1622 1421,1624 1426,1624 1442,1621 1451,1624 1477,1624 1476,1578 1455,1578 1453,1579"/>
          <TextEquiv conf="0.9191925">
            <Unicode>duͤnne</Unicode>
          </TextEquiv>
        </Word>
        <Word id="region0008_line0005_word0008" custom="readingOrder {index:8;}">
          <Coords points="1565,1614 1565,1570 1488,1573 1488,1618 1525,1615"/>
          <TextEquiv>
            <Unicode>Ru⸗</Unicode>
          </TextEquiv>
        </Word>
        <TextEquiv>
          <Unicode>ches eine holtzichte Staude iſt und viele duͤnne Ru⸗</Unicode>
        </TextEquiv>
      </TextLine>
      <TextLine id="region0008_line0006" custom="readingOrder {index:6;}">
        <Coords points="1409,1623 1356,1630 1324,1629 1318,1625 1289,1631 1265,1631 1260,1627 1251,1627 1244,1631 1239,1627 1227,1627 1221,1631 1213,1625 1198,1625 1189,1633 1174,1633 1173,1629 1165,1626 1154,1633 1102,1633 1096,1626 1087,1626 1074,1634 1039,1633 1032,1629 1023,1629 1016,1634 1010,1630 999,1630 989,1635 953,1636 938,1633 918,1639 910,1636 873,1639 863,1637 828,1636 809,1639 800,1633 785,1630 774,1630 766,1636 732,1638 641,1636 629,1637 629,1681 637,1687 656,1683 671,1687 776,1686 782,1683 817,1680 881,1680 887,1684 900,1685 960,1685 981,1683 989,1679 1018,1682 1033,1678 1049,1682 1185,1682 1193,1688 1204,1686 1209,1681 1242,1686 1250,1681 1286,1681 1291,1678 1309,1680 1322,1676 1383,1684 1414,1683 1425,1677 1431,1685 1440,1685 1449,1680 1466,1683 1477,1674 1487,1673 1496,1680 1510,1679 1523,1672 1580,1673 1580,1625 1536,1626 1524,1623 1510,1629 1484,1630 1463,1629 1442,1622 1430,1626"/>
        <Word id="region0008_line0006_word0000" custom="readingOrder {index:0;}">
          <Coords points="665,1685 714,1685 714,1640 636,1641 636,1686 642,1685 656,1683"/>
          <TextEquiv conf="0.9212238">
            <Unicode>then</Unicode>
          </TextEquiv>
        </Word>
        <Word id="region0008_line0006_word0001" custom="readingOrder {index:1;}">
          <Coords points="735,1639 798,1638 798,1681 735,1682"/>
          <TextEquiv conf="0.9317545">
            <Unicode>mit</Unicode>
          </TextEquiv>
        </Word>
        <Word id="region0008_line0006_word0002" custom="readingOrder {index:2;}">
          <Coords points="806,1648 874,1647 874,1679 806,1680"/>
          <TextEquiv conf="0.9285883">
            <Unicode>von</Unicode>
          </TextEquiv>
        </Word>
        <Word id="region0008_line0006_word0003" custom="readingOrder {index:3;}">
          <Coords points="988,1679 988,1644 885,1645 885,1681 986,1680"/>
          <TextEquiv conf="0.92112786">
            <Unicode>unten</Unicode>
          </TextEquiv>
        </Word>
        <Word id="region0008_line0006_word0004" custom="readingOrder {index:4;}">
          <Coords points="1037,1679 1053,1679 1053,1637 998,1637 998,1679 1029,1679 1033,1678"/>
          <TextEquiv conf="0.92112786">
            <Unicode>bis</Unicode>
          </TextEquiv>
        </Word>
        <Word id="region0008_line0006_word0005" custom="readingOrder {index:5;}">
          <Coords points="1061,1636 1144,1635 1144,1678 1061,1679"/>
          <TextEquiv conf="0.92816526">
            <Unicode>oben</Unicode>
          </TextEquiv>
        </Word>
        <Word id="region0008_line0006_word0006" custom="readingOrder {index:6;}">
          <Coords points="1298,1678 1298,1635 1153,1636 1153,1682 1185,1682 1191,1686 1200,1686 1204,1686 1209,1681 1242,1686 1250,1681 1286,1681 1291,1678"/>
          <TextEquiv conf="0.92230433">
            <Unicode>beſetzten</Unicode>
          </TextEquiv>
        </Word>
        <Word id="region0008_line0006_word0007" custom="readingOrder {index:7;}">
          <Coords points="1309,1636 1384,1636 1384,1675 1309,1675"/>
          <TextEquiv conf="0.9195931">
            <Unicode>dem</Unicode>
          </TextEquiv>
        </Word>
        <Word id="region0008_line0006_word0008" custom="readingOrder {index:8;}">
          <Coords points="1486,1673 1486,1632 1393,1633 1393,1683 1414,1683 1425,1677 1430,1684 1440,1684 1449,1680 1466,1683 1477,1674"/>
          <TextEquiv>
            <Unicode>Jſop</Unicode>
          </TextEquiv>
        </Word>
        <Word id="region0008_line0006_word0009" custom="readingOrder {index:9;}">
          <Coords points="1571,1672 1571,1630 1493,1631 1493,1677 1496,1680 1510,1679 1523,1672"/>
          <TextEquiv>
            <Unicode>glei⸗</Unicode>
          </TextEquiv>
        </Word>
        <TextEquiv>
          <Unicode>then mit von unten bis oben beſetzten dem Jſop glei⸗</Unicode>
        </TextEquiv>
      </TextLine>
      <TextLine id="region0008_line0007" custom="readingOrder {index:7;}">
        <Coords points="1523,1673 1503,1681 1496,1681 1488,1674 1477,1675 1466,1684 1457,1682 1440,1686 1431,1686 1425,1678 1414,1684 1380,1685 1338,1683 1333,1677 1322,1677 1311,1684 1307,1684 1301,1679 1291,1679 1283,1686 1207,1685 1201,1688 1174,1686 1171,1683 1159,1683 1156,1686 1052,1686 1046,1681 1033,1679 1019,1682 1016,1686 1003,1686 999,1681 989,1680 978,1687 953,1689 887,1685 881,1681 823,1681 782,1684 766,1689 729,1690 724,1686 713,1686 707,1690 672,1691 670,1687 651,1684 642,1688 640,1692 629,1692 630,1742 648,1741 654,1745 664,1745 671,1741 688,1740 789,1739 805,1736 811,1740 829,1742 838,1738 855,1740 861,1736 873,1735 877,1738 971,1738 977,1734 1098,1735 1108,1730 1137,1735 1216,1734 1255,1729 1299,1734 1341,1732 1350,1727 1357,1727 1365,1737 1373,1737 1385,1729 1401,1732 1412,1728 1439,1732 1494,1734 1511,1733 1516,1730 1581,1729 1580,1674"/>
        <Word id="region0008_line0007_word0000" custom="readingOrder {index:0;}">
          <Coords points="778,1739 778,1691 634,1693 634,1741 648,1741 650,1742 668,1742 671,1741 688,1740"/>
          <TextEquiv conf="0.91229486">
            <Unicode>chenden</Unicode>
          </TextEquiv>
        </Word>
        <Word id="region0008_line0007_word0001" custom="readingOrder {index:1;}">
          <Coords points="876,1737 972,1737 971,1689 800,1690 800,1736 805,1736 807,1737 858,1737 861,1736 873,1735"/>
          <TextEquiv conf="0.92051786">
            <Unicode>Blaͤttern</Unicode>
          </TextEquiv>
        </Word>
        <Word id="region0008_line0007_word0002" custom="readingOrder {index:2;}">
          <Coords points="1110,1730 1172,1730 1171,1687 987,1688 988,1731 1107,1730 1108,1730"/>
          <TextEquiv conf="0.92179465">
            <Unicode>bekommet</Unicode>
          </TextEquiv>
        </Word>
        <Word id="region0008_line0007_word0003" custom="readingOrder {index:3;}">
          <Coords points="1181,1691 1253,1690 1254,1729 1182,1730"/>
          <TextEquiv conf="0.9196564">
            <Unicode>und</Unicode>
          </TextEquiv>
        </Word>
        <Word id="region0008_line0007_word0004" custom="readingOrder {index:4;}">
          <Coords points="1275,1686 1267,1686 1268,1729 1347,1728 1346,1685 1283,1686 1283,1686"/>
          <TextEquiv conf="0.9324178">
            <Unicode>viele</Unicode>
          </TextEquiv>
        </Word>
        <Word id="region0008_line0007_word0005" custom="readingOrder {index:5;}">
          <Coords points="1430,1685 1360,1686 1361,1732 1364,1736 1375,1736 1385,1729 1401,1732 1412,1728 1439,1732 1453,1733 1452,1685 1444,1685 1440,1686 1431,1686"/>
          <TextEquiv conf="0.91877615">
            <Unicode>gelbe</Unicode>
          </TextEquiv>
        </Word>
        <Word id="region0008_line0007_word0006" custom="readingOrder {index:6;}">
          <Coords points="1569,1725 1569,1680 1469,1685 1470,1733 1512,1732 1516,1730"/>
          <TextEquiv>
            <Unicode>Blu⸗</Unicode>
          </TextEquiv>
        </Word>
        <TextEquiv>
          <Unicode>chenden Blaͤttern bekommet und viele gelbe Blu⸗</Unicode>
        </TextEquiv>
      </TextLine>
      <TextLine id="region0008_line0008" custom="readingOrder {index:8;}">
        <Coords points="1350,1728 1343,1731 1340,1737 1276,1734 1268,1730 1244,1731 1239,1734 1167,1735 1162,1738 1125,1739 1118,1731 1108,1731 1100,1734 1097,1739 1068,1737 1065,1740 1031,1742 1017,1741 1010,1735 977,1735 966,1744 945,1744 930,1738 878,1741 873,1736 861,1737 854,1742 838,1739 829,1743 812,1742 805,1737 795,1737 787,1743 640,1745 630,1746 630,1793 668,1789 678,1793 713,1793 722,1797 733,1793 802,1792 824,1789 839,1792 883,1791 951,1788 963,1785 1044,1790 1110,1788 1122,1778 1129,1782 1131,1787 1142,1789 1191,1787 1219,1789 1281,1789 1286,1786 1301,1788 1322,1782 1336,1786 1377,1786 1387,1790 1396,1786 1406,1787 1413,1782 1426,1784 1581,1782 1581,1730 1440,1735 1429,1730 1412,1729 1398,1735 1385,1730 1373,1738 1365,1738 1357,1728"/>
        <Word id="region0008_line0008_word0000" custom="readingOrder {index:0;}">
          <Coords points="674,1791 734,1791 734,1754 637,1755 637,1792 639,1791 668,1789"/>
          <TextEquiv conf="0.9660681">
            <Unicode>men,</Unicode>
          </TextEquiv>
        </Word>
        <Word id="region0008_line0008_word0001" custom="readingOrder {index:1;}">
          <Coords points="757,1743 757,1786 821,1786 821,1743 787,1743"/>
          <TextEquiv conf="0.9641394">
            <Unicode>wie</Unicode>
          </TextEquiv>
        </Word>
        <Word id="region0008_line0008_word0002" custom="readingOrder {index:2;}">
          <Coords points="836,1745 887,1744 887,1786 836,1787"/>
          <TextEquiv conf="0.93304443">
            <Unicode>die</Unicode>
          </TextEquiv>
        </Word>
        <Word id="region0008_line0008_word0003" custom="readingOrder {index:3;}">
          <Coords points="971,1785 1048,1785 1048,1744 902,1745 902,1786 960,1785 963,1785"/>
          <TextEquiv>
            <Unicode>Geniſta,</Unicode>
          </TextEquiv>
        </Word>
        <Word id="region0008_line0008_word0004" custom="readingOrder {index:4;}">
          <Coords points="1094,1739 1066,1739 1066,1789 1110,1788 1122,1778 1129,1782 1131,1787 1142,1789 1186,1787 1186,1738 1151,1738 1125,1739 1125,1739 1097,1739 1097,1739"/>
          <TextEquiv>
            <Unicode>traͤget.</Unicode>
          </TextEquiv>
        </Word>
        <Word id="region0008_line0008_word0005" custom="readingOrder {index:5;}">
          <Coords points="1237,1739 1292,1739 1292,1784 1237,1784"/>
          <TextEquiv conf="0.9648172">
            <Unicode>Es</Unicode>
          </TextEquiv>
        </Word>
        <Word id="region0008_line0008_word0006" custom="readingOrder {index:6;}">
          <Coords points="1316,1735 1306,1736 1306,1786 1322,1782 1336,1786 1377,1786 1385,1789 1388,1789 1396,1786 1406,1787 1413,1782 1426,1784 1427,1783 1427,1735 1376,1735 1373,1738 1365,1738 1363,1735 1340,1735 1340,1737"/>
          <TextEquiv>
            <Unicode>waͤchſt</Unicode>
          </TextEquiv>
        </Word>
        <Word id="region0008_line0008_word0007" custom="readingOrder {index:7;}">
          <Coords points="1442,1748 1489,1748 1489,1781 1442,1781"/>
          <TextEquiv conf="0.9325017">
            <Unicode>an</Unicode>
          </TextEquiv>
        </Word>
        <Word id="region0008_line0008_word0008" custom="readingOrder {index:8;}">
          <Coords points="1511,1741 1577,1735 1577,1773 1511,1779"/>
          <TextEquiv>
            <Unicode>tro⸗</Unicode>
          </TextEquiv>
        </Word>
        <TextEquiv>
          <Unicode>men, wie die Geniſta, traͤget. Es waͤchſt an tro⸗</Unicode>
        </TextEquiv>
      </TextLine>
      <TextLine id="region0008_line0009" custom="readingOrder {index:9;}">
        <Coords points="1122,1779 1110,1789 1047,1793 1043,1790 1029,1789 1025,1793 979,1794 977,1787 963,1786 956,1788 950,1795 942,1796 839,1794 833,1790 824,1790 817,1794 722,1798 656,1790 644,1795 630,1795 631,1845 674,1842 691,1845 777,1844 782,1841 794,1841 798,1844 813,1845 910,1844 914,1848 926,1846 932,1850 939,1850 946,1845 1018,1842 1031,1838 1044,1839 1048,1843 1080,1840 1093,1843 1139,1843 1146,1839 1179,1842 1222,1839 1229,1836 1234,1839 1270,1837 1325,1840 1390,1839 1393,1845 1402,1847 1410,1837 1457,1837 1516,1830 1582,1831 1581,1788 1501,1789 1488,1788 1482,1783 1429,1788 1425,1784 1414,1783 1406,1788 1396,1787 1387,1791 1332,1790 1322,1783 1312,1784 1306,1788 1286,1787 1281,1790 1248,1791 1186,1791 1183,1788 1142,1790 1131,1788 1129,1783"/>
        <Word id="region0008_line0009_word0000" custom="readingOrder {index:0;}">
          <Coords points="685,1793 646,1793 644,1795 636,1795 637,1837 752,1836 751,1796 722,1798"/>
          <TextEquiv conf="0.9288952">
            <Unicode>ckenen</Unicode>
          </TextEquiv>
        </Word>
        <Word id="region0008_line0009_word0001" custom="readingOrder {index:1;}">
          <Coords points="774,1795 775,1835 848,1835 847,1795 793,1795"/>
          <TextEquiv conf="0.9321799">
            <Unicode>und</Unicode>
          </TextEquiv>
        </Word>
        <Word id="region0008_line0009_word0002" custom="readingOrder {index:2;}">
          <Coords points="977,1790 953,1790 950,1795 942,1796 869,1794 870,1843 1009,1842 1018,1842 1031,1838 1044,1839 1047,1842 1057,1842 1080,1840 1082,1840 1082,1790 1047,1793 1043,1790 1027,1790 1025,1793 979,1794"/>
          <TextEquiv conf="0.92643076">
            <Unicode>ungebauten</Unicode>
          </TextEquiv>
        </Word>
        <Word id="region0008_line0009_word0003" custom="readingOrder {index:3;}">
          <Coords points="1105,1789 1106,1834 1253,1833 1252,1791 1186,1791 1183,1788 1142,1790 1131,1788 1129,1783 1122,1779 1110,1789"/>
          <TextEquiv conf="0.9127629">
            <Unicode>Orten,</Unicode>
          </TextEquiv>
        </Word>
        <Word id="region0008_line0009_word0004" custom="readingOrder {index:4;}">
          <Coords points="1330,1789 1288,1790 1289,1833 1339,1832 1338,1790 1332,1790"/>
          <TextEquiv conf="0.95831084">
            <Unicode>die</Unicode>
          </TextEquiv>
        </Word>
        <Word id="region0008_line0009_word0005" custom="readingOrder {index:5;}">
          <Coords points="1439,1837 1438,1789 1390,1790 1387,1791 1362,1791 1363,1839 1390,1839 1390,1840 1408,1839 1410,1837"/>
          <TextEquiv conf="0.9648366">
            <Unicode>erſte</Unicode>
          </TextEquiv>
        </Word>
        <Word id="region0008_line0009_word0006" custom="readingOrder {index:6;}">
          <Coords points="1457,1791 1573,1783 1574,1818 1458,1826"/>
          <TextEquiv>
            <Unicode>Ferula</Unicode>
          </TextEquiv>
        </Word>
        <TextEquiv>
          <Unicode>ckenen und ungebauten Orten, die erſte Ferula</Unicode>
        </TextEquiv>
      </TextLine>
      <TextLine id="region0008_line0010" custom="readingOrder {index:10;}">
        <Coords points="1516,1831 1488,1834 1480,1843 1475,1844 1437,1845 1436,1839 1432,1837 1410,1838 1402,1848 1275,1846 1274,1840 1270,1838 1256,1838 1250,1845 1247,1839 1234,1840 1229,1837 1218,1843 1213,1839 1201,1839 1194,1845 1174,1846 1164,1846 1158,1840 1146,1840 1138,1847 1092,1845 1080,1841 1048,1844 1044,1840 1031,1839 1016,1845 939,1851 932,1851 926,1847 799,1849 794,1842 782,1842 773,1849 746,1851 737,1844 713,1845 707,1850 674,1843 631,1846 631,1896 770,1897 807,1894 848,1901 855,1898 872,1897 879,1893 922,1896 961,1892 986,1895 1026,1889 1033,1898 1044,1890 1061,1893 1153,1888 1265,1889 1271,1884 1282,1883 1288,1889 1355,1887 1363,1895 1377,1896 1394,1888 1445,1887 1484,1883 1582,1883 1582,1840 1529,1840 1526,1833"/>
        <Word id="region0008_line0010_word0000" custom="readingOrder {index:0;}">
          <Coords points="699,1848 636,1849 636,1886 738,1885 738,1848 709,1848 707,1850"/>
          <TextEquiv conf="0.90992385">
            <Unicode>Plinii</Unicode>
          </TextEquiv>
        </Word>
        <Word id="region0008_line0010_word0001" custom="readingOrder {index:1;}">
          <Coords points="795,1844 779,1844 773,1849 758,1850 758,1891 856,1891 856,1848 799,1849"/>
          <TextEquiv conf="0.92001426">
            <Unicode>aber,</Unicode>
          </TextEquiv>
        </Word>
        <Word id="region0008_line0010_word0002" custom="readingOrder {index:2;}">
          <Coords points="882,1847 882,1884 946,1884 946,1850 939,1851 932,1851 926,1847"/>
          <TextEquiv conf="0.92635566">
            <Unicode>wie</Unicode>
          </TextEquiv>
        </Word>
        <Word id="region0008_line0010_word0003" custom="readingOrder {index:3;}">
          <Coords points="1045,1841 1025,1841 1016,1845 965,1848 965,1892 1009,1891 1026,1889 1027,1891 1042,1891 1044,1890 1047,1890 1047,1843"/>
          <TextEquiv conf="0.9252823">
            <Unicode>auch</Unicode>
          </TextEquiv>
        </Word>
        <Word id="region0008_line0010_word0004" custom="readingOrder {index:4;}">
          <Coords points="1088,1843 1063,1844 1063,1880 1177,1879 1177,1845 1174,1846 1164,1846 1161,1843 1142,1843 1138,1847 1092,1845"/>
          <TextEquiv conf="0.9266559">
            <Unicode>Ferula</Unicode>
          </TextEquiv>
        </Word>
        <Word id="region0008_line0010_word0005" custom="readingOrder {index:5;}">
          <Coords points="1218,1843 1196,1843 1194,1845 1192,1845 1192,1879 1347,1877 1347,1847 1275,1846 1274,1842 1252,1842 1250,1845 1249,1842 1219,1843 1218,1843"/>
          <TextEquiv conf="0.9166677">
            <Unicode>Africana</Unicode>
          </TextEquiv>
        </Word>
        <Word id="region0008_line0010_word0006" custom="readingOrder {index:6;}">
          <Coords points="1434,1838 1409,1838 1402,1848 1366,1847 1366,1889 1392,1888 1394,1888 1445,1887 1484,1883 1578,1882 1578,1839 1529,1840 1527,1837 1484,1837 1480,1843 1475,1844 1437,1845 1436,1839"/>
          <TextEquiv>
            <Unicode>galbanifera</Unicode>
          </TextEquiv>
        </Word>
        <TextEquiv>
          <Unicode>Plinii aber, wie auch Ferula Africana galbanifera</Unicode>
        </TextEquiv>
      </TextLine>
      <TextLine id="region0008_line0011" custom="readingOrder {index:11;}">
        <Coords points="1275,1884 1259,1895 1241,1895 1235,1889 1222,1890 1218,1895 1180,1895 1174,1889 1153,1889 1145,1895 1084,1899 1063,1899 1062,1894 1055,1891 1044,1891 1032,1899 1026,1890 1001,1892 992,1896 944,1893 937,1896 896,1899 891,1894 879,1894 869,1900 848,1902 814,1899 807,1895 785,1900 760,1901 631,1899 632,1948 729,1948 760,1944 766,1948 776,1949 817,1949 855,1945 861,1948 955,1949 973,1943 989,1943 994,1949 1002,1951 1012,1946 1040,1947 1052,1942 1066,1945 1083,1942 1090,1936 1095,1940 1094,1946 1103,1949 1110,1944 1116,1944 1130,1951 1146,1947 1155,1952 1168,1947 1209,1944 1219,1944 1227,1950 1241,1950 1249,1944 1263,1940 1280,1944 1333,1942 1381,1945 1583,1943 1582,1884 1484,1884 1438,1888 1419,1893 1401,1894 1394,1889 1382,1896 1367,1897 1355,1888 1342,1889 1338,1893 1287,1895 1288,1890 1282,1884"/>
        <Word id="region0008_line0011_word0000" custom="readingOrder {index:0;}">
          <Coords points="636,1908 704,1907 705,1939 637,1940"/>
          <TextEquiv conf="0.906428">
            <Unicode>&amp;c.</Unicode>
          </TextEquiv>
        </Word>
        <Word id="region0008_line0011_word0001" custom="readingOrder {index:1;}">
          <Coords points="729,1903 862,1902 863,1942 730,1943"/>
          <TextEquiv conf="0.92880714">
            <Unicode>werden</Unicode>
          </TextEquiv>
        </Word>
        <Word id="region0008_line0011_word0002" custom="readingOrder {index:2;}">
          <Coords points="878,1901 913,1901 914,1941 879,1941"/>
          <TextEquiv conf="0.93108565">
            <Unicode>in</Unicode>
          </TextEquiv>
        </Word>
        <Word id="region0008_line0011_word0003" custom="readingOrder {index:3;}">
          <Coords points="1030,1896 935,1897 935,1948 947,1948 955,1948 973,1943 989,1943 993,1948 1007,1948 1012,1946 1040,1947 1052,1942 1066,1945 1072,1943 1072,1899 1063,1899 1062,1896 1036,1896 1032,1899"/>
          <TextEquiv conf="0.90608215">
            <Unicode>Gefaͤße</Unicode>
          </TextEquiv>
        </Word>
        <Word id="region0008_line0011_word0004" custom="readingOrder {index:4;}">
          <Coords points="1281,1944 1280,1887 1271,1887 1259,1895 1241,1895 1235,1889 1222,1890 1218,1895 1180,1895 1174,1889 1153,1889 1145,1895 1087,1899 1088,1938 1090,1936 1095,1940 1094,1946 1100,1948 1105,1948 1110,1944 1116,1944 1124,1948 1143,1948 1146,1947 1147,1948 1166,1948 1168,1947 1209,1944 1219,1944 1223,1947 1245,1947 1249,1944 1263,1940 1280,1944"/>
          <TextEquiv conf="0.92912346">
            <Unicode>gepflantzet</Unicode>
          </TextEquiv>
        </Word>
        <Word id="region0008_line0011_word0005" custom="readingOrder {index:5;}">
          <Coords points="1296,1899 1366,1898 1367,1938 1297,1939"/>
          <TextEquiv conf="0.9299134">
            <Unicode>und</Unicode>
          </TextEquiv>
        </Word>
        <Word id="region0008_line0011_word0006" custom="readingOrder {index:6;}">
          <Coords points="1386,1899 1447,1898 1448,1939 1387,1940"/>
          <TextEquiv conf="0.92271405">
            <Unicode>des</Unicode>
          </TextEquiv>
        </Word>
        <Word id="region0008_line0011_word0007" custom="readingOrder {index:7;}">
          <Coords points="1467,1893 1580,1889 1581,1935 1468,1939"/>
          <TextEquiv>
            <Unicode>Win⸗</Unicode>
          </TextEquiv>
        </Word>
        <TextEquiv>
          <Unicode>&amp;c. werden in Gefaͤße gepflantzet und des Win⸗</Unicode>
        </TextEquiv>
      </TextLine>
      <TextLine id="region0008_line0012" custom="readingOrder {index:12;}">
        <Coords points="1088,1937 1083,1943 1066,1946 1052,1943 1040,1948 1012,1947 1002,1952 994,1950 989,1944 973,1944 952,1952 862,1951 855,1946 832,1947 824,1951 771,1953 767,1953 760,1945 732,1947 724,1952 708,1949 699,1949 695,1952 660,1952 655,1948 645,1949 640,1953 632,1953 632,2004 720,2003 727,2008 736,2008 743,2002 758,2001 764,1998 779,2001 835,1998 847,2001 853,2008 858,2008 869,1999 885,2001 889,2006 907,2007 918,2001 945,1997 952,1999 955,2006 963,2008 983,2005 987,1999 1026,2000 1030,1997 1061,2000 1158,1995 1215,1996 1225,1999 1233,1993 1248,1993 1252,1996 1259,1993 1266,1998 1358,1996 1364,1993 1389,1996 1405,1990 1404,1955 1400,1952 1388,1952 1383,1947 1337,1946 1333,1943 1281,1948 1275,1942 1263,1941 1253,1945 1251,1949 1241,1951 1227,1951 1222,1948 1166,1949 1155,1953 1146,1948 1130,1952 1116,1945 1110,1945 1103,1950 1094,1947 1094,1940"/>
        <Word id="region0008_line0012_word0000" custom="readingOrder {index:0;}">
          <Coords points="640,1959 710,1958 710,1996 640,1997"/>
          <TextEquiv conf="0.96865433">
            <Unicode>ters</Unicode>
          </TextEquiv>
        </Word>
        <Word id="word_1650618194532_6019" custom="readingOrder {index:1;}">
          <Coords points="727,1951 764,1950 767,1953 771,1953 782,1952 782,1997 727,1997"/>
          <TextEquiv>
            <Unicode>fuͤr</Unicode>
          </TextEquiv>
        </Word>
        <Word id="region0008_line0012_word0002" custom="readingOrder {index:2;}">
          <Coords points="933,1951 808,1953 808,1999 835,1998 847,2001 848,2002 864,2002 869,1999 885,2001 886,2002 916,2001 918,2001 945,1997 952,1999 953,2001 985,2001 987,1999 1017,1999 1017,1951 1003,1951 1002,1952 998,1951 953,1951 952,1952"/>
          <TextEquiv conf="0.9272954">
            <Unicode>allzugroſſer</Unicode>
          </TextEquiv>
        </Word>
        <Word id="region0008_line0012_word0003" custom="readingOrder {index:3;}">
          <Coords points="1094,1940 1085,1940 1083,1943 1066,1946 1052,1943 1040,1948 1029,1947 1029,1994 1132,1993 1132,1951 1130,1952 1116,1945 1110,1945 1103,1950 1094,1947"/>
          <TextEquiv>
            <Unicode>Kaͤlte</Unicode>
          </TextEquiv>
        </Word>
        <Word id="region0008_line0012_word0004" custom="readingOrder {index:4;}">
          <Coords points="1279,1946 1252,1946 1251,1949 1241,1951 1227,1951 1222,1948 1166,1949 1155,1953 1146,1948 1144,1948 1144,1995 1158,1995 1215,1996 1222,1998 1226,1998 1233,1993 1248,1993 1252,1996 1259,1993 1265,1997 1285,1997 1342,1996 1342,1946 1338,1946 1297,1946 1281,1948"/>
          <TextEquiv conf="0.92605996">
            <Unicode>verwahret.</Unicode>
          </TextEquiv>
        </Word>
        <TextEquiv>
          <Unicode>ters fuͤr allzugroſſer Kaͤlte verwahret.</Unicode>
        </TextEquiv>
      </TextLine>
      <TextEquiv>
        <Unicode>Ferula fœmina Plinii.
- - Africana galbanifera fruteſcens myrri-
dis.
- folio latiore &amp; tenuiore. -
breit und ſchmalblaͤtterichtes Ruthenkraut, wel⸗
ches eine holtzichte Staude iſt und viele duͤnne Ru⸗
then mit von unten bis oben beſetzten dem Jſop glei⸗
chenden Blaͤttern bekommet und viele gelbe Blu⸗
men, wie die Geniſta, traͤget. Es waͤchſt an tro⸗
ckenen und ungebauten Orten, die erſte Ferula
Plinii aber, wie auch Ferula Africana galbanifera
&amp;c. werden in Gefaͤße gepflantzet und des Win⸗
ters fuͤr allzugroſſer Kaͤlte verwahret.</Unicode>
      </TextEquiv>
    </TextRegion>
    <TextRegion orientation="0.5205981" type="heading" readingDirection="left-to-right" id="TextRegion_1650618194495_6015" custom="readingOrder {index:7;} structure {type:heading;}">
      <Coords points="631,1997 1583,1997 1584,2095 632,2095"/>
      <TextLine id="region0008_line0013" custom="readingOrder {index:0;}">
        <Coords points="1405,1991 1386,2000 1378,1994 1364,1994 1359,1996 1357,2001 1327,2002 1293,2003 1280,1999 1266,1999 1259,1994 1254,1997 1248,1994 1233,1994 1225,2000 1174,2004 1164,2004 1163,1999 1158,1996 1146,1996 1141,1999 1140,2004 1048,2005 1042,1998 1030,1998 1024,2006 963,2009 955,2007 952,2000 945,1998 931,1999 921,2007 907,2008 883,2007 882,2002 878,2000 869,2000 858,2009 850,2009 847,2002 835,1999 784,2002 764,1999 757,2004 741,2006 736,2009 645,2009 632,2010 633,2054 684,2054 711,2058 717,2063 728,2063 734,2059 772,2059 815,2051 883,2048 890,2049 892,2055 898,2059 911,2059 925,2058 936,2050 1008,2045 1009,2052 1014,2058 1027,2059 1041,2046 1051,2045 1271,2044 1318,2046 1337,2043 1584,2039 1583,1995 1413,2001 1410,1994"/>
        <Word id="region0008_line0013_word0000" custom="readingOrder {index:0;}">
          <Coords points="691,2009 692,2051 783,2050 782,2002 759,2002 757,2004 741,2006 736,2009"/>
          <TextEquiv>
            <Unicode>173)</Unicode>
          </TextEquiv>
        </Word>
        <Word id="region0008_line0013_word0001" custom="readingOrder {index:1;}">
          <Coords points="845,2001 808,2002 809,2049 869,2048 883,2048 886,2048 960,2048 959,2008 955,2007 952,2001 928,2001 921,2007 907,2008 883,2007 882,2002 881,2001 867,2001 858,2009 850,2009 847,2002"/>
          <TextEquiv>
            <Unicode>Galeopſis</Unicode>
          </TextEquiv>
        </Word>
        <Word id="region0008_line0013_word0002" custom="readingOrder {index:2;}">
          <Coords points="1044,2001 1027,2001 1024,2006 976,2008 976,2047 1008,2045 1008,2049 1037,2049 1041,2046 1051,2045 1074,2044 1074,2004 1048,2005"/>
          <TextEquiv conf="0.9621688">
            <Unicode>major</Unicode>
          </TextEquiv>
        </Word>
        <Word id="word_1650618012058_5899" custom="readingOrder {index:3;}">
          <Coords points="1094,2012 1144,2001 1163,2000 1207,2001 1208,2035 1145,2036 1095,2035"/>
          <TextEquiv>
            <Unicode>corium</Unicode>
          </TextEquiv>
        </Word>
        <Word id="word_1650618019220_5905" custom="readingOrder {index:4;}">
          <Coords points="1236,2000 1384,1998 1471,1998 1472,2037 1291,2039 1237,2036"/>
          <TextEquiv>
            <Unicode>Moscoviticum</Unicode>
          </TextEquiv>
        </Word>
        <Word id="region0008_line0013_word0007" custom="readingOrder {index:5;}">
          <Coords points="1485,2007 1534,2006 1535,2033 1486,2034"/>
          <TextEquiv conf="0.9201488">
            <Unicode>re-</Unicode>
          </TextEquiv>
        </Word>
        <TextEquiv>
          <Unicode>173) Galeopſis major corium Moscoviticum re-</Unicode>
        </TextEquiv>
      </TextLine>
      <TextLine id="region0008_line0014" custom="readingOrder {index:1;}">
        <Coords points="1069,2046 1064,2050 1062,2057 998,2062 995,2066 996,2092 1005,2096 1028,2094 1036,2097 1142,2096 1208,2093 1223,2091 1228,2086 1228,2059 1223,2054 1117,2055 1109,2046 1098,2047 1092,2055 1087,2055 1082,2047"/>
        <Word id="region0008_line0014_word0000" custom="readingOrder {index:0;}">
          <Coords points="1084,2051 1063,2051 1062,2057 1056,2057 1056,2085 1166,2084 1166,2054 1117,2055 1113,2051 1094,2051 1092,2055 1087,2055"/>
          <TextEquiv conf="0.89656687">
            <Unicode>dolens.</Unicode>
          </TextEquiv>
        </Word>
        <TextEquiv conf="0.89656687">
          <Unicode>dolens.</Unicode>
        </TextEquiv>
      </TextLine>
      <TextEquiv>
        <Unicode>173) Galeopſis major corium Moscoviticum re-
dolens.</Unicode>
      </TextEquiv>
    </TextRegion>
    <TextRegion orientation="0.5205981" readingDirection="left-to-right" id="TextRegion_1650618112223_5962" custom="readingOrder {index:8;}">
      <Coords points="632,2095 1584,2095 1585,2152 633,2161"/>
      <TextLine id="region0008_line0015" custom="readingOrder {index:0;}">
        <Coords points="633,2096 634,2158 778,2158 780,2155 855,2154 865,2155 866,2158 887,2157 890,2153 1007,2149 1361,2146 1380,2147 1382,2153 1407,2153 1408,2147 1584,2141 1584,2134 1584,2097 1430,2102 1425,2091 1412,2091 1404,2097 1402,2103 1361,2103 1359,2096 1354,2092 1332,2092 1324,2103 1259,2103 1226,2095 1186,2098 1166,2105 1159,2096 1146,2096 1142,2099 1140,2107 1123,2107 1039,2106 1037,2098 1028,2095 1014,2097 1012,2105 969,2099 858,2106 850,2105 844,2097 834,2097 824,2104 812,2101 793,2104 786,2096 767,2096 758,2103 746,2097 725,2095"/>
        <Word id="region0008_line0015_word0000" custom="readingOrder {index:0;}">
          <Coords points="685,2105 813,2104 814,2154 686,2155"/>
          <TextEquiv conf="0.9662718">
            <Unicode>Dieſes</Unicode>
          </TextEquiv>
        </Word>
        <Word id="region0008_line0015_word0001" custom="readingOrder {index:1;}">
          <Coords points="849,2103 831,2104 832,2153 915,2152 926,2151 926,2103 901,2103 858,2106 850,2105"/>
          <TextEquiv conf="0.7527367">
            <Unicode>beym</Unicode>
          </TextEquiv>
        </Word>
        <Word id="region0008_line0015_word0002" custom="readingOrder {index:2;}">
          <Coords points="974,2099 953,2099 951,2100 952,2140 1123,2138 1122,2106 1039,2106 1037,2098 1013,2099 1012,2105"/>
          <TextEquiv conf="0.95021856">
            <Unicode>Buxbaum</Unicode>
          </TextEquiv>
        </Word>
        <Word id="region0008_line0015_word0003" custom="readingOrder {index:3;}">
          <Coords points="1163,2102 1146,2102 1147,2137 1183,2137 1182,2102 1174,2102 1166,2105"/>
          <TextEquiv conf="0.9327166">
            <Unicode>in</Unicode>
          </TextEquiv>
        </Word>
        <Word id="region0008_line0015_word0004" custom="readingOrder {index:4;}">
          <Coords points="1241,2098 1197,2099 1198,2139 1369,2138 1368,2103 1361,2103 1359,2098 1327,2098 1324,2103 1259,2103"/>
          <TextEquiv>
            <Unicode>Centuriis</Unicode>
          </TextEquiv>
        </Word>
        <Word id="region0008_line0015_word0005" custom="readingOrder {index:5;}">
          <Coords points="1427,2097 1403,2097 1402,2103 1389,2103 1390,2147 1419,2146 1577,2145 1577,2101 1430,2102"/>
          <TextEquiv>
            <Unicode>plantarum</Unicode>
          </TextEquiv>
        </Word>
        <TextEquiv>
          <Unicode>Dieſes beym Buxbaum in Centuriis plantarum</Unicode>
        </TextEquiv>
      </TextLine>
      <TextEquiv>
        <Unicode>Dieſes beym Buxbaum in Centuriis plantarum</Unicode>
      </TextEquiv>
    </TextRegion>
    <TextRegion orientation="0.5205981" readingDirection="left-to-right" id="region0009" custom="readingOrder {index:9;}">
      <Coords points="629,2145 1581,2136 1584,2195 632,2204"/>
      <TextLine id="region0009_line0001" custom="readingOrder {index:0;}">
        <Coords points="1317,2141 1305,2155 1254,2151 1247,2146 1237,2145 1220,2145 1211,2150 1181,2153 1170,2153 1164,2146 1144,2147 1140,2150 1134,2146 1114,2147 1107,2152 1085,2150 1080,2154 1065,2154 1058,2148 1043,2148 1035,2155 1021,2156 1016,2146 1003,2145 992,2156 972,2159 871,2160 865,2151 852,2150 848,2153 846,2161 770,2162 693,2162 686,2151 672,2150 665,2161 629,2161 629,2204 776,2206 798,2209 808,2217 823,2217 835,2209 881,2204 1030,2206 1038,2215 1046,2215 1054,2207 1143,2207 1150,2214 1161,2214 1172,2207 1285,2205 1341,2206 1347,2212 1357,2212 1363,2208 1370,2212 1378,2212 1385,2206 1424,2204 1430,2210 1440,2210 1447,2203 1457,2203 1465,2208 1476,2201 1508,2198 1514,2195 1581,2194 1581,2147 1502,2149 1462,2146 1450,2141 1439,2141 1434,2144 1422,2144 1413,2151 1396,2152 1386,2143 1373,2143 1366,2151 1360,2143 1341,2144 1335,2150 1331,2143"/>
        <Word id="region0009_line0001_word0000" custom="readingOrder {index:0;}">
          <Coords points="691,2159 665,2159 665,2161 635,2161 635,2197 747,2196 747,2162 693,2162"/>
          <TextEquiv conf="0.83293885">
            <Unicode>minus</Unicode>
          </TextEquiv>
        </Word>
        <Word id="region0009_line0001_word0001" custom="readingOrder {index:1;}">
          <Coords points="869,2157 846,2157 846,2161 770,2162 766,2162 766,2205 776,2206 789,2207 847,2207 881,2204 976,2205 976,2158 972,2159 871,2160"/>
          <TextEquiv conf="0.9091494">
            <Unicode>cognitarum</Unicode>
          </TextEquiv>
        </Word>
        <Word id="region0009_line0001_word0002" custom="readingOrder {index:2;}">
          <Coords points="1020,2154 999,2154 999,2206 1030,2206 1031,2207 1187,2206 1187,2153 1081,2154 1080,2154 1065,2154 1065,2154 1036,2154 1035,2155 1021,2156"/>
          <TextEquiv conf="0.95706564">
            <Unicode>befindliche</Unicode>
          </TextEquiv>
        </Word>
        <Word id="region0009_line0001_word0003" custom="readingOrder {index:3;}">
          <Coords points="1254,2151 1211,2151 1211,2205 1401,2204 1401,2152 1396,2152 1394,2150 1367,2150 1366,2151 1365,2150 1309,2150 1305,2155 1254,2151"/>
          <TextEquiv conf="0.89472604">
            <Unicode>Gewaͤchſe</Unicode>
          </TextEquiv>
        </Word>
        <Word id="region0009_line0001_word0004" custom="readingOrder {index:4;}">
          <Coords points="1479,2200 1479,2151 1420,2151 1420,2203 1447,2203 1457,2203 1472,2203 1476,2201"/>
          <TextEquiv conf="0.9325735">
            <Unicode>iſt,</Unicode>
          </TextEquiv>
        </Word>
        <Word id="region0009_line0001_word0005" custom="readingOrder {index:5;}">
          <Coords points="1515,2160 1578,2148 1578,2179 1515,2191"/>
          <TextEquiv>
            <Unicode>wie</Unicode>
          </TextEquiv>
        </Word>
        <TextEquiv>
          <Unicode>minus cognitarum befindliche Gewaͤchſe iſt, wie</Unicode>
        </TextEquiv>
      </TextLine>
      <TextEquiv>
        <Unicode>minus cognitarum befindliche Gewaͤchſe iſt, wie</Unicode>
      </TextEquiv>
    </TextRegion>
  </Page>
</PcGts>
