1869 2681
795 545 927 593 gedacht
941 544 1010 595 haſt
1025 555 1097 589 was
1113 546 1224 596 Boͤſes
1241 558 1278 595 zu
1291 546 1396 596 thun;
1421 550 1497 592 doch
1514 551 1574 591 mit
1595 556 1667 591 dem
1686 543 1747 599 Be⸗

796 597 899 644 dinge,
909 594 973 643 daß
988 600 1031 635 du
1047 596 1110 636 mir
1122 596 1202 638 alles
1209 600 1320 640 wieder
1329 599 1421 649 ſagſt,
1429 606 1500 640 was
1519 605 1563 638 du
1579 600 1668 650 ſehen
1677 606 1741 642 und

796 651 896 699 hoͤren
916 650 1029 699 wirſt?

846 689 1024 738 Steffen.
1046 699 1142 736 Muß
1155 699 1200 742 ich
1204 699 1298 731 denn
1321 699 1455 739 zugleich
1470 699 1558 740 ſehen
1577 700 1643 732 und
1664 699 1743 734 auch

793 746 921 798 hoͤren?
944 750 1020 797 Auf
1040 749 1116 797 dieſe
1131 751 1196 791 Art
1218 757 1320 791 werde
1340 753 1386 794 ich
1406 755 1484 796 noch
1499 752 1619 793 einmal
1634 755 1666 802 ſo
1678 751 1743 796 viel

795 799 852 847 fuͤr
867 797 904 843 ſie
919 804 957 842 zu
973 795 1055 843 thun
1070 793 1172 845 haben
1186 797 1241 838 als
1257 800 1311 846 fuͤr
1325 802 1405 844 jene.

844 851 907 900 Fr.
921 860 962 891 v.
975 852 1051 894 W.
1075 852 1144 898 Jch
1144 842 1270 895 erlaube
1292 855 1345 894 dir
1364 855 1395 900 ſo
1416 864 1488 902 gar,
1512 855 1569 904 daß
1586 862 1629 896 du
1645 864 1680 895 es
1695 854 1742 906 ih⸗

795 906 858 935 nen
873 895 966 942 ſagen
982 891 1107 949 duͤrfeſt,
1135 908 1207 938 wenn
1220 899 1264 940 ich
1280 897 1411 944 komme,
1421 910 1473 938 wo
1489 906 1533 939 du
1547 902 1609 940 mir
1613 906 1669 954 nur
1686 903 1742 953 al⸗

797 952 846 989 les
862 949 992 991 treulich
1017 949 1130 989 wieder
1146 949 1264 1000 ſageſt;
1288 955 1353 990 und
1369 956 1429 990 das
1445 954 1503 991 kan
1518 955 1567 992 dir
1579 965 1642 1001 gar
1655 947 1742 999 nicht

795 999 907 1046 ſchwer
921 995 1034 1046 fallen,
1065 999 1137 1038 weil
1153 1003 1196 1040 du
1211 994 1280 1051 dich
1299 995 1385 1052 nicht
1400 1001 1473 1041 weit
1489 1009 1556 1039 von
1568 1002 1664 1052 ihnen
1677 1009 1743 1042 ent⸗

795 1057 905 1101 fernen
922 1054 1018 1104 wirſt.

848 1098 1027 1148 Steffen.
1048 1097 1212 1155 Freylich;
1233 1101 1281 1146 ich
1295 1105 1398 1141 werde
1409 1102 1489 1147 mich
1503 1104 1586 1146 recht
1601 1103 1668 1153 ſehr
1681 1101 1744 1152 auf

794 1154 895 1194 meine
906 1152 1085 1203 Zeitungen
1099 1152 1207 1209 legen,
1221 1160 1287 1196 und
1304 1165 1338 1199 es
1359 1159 1437 1200 wird
1452 1160 1515 1200 mir
1529 1159 1595 1209 ſehr
1611 1160 1741 1208 bequem

793 1204 900 1254 fallen,
911 1209 991 1243 denn
1006 1207 1051 1246 ich
1066 1201 1124 1244 kan
1142 1205 1181 1254 ſie
1196 1207 1228 1256 ſo
1244 1205 1339 1255 gleich
1353 1205 1526 1255 ausgeben,
1534 1217 1626 1248 wenn
1642 1210 1687 1253 ich
1701 1209 1740 1256 ſie

792 1255 1024 1300 einbekommen
1040 1255 1128 1308 habe,
1134 1257 1180 1302 ich
1194 1257 1273 1308 darf
1276 1253 1323 1314 ſie
1326 1259 1420 1310 nicht
1435 1259 1531 1309 lange
1545 1260 1603 1311 bey
1619 1256 1684 1307 mir
1683 1256 1740 1303 be⸗

792 1313 914 1358 halten.

840 1358 905 1405 Fr.
922 1369 960 1392 v.
975 1358 1053 1404 W.
1073 1358 1160 1395 Vor
1178 1358 1261 1388 allen
1281 1358 1420 1404 Dingen
1441 1358 1521 1400 aber
1537 1358 1675 1398 verbiete
1694 1358 1740 1383 ich

791 1408 847 1451 dir,
855 1408 950 1455 ihnen
963 1406 1046 1447 nicht
1056 1403 1099 1453 zu
1113 1405 1227 1456 ſagen,
1235 1406 1294 1446 wie
1308 1413 1350 1449 du
1365 1410 1424 1447 mit
1439 1406 1501 1450 mir
1513 1408 1632 1459 ſteheſt,
1645 1409 1684 1447 ob
1694 1416 1738 1450 du

791 1458 855 1494 mir
869 1455 964 1504 gleich
978 1456 1086 1508 geſagt
1099 1454 1175 1506 haſt,
1190 1464 1265 1497 was
1271 1453 1317 1513 ſie
1337 1460 1381 1498 dir
1397 1458 1609 1509 aufgetragen
1625 1459 1740 1510 haben.

788 1509 907 1553 Meine
923 1510 1061 1554 Sachen
1081 1503 1173 1561 muſt
1184 1499 1226 1558 du
1233 1504 1456 1560 verſchwiegen
1472 1511 1594 1561 halten.

797 1558 1019 1610 Steffen.
1044 1561 1122 1605 Wie
1136 1561 1174 1611 ſie
1184 1559 1343 1610 befehlen,
1352 1563 1489 1610 gnaͤdige
1501 1561 1614 1614 Frau;
1641 1572 1737 1604 wenn

789 1598 829 1660 ſie
844 1609 946 1659 haben
962 1602 1091 1660 wollen,
1121 1610 1186 1661 daß
1207 1612 1252 1653 ich
1269 1603 1435 1663 ſchweigen
1457 1612 1526 1660 ſoll,
1556 1614 1589 1663 ſo
1613 1617 1678 1656 wil
1692 1616 1737 1655 ich

788 1659 967 1708 ſchweigen.
1016 1659 1142 1706 Haͤtten
1157 1661 1226 1705 jene
1248 1662 1311 1701 mir
1335 1667 1388 1702 das
1414 1655 1481 1710 auch
1500 1661 1665 1717 befohlen,
1689 1664 1735 1703 ich

788 1711 897 1749 wuͤrde
912 1703 1019 1751 nichts
1033 1706 1142 1757 geſagt
1164 1706 1281 1758 haben.
1331 1710 1385 1755 Es
1407 1701 1526 1753 koͤmmt
1541 1723 1605 1756 nur
1619 1707 1738 1761 darauf

789 1771 843 1807 an,
852 1760 913 1807 daß
929 1761 1012 1798 mirs
1028 1759 1137 1808 geſagt
1152 1756 1247 1801 wird.

840 1813 899 1861 Fr.
916 1822 954 1854 v.
964 1811 1040 1852 W.
1066 1813 1133 1861 Jch
1148 1813 1239 1855 binde
1263 1813 1332 1854 dirs
1353 1815 1425 1866 ein;
1450 1816 1656 1866 verſchnappe
1671 1814 1734 1858 dich

787 1867 820 1909 ja
836 1866 940 1913 nicht;
965 1867 1030 1901 und
1046 1864 1119 1904 weil
1134 1866 1173 1914 ſie
1187 1867 1270 1908 nicht
1286 1864 1385 1914 dafuͤr
1400 1866 1529 1916 ſorgen,
1558 1869 1597 1908 ob
1613 1875 1655 1907 du
1669 1876 1734 1907 ver⸗

784 1916 953 1966 ſchwiegen
968 1915 1033 1965 biſt,
1048 1916 1079 1966 ſo
1097 1915 1216 1969 erzaͤhle
1229 1919 1292 1957 mir
1308 1918 1355 1959 die
1371 1918 1486 1967 Sache
1501 1932 1564 1961 nur
1580 1921 1733 1964 vollends,

786 1977 831 2011 du
846 1969 926 2020 ſollſt
947 1971 1050 2012 nichts
1064 1968 1161 2017 dabey
1178 1969 1341 2012 verlieren.

834 2019 1012 2074 Steffen.
1038 2021 1193 2074 Erſtlich,
1217 2023 1260 2063 an
1276 2023 1352 2073 ſtatt
1375 2023 1438 2077 daß
1459 2025 1504 2069 ich
1521 2031 1624 2075 etwas
1638 2024 1734 2070 dabey

785 2078 939 2126 verlieren
957 2078 1049 2132 ſollte,
1063 2080 1093 2130 ſo
1109 2071 1253 2128 gewinne
1268 2081 1312 2124 ich
