1550 2190
239 283 332 325 Der
332 283 467 325 Span.
467 283 777 325 Succeſſionskrieg
777 283 829 325 ꝛc.

901 280 948 329 71

151 391 195 423 ris
217 387 272 427 auf
299 387 356 419 das
377 379 555 424 dringendſte
575 388 625 414 um
639 375 728 419 Huͤlfe
752 373 954 417 nachgeſucht;

153 445 240 479 allein
262 444 323 482 hier
344 441 423 479 hatte
439 446 510 472 man
524 437 594 471 eben
607 436 636 476 ſo
650 435 806 475 dringende
826 430 950 471 Angele⸗

154 504 302 532 genheiten
322 502 352 523 in
373 499 425 523 der
445 492 544 526 Naͤhe.
593 490 637 518 Er
658 490 766 522 foderte
787 480 866 517 Geld
889 484 948 512 und

158 565 309 608 Beyſtand
324 571 380 596 von
394 564 459 595 dem
474 560 550 596 Adel
562 560 615 592 des
632 557 738 597 Reichs;
780 555 850 588 aber
863 552 951 592 dieſer

160 624 249 665 lachte
268 624 355 665 ſeiner
369 619 565 663 dringendſten
586 614 839 660 Auffoderungen,
861 612 949 652 ſeiner

160 684 357 724 Mahnungen
371 689 408 713 an
429 681 474 713 die
487 676 686 720 Lehnspflicht.
725 673 768 708 Er
783 674 848 713 fuhr
866 670 953 711 durch

163 748 210 780 die
226 741 424 784 Straſſen
387 736 442 784 der
432 738 550 779 Stadt,
568 745 618 770 um
636 737 692 770 das
701 733 779 768 Volk
794 741 826 773 zu
846 730 954 772 gewin⸗

167 810 235 839 nen.
275 802 372 838 Allein
385 802 443 835 das
457 798 535 833 Volk
548 796 595 838 ſah
611 795 671 834 ihn,
694 792 767 833 ohne
782 791 825 824 ein
840 788 955 831 Zeichen

166 872 227 899 von
241 859 440 901 Theilnahme,
459 855 585 892 voruͤber
603 855 718 895 fahren.
770 851 870 885 Kaum
892 855 958 881 war

168 931 201 957 er
212 930 248 968 zu
260 920 377 962 Hauſe,
395 920 425 959 ſo
443 919 530 959 erhob
544 919 595 959 ſich
609 916 654 951 ein
666 912 878 955 Volkshaufen,
899 917 959 943 von

170 982 253 1020 mehr
272 980 323 1012 als
330 974 582 1020 zwanzigtauſend
600 971 715 1008 Mann.
757 970 828 1005 Von
853 967 966 1009 Auſſen

171 1043 221 1082 her
233 1040 309 1079 ohne
321 1034 547 1079 Unterſtuͤtzung,
577 1034 618 1066 im
633 1030 753 1073 Jnnern
766 1035 824 1063 von
838 1031 889 1062 der
898 1029 964 1062 Na⸗

174 1101 236 1133 tion
249 1097 290 1130 im
299 1094 419 1137 Ganzen
434 1091 580 1133 verlaſſen,
597 1090 684 1132 ſchien
699 1087 759 1128 ihm
766 1088 860 1128 nichts
875 1082 963 1124 uͤbrig

174 1169 210 1203 zu
229 1158 357 1198 bleiben,
388 1158 434 1190 als
457 1155 511 1194 auf
528 1153 600 1193 ſeine
621 1152 714 1192 eigene
734 1148 904 1191 Sicherheit
920 1147 968 1179 be⸗

176 1219 261 1261 dacht
283 1225 316 1259 zu
336 1216 414 1259 ſeyn.
463 1212 506 1247 Er
525 1219 577 1253 zog
597 1210 670 1252 ſeine
687 1208 816 1250 wenigen
830 1204 968 1247 Truppen

178 1277 350 1320 zuſammen,
373 1276 430 1317 ließ
443 1276 490 1310 die
503 1270 693 1313 Gefangenen
710 1266 883 1312 bewaffnen.
904 1266 968 1299 Und

179 1343 221 1374 da
239 1347 269 1372 er
280 1339 327 1372 die
339 1334 513 1378 Oeſtreicher
550 1329 586 1376 an
587 1334 653 1366 dem
666 1328 849 1370 Eindringen
871 1327 901 1358 in
913 1328 971 1358 das

178 1395 262 1446 Reich
279 1393 355 1444 nicht
362 1395 483 1434 hindern
490 1392 602 1432 konnte,
624 1390 715 1431 ſuchte
728 1398 757 1421 er
772 1389 856 1426 ihnen
865 1385 973 1424 wenig⸗

184 1459 258 1500 ſtens
272 1458 360 1498 durch
367 1452 568 1495 Verramlung
579 1453 638 1483 und
646 1445 833 1491 Zerſtoͤhrung
847 1447 897 1479 der
906 1445 974 1478 We⸗

185 1527 222 1558 ge
235 1520 290 1553 das
305 1515 492 1556 Vordringen
508 1520 540 1552 zu
555 1508 735 1550 erſchweren.

249 1575 346 1611 Allein
366 1573 435 1613 auch
458 1571 527 1613 dieſe
548 1566 761 1610 Bemuͤhungen
775 1564 885 1599 blieben
905 1562 978 1595 ohne

191 1637 344 1680 erhebliche
365 1634 521 1676 Wirkung.
577 1631 640 1668 Die
660 1628 819 1672 Deutſchen
848 1626 979 1659 betraten

194 1712 242 1738 am
256 1693 331 1734 ſechs
350 1693 408 1723 und
429 1686 611 1729 zwanzigſten
627 1686 705 1726 Jun.
719 1686 772 1716 den
789 1679 981 1723 neapolitani⸗

193 1755 273 1798 ſchen
287 1752 408 1796 Boden.
457 1751 516 1786 Ein
527 1746 671 1793 Manifeſt
683 1750 735 1781 des
747 1746 864 1788 Grafen
878 1741 984 1778 Mar⸗
