2515 2890
841 513 922 588 318

1127 521 1346 588 Hiſtoria
1391 531 1484 581 vom
1509 520 1667 583 Leiden
1718 516 1910 588 Chriſti.

841 641 1065 720 ſchlug?
1107 647 1236 712 Und
1249 641 1374 705 viel
1389 642 1590 713 andere
1605 638 1910 725 Laͤſterung
1924 634 2114 721 ſagten
2132 639 2198 728 ſie

839 723 1022 797 wider
1065 719 1186 796 ihn.
1229 714 1316 786 g)

928 790 1073 874 Des
1105 780 1362 879 Morgens
1393 786 1519 869 aber
1525 790 1962 877 verſammleten
1973 791 2070 881 ſich
2092 786 2201 869 alle

839 874 1261 970 Hoheprieſter,
1281 877 1813 970 Schriftgelehrten
1827 891 1953 962 und
1967 891 2058 964 die
2074 884 2205 969 Ael⸗

839 976 1012 1056 teſten
1027 978 1129 1047 des
1154 976 1378 1057 Volks,
1402 975 1541 1055 dazu
1564 973 1662 1046 der
1677 986 1846 1055 ganze
1862 979 2064 1054 Rath,
2082 978 2206 1050 und

841 1063 1048 1145 hielten
1066 1062 1229 1136 einen
1250 1063 1427 1145 Rath
1445 1063 1581 1137 uͤber
1596 1060 1841 1149 Jeſum,
1866 1063 1977 1142 daß
1989 1064 2066 1142 ſie
2085 1066 2206 1141 ihm

839 1163 969 1229 zum
980 1145 1756 1233 Tobehuͤlfen,
1397 1141 1479 1223 und
1503 1145 1756 1233 fuͤhreten
1770 1146 1867 1220 ihn
1879 1145 2094 1225 hinauf
2107 1148 2205 1231 fuͤr

837 1225 1002 1310 ihren
1043 1232 1205 1313 Rath,
1241 1225 1331 1304 und
1335 1233 1622 1316 ſprachen:
1639 1233 1789 1317 Biſt
1801 1238 1877 1308 du
1888 1232 2208 1318 Chriſtus?

837 1314 975 1400 ſags
1000 1321 1164 1388 uns.
1203 1318 1298 1389 Er
1322 1316 1510 1401 ſprach
1538 1334 1603 1394 zu
1626 1318 1832 1403 ihnen:
1875 1315 2059 1405 Sage
2087 1315 2209 1398 ichs

838 1396 1002 1477 euch,
1020 1381 1072 1478 ſo
1083 1388 1326 1478 glaͤubet
1344 1386 1424 1474 ihr
1443 1385 1646 1479 nicht;
1669 1399 1855 1478 frage
1869 1399 1954 1476 ich
1967 1396 2134 1473 aber,
2149 1391 2207 1484 ſo

840 1483 1170 1554 antwortet
1184 1477 1274 1557 ihr
1285 1487 1472 1561 nicht,
1486 1481 1607 1553 und
1620 1483 1783 1565 laſſet
1798 1487 1943 1562 mich
1959 1483 2206 1567 dennoch

838 1567 995 1652 nicht
996 1549 1137 1630 los.
1157 1565 1408 1647 Darum
1408 1565 1534 1639 von
1549 1559 1657 1640 nun
1688 1580 1759 1640 an
1790 1568 1925 1642 wird
1956 1559 2052 1644 des
2083 1571 2210 1651 Men⸗

836 1652 1003 1739 ſchen
1029 1652 1159 1745 Sohn
1211 1656 1358 1745 ſitzen
1383 1652 1473 1744 zur
1474 1658 1704 1743 rechten
1715 1659 1896 1747 Hand
1916 1663 2012 1736 der
2022 1661 2209 1746 Kraft

840 1756 1093 1820 Gottes.
1188 1753 1305 1830 Da
1334 1749 1593 1826 ſprachen
1622 1751 1691 1824 ſie
1725 1755 1875 1822 alle:
1938 1753 2088 1827 Biſt
2129 1755 2207 1823 du

835 1825 985 1899 denn
1006 1807 1245 1903 Gottes
1265 1818 1508 1902 Sohn?
1545 1824 1665 1898 Er
1689 1817 1879 1908 ſprach
1908 1833 1974 1905 zu
2005 1820 2209 1902 ihnen:

837 1893 943 1982 Jhr
979 1894 1197 1998 ſagets,
1218 1893 1332 1984 denn
1359 1894 1438 1992 ich
1438 1894 1597 1987 bins.
1656 1897 1749 1998 Sie
1776 1904 1890 1993 aber
1914 1905 2207 1992 ſprachen:

829 1961 980 2080 Was
1015 1981 1231 2086 duͤrfen
1248 1986 1372 2065 wir
1387 1987 1590 2072 weiter
1600 1987 1910 2080 Zeugniß?
1937 1989 2096 2074 Wir
2115 1985 2209 2076 ha⸗

834 2091 982 2166 bens
992 2083 1146 2174 ſelbſt
1160 2087 1392 2176 gehoͤret
1406 2090 1520 2159 aus
1540 2092 1742 2167 ſeinem
1750 2074 2004 2171 Munde.
2048 2091 2130 2166 h)

924 2169 1061 2247 Und
1074 2169 1177 2245 der
1186 2178 1362 2269 ganze
1381 2150 1586 2258 Haufe
1601 2165 1764 2256 ſtund
1785 2170 1912 2255 auf,
1930 2173 2053 2242 und
2073 2168 2209 2245 bun⸗

833 2229 942 2332 den
975 2240 1185 2355 Jeſum,
1209 2229 1470 2347 fuͤhreten
1486 2253 1588 2342 ihn
1637 2255 1730 2341 von
1762 2240 1956 2338 Caipha
1985 2243 2087 2339 fuͤr
2101 2256 2211 2331 das

2008 2357 2213 2419 Richt⸗

901 2430 945 2480 g)
969 2428 1095 2467 Matth.
1107 2432 1232 2475 XXVI,
1249 2435 1376 2477 67.
1335 2432 1396 2483 68.
1410 2434 1520 2468 Marc.
1533 2433 1625 2472 XIV,
1639 2433 1699 2476 65.
1730 2430 1812 2466 Luc.
1827 2432 1937 2471 XXII,
1948 2433 2008 2476 63.
2019 2430 2081 2475 64.
2099 2429 2157 2476 65.

901 2481 947 2530 h)
973 2482 1054 2518 Luc.
1070 2481 1243 2525 XXII,
1209 2473 1244 2523 66
1259 2502 1272 2509 -
1297 2489 1351 2527 71.
1388 2474 1520 2527 Matth.
1545 2473 1668 2531 XXVII,
1691 2492 1725 2520 1.
1745 2481 1859 2518 Marc.
1873 2482 1948 2527 XV,
1968 2491 2021 2522 1.
