1649 2544
1058 374 1130 421 818

641 438 830 500 geweſen:
856 442 938 489 und
964 449 1054 491 war
1070 447 1134 493 der
1150 445 1251 497 Adel
1264 444 1372 504 leicht
1383 455 1433 509 zu
1446 446 1544 498 bere⸗

642 503 738 554 den/
761 499 839 551 daß
860 501 973 547 unter
987 499 1089 549 einer
1105 509 1228 551 neuen
1242 499 1476 565 Regierung
1489 497 1545 555 ih⸗

640 568 719 608 nen
733 559 845 616 ſolche
860 558 1062 619 Freyheit/
1089 567 1175 613 oder
1190 564 1375 622 vielmehr
1401 564 1544 621 Muth⸗

639 619 794 673 willen/
811 618 904 672 nicht
913 620 1042 670 wuͤrde
1057 615 1234 684 geſtattet
1242 618 1424 676 werden.
1429 628 1543 680 Dem

641 679 844 736 gemeinen
852 680 997 731 Mann
1009 684 1190 735 machten
1198 686 1256 733 die
1264 685 1438 742 Pfaffen
1447 689 1543 735 ban⸗

642 740 713 789 ge/
739 730 787 786 ſie
818 733 979 783 wuͤrden
1005 738 1074 785 ins
1105 734 1288 796 kuͤnfftige
1316 739 1422 796 nicht
1435 737 1543 793 mehr

643 790 790 848 doͤrffen
798 796 876 840 ans
882 792 1065 851 Fegfeuer
1079 794 1267 853 glauben/
1299 803 1381 848 und
1395 810 1465 850 vor
1473 805 1542 849 den

641 846 812 906 Bildern
833 846 1123 906 niederknyen.
1150 853 1229 904 So
1227 846 1364 906 hatten
1385 847 1464 912 auch
1489 853 1544 901 die

642 905 855 959 Soldaten
874 913 930 952 an
946 905 1068 953 vielen
1083 907 1216 960 Orten
1244 906 1333 958 uͤbel
1350 903 1544 970 gehauſet/

640 969 740 1013 was
765 962 831 1020 fuͤr
848 965 994 1025 ſtrenge
1008 967 1197 1026 Diſciplin
1210 970 1309 1025 auch
1332 975 1398 1021 der
1409 970 1544 1025 Koͤnig

639 1031 690 1080 zu
703 1023 833 1079 halten
844 1023 915 1082 ſich
930 1016 1142 1080 bemuͤhete.
1170 1029 1275 1081 Daß
1282 1040 1383 1078 man
1389 1033 1461 1084 ſich
1468 1038 1542 1076 we⸗

639 1085 715 1138 gen
729 1078 951 1135 Brechung
966 1078 1035 1124 des
1051 1076 1171 1135 Eyds
1185 1078 1268 1127 kein
1279 1081 1377 1138 groß
1387 1075 1540 1134 Gewiſ⸗

638 1143 699 1198 ſen
713 1135 883 1199 machte/
912 1137 965 1182 da
979 1135 1130 1191 wuſten
1144 1138 1204 1185 die
1215 1131 1390 1200 Pfaffen
1403 1145 1464 1189 ein
1473 1136 1540 1199 gut

634 1194 792 1239 Recept
813 1200 897 1240 vor.
953 1194 1094 1249 Ward
1123 1195 1223 1252 alſo/
1250 1196 1314 1255 ehe
1331 1207 1434 1248 man
1447 1197 1539 1257 ſichs

636 1242 813 1309 verſahe/
822 1252 886 1299 ein
901 1250 1113 1309 Auffſtand
1131 1253 1247 1309 durch
1259 1257 1370 1315 gantz
1386 1242 1540 1318 Polen/

633 1311 716 1354 und
725 1309 848 1364 fiel
806 1308 863 1370 die
857 1307 1001 1358 Armee
1016 1309 1093 1358 mit
1108 1308 1215 1365 ihren
1231 1313 1477 1372 Generalen/
1504 1309 1537 1365 ſo

634 1370 739 1421 nicht
754 1371 867 1425 lange
879 1371 1017 1427 vorher
1033 1371 1175 1428 Koͤnig
1198 1376 1347 1420 Carolo
1365 1382 1535 1423 Guſtavo

631 1422 905 1494 geſchworen/
922 1432 1068 1479 wieder
1073 1425 1130 1482 zu
1127 1430 1269 1492 Koͤnig
1269 1432 1444 1493 Johann
1453 1437 1536 1487 Ca⸗

632 1481 766 1540 ſimir/
795 1486 876 1533 und
889 1489 1053 1535 wurden
1065 1478 1137 1542 hin
1150 1492 1233 1536 und
1245 1494 1387 1540 wieder
1398 1493 1442 1543 in
1465 1495 1535 1540 den

631 1540 777 1593 kleinen
793 1539 981 1594 Staͤdten
1000 1544 1082 1592 und
1096 1543 1190 1602 auff
1199 1549 1291 1594 dem
1307 1546 1444 1600 Lande
1462 1541 1534 1599 viel

621 1601 906 1661 Schwediſche
921 1603 1157 1661 Soldaten/
1176 1608 1216 1661 ſo
1229 1609 1323 1663 auff
1325 1614 1399 1658 den
1412 1616 1533 1665 Wer⸗

626 1661 791 1719 bungen
791 1662 879 1718 oder
891 1660 1165 1724 Salvaguardie
1167 1656 1300 1726 lagen/
1310 1667 1534 1726 erſchlagen.

628 1718 872 1776 Sonderlich
886 1722 1004 1779 gieng
1019 1727 1063 1771 es
1077 1726 1121 1770 in
1131 1724 1345 1778 Litthauen
1360 1730 1533 1780 ſchlimm

623 1775 721 1838 her/
739 1782 792 1827 da
804 1776 1055 1835 verſchiedene
1070 1782 1346 1838 Schwediſche
1373 1788 1533 1836 Troup⸗

621 1832 722 1890 pen/
737 1830 774 1886 ſo
791 1831 834 1878 in
848 1830 1089 1885 Quartieren
1102 1830 1215 1891 ſicher
1230 1839 1313 1884 und
1339 1833 1531 1894 zerſtreuet

617 1890 768 1951 lagen/
768 1890 991 1952 zuGrunde
998 1898 1176 1955 giengen.
1203 1897 1370 1954 Dieſem
1378 1903 1529 1950 Unwe⸗

618 1948 682 2000 ſen
693 1953 756 2008 nun
773 1948 814 1994 in
831 1947 890 1992 der
911 1944 988 2006 Zeit
1008 1944 1049 2010 zu
1050 1946 1270 2009 begegnen/
1300 1958 1382 2001 und
1392 1950 1529 2006 Koͤnig

618 2004 825 2063 Caſimirs
851 2010 1083 2064 zuſammen
1097 2000 1270 2072 geraffte
1289 2016 1460 2066 Voͤlcker
1479 2019 1527 2062 zu

615 2062 853 2120 zerſtreuen/
873 2063 997 2118 machte
1017 2062 1088 2122 ſich
1096 2064 1239 2125 Koͤnig
1252 2068 1357 2119 Carl
1364 2069 1527 2124 Guſtav

616 2120 711 2165 noch
724 2120 786 2160 im
802 2115 930 2167 tieffen
945 2114 1112 2166 Winter
1127 2117 1205 2165 mit
1213 2121 1278 2165 der
1285 2119 1432 2171 Armee
1440 2110 1532 2172 auff

614 2180 695 2224 aus
717 2175 916 2238 Preuſſen
944 2181 987 2227 in
1014 2175 1182 2242 Polen/
1219 2183 1385 2239 zugleich
1403 2182 1524 2235 verſu⸗

613 2234 780 2297 chende/
806 2231 860 2282 ob
860 2235 900 2282 er
900 2232 964 2284 die
981 2233 1219 2295 abgefallene
1234 2239 1424 2297 Polaken
1432 2240 1524 2286 wie⸗

1359 2297 1528 2346 derumb
