1789 2742
595 560 688 600 rung
707 549 763 590 ein
783 551 866 587 oder
881 555 972 598 zwey
988 545 1102 597 Tage,
1122 547 1156 596 je
1171 544 1335 590 nachdem
1351 547 1419 585 das
1435 545 1537 587 Wet⸗

598 620 650 652 ter
677 619 790 649 warm
818 611 886 648 und
917 609 1043 649 trocken
1068 607 1121 656 iſt.
1185 606 1284 648 Man
1311 603 1405 655 faͤhrt
1425 603 1536 644 damit

598 675 681 722 fort,
714 671 771 710 bis
791 673 855 711 das
873 669 975 711 Gras
995 670 1032 709 in
1053 668 1106 709 die
1126 668 1263 717 Bluͤhte
1282 664 1368 713 tritt,
1398 662 1538 713 waͤſſert

600 730 654 770 die
683 725 769 780 letzte
794 724 870 776 Zeit
895 713 980 767 aber
1012 725 1091 776 bloß
1119 724 1191 765 eine
1210 722 1340 773 Nacht.
1403 719 1458 767 Jſt
1478 723 1537 762 der

599 790 848 843 Wieſengrund
865 789 986 839 ſandig
1004 785 1074 829 und
1094 786 1347 838 durchlaſſend,
1374 787 1427 828 die
1445 784 1539 827 Wit⸗

600 862 722 905 terung
748 854 838 903 nicht
862 855 938 904 ſehr
964 853 1093 901 feucht,
1125 854 1160 902 ſo
1189 852 1277 890 kann
1294 861 1331 889 er
1346 848 1413 890 alle
1437 861 1458 900 5
1480 847 1539 889 bis

603 909 627 945 6
647 905 747 955 Tage
774 906 850 945 eine
876 903 1158 954 Ueberrieſelung
1184 912 1253 940 von
1284 910 1336 948 24
1365 900 1540 940 Stunden

601 983 786 1023 ertragen;
817 973 858 1019 iſt
878 980 918 1011 es
937 972 1106 1022 lehmiger
1123 972 1273 1013 Boden,
1278 965 1316 1022 ſo
1357 968 1398 1017 iſt
1414 976 1454 1009 es
1473 967 1540 1009 alle

606 1048 656 1074 10
687 1032 743 1073 bis
778 1045 829 1071 12
850 1029 954 1082 Tage
980 1027 1209 1075 hinreichend.
1280 1026 1357 1078 Auf
1382 1028 1540 1074 erſterem

600 1101 640 1149 iſt
663 1099 715 1139 die
733 1095 906 1144 Wirkung
925 1091 1068 1135 allemal
1085 1093 1224 1141 ſtaͤrker.

694 1189 795 1237 Nach
812 1183 1049 1234 Abbringung
1071 1183 1132 1224 des
1153 1182 1258 1229 erſten
1274 1178 1413 1227 Heues,
1442 1177 1542 1230 faͤngt

604 1255 690 1285 man
714 1242 819 1294 gleich
845 1241 973 1284 wieder
995 1253 1037 1292 zu
1063 1237 1253 1291 bewaͤſſern
1267 1247 1355 1287 an;
1370 1240 1440 1277 und
1459 1237 1544 1277 wie⸗

607 1309 742 1358 derholt
761 1310 840 1348 das,
860 1310 943 1355 nach
954 1302 1230 1356 Beſchaffenheit
1249 1306 1308 1343 der
1326 1301 1543 1350 Witterung,

605 1359 688 1410 nach
712 1376 759 1418 8,
797 1371 848 1407 14
866 1354 990 1406 Tagen
1009 1360 1096 1398 oder
1113 1359 1194 1406 drey
1211 1355 1379 1404 Wochen.

691 1455 934 1509 Torfartigem
952 1457 1078 1499 Boden
1095 1451 1268 1496 bekoͤmmt
1284 1452 1453 1504 natuͤrlich
1471 1452 1546 1492 eine

608 1520 727 1569 oͤftere,
747 1517 834 1560 aber
849 1516 959 1570 kurze,
977 1513 1230 1566 Bewaͤſſerung
1248 1524 1310 1554 am
1327 1509 1451 1561 beſten.
1492 1511 1546 1554 Er

608 1580 726 1630 ſauget
753 1573 818 1620 das
837 1575 973 1629 Waſſer
1001 1578 1087 1624 ſtark
1112 1573 1186 1616 ein,
1217 1566 1362 1616 trocknet
1386 1571 1470 1614 aber
1495 1569 1547 1611 im

609 1642 787 1685 Sommer
801 1642 886 1690 auch
906 1637 987 1680 bald
1004 1637 1132 1681 wieder
1149 1641 1233 1678 aus.

629 1734 635 1742 Jn
783 1734 913 1777 keinem
939 1733 1020 1784 Fall
1045 1730 1250 1784 wiederholt
1274 1740 1360 1771 man
1383 1728 1466 1776 auch
1493 1727 1548 1771 die

609 1788 912 1838 Ueberrieſelung,
946 1788 1051 1826 bevor
1069 1789 1127 1826 der
1143 1784 1272 1825 Boden
1290 1792 1359 1823 von
1379 1785 1439 1822 der
1457 1779 1580 1833 vori⸗

608 1862 671 1903 gen
689 1851 816 1892 wieder
832 1842 1065 1903 abgetrocknet
1080 1851 1136 1899 iſt.

702 2124 817 2168 Ueber
844 2123 899 2166 die
924 2123 1073 2169 Koſten,
1099 2119 1221 2168 welche
1249 2120 1303 2162 die
1321 2118 1463 2166 Anlage
1487 2116 1549 2159 der

613 2177 1014 2230 Bewaͤſſerungswieſen
1048 2177 1248 2226 erfordert,
1297 2177 1371 2222 laͤßt
1405 2171 1465 2221 ſich
1496 2174 1563 2216 im

614 2237 851 2300 Allgemeinen
873 2236 990 2298 nichts
1013 2240 1140 2290 ſagen,
1176 2240 1223 2280 da
1240 2236 1347 2291 dieſes
1364 2242 1452 2287 ganz
1470 2245 1551 2275 vom
