<?xml version="1.0" encoding="utf-8"?>
<PcGts xmlns="http://schema.primaresearch.org/PAGE/gts/pagecontent/2019-07-15" xmlns:xsi="http://www.w3.org/2001/XMLSchema-instance" pcGtsId="PAGE_01" xsi:schemaLocation="http://schema.primaresearch.org/PAGE/gts/pagecontent/2019-07-15 http://schema.primaresearch.org/PAGE/gts/pagecontent/2019-07-15/pagecontent.xsd">
  <Metadata>
    <Creator>OCR-D DFG Phase III</Creator>
    <Created>2024-01-19T13:10:10Z</Created>
    <LastChange>2024-01-19T13:10:10Z</LastChange>
    <Comments>ODEM: OCR-D extension for mass digitization (2021-2024)</Comments>
  </Metadata>
  <Page imageFilename="https://opendata.uni-halle.de/retrieve/73be682b-08f3-432f-a191-ebbc6e383061/00000098.jpg" imageWidth="2712" imageHeight="4248" type="content" primaryLanguage="German">
    <Border>
      <Coords points="844,665 2397,665 2397,3420 844,3420"/>
    </Border>
    <ReadingOrder>
      <OrderedGroup id="ro_1651135066289" caption="Regions reading order">
        <RegionRefIndexed index="0" regionRef="region0006"/>
        <RegionRefIndexed index="1" regionRef="TextRegion_1651134662249_5950"/>
        <RegionRefIndexed index="2" regionRef="TextRegion_1651134662249_5949"/>
        <RegionRefIndexed index="3" regionRef="TextRegion_1651134658338_5941"/>
      </OrderedGroup>
    </ReadingOrder>
    <TextRegion orientation="-0.6522282" type="heading" readingDirection="left-to-right" id="region0006" custom="readingOrder {index:0;} structure {type:heading;}">
      <Coords points="1329,987 1930,987 1930,1200 1329,1200"/>
      <TextLine id="region0006_line0001" custom="readingOrder {index:0;}">
        <Coords points="1374,1031 1364,1034 1329,1033 1329,1145 1456,1148 1457,1156 1463,1164 1477,1165 1487,1159 1494,1148 1582,1149 1588,1159 1604,1159 1611,1150 1629,1149 1802,1149 1807,1153 1816,1153 1823,1149 1929,1150 1929,1051 1909,1051 1899,1047 1884,1049 1843,1048 1819,1040 1805,1040 1789,1045 1735,1042 1730,1038 1699,1039 1691,1043 1635,1043 1630,1039 1605,1034 1592,1042 1557,1042 1543,1041 1535,1034 1526,1033 1516,1038 1496,1038 1484,1032 1472,1032 1463,1036"/>
        <Word id="region0006_line0001_word0000" custom="readingOrder {index:0;}">
          <Coords points="1927,1149 1928,1074 1333,1067 1332,1145 1456,1148 1457,1156 1463,1164 1477,1165 1487,1159 1494,1148 1582,1149 1588,1159 1604,1159 1611,1150 1629,1149 1802,1149 1807,1153 1816,1153 1823,1149"/>
          <TextEquiv>
            <Unicode>Schluß⸗Gebet.</Unicode>
          </TextEquiv>
        </Word>
        <TextEquiv>
          <Unicode>Schluß⸗Gebet.</Unicode>
        </TextEquiv>
      </TextLine>
      <TextEquiv>
        <Unicode>Schluß⸗Gebet.</Unicode>
      </TextEquiv>
    </TextRegion>
    <TextRegion orientation="-0.6522282" type="drop-capital" readingDirection="left-to-right" id="TextRegion_1651134662249_5950" custom="readingOrder {index:1;} structure {type:drop-capital;}">
      <Coords points="866,1195 1098,1195 1085,1462 853,1462"/>
      <TextLine id="line_1651134675288_5964" custom="readingOrder {index:0;}">
        <Coords points="859,1199 1091,1200 1085,1361 1085,1443 853,1420 853,1345"/>
        <Word id="word_1651134678951_5969" custom="readingOrder {index:0;}">
          <Coords points="885,1216 1085,1218 1085,1351 1071,1424 1012,1426 936,1425 876,1421 876,1320"/>
          <TextEquiv>
            <Unicode>N</Unicode>
          </TextEquiv>
        </Word>
        <TextEquiv>
          <Unicode>N</Unicode>
        </TextEquiv>
      </TextLine>
      <TextEquiv>
        <Unicode>N</Unicode>
      </TextEquiv>
    </TextRegion>
    <TextRegion orientation="-0.6522282" readingDirection="left-to-right" id="TextRegion_1651134662249_5949" custom="readingOrder {index:2;}">
      <Coords points="1085,1264 2397,1264 2397,1462 1085,1462"/>
      <TextLine id="line_1651134662279_5952" custom="readingOrder {index:0;}">
        <Coords points="1085,1265 1111,1264 1187,1267 1197,1264 1219,1265 1221,1270 1231,1271 1323,1276 1329,1269 1340,1269 1348,1275 1382,1277 1386,1264 1410,1265 1411,1277 1419,1279 1423,1276 1466,1278 1602,1275 1612,1266 1629,1266 1637,1274 1666,1275 1684,1266 1692,1266 1699,1269 1703,1276 1720,1276 1728,1268 1747,1268 1755,1280 1770,1281 1819,1281 1827,1271 1840,1269 1850,1280 1863,1282 1864,1275 1870,1267 1881,1266 1889,1270 1893,1283 1924,1284 2017,1275 2024,1272 2087,1272 2169,1267 2228,1269 2235,1264 2243,1264 2253,1269 2288,1271 2316,1267 2329,1273 2363,1278 2382,1274 2388,1280 2397,1281 2397,1361 2288,1361 2285,1368 2273,1368 2262,1361 2115,1366 1927,1363 1919,1373 1909,1376 1887,1374 1875,1362 1841,1360 1751,1358 1743,1362 1735,1361 1730,1357 1649,1355 1585,1358 1446,1356 1433,1369 1416,1371 1404,1369 1395,1356 1348,1352 1217,1350 1213,1353 1168,1350 1119,1352 1085,1351"/>
        <Word id="word_1651134662279_5954" custom="readingOrder {index:0;}">
          <Coords points="1085,1281 1176,1282 1175,1350 1168,1350 1119,1352 1085,1351"/>
          <TextEquiv>
            <Unicode>Un</Unicode>
          </TextEquiv>
        </Word>
        <Word id="region0007_line0001_word0001" custom="readingOrder {index:1;}">
          <Coords points="1273,1350 1274,1280 1195,1279 1194,1351 1213,1353 1217,1350"/>
          <TextEquiv conf="0.9299316">
            <Unicode>du</Unicode>
          </TextEquiv>
        </Word>
        <Word id="region0007_line0001_word0002" custom="readingOrder {index:2;}">
          <Coords points="1348,1275 1324,1274 1323,1276 1297,1275 1296,1351 1348,1352 1395,1356 1404,1369 1408,1370 1426,1370 1433,1369 1446,1356 1504,1357 1505,1277 1466,1278 1423,1276 1419,1279 1411,1277 1411,1276 1383,1275 1382,1277 1348,1275"/>
          <TextEquiv conf="0.9295065">
            <Unicode>ewiger</Unicode>
          </TextEquiv>
        </Word>
        <Word id="region0007_line0001_word0003" custom="readingOrder {index:3;}">
          <Coords points="1645,1355 1646,1283 1528,1282 1527,1357 1594,1357"/>
          <TextEquiv conf="0.92804855">
            <Unicode>und</Unicode>
          </TextEquiv>
        </Word>
        <Word id="region0007_line0001_word0004" custom="readingOrder {index:4;}">
          <Coords points="1897,1283 1671,1281 1670,1355 1730,1357 1735,1361 1743,1362 1751,1358 1841,1360 1875,1362 1887,1374 1909,1376 1919,1373 1927,1363 1986,1363 1987,1284 1929,1283 1924,1284"/>
          <TextEquiv conf="0.909734">
            <Unicode>lebendiger</Unicode>
          </TextEquiv>
        </Word>
        <Word id="region0007_line0001_word0005" custom="readingOrder {index:5;}">
          <Coords points="2287,1362 2288,1289 2009,1286 2008,1364 2115,1366 2262,1361 2273,1368 2285,1368"/>
          <TextEquiv conf="0.8864754">
            <Unicode>GOTT,</Unicode>
          </TextEquiv>
        </Word>
        <Word id="region0007_line0001_word0006" custom="readingOrder {index:6;}">
          <Coords points="2380,1361 2381,1292 2305,1291 2304,1361"/>
          <TextEquiv conf="0.9269326">
            <Unicode>du</Unicode>
          </TextEquiv>
        </Word>
        <TextEquiv>
          <Unicode>Un du ewiger und lebendiger GOTT, du</Unicode>
        </TextEquiv>
      </TextLine>
      <TextLine id="line_1651134662280_5956" custom="readingOrder {index:1;}">
        <Coords points="1085,1361 1115,1361 1139,1368 1150,1361 1159,1361 1174,1364 1179,1375 1218,1379 1252,1379 1257,1371 1274,1365 1288,1366 1293,1379 1352,1380 1361,1370 1374,1369 1384,1380 1432,1383 1465,1381 1471,1376 1483,1374 1494,1374 1499,1377 1516,1374 1522,1381 1527,1381 1635,1375 1641,1372 1655,1374 1661,1378 1755,1384 1767,1371 1784,1371 1793,1376 1797,1373 1825,1371 1833,1378 1835,1386 1954,1386 1960,1377 1970,1375 1981,1376 1986,1386 1996,1386 2002,1377 2016,1375 2022,1379 2024,1387 2094,1389 2170,1384 2187,1373 2202,1373 2206,1376 2208,1384 2219,1383 2227,1372 2232,1370 2245,1372 2251,1380 2261,1372 2262,1364 2266,1365 2273,1369 2284,1369 2283,1385 2354,1386 2362,1379 2371,1379 2377,1385 2385,1385 2391,1379 2397,1379 2397,1464 2283,1462 2271,1473 2258,1470 2252,1461 2161,1463 2153,1464 2144,1474 2132,1477 2114,1476 2103,1465 2078,1464 2070,1475 2058,1476 2052,1472 2050,1464 2042,1463 1987,1461 1981,1467 1973,1467 1966,1461 1936,1461 1926,1477 1914,1476 1910,1470 1909,1461 1831,1463 1820,1473 1803,1471 1799,1462 1777,1462 1772,1474 1759,1476 1754,1471 1753,1462 1616,1463 1603,1456 1593,1455 1586,1462 1496,1461 1396,1455 1370,1457 1366,1454 1349,1455 1340,1448 1329,1452 1319,1447 1314,1451 1299,1448 1291,1455 1255,1454 1251,1462 1238,1465 1226,1464 1220,1455 1171,1454 1169,1460 1161,1465 1147,1466 1137,1462 1131,1453 1104,1450 1085,1443"/>
        <Word id="region0007_line0002_word0001" custom="readingOrder {index:0;}">
          <Coords points="1127,1364 1127,1444 1395,1447 1395,1380 1384,1380 1374,1369 1361,1370 1352,1380 1293,1379 1288,1366 1274,1365 1257,1371 1252,1379 1218,1379 1179,1375 1174,1364 1159,1361 1150,1361 1139,1368"/>
          <TextEquiv>
            <Unicode>Heyland</Unicode>
          </TextEquiv>
        </Word>
        <Word id="region0007_line0002_word0002" custom="readingOrder {index:1;}">
          <Coords points="1426,1382 1426,1418 1573,1420 1573,1378 1527,1381 1522,1381 1516,1374 1499,1377 1494,1374 1483,1374 1471,1376 1465,1381 1432,1383"/>
          <TextEquiv conf="0.93277335">
            <Unicode>aller</Unicode>
          </TextEquiv>
        </Word>
        <Word id="region0007_line0002_word0003" custom="readingOrder {index:2;}">
          <Coords points="1606,1376 1606,1431 1929,1435 1929,1386 1835,1386 1833,1378 1825,1371 1797,1373 1793,1376 1784,1371 1767,1371 1755,1384 1661,1378 1655,1374 1641,1372 1635,1375"/>
          <TextEquiv conf="0.9134243">
            <Unicode>Menſchen,</Unicode>
          </TextEquiv>
        </Word>
        <Word id="region0007_line0002_word0004" custom="readingOrder {index:3;}">
          <Coords points="1962,1376 1962,1433 2074,1434 2074,1388 2024,1387 2022,1379 2016,1375 2002,1377 1996,1386 1986,1386 1981,1376 1970,1375"/>
          <TextEquiv conf="0.9290628">
            <Unicode>dir,</Unicode>
          </TextEquiv>
        </Word>
        <Word id="region0007_line0002_word0005" custom="readingOrder {index:4;}">
          <Coords points="2110,1387 2110,1436 2397,1439 2397,1379 2391,1379 2385,1385 2377,1385 2371,1379 2362,1379 2354,1386 2283,1385 2284,1369 2273,1369 2266,1365 2262,1364 2261,1372 2251,1380 2245,1372 2232,1370 2227,1372 2219,1383 2208,1384 2206,1376 2202,1373 2187,1373 2170,1384"/>
          <TextEquiv conf="0.90356207">
            <Unicode>gebuͤhret</Unicode>
          </TextEquiv>
        </Word>
        <TextEquiv>
          <Unicode>Heyland aller Menſchen, dir, gebuͤhret</Unicode>
        </TextEquiv>
      </TextLine>
      <TextEquiv>
        <Unicode>Un du ewiger und lebendiger GOTT, du
Heyland aller Menſchen, dir, gebuͤhret</Unicode>
      </TextEquiv>
    </TextRegion>
    <TextRegion orientation="-0.6522282" readingDirection="left-to-right" id="TextRegion_1651134658338_5941" custom="readingOrder {index:3;}">
      <Coords points="853,1462 2397,1462 2397,3315 853,3315"/>
      <TextLine id="region0007_line0003" custom="readingOrder {index:0;}">
        <Coords points="1319,1448 1314,1452 1297,1449 1292,1455 1297,1463 1286,1463 1280,1473 1273,1474 1173,1473 1114,1465 1106,1457 1088,1457 1080,1461 1075,1457 1057,1456 1039,1456 1030,1460 976,1460 970,1454 936,1453 915,1460 854,1462 854,1539 1079,1546 1089,1554 1100,1554 1110,1546 1170,1547 1172,1556 1177,1560 1191,1558 1198,1546 1346,1552 1353,1557 1378,1552 1385,1558 1393,1559 1401,1553 1547,1556 1612,1560 1619,1569 1632,1573 1647,1573 1661,1564 1665,1571 1677,1572 1687,1561 1694,1561 1700,1557 1715,1561 1779,1562 1786,1574 1795,1574 1805,1565 1816,1562 1844,1563 1852,1556 1859,1556 1869,1564 1948,1565 1955,1574 1965,1574 1974,1565 1997,1564 2105,1567 2111,1563 2125,1563 2131,1567 2157,1566 2162,1574 2171,1575 2179,1576 2183,1567 2201,1567 2203,1576 2214,1580 2223,1575 2226,1566 2277,1567 2282,1576 2292,1581 2316,1579 2328,1567 2397,1565 2396,1495 2360,1494 2362,1482 2352,1471 2339,1472 2331,1479 2330,1488 2321,1493 2243,1491 2241,1480 2230,1474 2210,1476 2201,1491 2054,1489 2046,1481 2038,1481 2030,1489 1993,1488 1988,1477 1977,1474 1961,1475 1951,1488 1877,1485 1869,1475 1855,1475 1845,1485 1830,1485 1820,1474 1802,1472 1794,1475 1786,1485 1732,1485 1727,1474 1712,1472 1705,1476 1699,1485 1615,1485 1538,1482 1529,1474 1521,1474 1513,1482 1483,1481 1476,1480 1471,1470 1463,1468 1454,1468 1438,1477 1412,1476 1402,1470 1377,1473 1354,1468 1351,1457 1340,1449 1329,1453"/>
        <Word id="region0007_line0003_word0000" custom="readingOrder {index:0;}">
          <Coords points="887,1540 995,1541 996,1469 883,1468 882,1539"/>
          <TextEquiv conf="0.9280766">
            <Unicode>alle</Unicode>
          </TextEquiv>
        </Word>
        <Word id="region0007_line0003_word0001" custom="readingOrder {index:1;}">
          <Coords points="1154,1470 1024,1469 1023,1544 1079,1546 1088,1553 1100,1553 1110,1546 1170,1547 1171,1554 1192,1554 1194,1552 1194,1473 1173,1473"/>
          <TextEquiv conf="0.9293289">
            <Unicode>Ehre,</Unicode>
          </TextEquiv>
        </Word>
        <Word id="word_1651134658372_5944" custom="readingOrder {index:2;}">
          <Coords points="1208,1473 1273,1474 1280,1473 1286,1463 1297,1463 1296,1462 1323,1462 1323,1543 1208,1541"/>
          <TextEquiv conf="0.9206987">
            <Unicode>und</Unicode>
          </TextEquiv>
        </Word>
        <Word id="word_1651134658373_5946" custom="readingOrder {index:3;}">
          <Coords points="1332,1462 1352,1462 1354,1468 1377,1473 1402,1470 1412,1476 1438,1477 1454,1468 1463,1468 1471,1470 1476,1480 1483,1481 1513,1482 1521,1474 1529,1474 1538,1482 1615,1485 1684,1485 1684,1560 1595,1558 1547,1556 1401,1553 1396,1556 1383,1556 1378,1552 1356,1556 1351,1556 1346,1552 1332,1551"/>
          <TextEquiv conf="0.9248573">
            <Unicode>Anbetung,</Unicode>
          </TextEquiv>
        </Word>
        <Word id="region0007_line0003_word0004" custom="readingOrder {index:4;}">
          <Coords points="1727,1474 1708,1474 1707,1475 1706,1559 1708,1559 1820,1560 1821,1475 1821,1475 1795,1475 1794,1475 1786,1485 1732,1485"/>
          <TextEquiv conf="0.9322902">
            <Unicode>daß</Unicode>
          </TextEquiv>
        </Word>
        <Word id="region0007_line0003_word0005" custom="readingOrder {index:5;}">
          <Coords points="1871,1478 1851,1478 1850,1479 1850,1552 1940,1553 1940,1487 1877,1485"/>
          <TextEquiv conf="0.92020506">
            <Unicode>du</Unicode>
          </TextEquiv>
        </Word>
        <Word id="region0007_line0003_word0006" custom="readingOrder {index:6;}">
          <Coords points="1988,1477 1959,1477 1952,1485 1952,1560 2007,1561 2007,1488 1993,1488"/>
          <TextEquiv conf="0.9287343">
            <Unicode>ſo</Unicode>
          </TextEquiv>
        </Word>
        <Word id="region0007_line0003_word0007" custom="readingOrder {index:7;}">
          <Coords points="2049,1484 2034,1484 2030,1489 2025,1488 2025,1564 2107,1565 2111,1563 2125,1563 2128,1565 2178,1566 2178,1490 2054,1489"/>
          <TextEquiv conf="0.9277039">
            <Unicode>treu,</Unicode>
          </TextEquiv>
        </Word>
        <Word id="region0007_line0003_word0008" custom="readingOrder {index:8;}">
          <Coords points="2235,1477 2209,1477 2204,1484 2204,1566 2226,1566 2258,1566 2258,1491 2243,1491 2241,1480"/>
          <TextEquiv conf="0.92265546">
            <Unicode>ſo</Unicode>
          </TextEquiv>
        </Word>
        <Word id="region0007_line0003_word0009" custom="readingOrder {index:9;}">
          <Coords points="2355,1475 2336,1475 2331,1479 2330,1488 2321,1493 2286,1492 2285,1567 2328,1567 2328,1567 2383,1565 2384,1495 2360,1494 2362,1482"/>
          <TextEquiv>
            <Unicode>guͤ⸗</Unicode>
          </TextEquiv>
        </Word>
        <TextEquiv>
          <Unicode>alle Ehre, und Anbetung, daß du ſo treu, ſo guͤ⸗</Unicode>
        </TextEquiv>
      </TextLine>
      <TextLine id="region0007_line0004" custom="readingOrder {index:1;}">
        <Coords points="1700,1558 1694,1562 1693,1570 1685,1570 1673,1576 1666,1584 1581,1581 1573,1576 1565,1576 1559,1579 1558,1572 1549,1568 1537,1569 1531,1580 1438,1580 1429,1575 1410,1577 1406,1580 1315,1577 1315,1568 1309,1561 1297,1560 1288,1567 1285,1576 1276,1576 1268,1563 1251,1563 1244,1557 1230,1559 1224,1565 1220,1576 1094,1572 1088,1560 1074,1558 1067,1562 1062,1571 939,1573 939,1563 935,1558 919,1557 913,1562 909,1572 902,1562 891,1563 882,1572 854,1571 854,1649 922,1652 927,1660 936,1665 960,1665 973,1653 1068,1651 1124,1655 1134,1668 1161,1668 1170,1663 1176,1655 1200,1654 1300,1655 1308,1667 1324,1668 1336,1666 1347,1658 1352,1664 1363,1664 1372,1655 1386,1656 1394,1666 1412,1670 1428,1664 1436,1655 1456,1654 1463,1665 1484,1668 1497,1664 1505,1655 1661,1657 1665,1654 1677,1654 1682,1657 1813,1657 1817,1660 1831,1656 1849,1660 1873,1658 1932,1662 2084,1661 2090,1667 2101,1664 2105,1667 2144,1664 2154,1668 2164,1668 2169,1665 2184,1666 2187,1669 2197,1669 2202,1666 2228,1666 2231,1669 2288,1668 2300,1669 2305,1677 2316,1683 2342,1678 2351,1670 2396,1670 2396,1595 2381,1595 2373,1586 2361,1587 2357,1595 2318,1595 2313,1593 2311,1581 2299,1580 2290,1583 2286,1594 2277,1594 2270,1583 2254,1581 2241,1593 2219,1593 2215,1581 2199,1577 2189,1585 2186,1594 2173,1594 2179,1587 2179,1577 2162,1575 2157,1567 2150,1567 2142,1576 2141,1588 2145,1594 2137,1589 2127,1589 2122,1593 2011,1591 2004,1580 1987,1581 1979,1590 1855,1588 1849,1584 1838,1586 1832,1578 1817,1578 1813,1587 1749,1587 1741,1578 1731,1578 1727,1585 1703,1585 1698,1577 1711,1576 1716,1570 1716,1562"/>
        <Word id="region0007_line0004_word0000" custom="readingOrder {index:0;}">
          <Coords points="905,1566 888,1566 882,1572 877,1572 876,1650 922,1652 925,1658 968,1658 968,1658 969,1573 939,1573 939,1567 911,1566 909,1572"/>
          <TextEquiv conf="0.9264499">
            <Unicode>tig</Unicode>
          </TextEquiv>
        </Word>
        <Word id="region0007_line0004_word0001" custom="readingOrder {index:1;}">
          <Coords points="1091,1566 1064,1566 1062,1571 989,1572 989,1644 1104,1645 1104,1572 1094,1572"/>
          <TextEquiv conf="0.929548">
            <Unicode>und</Unicode>
          </TextEquiv>
        </Word>
        <Word id="region0007_line0004_word0002" custom="readingOrder {index:2;}">
          <Coords points="1269,1566 1223,1565 1220,1576 1134,1573 1134,1660 1172,1660 1176,1655 1200,1654 1300,1655 1304,1661 1341,1661 1347,1658 1350,1661 1365,1661 1372,1655 1373,1655 1374,1578 1315,1577 1315,1568 1313,1566 1288,1566 1288,1567 1285,1576 1276,1576"/>
          <TextEquiv conf="0.9012732">
            <Unicode>gnaͤdig,</Unicode>
          </TextEquiv>
        </Word>
        <Word id="region0007_line0004_word0003" custom="readingOrder {index:3;}">
          <Coords points="1707,1576 1708,1564 1693,1563 1693,1570 1685,1570 1673,1576 1666,1584 1581,1581 1573,1576 1565,1576 1559,1579 1558,1572 1549,1568 1537,1569 1531,1580 1438,1580 1429,1575 1410,1577 1406,1580 1393,1579 1393,1662 1429,1662 1436,1655 1456,1654 1461,1662 1497,1663 1505,1655 1661,1657 1665,1654 1677,1654 1682,1657 1706,1657 1707,1585 1703,1585 1698,1577"/>
          <TextEquiv conf="0.8988527">
            <Unicode>gegen</Unicode>
          </TextEquiv>
        </Word>
        <Word id="region0007_line0004_word0004" custom="readingOrder {index:4;}">
          <Coords points="1707,1559 1697,1559 1694,1562 1693,1570 1685,1570 1673,1576 1666,1584 1607,1581 1606,1656 1661,1657 1665,1654 1677,1654 1682,1657 1710,1657 1711,1585 1703,1585 1698,1577 1711,1576 1711,1575 1711,1560"/>
          <TextEquiv conf="0.91068614">
            <Unicode>uns</Unicode>
          </TextEquiv>
        </Word>
        <Word id="region0007_line0004_word0005" custom="readingOrder {index:5;}">
          <Coords points="1748,1585 1722,1585 1722,1651 1883,1653 1883,1588 1855,1588 1853,1587 1813,1586 1813,1587 1749,1587"/>
          <TextEquiv conf="0.9326794">
            <Unicode>arme</Unicode>
          </TextEquiv>
        </Word>
        <Word id="region0007_line0004_word0006" custom="readingOrder {index:6;}">
          <Coords points="2008,1587 1981,1587 1979,1590 1897,1588 1897,1652 2024,1654 2024,1591 2011,1591"/>
          <TextEquiv conf="0.9326794">
            <Unicode>und</Unicode>
          </TextEquiv>
        </Word>
        <Word id="region0007_line0004_word0007" custom="readingOrder {index:7;}">
          <Coords points="2162,1574 2144,1574 2142,1576 2141,1588 2145,1594 2137,1589 2127,1589 2122,1593 2042,1592 2040,1661 2084,1661 2090,1667 2101,1664 2105,1667 2144,1664 2154,1668 2164,1668 2169,1665 2184,1666 2187,1669 2197,1669 2202,1666 2228,1666 2231,1669 2288,1668 2300,1669 2302,1672 2348,1673 2351,1670 2385,1670 2387,1595 2381,1595 2373,1586 2361,1587 2357,1595 2318,1595 2313,1593 2311,1581 2299,1580 2290,1583 2286,1594 2277,1594 2270,1583 2254,1581 2241,1593 2219,1593 2215,1581 2199,1577 2189,1585 2186,1594 2173,1594 2179,1587 2179,1577 2162,1575"/>
          <TextEquiv conf="0.92248446">
            <Unicode>unwuͤrdige</Unicode>
          </TextEquiv>
        </Word>
        <TextEquiv conf="0.91933167">
          <Unicode>tig und gnaͤdig, gegen uns arme und unwuͤrdige</Unicode>
        </TextEquiv>
      </TextLine>
      <TextLine id="region0007_line0005" custom="readingOrder {index:2;}">
        <Coords points="1665,1655 1659,1661 1658,1674 1629,1670 1625,1673 1512,1675 1505,1670 1493,1670 1485,1675 1479,1675 1470,1667 1449,1667 1443,1671 1439,1668 1427,1668 1407,1677 1390,1678 1384,1672 1370,1673 1364,1668 1348,1667 1335,1680 1314,1680 1308,1674 1296,1673 1288,1681 1263,1681 1261,1671 1250,1666 1238,1667 1233,1673 1228,1674 1223,1682 1190,1682 1064,1681 1058,1673 1045,1673 1037,1681 1013,1680 937,1673 931,1667 853,1670 853,1756 895,1761 904,1757 993,1756 1197,1758 1202,1770 1212,1772 1224,1759 1229,1759 1238,1767 1252,1767 1264,1759 1431,1759 1433,1766 1449,1772 1454,1768 1457,1759 1461,1762 1471,1762 1475,1760 1503,1762 1507,1759 1530,1757 1592,1762 1628,1759 1637,1763 1668,1764 1675,1771 1685,1771 1692,1764 1712,1764 1721,1773 1742,1774 1750,1765 1810,1765 1820,1762 1874,1760 1882,1760 1884,1767 1889,1771 1900,1771 1909,1758 1959,1755 1973,1755 1977,1758 2038,1757 2042,1760 2053,1760 2057,1757 2075,1757 2079,1760 2094,1758 2142,1758 2151,1763 2159,1763 2165,1759 2169,1762 2181,1760 2191,1763 2201,1763 2205,1760 2229,1763 2233,1760 2293,1760 2298,1763 2321,1761 2327,1765 2345,1761 2353,1767 2364,1767 2370,1763 2396,1763 2396,1693 2386,1693 2385,1683 2380,1678 2364,1680 2358,1693 2351,1693 2349,1683 2343,1678 2324,1684 2321,1692 2311,1692 2307,1690 2307,1682 2302,1677 2291,1678 2285,1691 2279,1688 2227,1689 2215,1688 2208,1678 2198,1678 2191,1687 2185,1687 2185,1671 2183,1667 2169,1666 2159,1674 2150,1666 2142,1666 2134,1678 2113,1682 2106,1674 2093,1674 2091,1668 2084,1662 2072,1662 2061,1663 2058,1672 2047,1674 2035,1681 2001,1682 1996,1670 1985,1662 1980,1662 1973,1664 1961,1675 1957,1672 1945,1673 1940,1682 1930,1679 1894,1679 1887,1669 1874,1670 1870,1678 1845,1678 1850,1670 1851,1662 1831,1657 1816,1662 1811,1667 1811,1673 1807,1675 1788,1673 1781,1677 1758,1677 1750,1669 1736,1668 1727,1668 1719,1675 1699,1675 1681,1674 1683,1659 1677,1655"/>
        <Word id="region0007_line0005_word0000" custom="readingOrder {index:0;}">
          <Coords points="958,1674 876,1674 875,1758 901,1758 904,1757 993,1756 1197,1758 1198,1761 1219,1762 1219,1682 1190,1682 1064,1681 1060,1676 1042,1675 1037,1681 1013,1680"/>
          <TextEquiv conf="0.9298993">
            <Unicode>Creaturen,</Unicode>
          </TextEquiv>
        </Word>
        <Word id="region0007_line0005_word0001" custom="readingOrder {index:1;}">
          <Coords points="1261,1673 1233,1673 1232,1673 1231,1761 1235,1764 1256,1764 1264,1759 1431,1759 1433,1766 1434,1766 1455,1766 1457,1759 1461,1762 1471,1762 1475,1760 1503,1762 1507,1759 1508,1759 1509,1676 1412,1675 1407,1677 1390,1678 1387,1675 1341,1674 1335,1680 1314,1680 1308,1674 1306,1674 1295,1674 1288,1681 1263,1681"/>
          <TextEquiv conf="0.9279082">
            <Unicode>handelſt!</Unicode>
          </TextEquiv>
        </Word>
        <Word id="region0007_line0005_word0002" custom="readingOrder {index:2;}">
          <Coords points="1682,1665 1658,1665 1658,1674 1629,1670 1625,1673 1596,1673 1596,1761 1628,1759 1637,1763 1668,1764 1671,1767 1688,1767 1689,1766 1689,1674 1681,1674"/>
          <TextEquiv conf="0.90222603">
            <Unicode>O,</Unicode>
          </TextEquiv>
        </Word>
        <Word id="region0007_line0005_word0003" custom="readingOrder {index:3;}">
          <Coords points="1742,1668 1727,1668 1719,1675 1709,1675 1708,1764 1712,1764 1718,1770 1745,1770 1750,1765 1810,1765 1820,1762 1874,1760 1882,1760 1884,1767 1889,1771 1900,1771 1909,1758 1959,1755 1973,1755 1977,1758 2022,1757 2023,1681 2001,1682 1997,1672 1965,1671 1961,1675 1957,1672 1945,1673 1940,1682 1930,1679 1894,1679 1888,1670 1874,1670 1870,1678 1845,1678 1850,1670 1850,1670 1811,1669 1811,1673 1807,1675 1788,1673 1781,1677 1758,1677 1750,1669"/>
          <TextEquiv conf="0.8576849">
            <Unicode>HErr,</Unicode>
          </TextEquiv>
        </Word>
        <Word id="region0007_line0005_word0004" custom="readingOrder {index:4;}">
          <Coords points="1990,1665 1971,1665 1961,1675 1957,1672 1945,1673 1940,1682 1930,1679 1921,1679 1920,1757 1959,1755 1973,1755 1977,1758 2021,1757 2022,1681 2001,1682 1996,1670"/>
          <TextEquiv conf="0.9295586">
            <Unicode>wie</Unicode>
          </TextEquiv>
        </Word>
        <Word id="region0007_line0005_word0005" custom="readingOrder {index:5;}">
          <Coords points="2108,1676 2043,1676 2039,1678 2039,1757 2042,1760 2053,1760 2057,1757 2075,1757 2079,1760 2094,1758 2142,1758 2151,1763 2159,1763 2165,1759 2169,1762 2181,1760 2191,1763 2201,1763 2205,1760 2229,1763 2233,1760 2253,1760 2253,1688 2227,1689 2215,1688 2208,1678 2198,1678 2191,1687 2185,1687 2185,1677 2134,1676 2134,1678 2113,1682"/>
          <TextEquiv>
            <Unicode>koͤnnen</Unicode>
          </TextEquiv>
        </Word>
        <Word id="region0007_line0005_word0006" custom="readingOrder {index:6;}">
          <Coords points="2351,1693 2264,1692 2263,1760 2293,1760 2298,1763 2321,1761 2326,1765 2329,1765 2345,1761 2350,1765 2367,1765 2370,1763 2377,1763 2378,1693 2358,1693 2358,1693 2351,1693"/>
          <TextEquiv conf="0.9296385">
            <Unicode>wir</Unicode>
          </TextEquiv>
        </Word>
        <TextEquiv>
          <Unicode>Creaturen, handelſt! O, HErr, wie koͤnnen wir</Unicode>
        </TextEquiv>
      </TextLine>
      <TextLine id="region0007_line0006" custom="readingOrder {index:3;}">
        <Coords points="1619,1760 1615,1763 1615,1780 1609,1780 1606,1772 1600,1768 1586,1768 1581,1762 1568,1761 1562,1768 1548,1767 1540,1771 1535,1778 1460,1782 1448,1782 1447,1773 1432,1766 1422,1771 1418,1782 1407,1782 1406,1769 1399,1762 1391,1762 1386,1766 1386,1782 1377,1781 1375,1773 1366,1768 1357,1768 1344,1781 1335,1781 1335,1768 1329,1760 1314,1761 1308,1770 1308,1781 1248,1781 1246,1773 1232,1764 1223,1764 1211,1773 1206,1780 1157,1782 1148,1781 1150,1768 1144,1762 1134,1762 1127,1766 1123,1782 1116,1780 1109,1770 1097,1771 1092,1781 1054,1781 1047,1774 1039,1774 1033,1780 966,1777 961,1773 938,1775 935,1764 930,1760 916,1762 907,1768 905,1774 900,1774 892,1764 877,1764 866,1773 853,1772 853,1849 894,1853 898,1850 963,1850 966,1860 971,1864 986,1859 992,1851 1001,1851 1010,1852 1018,1864 1029,1867 1049,1868 1060,1862 1065,1854 1160,1856 1166,1866 1203,1868 1207,1865 1212,1870 1221,1870 1229,1858 1276,1857 1288,1851 1296,1860 1301,1861 1311,1853 1324,1852 1330,1857 1402,1858 1409,1855 1433,1857 1438,1854 1443,1858 1457,1855 1546,1859 1555,1864 1568,1865 1576,1860 1722,1853 1735,1858 1748,1855 1795,1855 1799,1858 1810,1858 1814,1855 1824,1856 1828,1859 1845,1856 1894,1856 1898,1859 2025,1861 2052,1858 2056,1868 2068,1870 2077,1864 2080,1857 2102,1856 2118,1859 2143,1858 2148,1862 2158,1862 2163,1858 2169,1861 2314,1862 2316,1873 2322,1878 2330,1878 2336,1873 2339,1862 2349,1866 2359,1867 2364,1863 2396,1863 2396,1790 2387,1790 2381,1785 2357,1788 2355,1780 2341,1770 2326,1772 2315,1785 2243,1783 2241,1777 2233,1771 2219,1772 2210,1783 2173,1782 2172,1773 2168,1768 2154,1766 2149,1770 2145,1781 2135,1781 2133,1774 2127,1769 2111,1768 2104,1773 2100,1781 1992,1780 1987,1768 1972,1767 1954,1775 1950,1780 1844,1782 1840,1770 1827,1769 1818,1772 1812,1781 1723,1780 1719,1783 1690,1783 1661,1782 1656,1770 1640,1768 1634,1762"/>
        <Word id="region0007_line0006_word0000" custom="readingOrder {index:0;}">
          <Coords points="898,1772 872,1772 871,1850 894,1853 898,1850 963,1850 965,1857 986,1857 991,1852 991,1778 966,1777 961,1773 938,1775 937,1772 905,1772 905,1774 900,1774"/>
          <TextEquiv conf="0.9321258">
            <Unicode>dir,</Unicode>
          </TextEquiv>
        </Word>
        <Word id="region0007_line0006_word0001" custom="readingOrder {index:1;}">
          <Coords points="1147,1765 1128,1765 1127,1766 1123,1782 1116,1780 1109,1770 1097,1771 1092,1781 1054,1781 1047,1774 1039,1774 1035,1777 1035,1867 1049,1868 1060,1862 1065,1854 1160,1856 1166,1866 1203,1868 1207,1865 1212,1870 1221,1870 1229,1858 1276,1857 1288,1851 1296,1860 1301,1861 1306,1856 1306,1781 1248,1781 1246,1773 1235,1766 1220,1766 1211,1773 1206,1780 1157,1782 1148,1781 1150,1768"/>
          <TextEquiv conf="0.9101683">
            <Unicode>genugſam</Unicode>
          </TextEquiv>
        </Word>
        <Word id="region0007_line0006_word0002" custom="readingOrder {index:2;}">
          <Coords points="1375,1776 1348,1776 1344,1781 1340,1781 1340,1856 1404,1856 1409,1855 1433,1857 1438,1854 1442,1857 1446,1857 1457,1855 1502,1857 1502,1779 1460,1782 1448,1782 1447,1777 1419,1776 1418,1782 1407,1782 1406,1776 1386,1776 1386,1782 1377,1781"/>
          <TextEquiv conf="0.9101683">
            <Unicode>deine</Unicode>
          </TextEquiv>
        </Word>
        <Word id="region0007_line0006_word0003" custom="readingOrder {index:3;}">
          <Coords points="1606,1773 1539,1773 1538,1858 1546,1859 1555,1864 1558,1864 1568,1864 1576,1860 1693,1854 1693,1783 1690,1783 1661,1782 1657,1774 1615,1773 1615,1780 1609,1780"/>
          <TextEquiv conf="0.9310868">
            <Unicode>Liebe</Unicode>
          </TextEquiv>
        </Word>
        <Word id="region0007_line0006_word0004" custom="readingOrder {index:4;}">
          <Coords points="2074,1865 2075,1788 1720,1784 1719,1853 1722,1853 1735,1858 1748,1855 1795,1855 1799,1858 1810,1858 1814,1855 1824,1856 1828,1859 1845,1856 1894,1856 1898,1859 2025,1861 2052,1858 2056,1868 2068,1870"/>
          <TextEquiv conf="0.9220127">
            <Unicode>verdancken,</Unicode>
          </TextEquiv>
        </Word>
        <Word id="region0007_line0006_word0005" custom="readingOrder {index:5;}">
          <Coords points="2194,1861 2195,1788 2109,1787 2108,1857 2118,1859 2143,1858 2148,1862 2158,1862 2163,1858 2169,1861"/>
          <TextEquiv conf="0.9288128">
            <Unicode>die</Unicode>
          </TextEquiv>
        </Word>
        <Word id="region0007_line0006_word0006" custom="readingOrder {index:6;}">
          <Coords points="2294,1861 2295,1793 2220,1792 2219,1861"/>
          <TextEquiv conf="0.9275225">
            <Unicode>du</Unicode>
          </TextEquiv>
        </Word>
        <Word id="region0007_line0006_word0007" custom="readingOrder {index:7;}">
          <Coords points="2378,1863 2379,1792 2319,1791 2318,1874 2322,1878 2330,1878 2336,1873 2339,1862 2349,1866 2359,1867 2364,1863"/>
          <TextEquiv conf="0.9314154">
            <Unicode>ſo</Unicode>
          </TextEquiv>
        </Word>
        <TextEquiv conf="0.92416406">
          <Unicode>dir, genugſam deine Liebe verdancken, die du ſo</Unicode>
        </TextEquiv>
      </TextLine>
      <TextLine id="region0007_line0007" custom="readingOrder {index:4;}">
        <Coords points="2089,1857 2083,1861 2083,1869 2088,1876 2086,1879 2071,1871 2057,1869 2049,1870 2035,1878 1978,1880 1973,1876 1965,1876 1959,1881 1918,1880 1912,1868 1897,1865 1889,1865 1876,1873 1866,1865 1853,1865 1844,1869 1837,1878 1819,1877 1815,1874 1788,1876 1742,1873 1737,1869 1736,1859 1728,1854 1717,1856 1716,1871 1640,1876 1641,1858 1624,1857 1619,1862 1618,1877 1602,1878 1595,1866 1585,1865 1574,1870 1566,1879 1550,1879 1527,1879 1526,1871 1519,1863 1508,1862 1501,1869 1489,1864 1477,1864 1464,1873 1459,1873 1452,1864 1437,1863 1423,1868 1388,1865 1375,1873 1312,1878 1309,1867 1323,1868 1329,1861 1329,1857 1324,1853 1311,1854 1307,1858 1307,1865 1296,1861 1290,1852 1284,1853 1276,1858 1275,1867 1269,1862 1253,1864 1248,1869 1245,1879 1215,1880 1205,1879 1204,1870 1194,1867 1167,1867 1161,1878 1123,1878 1121,1867 1113,1860 1096,1862 1086,1867 1081,1877 1074,1876 1072,1867 1067,1863 1058,1863 1049,1869 1020,1867 1015,1874 1014,1864 1009,1858 993,1857 977,1864 974,1874 968,1874 962,1862 950,1861 937,1874 853,1874 853,1950 879,1951 889,1945 896,1945 902,1951 980,1952 986,1963 997,1965 1023,1946 1027,1946 1037,1954 1088,1954 1090,1961 1095,1965 1110,1964 1120,1956 1122,1964 1127,1968 1142,1964 1149,1954 1158,1954 1166,1966 1178,1965 1184,1953 1195,1956 1234,1955 1237,1967 1242,1970 1253,1969 1264,1956 1272,1955 1371,1957 1376,1971 1387,1973 1393,1968 1397,1958 1414,1955 1418,1958 1456,1959 1464,1970 1473,1971 1485,1962 1511,1962 1521,1976 1548,1974 1563,1963 1576,1963 1583,1959 1597,1962 1666,1961 1674,1955 1679,1955 1687,1961 1698,1962 1834,1961 1836,1969 1842,1974 1852,1973 1858,1958 1874,1958 1878,1955 1887,1958 1888,1970 1892,1973 1905,1971 1913,1962 1930,1962 1936,1958 1950,1958 1957,1963 2062,1967 2178,1963 2266,1967 2284,1968 2291,1976 2307,1977 2318,1968 2396,1969 2397,1889 2382,1888 2384,1872 2379,1867 2363,1871 2362,1889 2284,1887 2277,1877 2266,1878 2262,1887 2243,1886 2169,1882 2161,1872 2147,1872 2138,1881 2114,1880 2106,1869 2105,1858"/>
        <Word id="region0007_line0007_word0000" custom="readingOrder {index:0;}">
          <Coords points="965,1869 942,1868 937,1874 872,1874 872,1950 879,1951 889,1945 896,1945 902,1951 980,1952 985,1962 1000,1962 1023,1946 1027,1946 1037,1954 1088,1954 1090,1961 1093,1963 1110,1963 1120,1956 1121,1963 1142,1963 1145,1959 1145,1878 1123,1878 1121,1870 1084,1870 1081,1877 1074,1876 1072,1870 1018,1869 1015,1874 1014,1869 975,1869 974,1874 968,1874"/>
          <TextEquiv conf="0.9194225">
            <Unicode>reichlich,</Unicode>
          </TextEquiv>
        </Word>
        <Word id="region0007_line0007_word0001" custom="readingOrder {index:1;}">
          <Coords points="1204,1875 1165,1875 1164,1962 1179,1962 1184,1953 1195,1956 1219,1955 1219,1879 1215,1880 1205,1879"/>
          <TextEquiv conf="0.91852343">
            <Unicode>ſo</Unicode>
          </TextEquiv>
        </Word>
        <Word id="region0007_line0007_word0002" custom="readingOrder {index:2;}">
          <Coords points="1295,1859 1275,1859 1275,1867 1269,1862 1253,1864 1248,1869 1245,1879 1238,1879 1238,1967 1242,1970 1253,1969 1264,1956 1272,1955 1371,1957 1376,1971 1377,1971 1388,1971 1393,1968 1397,1958 1414,1955 1418,1958 1456,1959 1464,1970 1473,1971 1485,1962 1511,1962 1518,1972 1549,1972 1556,1968 1556,1879 1550,1879 1527,1879 1526,1871 1519,1863 1508,1862 1501,1869 1489,1864 1477,1864 1464,1873 1459,1873 1452,1864 1437,1863 1423,1868 1388,1865 1375,1873 1312,1878 1309,1867 1323,1868 1329,1861 1329,1859 1307,1859 1307,1865 1296,1861"/>
          <TextEquiv>
            <Unicode>uͤberfluͤßig</Unicode>
          </TextEquiv>
        </Word>
        <Word id="region0007_line0007_word0003" custom="readingOrder {index:3;}">
          <Coords points="1597,1869 1576,1869 1574,1870 1574,1870 1573,1958 1669,1959 1674,1955 1677,1955 1678,1874 1640,1876 1640,1870 1619,1869 1618,1877 1602,1878"/>
          <TextEquiv conf="0.9324104">
            <Unicode>den</Unicode>
          </TextEquiv>
        </Word>
        <Word id="region0007_line0007_word0004" custom="readingOrder {index:4;}">
          <Coords points="1736,1866 1716,1866 1716,1871 1688,1872 1688,1961 1698,1962 1834,1961 1836,1969 1840,1972 1852,1972 1858,1958 1874,1958 1878,1955 1887,1958 1888,1970 1892,1973 1905,1971 1913,1962 1930,1962 1936,1958 1950,1958 1957,1963 2062,1967 2178,1963 2266,1967 2280,1967 2280,1882 2277,1877 2266,1878 2262,1887 2243,1886 2169,1882 2161,1872 2147,1872 2138,1881 2114,1880 2107,1870 2084,1870 2088,1876 2086,1879 2071,1871 2067,1870 2048,1870 2035,1878 1978,1880 1973,1876 1965,1876 1959,1881 1918,1880 1912,1868 1883,1868 1876,1873 1869,1868 1846,1867 1844,1869 1837,1878 1819,1877 1815,1874 1788,1876 1742,1873 1737,1869"/>
          <TextEquiv>
            <Unicode>Menſchen⸗Kindern</Unicode>
          </TextEquiv>
        </Word>
        <Word id="region0007_line0007_word0005" custom="readingOrder {index:5;}">
          <Coords points="2377,1968 2378,1880 2362,1879 2362,1889 2291,1887 2291,1975 2309,1975 2318,1968"/>
          <TextEquiv>
            <Unicode>zu⸗</Unicode>
          </TextEquiv>
        </Word>
        <TextEquiv>
          <Unicode>reichlich, ſo uͤberfluͤßig den Menſchen⸗Kindern zu⸗</Unicode>
        </TextEquiv>
      </TextLine>
      <TextLine id="region0007_line0008" custom="readingOrder {index:5;}">
        <Coords points="1878,1956 1874,1959 1858,1959 1851,1976 1839,1984 1829,1984 1823,1975 1808,1974 1801,1979 1789,1973 1780,1973 1775,1978 1775,1985 1771,1987 1721,1989 1717,1975 1703,1973 1698,1978 1697,1990 1680,1989 1681,1979 1678,1974 1686,1968 1687,1962 1679,1956 1671,1957 1666,1962 1669,1971 1661,1978 1639,1976 1624,1990 1615,1990 1613,1980 1597,1971 1596,1962 1583,1960 1576,1964 1578,1974 1572,1981 1571,1992 1566,1980 1554,1978 1549,1982 1547,1992 1475,1983 1461,1972 1446,1972 1424,1978 1417,1972 1418,1959 1414,1956 1399,1959 1395,1977 1374,1971 1364,1971 1358,1975 1262,1974 1256,1970 1210,1974 1194,1966 1185,1966 1163,1967 1154,1975 1141,1965 1129,1968 1123,1980 1116,1968 1106,1967 1099,1973 1090,1975 1083,1970 1074,1970 1070,1973 1068,1981 1026,1980 1022,1972 1004,1965 980,1964 969,1970 967,1979 944,1975 942,1969 935,1965 925,1965 919,1969 886,1967 879,1973 853,1972 853,2060 863,2061 866,2071 870,2074 887,2076 896,2060 924,2060 936,2056 947,2061 958,2060 959,2069 963,2074 984,2067 1003,2071 1011,2059 1042,2057 1148,2061 1156,2072 1170,2067 1175,2072 1183,2072 1192,2061 1215,2062 1222,2072 1232,2073 1240,2060 1253,2063 1269,2062 1277,2070 1288,2058 1293,2057 1308,2061 1318,2057 1335,2057 1366,2063 1409,2064 1419,2057 1442,2062 1442,2072 1448,2078 1458,2077 1475,2062 1481,2062 1483,2071 1488,2075 1506,2068 1508,2063 1531,2063 1537,2073 1545,2079 1569,2080 1583,2063 1590,2061 1603,2064 1679,2065 1685,2059 1693,2057 1700,2066 1710,2065 1715,2074 1723,2075 1730,2062 1745,2068 1847,2065 1860,2071 1876,2071 1895,2065 1917,2068 1918,2062 1925,2057 1934,2067 1991,2066 2003,2070 2007,2067 2056,2067 2058,2078 2064,2082 2076,2081 2084,2067 2192,2069 2194,2078 2202,2083 2212,2082 2217,2073 2227,2069 2309,2070 2320,2073 2334,2071 2358,2075 2366,2069 2373,2069 2381,2074 2397,2074 2397,1996 2347,1996 2345,1983 2336,1976 2328,1976 2323,1980 2317,1996 2308,1995 2310,1981 2306,1977 2291,1977 2288,1981 2287,1995 2276,1992 2241,1994 2239,1984 2223,1976 2208,1977 2196,1993 2191,1974 2178,1973 2174,1976 2169,1971 2157,1974 2153,1991 2145,1991 2139,1980 2129,1979 2120,1982 2113,1991 2009,1991 2004,1978 1989,1976 1976,1990 1961,1990 1901,1985 1895,1980 1875,1976 1875,1973 1888,1972 1886,1958"/>
        <Word id="region0007_line0008_word0000" custom="readingOrder {index:0;}">
          <Coords points="1072,2058 1072,1970 1070,1973 1068,1981 1026,1980 1022,1972 1004,1965 980,1964 969,1970 967,1979 944,1975 942,1969 935,1965 925,1965 919,1969 886,1967 879,1973 870,1972 870,2071 889,2071 896,2060 924,2060 936,2056 947,2061 958,2060 959,2069 961,2071 969,2071 984,2067 1003,2071 1011,2059 1042,2057"/>
          <TextEquiv conf="0.9217104">
            <Unicode>flieſſen</Unicode>
          </TextEquiv>
        </Word>
        <Word id="region0007_line0008_word0001" custom="readingOrder {index:1;}">
          <Coords points="1119,1973 1103,1973 1102,2059 1148,2061 1150,2064 1188,2065 1192,2061 1215,2062 1217,2065 1236,2065 1240,2060 1253,2063 1269,2062 1273,2066 1280,2066 1288,2058 1293,2057 1308,2061 1318,2057 1335,2057 1347,2059 1348,1976 1155,1973 1154,1975 1152,1973 1126,1973 1123,1980"/>
          <TextEquiv>
            <Unicode>laͤſſeſt?</Unicode>
          </TextEquiv>
        </Word>
        <Word id="region0007_line0008_word0002" custom="readingOrder {index:2;}">
          <Coords points="1418,1961 1399,1961 1395,1977 1374,1971 1364,1971 1358,1975 1356,1975 1355,2061 1366,2063 1409,2064 1419,2057 1442,2062 1442,2069 1467,2069 1475,2062 1481,2062 1483,2070 1501,2070 1506,2068 1506,2068 1507,1987 1475,1983 1461,1972 1446,1972 1424,1978 1417,1972"/>
          <TextEquiv conf="0.9300042">
            <Unicode>Ach,</Unicode>
          </TextEquiv>
        </Word>
        <Word id="region0007_line0008_word0003" custom="readingOrder {index:3;}">
          <Coords points="1679,1973 1679,1957 1672,1957 1671,1957 1666,1962 1669,1971 1661,1978 1639,1976 1624,1990 1615,1990 1613,1980 1597,1971 1596,1962 1583,1960 1576,1964 1578,1974 1572,1981 1571,1992 1566,1980 1554,1978 1549,1982 1547,1992 1533,1990 1532,2065 1535,2069 1578,2070 1583,2063 1590,2061 1603,2064 1678,2065 1679,1975 1678,1974"/>
          <TextEquiv conf="0.9264219">
            <Unicode>gieb</Unicode>
          </TextEquiv>
        </Word>
        <Word id="region0007_line0008_word0004" custom="readingOrder {index:4;}">
          <Coords points="1718,1981 1697,1981 1697,1990 1693,1989 1693,2057 1700,2066 1710,2065 1710,2066 1727,2066 1730,2062 1740,2066 1787,2066 1819,2065 1820,1982 1775,1981 1775,1985 1771,1987 1721,1989"/>
          <TextEquiv conf="0.9289989">
            <Unicode>uns</Unicode>
          </TextEquiv>
        </Word>
        <Word id="region0007_line0008_word0005" custom="readingOrder {index:5;}">
          <Coords points="1886,1958 1874,1958 1874,1959 1858,1959 1851,1976 1839,1984 1835,1984 1835,2065 1847,2065 1860,2071 1876,2071 1895,2065 1917,2068 1918,2062 1925,2057 1934,2067 1991,2066 2003,2070 2007,2067 2056,2067 2057,2073 2080,2073 2081,2072 2081,1991 2009,1991 2004,1978 1989,1976 1976,1990 1961,1990 1901,1985 1895,1980 1875,1976 1875,1973 1888,1972"/>
          <TextEquiv conf="0.9292746">
            <Unicode>Gnade,</Unicode>
          </TextEquiv>
        </Word>
        <Word id="region0007_line0008_word0006" custom="readingOrder {index:6;}">
          <Coords points="2139,1980 2125,1980 2121,1981 2121,2067 2192,2069 2193,2074 2215,2074 2217,2073 2227,2069 2232,2069 2233,1981 2205,1980 2196,1993 2192,1980 2155,1980 2153,1991 2145,1991"/>
          <TextEquiv conf="0.7794399">
            <Unicode>daß</Unicode>
          </TextEquiv>
        </Word>
        <Word id="region0007_line0008_word0007" custom="readingOrder {index:7;}">
          <Coords points="2309,1983 2287,1983 2287,1995 2276,1992 2260,1992 2260,2065 2371,2067 2371,1996 2347,1996 2345,1984 2321,1984 2317,1996 2308,1995"/>
          <TextEquiv conf="0.9272725">
            <Unicode>wir</Unicode>
          </TextEquiv>
        </Word>
        <TextEquiv>
          <Unicode>flieſſen laͤſſeſt? Ach, gieb uns Gnade, daß wir</Unicode>
        </TextEquiv>
      </TextLine>
      <TextLine id="region0007_line0009" custom="readingOrder {index:6;}">
        <Coords points="1318,2058 1308,2062 1299,2059 1288,2059 1277,2071 1288,2081 1280,2083 1176,2083 1175,2073 1170,2068 1157,2072 1154,2083 1145,2080 1069,2081 1064,2070 1056,2067 1054,2062 1047,2058 1028,2059 1028,2079 1017,2081 1001,2081 997,2071 984,2068 965,2075 964,2081 959,2083 910,2083 909,2070 905,2067 895,2067 887,2081 854,2082 853,2151 859,2152 865,2146 873,2144 882,2156 887,2152 897,2152 905,2146 910,2146 917,2149 918,2162 931,2163 942,2145 958,2154 964,2149 974,2148 979,2152 981,2163 1003,2166 1008,2162 1009,2153 1015,2147 1027,2147 1031,2152 1030,2161 1046,2165 1055,2154 1068,2151 1075,2146 1085,2148 1090,2153 1107,2146 1119,2153 1118,2160 1121,2165 1134,2167 1142,2154 1149,2149 1159,2150 1166,2156 1178,2156 1184,2149 1194,2148 1207,2155 1212,2154 1214,2161 1222,2167 1238,2166 1243,2161 1253,2167 1262,2167 1268,2161 1266,2153 1271,2148 1290,2147 1297,2155 1369,2156 1424,2156 1435,2149 1441,2150 1448,2158 1482,2160 1491,2169 1505,2167 1518,2173 1531,2173 1542,2171 1550,2164 1562,2163 1571,2163 1580,2173 1590,2173 1594,2170 1608,2172 1616,2162 1654,2162 1658,2156 1666,2153 1674,2161 1725,2162 1734,2174 1744,2173 1753,2163 1797,2163 1887,2170 1891,2173 1946,2172 1952,2180 1962,2181 1975,2172 1984,2171 1994,2163 2001,2165 2007,2171 2139,2171 2226,2176 2241,2193 2263,2190 2275,2178 2397,2178 2397,2100 2285,2098 2274,2088 2263,2085 2251,2085 2240,2095 2206,2095 2204,2089 2197,2084 2183,2084 2172,2095 2049,2095 1979,2089 1971,2080 1956,2080 1945,2088 1923,2088 1912,2083 1900,2082 1894,2087 1842,2089 1835,2089 1829,2079 1821,2078 1815,2082 1813,2089 1804,2090 1781,2090 1776,2082 1764,2081 1755,2090 1709,2089 1705,2086 1696,2086 1692,2089 1616,2089 1614,2077 1603,2072 1603,2065 1590,2062 1581,2066 1581,2075 1572,2088 1550,2088 1526,2086 1524,2076 1513,2069 1505,2069 1488,2076 1484,2086 1475,2086 1469,2078 1460,2078 1449,2085 1381,2083 1374,2075 1364,2075 1358,2080 1358,2062 1354,2060"/>
        <Word id="region0007_line0009_word0000" custom="readingOrder {index:0;}">
          <Coords points="996,2165 996,2070 984,2068 965,2075 964,2081 959,2083 910,2083 909,2070 905,2067 895,2067 887,2081 868,2081 868,2145 873,2144 882,2156 887,2152 897,2152 905,2146 910,2146 917,2149 918,2162 931,2163 942,2145 958,2154 964,2149 974,2148 979,2152 981,2163"/>
          <TextEquiv conf="0.9327546">
            <Unicode>noch</Unicode>
          </TextEquiv>
        </Word>
        <Word id="region0007_line0009_word0001" custom="readingOrder {index:1;}">
          <Coords points="1055,2064 1030,2064 1029,2150 1031,2152 1030,2159 1051,2159 1055,2154 1068,2151 1075,2146 1085,2148 1090,2153 1107,2146 1119,2153 1118,2160 1118,2160 1138,2160 1142,2154 1149,2149 1159,2150 1166,2156 1178,2156 1184,2149 1194,2148 1207,2155 1212,2154 1214,2161 1215,2161 1242,2162 1243,2161 1244,2162 1252,2162 1253,2083 1176,2083 1175,2073 1170,2068 1157,2072 1154,2083 1145,2080 1069,2081 1064,2070 1056,2067"/>
          <TextEquiv>
            <Unicode>ferner,</Unicode>
          </TextEquiv>
        </Word>
        <Word id="region0007_line0009_word0002" custom="readingOrder {index:2;}">
          <Coords points="1358,2066 1283,2064 1277,2071 1288,2081 1280,2083 1251,2083 1250,2161 1268,2161 1268,2161 1266,2153 1271,2148 1290,2147 1297,2155 1369,2156 1382,2156 1383,2083 1381,2083 1374,2075 1364,2075 1358,2080"/>
          <TextEquiv conf="0.8042228">
            <Unicode>mit</Unicode>
          </TextEquiv>
        </Word>
        <Word id="region0007_line0009_word0003" custom="readingOrder {index:3;}">
          <Coords points="1603,2069 1581,2068 1581,2075 1572,2088 1550,2088 1526,2086 1524,2076 1513,2069 1505,2069 1488,2076 1484,2086 1475,2086 1469,2078 1460,2078 1449,2085 1405,2083 1405,2156 1424,2156 1435,2149 1441,2150 1448,2158 1482,2160 1487,2165 1547,2166 1550,2164 1562,2163 1571,2163 1574,2166 1611,2167 1616,2162 1654,2162 1658,2156 1666,2153 1674,2161 1725,2162 1729,2168 1747,2168 1753,2163 1797,2163 1850,2167 1850,2088 1842,2089 1835,2089 1829,2079 1821,2078 1815,2082 1813,2089 1804,2090 1781,2090 1776,2082 1764,2081 1755,2090 1709,2089 1705,2086 1696,2086 1692,2089 1616,2089 1614,2077 1603,2072"/>
          <TextEquiv conf="0.9200274">
            <Unicode>aufgeſpannten</Unicode>
          </TextEquiv>
        </Word>
        <Word id="region0007_line0009_word0004" custom="readingOrder {index:4;}">
          <Coords points="1920,2086 1895,2086 1894,2087 1866,2088 1865,2168 1887,2170 1889,2171 1975,2172 1975,2172 1984,2171 1994,2163 2001,2165 2007,2171 2083,2171 2084,2095 2049,2095 1979,2089 1977,2087 1947,2087 1945,2088 1923,2088"/>
          <TextEquiv conf="0.931443">
            <Unicode>Ohren</Unicode>
          </TextEquiv>
        </Word>
        <Word id="region0007_line0009_word0005" custom="readingOrder {index:5;}">
          <Coords points="2204,2089 2177,2089 2172,2095 2100,2095 2100,2163 2214,2164 2214,2095 2206,2095"/>
          <TextEquiv conf="0.9261297">
            <Unicode>und</Unicode>
          </TextEquiv>
        </Word>
        <Word id="region0007_line0009_word0006" custom="readingOrder {index:6;}">
          <Coords points="2275,2089 2246,2089 2240,2095 2232,2095 2232,2181 2271,2181 2275,2178 2370,2178 2370,2099 2285,2098"/>
          <TextEquiv>
            <Unicode>Her⸗</Unicode>
          </TextEquiv>
        </Word>
        <TextEquiv>
          <Unicode>noch ferner, mit aufgeſpannten Ohren und Her⸗</Unicode>
        </TextEquiv>
      </TextLine>
      <TextLine id="region0007_line0010" custom="readingOrder {index:7;}">
        <Coords points="1285,2148 1271,2149 1267,2153 1269,2162 1273,2164 1267,2177 1225,2174 1219,2166 1204,2166 1206,2154 1186,2149 1180,2154 1180,2158 1184,2163 1200,2168 1194,2174 1179,2174 1174,2163 1164,2162 1159,2151 1149,2150 1143,2154 1144,2166 1138,2174 1091,2176 1078,2174 1072,2177 1052,2178 983,2177 974,2172 963,2172 958,2176 947,2174 942,2176 896,2176 888,2171 878,2171 871,2176 854,2175 854,2252 868,2253 874,2264 883,2266 899,2265 907,2252 983,2250 987,2259 999,2260 1009,2249 1076,2246 1136,2247 1139,2256 1144,2260 1156,2259 1162,2247 1184,2247 1192,2259 1208,2262 1221,2249 1230,2247 1289,2247 1293,2250 1305,2248 1400,2250 1425,2256 1435,2256 1453,2250 1462,2250 1466,2253 1489,2251 1495,2256 1514,2255 1519,2251 1533,2251 1540,2255 1566,2252 1573,2259 1581,2259 1589,2253 1600,2256 1759,2257 1767,2260 1793,2258 1798,2261 1866,2260 1870,2263 1883,2260 1917,2261 2000,2267 2126,2268 2131,2273 2140,2273 2145,2269 2230,2270 2235,2273 2269,2271 2286,2272 2290,2281 2296,2285 2305,2284 2312,2273 2349,2277 2397,2276 2397,2182 2391,2182 2386,2186 2383,2201 2330,2201 2326,2190 2302,2186 2287,2201 2273,2202 2186,2198 2178,2189 2160,2189 2156,2192 2153,2185 2147,2181 2133,2182 2125,2196 2014,2193 2006,2182 1994,2181 1982,2191 1847,2186 1839,2176 1831,2173 1819,2173 1802,2185 1759,2183 1749,2186 1593,2185 1588,2177 1578,2176 1569,2185 1560,2185 1556,2181 1524,2183 1519,2174 1511,2171 1501,2171 1480,2180 1459,2177 1451,2172 1440,2172 1436,2169 1407,2169 1394,2177 1296,2180 1295,2170 1291,2163 1297,2156 1290,2148"/>
        <Word id="region0007_line0010_word0000" custom="readingOrder {index:0;}">
          <Coords points="1015,2248 1015,2177 983,2177 974,2172 963,2172 958,2176 947,2174 942,2176 896,2176 888,2171 878,2171 871,2176 869,2175 869,2249 1008,2249 1009,2249"/>
          <TextEquiv conf="0.40284622">
            <Unicode>tzen;</Unicode>
          </TextEquiv>
        </Word>
        <Word id="region0007_line0010_word0001" custom="readingOrder {index:1;}">
          <Coords points="1100,2246 1160,2247 1160,2155 1159,2151 1149,2150 1143,2154 1144,2166 1138,2174 1091,2176 1078,2174 1072,2177 1059,2177 1059,2246 1072,2246 1076,2246"/>
          <TextEquiv conf="0.84950835">
            <Unicode>auf</Unicode>
          </TextEquiv>
        </Word>
        <Word id="region0007_line0010_word0002" custom="readingOrder {index:2;}">
          <Coords points="1290,2148 1284,2148 1271,2149 1267,2153 1269,2162 1273,2164 1267,2177 1225,2174 1219,2166 1204,2166 1206,2154 1202,2153 1202,2260 1208,2262 1221,2249 1230,2247 1289,2247 1293,2250 1305,2248 1362,2249 1362,2177 1296,2180 1295,2170 1291,2163 1297,2156"/>
          <TextEquiv conf="0.84950835">
            <Unicode>deine</Unicode>
          </TextEquiv>
        </Word>
        <Word id="region0007_line0010_word0003" custom="readingOrder {index:3;}">
          <Coords points="1627,2256 1627,2185 1593,2185 1588,2177 1578,2176 1569,2185 1560,2185 1556,2181 1524,2183 1519,2174 1511,2171 1501,2171 1480,2180 1459,2177 1451,2172 1440,2172 1436,2169 1411,2169 1411,2252 1425,2256 1435,2256 1453,2250 1462,2250 1466,2253 1489,2251 1495,2256 1514,2255 1519,2251 1533,2251 1540,2255 1566,2252 1573,2259 1581,2259 1589,2253 1600,2256"/>
          <TextEquiv conf="0.9274621">
            <Unicode>Gebote</Unicode>
          </TextEquiv>
        </Word>
        <Word id="region0007_line0010_word0004" custom="readingOrder {index:4;}">
          <Coords points="1833,2173 1817,2173 1802,2185 1759,2183 1749,2186 1649,2185 1649,2244 1933,2247 1933,2189 1847,2186 1839,2176"/>
          <TextEquiv conf="0.923524">
            <Unicode>mercken:</Unicode>
          </TextEquiv>
        </Word>
        <Word id="region0007_line0010_word0005" custom="readingOrder {index:5;}">
          <Coords points="1988,2185 1988,2249 2194,2252 2194,2198 2186,2198 2178,2189 2160,2189 2156,2192 2153,2185 2147,2181 2133,2182 2125,2196 2014,2193 2006,2182 1994,2181"/>
          <TextEquiv conf="0.92955375">
            <Unicode>damit</Unicode>
          </TextEquiv>
        </Word>
        <Word id="region0007_line0010_word0006" custom="readingOrder {index:6;}">
          <Coords points="2209,2199 2209,2261 2395,2263 2395,2182 2391,2182 2386,2186 2383,2201 2330,2201 2326,2190 2302,2186 2287,2201 2273,2202"/>
          <TextEquiv conf="0.87322664">
            <Unicode>unſer</Unicode>
          </TextEquiv>
        </Word>
        <TextEquiv conf="0.8222328">
          <Unicode>tzen; auf deine Gebote mercken: damit unſer</Unicode>
        </TextEquiv>
      </TextLine>
      <TextLine id="region0007_line0011" custom="readingOrder {index:8;}">
        <Coords points="1559,2259 1546,2264 1542,2270 1522,2270 1515,2265 1480,2265 1398,2274 1392,2274 1387,2263 1375,2260 1367,2265 1364,2276 1320,2278 1296,2276 1295,2266 1288,2259 1276,2261 1271,2267 1269,2277 1265,2276 1265,2266 1259,2260 1249,2261 1240,2275 1232,2276 1227,2272 1218,2272 1210,2277 1157,2276 1155,2271 1147,2266 1137,2267 1134,2275 1129,2276 1126,2268 1116,2261 1100,2261 1093,2266 1088,2275 1025,2275 1024,2266 1019,2262 1000,2265 992,2276 977,2276 977,2267 971,2261 958,2263 950,2275 878,2266 870,2271 854,2270 854,2360 861,2360 868,2370 877,2372 912,2368 922,2358 927,2357 963,2359 1084,2354 1091,2366 1106,2365 1111,2354 1139,2355 1141,2363 1150,2367 1160,2364 1168,2357 1172,2367 1184,2368 1198,2353 1235,2352 1377,2353 1496,2359 1564,2357 1570,2369 1581,2369 1586,2366 1598,2369 1606,2364 1609,2355 1755,2364 1873,2357 1879,2358 1881,2366 1884,2369 1897,2369 1910,2359 1959,2362 1978,2360 1985,2375 1996,2375 2006,2362 2073,2362 2078,2366 2087,2367 2091,2364 2096,2368 2107,2368 2112,2363 2118,2363 2123,2367 2134,2367 2138,2364 2183,2367 2187,2370 2215,2368 2223,2375 2231,2375 2238,2369 2243,2372 2255,2370 2257,2383 2262,2389 2274,2388 2280,2372 2343,2377 2396,2377 2396,2299 2382,2299 2379,2289 2370,2281 2346,2284 2337,2297 2299,2296 2297,2286 2285,2281 2265,2283 2257,2294 2211,2293 2207,2283 2203,2279 2192,2280 2186,2292 2180,2292 2173,2284 2163,2283 2153,2290 2137,2290 2129,2277 2121,2277 2108,2284 2104,2281 2093,2281 2086,2290 2042,2289 2038,2280 2026,2279 2019,2289 2013,2289 1984,2287 1983,2271 1970,2264 1957,2266 1956,2280 1958,2286 1916,2286 1905,2272 1899,2270 1888,2270 1872,2281 1872,2271 1867,2266 1845,2271 1839,2281 1785,2276 1772,2270 1764,2270 1759,2274 1750,2271 1725,2270 1716,2274 1630,2276 1625,2275 1623,2267 1615,2262"/>
        <Word id="region0007_line0011_word0000" custom="readingOrder {index:0;}">
          <Coords points="940,2274 867,2273 865,2366 866,2367 913,2367 922,2358 927,2357 963,2359 1064,2355 1066,2275 1025,2275 1025,2275 993,2274 992,2276 977,2276 977,2274 951,2274 950,2275"/>
          <TextEquiv conf="0.92905337">
            <Unicode>Friede</Unicode>
          </TextEquiv>
        </Word>
        <Word id="region0007_line0011_word0001" custom="readingOrder {index:1;}">
          <Coords points="1192,2359 1193,2277 1089,2276 1088,2360 1091,2366 1106,2365 1111,2354 1139,2355 1141,2363 1150,2367 1160,2364 1168,2357 1172,2367 1182,2367 1184,2367"/>
          <TextEquiv>
            <Unicode>ſey,</Unicode>
          </TextEquiv>
        </Word>
        <Word id="region0007_line0011_word0002" custom="readingOrder {index:2;}">
          <Coords points="1319,2352 1319,2278 1211,2277 1211,2352 1235,2352"/>
          <TextEquiv conf="0.9216841">
            <Unicode>wie</Unicode>
          </TextEquiv>
        </Word>
        <Word id="region0007_line0011_word0003" custom="readingOrder {index:3;}">
          <Coords points="1423,2355 1423,2281 1334,2280 1334,2352 1377,2353"/>
          <TextEquiv conf="0.931849">
            <Unicode>ein</Unicode>
          </TextEquiv>
        </Word>
        <Word id="region0007_line0011_word0004" custom="readingOrder {index:4;}">
          <Coords points="1624,2272 1443,2270 1441,2356 1496,2359 1564,2357 1570,2369 1581,2369 1586,2366 1598,2369 1606,2364 1609,2355 1755,2364 1873,2357 1879,2358 1881,2366 1884,2369 1897,2369 1910,2359 1959,2362 1978,2360 1985,2375 1996,2375 2002,2367 2004,2288 1984,2287 1983,2277 1956,2276 1956,2280 1958,2286 1916,2286 1908,2276 1880,2275 1872,2281 1872,2275 1843,2275 1839,2281 1785,2276 1781,2274 1759,2274 1759,2274 1759,2274 1717,2273 1716,2274 1630,2276 1625,2275"/>
          <TextEquiv>
            <Unicode>Waſſer⸗Strohm,</Unicode>
          </TextEquiv>
        </Word>
        <Word id="region0007_line0011_word0005" custom="readingOrder {index:5;}">
          <Coords points="2111,2363 2112,2281 2108,2284 2104,2281 2093,2281 2086,2290 2042,2289 2038,2280 2029,2279 2028,2362 2073,2362 2078,2366 2087,2367 2091,2364 2096,2368 2107,2368"/>
          <TextEquiv conf="0.91943115">
            <Unicode>und</Unicode>
          </TextEquiv>
        </Word>
        <Word id="region0007_line0011_word0006" custom="readingOrder {index:6;}">
          <Coords points="2372,2377 2373,2284 2370,2281 2346,2284 2337,2297 2299,2296 2297,2286 2285,2281 2265,2283 2257,2294 2211,2293 2207,2283 2203,2279 2192,2280 2186,2292 2180,2292 2173,2284 2168,2283 2167,2365 2183,2367 2187,2370 2215,2368 2223,2375 2231,2375 2238,2369 2243,2372 2255,2370 2257,2383 2261,2388 2268,2388 2274,2388 2280,2372 2343,2377"/>
          <TextEquiv>
            <Unicode>unſere</Unicode>
          </TextEquiv>
        </Word>
        <TextEquiv>
          <Unicode>Friede ſey, wie ein Waſſer⸗Strohm, und unſere</Unicode>
        </TextEquiv>
      </TextLine>
      <TextLine id="region0007_line0012" custom="readingOrder {index:9;}">
        <Coords points="1848,2359 1840,2360 1831,2372 1821,2376 1795,2376 1788,2371 1778,2371 1767,2380 1728,2384 1640,2375 1620,2371 1616,2366 1608,2366 1592,2372 1571,2371 1566,2375 1522,2377 1520,2368 1515,2363 1503,2364 1496,2371 1495,2378 1491,2380 1483,2380 1478,2368 1467,2366 1457,2370 1450,2380 1421,2381 1420,2372 1416,2367 1404,2366 1397,2371 1392,2382 1354,2380 1350,2377 1305,2380 1304,2371 1299,2365 1290,2364 1275,2375 1270,2366 1257,2365 1248,2372 1245,2379 1225,2379 1219,2369 1202,2367 1185,2373 1181,2378 1156,2379 1154,2370 1142,2364 1133,2367 1127,2380 1119,2373 1109,2372 1102,2379 1088,2379 1086,2371 1079,2366 1055,2368 1050,2372 1048,2379 1039,2379 1031,2366 1019,2366 1012,2379 966,2379 962,2376 939,2377 932,2370 919,2369 881,2371 873,2376 853,2376 853,2452 873,2453 886,2460 895,2461 925,2460 932,2455 941,2456 945,2459 956,2459 960,2456 1056,2457 1058,2464 1064,2468 1075,2468 1086,2457 1129,2457 1140,2458 1148,2468 1172,2471 1184,2466 1191,2457 1265,2458 1272,2453 1289,2457 1291,2466 1299,2472 1303,2463 1312,2455 1318,2458 1529,2459 1548,2460 1553,2465 1563,2466 1568,2462 1614,2461 1623,2454 1642,2456 1651,2462 1691,2462 1697,2458 1705,2458 1714,2465 1723,2465 1727,2462 1869,2468 2001,2466 2019,2469 2023,2466 2052,2466 2057,2470 2067,2470 2077,2466 2124,2470 2136,2474 2178,2472 2337,2479 2344,2483 2357,2481 2396,2482 2396,2399 2381,2399 2379,2388 2366,2383 2343,2381 2339,2386 2338,2398 2302,2397 2300,2389 2295,2385 2281,2385 2268,2395 2263,2395 2245,2392 2235,2381 2224,2381 2207,2387 2174,2384 2149,2377 2130,2377 2119,2382 2075,2381 2071,2378 2058,2377 2043,2383 1985,2383 1977,2365 1966,2366 1959,2377 1925,2379 1857,2370 1856,2362"/>
        <Word id="region0007_line0012_word0000" custom="readingOrder {index:0;}">
          <Coords points="936,2374 878,2373 873,2376 865,2376 864,2453 873,2453 886,2460 895,2461 925,2460 932,2455 941,2456 945,2459 956,2459 960,2456 1056,2457 1058,2464 1060,2465 1078,2465 1086,2457 1129,2457 1140,2458 1146,2466 1183,2466 1184,2466 1191,2457 1265,2458 1272,2453 1289,2457 1291,2466 1293,2467 1301,2468 1303,2463 1312,2455 1318,2458 1441,2459 1442,2380 1421,2381 1421,2379 1394,2378 1392,2382 1354,2380 1351,2378 1336,2378 1305,2380 1305,2378 1246,2377 1245,2379 1225,2379 1224,2377 1182,2376 1181,2378 1156,2379 1155,2376 1129,2376 1127,2380 1122,2376 1105,2376 1102,2379 1088,2379 1087,2375 1049,2375 1048,2379 1039,2379 1036,2375 1014,2375 1012,2379 966,2379 962,2376 939,2377"/>
          <TextEquiv conf="0.9216248">
            <Unicode>Gerechtigkeit,</Unicode>
          </TextEquiv>
        </Word>
        <Word id="region0007_line0012_word0001" custom="readingOrder {index:1;}">
          <Coords points="1459,2458 1460,2368 1457,2370 1450,2380 1421,2381 1420,2372 1416,2367 1404,2366 1397,2371 1392,2382 1362,2380 1361,2458"/>
          <TextEquiv conf="0.9279482">
            <Unicode>wie</Unicode>
          </TextEquiv>
        </Word>
        <Word id="region0007_line0012_word0002" custom="readingOrder {index:2;}">
          <Coords points="1482,2378 1460,2378 1459,2458 1543,2459 1544,2379 1494,2378 1491,2380 1483,2380"/>
          <TextEquiv conf="0.9317301">
            <Unicode>die</Unicode>
          </TextEquiv>
        </Word>
        <Word id="region0007_line0012_word0003" custom="readingOrder {index:3;}">
          <Coords points="1628,2372 1569,2372 1566,2375 1557,2375 1557,2465 1564,2465 1568,2462 1614,2461 1623,2454 1642,2456 1651,2462 1691,2462 1697,2458 1705,2458 1714,2465 1723,2465 1727,2462 1869,2468 2001,2466 2019,2469 2023,2466 2052,2466 2056,2469 2067,2469 2071,2468 2071,2378 2071,2378 2058,2377 2043,2383 1985,2383 1981,2376 1959,2375 1959,2377 1925,2379 1897,2375 1824,2374 1821,2376 1795,2376 1792,2374 1774,2374 1767,2380 1728,2384 1640,2375"/>
          <TextEquiv>
            <Unicode>Meeres⸗Wellen!</Unicode>
          </TextEquiv>
        </Word>
        <Word id="region0007_line0012_word0004" custom="readingOrder {index:4;}">
          <Coords points="2241,2388 2112,2387 2111,2468 2124,2470 2133,2473 2148,2473 2178,2472 2232,2474 2371,2476 2372,2390 2338,2389 2338,2398 2302,2397 2300,2389 2275,2388 2268,2395 2263,2395 2245,2392"/>
          <TextEquiv conf="0.921883">
            <Unicode>Gelobet</Unicode>
          </TextEquiv>
        </Word>
        <TextEquiv>
          <Unicode>Gerechtigkeit, wie die Meeres⸗Wellen! Gelobet</Unicode>
        </TextEquiv>
      </TextLine>
      <TextLine id="region0007_line0013" custom="readingOrder {index:10;}">
        <Coords points="1622,2455 1614,2462 1614,2471 1619,2476 1626,2476 1627,2480 1582,2482 1577,2475 1570,2472 1554,2470 1546,2474 1542,2484 1521,2484 1519,2474 1512,2468 1500,2469 1491,2484 1480,2484 1478,2475 1473,2471 1455,2474 1449,2483 1407,2483 1402,2470 1389,2468 1375,2483 1252,2481 1247,2471 1238,2468 1226,2469 1213,2478 1119,2467 1109,2474 1061,2478 1057,2468 1041,2466 1031,2480 1016,2480 1016,2467 1009,2460 997,2463 994,2479 985,2466 968,2467 959,2472 955,2479 951,2479 909,2476 898,2465 878,2464 863,2467 857,2473 853,2473 853,2557 859,2557 864,2568 870,2573 880,2572 887,2557 913,2557 918,2567 930,2569 948,2556 993,2553 1002,2553 1008,2558 1017,2558 1026,2553 1032,2561 1044,2560 1051,2556 1056,2559 1070,2556 1121,2560 1217,2559 1223,2568 1238,2568 1248,2559 1338,2559 1345,2571 1357,2570 1364,2558 1392,2561 1401,2557 1454,2558 1466,2562 1538,2562 1540,2569 1545,2573 1558,2573 1564,2563 1770,2565 1778,2574 1783,2574 1791,2565 1795,2565 1834,2568 1835,2575 1846,2584 1853,2581 1857,2568 1928,2571 1935,2565 1948,2565 1952,2569 2001,2572 2049,2570 2053,2578 2063,2585 2075,2584 2092,2577 2108,2582 2112,2573 2122,2568 2133,2568 2137,2571 2164,2569 2218,2574 2248,2572 2252,2575 2312,2574 2317,2578 2328,2578 2332,2575 2339,2578 2357,2576 2396,2576 2396,2506 2345,2502 2343,2494 2338,2490 2302,2494 2295,2489 2284,2488 2279,2490 2272,2500 2262,2500 2258,2491 2244,2488 2238,2498 2212,2498 2201,2485 2191,2485 2178,2492 2167,2480 2155,2480 2146,2487 2143,2496 2051,2495 1986,2492 1980,2480 1968,2479 1950,2488 1937,2487 1922,2492 1821,2490 1812,2488 1808,2479 1794,2473 1779,2476 1772,2486 1705,2481 1714,2474 1714,2466 1705,2459 1697,2459 1691,2463 1691,2476 1649,2477 1651,2463 1648,2460"/>
        <Word id="region0007_line0013_word0000" custom="readingOrder {index:0;}">
          <Coords points="906,2474 861,2473 860,2559 863,2565 883,2565 887,2557 913,2557 917,2566 934,2566 948,2556 951,2556 952,2479 951,2479 909,2476"/>
          <TextEquiv conf="0.875051">
            <Unicode>ſey</Unicode>
          </TextEquiv>
        </Word>
        <Word id="region0007_line0013_word0001" custom="readingOrder {index:1;}">
          <Coords points="987,2469 965,2469 964,2552 1091,2553 1091,2475 1061,2478 1057,2469 1038,2469 1031,2480 1016,2480 1016,2469 995,2469 994,2479"/>
          <TextEquiv conf="0.92818934">
            <Unicode>dein</Unicode>
          </TextEquiv>
        </Word>
        <Word id="region0007_line0013_word0002" custom="readingOrder {index:2;}">
          <Coords points="1195,2475 1111,2475 1110,2559 1121,2560 1217,2559 1218,2561 1245,2561 1248,2559 1338,2559 1340,2562 1361,2562 1364,2558 1369,2558 1369,2482 1252,2481 1249,2476 1215,2476 1213,2478"/>
          <TextEquiv conf="0.91555536">
            <Unicode>Nahme,</Unicode>
          </TextEquiv>
        </Word>
        <Word id="region0007_line0013_word0003" custom="readingOrder {index:3;}">
          <Coords points="1405,2477 1381,2477 1380,2478 1379,2552 1437,2553 1438,2483 1407,2483"/>
          <TextEquiv conf="0.9318998">
            <Unicode>in</Unicode>
          </TextEquiv>
        </Word>
        <Word id="region0007_line0013_word0004" custom="readingOrder {index:4;}">
          <Coords points="1637,2457 1618,2457 1614,2462 1614,2471 1619,2476 1626,2476 1627,2480 1582,2482 1577,2475 1570,2472 1554,2470 1546,2474 1542,2484 1521,2484 1519,2474 1512,2468 1500,2469 1491,2484 1480,2484 1478,2475 1473,2471 1466,2472 1466,2562 1538,2562 1539,2565 1562,2566 1564,2563 1642,2563 1642,2459"/>
          <TextEquiv conf="0.92871684">
            <Unicode>dieſer</Unicode>
          </TextEquiv>
        </Word>
        <Word id="region0007_line0013_word0005" custom="readingOrder {index:5;}">
          <Coords points="2095,2577 2095,2495 2051,2495 1986,2492 1980,2480 1968,2479 1950,2488 1937,2487 1922,2492 1821,2490 1812,2488 1808,2479 1794,2473 1779,2476 1772,2486 1705,2481 1714,2474 1714,2466 1705,2459 1697,2459 1691,2463 1691,2476 1687,2476 1687,2564 1770,2565 1778,2574 1783,2574 1791,2565 1795,2565 1834,2568 1835,2575 1840,2579 1853,2580 1857,2568 1928,2571 1935,2565 1948,2565 1952,2569 2001,2572 2049,2570 2053,2578 2059,2582 2077,2582 2092,2577"/>
          <TextEquiv>
            <Unicode>Verſammlung,</Unicode>
          </TextEquiv>
        </Word>
        <Word id="region0007_line0013_word0006" custom="readingOrder {index:6;}">
          <Coords points="2259,2574 2259,2494 2258,2491 2244,2488 2238,2498 2212,2498 2201,2485 2191,2485 2178,2492 2167,2480 2155,2480 2146,2487 2143,2496 2129,2495 2129,2568 2133,2568 2137,2571 2164,2569 2218,2574 2248,2572 2252,2575"/>
          <TextEquiv conf="0.80853635">
            <Unicode>uͤber</Unicode>
          </TextEquiv>
        </Word>
        <Word id="region0007_line0013_word0007" custom="readingOrder {index:7;}">
          <Coords points="2298,2491 2282,2491 2281,2564 2366,2565 2366,2503 2345,2502 2343,2494 2340,2491 2324,2491 2302,2494"/>
          <TextEquiv conf="0.80853635">
            <Unicode>die</Unicode>
          </TextEquiv>
        </Word>
        <TextEquiv>
          <Unicode>ſey dein Nahme, in dieſer Verſammlung, uͤber die</Unicode>
        </TextEquiv>
      </TextLine>
      <TextLine id="region0007_line0014" custom="readingOrder {index:11;}">
        <Coords points="1935,2566 1929,2571 1932,2581 1936,2584 1945,2584 1951,2579 1951,2587 1939,2591 1914,2591 1908,2583 1897,2583 1893,2571 1877,2570 1869,2578 1864,2589 1847,2589 1835,2576 1822,2576 1805,2582 1799,2589 1799,2569 1795,2566 1791,2566 1783,2575 1778,2575 1770,2566 1748,2568 1742,2575 1745,2590 1731,2590 1726,2586 1699,2588 1699,2577 1692,2569 1678,2571 1674,2587 1648,2587 1646,2577 1635,2570 1625,2570 1610,2577 1604,2584 1595,2585 1538,2584 1482,2578 1476,2569 1466,2568 1461,2572 1444,2570 1440,2573 1432,2569 1415,2569 1406,2575 1383,2575 1377,2568 1364,2567 1348,2577 1279,2581 1228,2581 1223,2580 1221,2573 1216,2569 1200,2568 1186,2579 1113,2573 1106,2568 1095,2568 1087,2564 1062,2565 1050,2572 1032,2572 1027,2565 1017,2561 985,2560 970,2576 853,2582 853,2662 863,2670 878,2669 896,2675 913,2660 967,2658 976,2668 986,2668 990,2665 994,2668 1003,2668 1008,2664 1011,2655 1044,2654 1064,2654 1096,2660 1105,2660 1111,2654 1131,2657 1220,2655 1450,2662 1517,2662 1523,2657 1532,2658 1536,2654 1547,2662 1557,2663 1568,2655 1580,2662 1592,2657 1602,2657 1609,2662 1614,2657 1621,2656 1623,2658 1612,2670 1619,2676 1629,2675 1640,2664 1687,2665 1693,2659 1702,2659 1708,2665 1707,2672 1713,2677 1731,2678 1746,2661 1753,2658 1757,2658 1763,2664 1762,2670 1768,2676 1787,2678 1806,2673 1812,2666 1840,2667 1846,2662 1853,2661 1865,2671 1868,2667 1901,2668 1912,2660 1917,2662 1912,2678 1914,2680 1925,2679 1933,2667 1956,2666 2072,2667 2078,2680 2090,2682 2105,2668 2152,2668 2163,2659 2170,2665 2171,2670 2217,2669 2222,2673 2234,2670 2332,2672 2338,2676 2350,2678 2357,2673 2396,2673 2396,2596 2364,2596 2351,2588 2335,2588 2327,2596 2187,2593 2183,2584 2174,2579 2173,2573 2158,2570 2152,2574 2152,2592 2110,2592 2107,2583 2092,2578 2067,2586 2065,2592 2059,2592 2057,2584 2051,2581 2045,2572 2034,2571 2029,2576 2029,2584 2021,2593 2007,2594 2008,2577 1998,2571 1986,2570 1982,2575 1982,2583 1989,2591 1969,2592 1977,2583 1977,2575 1973,2570 1958,2569 1953,2573 1948,2566"/>
        <Word id="region0007_line0014_word0000" custom="readingOrder {index:0;}">
          <Coords points="993,2560 984,2560 970,2576 861,2581 861,2668 863,2670 878,2669 896,2675 913,2660 967,2658 976,2668 986,2668 990,2665 994,2668 1003,2668 1008,2664 1011,2655 1044,2654 1064,2654 1068,2654 1068,2564 1062,2565 1050,2572 1032,2572 1027,2565 1017,2561"/>
          <TextEquiv conf="0.91996545">
            <Unicode>groſſe</Unicode>
          </TextEquiv>
        </Word>
        <Word id="region0007_line0014_word0001" custom="readingOrder {index:1;}">
          <Coords points="1261,2656 1262,2584 1097,2582 1096,2660 1105,2660 1111,2654 1131,2657 1220,2655"/>
          <TextEquiv conf="0.92859465">
            <Unicode>Gnade</Unicode>
          </TextEquiv>
        </Word>
        <Word id="region0007_line0014_word0002" custom="readingOrder {index:2;}">
          <Coords points="1393,2660 1394,2586 1279,2584 1278,2656"/>
          <TextEquiv conf="0.931976">
            <Unicode>und</Unicode>
          </TextEquiv>
        </Word>
        <Word id="region0007_line0014_word0003" custom="readingOrder {index:3;}">
          <Coords points="1433,2569 1415,2569 1406,2575 1406,2575 1405,2661 1450,2662 1517,2662 1523,2657 1532,2658 1536,2654 1547,2662 1557,2663 1568,2655 1580,2662 1592,2657 1602,2657 1609,2662 1614,2657 1621,2656 1623,2658 1612,2670 1617,2674 1630,2674 1640,2664 1687,2665 1693,2659 1702,2659 1708,2665 1707,2672 1711,2675 1733,2676 1746,2661 1753,2658 1757,2658 1763,2664 1762,2670 1768,2676 1794,2676 1806,2673 1812,2666 1840,2667 1846,2662 1853,2661 1865,2671 1868,2667 1901,2668 1912,2660 1917,2662 1912,2678 1926,2678 1933,2667 1956,2666 2072,2667 2078,2679 2093,2679 2105,2668 2142,2668 2143,2592 2110,2592 2107,2583 2092,2578 2067,2586 2065,2592 2059,2592 2057,2584 2051,2581 2048,2576 2029,2576 2029,2576 2029,2584 2021,2593 2007,2594 2008,2577 2006,2576 1982,2575 1982,2583 1989,2591 1969,2592 1977,2583 1977,2575 1930,2575 1932,2581 1936,2584 1945,2584 1951,2579 1951,2587 1939,2591 1914,2591 1908,2583 1897,2583 1894,2574 1873,2574 1869,2578 1864,2589 1847,2589 1835,2576 1822,2576 1805,2582 1799,2589 1799,2573 1785,2573 1783,2575 1778,2575 1776,2573 1744,2573 1742,2575 1745,2590 1731,2590 1726,2586 1699,2588 1699,2577 1695,2572 1678,2572 1674,2587 1648,2587 1646,2577 1637,2572 1622,2571 1610,2577 1604,2584 1595,2585 1538,2584 1482,2578 1477,2570 1464,2570 1461,2572 1444,2570 1440,2573"/>
          <TextEquiv conf="0.9238284">
            <Unicode>Barmhertzigkeit,</Unicode>
          </TextEquiv>
        </Word>
        <Word id="region0007_line0014_word0004" custom="readingOrder {index:4;}">
          <Coords points="1973,2571 1967,2571 1966,2666 2072,2667 2078,2680 2090,2682 2105,2668 2152,2668 2155,2665 2156,2573 2153,2572 2152,2574 2152,2592 2110,2592 2107,2583 2092,2578 2067,2586 2065,2592 2059,2592 2057,2584 2051,2581 2045,2572 2042,2571 2033,2571 2029,2576 2029,2584 2021,2593 2007,2594 2008,2577 1998,2571 1985,2571 1982,2575 1982,2583 1989,2591 1969,2592 1977,2583 1977,2575"/>
          <TextEquiv conf="0.9251145">
            <Unicode>welche</Unicode>
          </TextEquiv>
        </Word>
        <Word id="region0007_line0014_word0005" custom="readingOrder {index:5;}">
          <Coords points="2181,2583 2161,2583 2160,2661 2163,2659 2170,2665 2171,2670 2217,2669 2219,2670 2230,2670 2234,2670 2236,2670 2236,2594 2187,2593 2183,2584"/>
          <TextEquiv conf="0.88645965">
            <Unicode>du</Unicode>
          </TextEquiv>
        </Word>
        <Word id="region0007_line0014_word0006" custom="readingOrder {index:6;}">
          <Coords points="2365,2673 2366,2602 2248,2600 2247,2670 2332,2672 2335,2674 2354,2674 2357,2673"/>
          <TextEquiv conf="0.88645965">
            <Unicode>uns</Unicode>
          </TextEquiv>
        </Word>
        <TextEquiv conf="0.9146283">
          <Unicode>groſſe Gnade und Barmhertzigkeit, welche du uns</Unicode>
        </TextEquiv>
      </TextLine>
      <TextLine id="region0007_line0015" custom="readingOrder {index:12;}">
        <Coords points="1568,2656 1560,2661 1557,2669 1551,2672 1552,2687 1517,2686 1515,2679 1509,2674 1492,2674 1482,2686 1298,2684 1295,2673 1284,2665 1255,2666 1245,2673 1241,2682 1212,2682 1209,2674 1201,2669 1179,2674 1172,2682 1137,2683 1083,2681 1081,2672 1075,2668 1058,2669 1045,2680 1038,2671 1029,2667 1012,2667 1002,2679 985,2679 973,2667 952,2667 937,2680 898,2682 884,2671 857,2671 853,2674 853,2752 860,2752 862,2760 867,2764 882,2763 895,2752 916,2752 935,2753 944,2765 957,2762 961,2758 973,2761 999,2756 1005,2765 1017,2766 1025,2757 1049,2758 1058,2766 1069,2766 1074,2763 1075,2755 1079,2751 1084,2751 1096,2758 1110,2761 1132,2759 1157,2759 1162,2763 1171,2763 1176,2759 1183,2762 1195,2759 1236,2760 1244,2773 1253,2773 1257,2770 1272,2773 1280,2761 1295,2761 1339,2761 1340,2769 1345,2774 1360,2773 1367,2761 1446,2762 1451,2765 1465,2762 1566,2767 1640,2765 1700,2769 1708,2778 1722,2778 1732,2771 1757,2771 1764,2781 1776,2780 1783,2771 1874,2773 1882,2782 1892,2784 1914,2784 1925,2774 2007,2775 2018,2784 2032,2787 2048,2785 2063,2774 2102,2773 2110,2768 2123,2772 2271,2776 2276,2780 2311,2776 2321,2784 2332,2783 2338,2778 2396,2779 2397,2701 2337,2699 2330,2692 2313,2692 2307,2698 2250,2695 2240,2694 2228,2683 2204,2683 2191,2694 2067,2692 2035,2680 2026,2680 2009,2692 1893,2694 1892,2684 1888,2679 1882,2676 1872,2676 1868,2679 1866,2673 1853,2662 1846,2663 1840,2668 1845,2682 1837,2687 1835,2693 1803,2691 1801,2682 1796,2678 1755,2678 1739,2685 1735,2691 1733,2683 1728,2678 1713,2678 1702,2684 1698,2691 1630,2689 1625,2685 1597,2689 1575,2688 1573,2677 1580,2670 1587,2676 1596,2676 1609,2668 1612,2669 1622,2658 1614,2658 1609,2663 1602,2658 1592,2658 1580,2663"/>
        <Word id="region0007_line0015_word0000" custom="readingOrder {index:0;}">
          <Coords points="888,2674 861,2674 860,2752 860,2755 891,2755 895,2752 916,2752 935,2753 936,2755 989,2756 989,2679 985,2679 980,2674 943,2674 937,2680 898,2682"/>
          <TextEquiv conf="0.92341185">
            <Unicode>haſt</Unicode>
          </TextEquiv>
        </Word>
        <Word id="region0007_line0015_word0001" custom="readingOrder {index:1;}">
          <Coords points="1156,2759 1156,2682 1137,2683 1083,2681 1081,2672 1075,2668 1058,2669 1045,2680 1038,2671 1029,2667 1012,2667 1009,2669 1009,2765 1017,2766 1025,2757 1049,2758 1058,2766 1069,2766 1074,2763 1075,2755 1079,2751 1084,2751 1096,2758 1110,2761 1132,2759"/>
          <TextEquiv conf="0.9216992">
            <Unicode>ſehen</Unicode>
          </TextEquiv>
        </Word>
        <Word id="region0007_line0015_word0002" custom="readingOrder {index:2;}">
          <Coords points="1205,2671 1191,2671 1179,2674 1178,2675 1177,2759 1183,2762 1195,2759 1236,2760 1238,2763 1278,2763 1280,2761 1295,2761 1339,2761 1339,2764 1365,2765 1367,2761 1380,2761 1381,2685 1298,2684 1295,2673 1295,2673 1246,2672 1245,2673 1241,2682 1212,2682 1209,2674"/>
          <TextEquiv conf="0.9216992">
            <Unicode>laſſen,</Unicode>
          </TextEquiv>
        </Word>
        <Word id="region0007_line0015_word0003" custom="readingOrder {index:3;}">
          <Coords points="1420,2691 1469,2692 1468,2755 1419,2754"/>
          <TextEquiv conf="0.93226266">
            <Unicode>an</Unicode>
          </TextEquiv>
        </Word>
        <Word id="region0007_line0015_word0004" custom="readingOrder {index:4;}">
          <Coords points="1601,2672 1601,2658 1592,2658 1580,2663 1568,2656 1560,2661 1557,2669 1551,2672 1552,2687 1517,2686 1515,2679 1509,2674 1506,2674 1506,2755 1601,2756 1601,2688 1597,2689 1575,2688 1573,2677 1580,2670 1587,2676 1596,2676"/>
          <TextEquiv conf="0.93192154">
            <Unicode>der</Unicode>
          </TextEquiv>
        </Word>
        <Word id="region0007_line0015_word0005" custom="readingOrder {index:5;}">
          <Coords points="1614,2658 1603,2659 1603,2688 1603,2765 1700,2770 1992,2773 1992,2692 1853,2662 1622,2658"/>
          <TextEquiv conf="0.8826327">
            <Unicode>wohlſeeligen</Unicode>
          </TextEquiv>
        </Word>
        <Word id="region0007_line0015_word0006" custom="readingOrder {index:6;}">
          <Coords points="2046,2684 2020,2684 2011,2689 2011,2774 2062,2774 2063,2774 2102,2773 2110,2768 2123,2772 2170,2773 2170,2693 2067,2692"/>
          <TextEquiv conf="0.91298467">
            <Unicode>Frau</Unicode>
          </TextEquiv>
        </Word>
        <Word id="region0007_line0015_word0007" custom="readingOrder {index:7;}">
          <Coords points="2232,2687 2199,2687 2192,2692 2192,2769 2364,2771 2364,2699 2337,2699 2330,2692 2313,2692 2307,2698 2250,2695 2240,2694"/>
          <TextEquiv>
            <Unicode>Land⸗</Unicode>
          </TextEquiv>
        </Word>
        <TextEquiv>
          <Unicode>haſt ſehen laſſen, an der wohlſeeligen Frau Land⸗</Unicode>
        </TextEquiv>
      </TextLine>
      <TextLine id="region0007_line0016" custom="readingOrder {index:13;}">
        <Coords points="2110,2769 2102,2774 2104,2787 2101,2791 2096,2777 2085,2776 2078,2783 2078,2796 2028,2801 1950,2799 1943,2791 1933,2790 1924,2798 1909,2799 1903,2793 1895,2793 1890,2798 1883,2799 1831,2800 1826,2788 1812,2785 1804,2799 1784,2799 1780,2791 1767,2790 1759,2799 1717,2799 1697,2798 1695,2787 1689,2783 1674,2785 1668,2795 1664,2796 1658,2790 1642,2794 1639,2786 1629,2780 1617,2781 1609,2792 1596,2792 1588,2781 1566,2781 1552,2790 1523,2790 1514,2789 1507,2780 1489,2782 1485,2779 1475,2779 1471,2782 1470,2788 1465,2788 1458,2779 1448,2776 1430,2777 1421,2788 1383,2790 1375,2789 1372,2779 1368,2776 1354,2776 1338,2786 1238,2775 1214,2778 1161,2777 1147,2774 1137,2779 1067,2781 1060,2780 1053,2771 1041,2771 1034,2778 1027,2778 1020,2768 1010,2766 993,2772 973,2772 962,2763 955,2763 941,2771 932,2770 927,2766 897,2769 890,2766 872,2766 868,2769 853,2769 853,2859 918,2859 999,2854 1003,2863 1019,2863 1031,2854 1113,2854 1120,2862 1130,2862 1136,2857 1230,2863 1234,2866 1256,2863 1342,2864 1346,2874 1362,2874 1374,2865 1416,2867 1423,2877 1432,2877 1440,2869 1455,2871 1461,2867 1491,2868 1503,2871 1520,2868 1545,2869 1546,2875 1557,2884 1570,2877 1573,2870 1589,2869 1594,2872 1621,2874 1679,2875 1690,2889 1720,2885 1730,2876 1784,2874 1788,2884 1798,2885 1809,2869 1840,2870 1845,2874 1856,2874 1861,2869 1867,2869 1869,2874 1884,2885 1891,2880 1896,2870 1994,2876 2084,2873 2139,2874 2147,2870 2156,2870 2167,2876 2335,2882 2336,2893 2340,2898 2355,2898 2365,2883 2397,2883 2397,2803 2376,2803 2365,2797 2355,2797 2351,2800 2346,2796 2334,2795 2327,2799 2315,2798 2317,2782 2311,2777 2294,2780 2297,2796 2277,2795 2277,2782 2271,2777 2259,2778 2255,2791 2251,2788 2240,2788 2234,2792 2201,2791 2195,2787 2193,2779 2189,2776 2177,2777 2172,2786 2154,2784 2137,2788 2123,2783 2122,2772"/>
        <Word id="region0007_line0016_word0000" custom="readingOrder {index:0;}">
          <Coords points="1160,2858 1161,2784 862,2781 861,2859 918,2859 999,2854 1003,2863 1019,2863 1031,2854 1113,2854 1120,2862 1130,2862 1136,2857"/>
          <TextEquiv conf="0.92610306">
            <Unicode>Raͤthinn!</Unicode>
          </TextEquiv>
        </Word>
        <Word id="region0007_line0016_word0001" custom="readingOrder {index:1;}">
          <Coords points="1328,2864 1329,2791 1203,2790 1202,2861 1230,2863 1231,2863 1250,2864 1256,2863"/>
          <TextEquiv conf="0.9322234">
            <Unicode>Du</Unicode>
          </TextEquiv>
        </Word>
        <Word id="region0007_line0016_word0002" custom="readingOrder {index:2;}">
          <Coords points="1450,2870 1450,2776 1448,2776 1430,2777 1421,2788 1383,2790 1375,2789 1372,2779 1368,2776 1354,2776 1338,2786 1322,2784 1322,2863 1342,2864 1346,2874 1362,2874 1374,2865 1416,2867 1423,2877 1432,2877 1440,2869"/>
          <TextEquiv conf="0.9310743">
            <Unicode>haſt</Unicode>
          </TextEquiv>
        </Word>
        <Word id="region0007_line0016_word0003" custom="readingOrder {index:3;}">
          <Coords points="2096,2778 2083,2778 2078,2783 2078,2796 2028,2801 1950,2799 1943,2791 1933,2790 1924,2798 1909,2799 1903,2793 1895,2793 1890,2798 1883,2799 1831,2800 1826,2788 1812,2785 1804,2799 1784,2799 1780,2791 1767,2790 1759,2799 1717,2799 1697,2798 1695,2787 1689,2783 1674,2785 1668,2795 1664,2796 1658,2790 1642,2794 1639,2786 1629,2780 1617,2781 1609,2792 1596,2792 1588,2781 1566,2781 1552,2790 1523,2790 1514,2789 1507,2780 1489,2782 1485,2779 1479,2779 1478,2868 1491,2868 1503,2871 1520,2868 1545,2869 1546,2875 1557,2884 1557,2884 1570,2877 1573,2870 1589,2869 1594,2872 1621,2874 1679,2875 1687,2885 1715,2886 1720,2885 1730,2876 1784,2874 1788,2884 1798,2885 1809,2869 1840,2870 1845,2874 1856,2874 1861,2869 1867,2869 1869,2874 1884,2885 1891,2880 1896,2870 1994,2876 2084,2873 2139,2874 2147,2870 2156,2870 2167,2876 2335,2882 2336,2893 2358,2893 2363,2886 2364,2797 2355,2797 2351,2800 2346,2796 2334,2795 2327,2799 2315,2798 2317,2782 2315,2780 2294,2780 2297,2796 2277,2795 2277,2782 2275,2780 2258,2780 2255,2791 2251,2788 2240,2788 2234,2792 2201,2791 2195,2787 2193,2779 2176,2779 2172,2786 2154,2784 2137,2788 2123,2783 2123,2778 2103,2778 2104,2787 2101,2791"/>
          <TextEquiv conf="0.91936576">
            <Unicode>beſtaͤtiget,</Unicode>
          </TextEquiv>
        </Word>
        <Word id="region0007_line0016_word0004" custom="readingOrder {index:4;}">
          <Coords points="1892,2877 1892,2795 1890,2798 1883,2799 1869,2799 1869,2874 1884,2885 1891,2880"/>
          <TextEquiv conf="0.21684387">
            <Unicode>o</Unicode>
          </TextEquiv>
        </Word>
        <Word id="region0007_line0016_word0005" custom="readingOrder {index:5;}">
          <Coords points="2122,2774 2103,2774 2102,2774 2104,2787 2101,2791 2096,2777 2085,2776 2078,2783 2078,2796 2028,2801 1950,2799 1943,2791 1933,2790 1930,2793 1929,2872 1994,2876 2084,2873 2139,2874 2140,2873 2141,2787 2137,2788 2123,2783"/>
          <TextEquiv conf="0.4927443">
            <Unicode>treuer</Unicode>
          </TextEquiv>
        </Word>
        <Word id="region0007_line0016_word0006" custom="readingOrder {index:6;}">
          <Coords points="2365,2883 2366,2797 2365,2797 2355,2797 2351,2800 2346,2796 2334,2795 2327,2799 2315,2798 2317,2782 2311,2777 2294,2780 2297,2796 2277,2795 2277,2782 2271,2777 2259,2778 2255,2791 2251,2788 2240,2788 2234,2792 2201,2791 2195,2787 2193,2779 2189,2776 2178,2777 2177,2876 2335,2882 2336,2893 2339,2897 2356,2897 2365,2883"/>
          <TextEquiv conf="0.2522934">
            <Unicode>GOtt,</Unicode>
          </TextEquiv>
        </Word>
        <TextEquiv conf="0.66723543">
          <Unicode>Raͤthinn! Du haſt beſtaͤtiget, o treuer GOtt,</Unicode>
        </TextEquiv>
      </TextLine>
      <TextLine id="region0007_line0017" custom="readingOrder {index:14;}">
        <Coords points="2147,2871 2138,2877 2139,2887 2147,2893 2138,2897 2127,2896 2126,2887 2119,2878 2108,2879 2103,2887 2103,2895 2094,2896 2099,2889 2099,2877 2090,2874 2081,2875 2077,2879 2067,2878 2061,2885 2046,2882 2040,2887 2026,2886 2020,2891 2012,2892 2007,2897 1999,2886 1988,2886 1982,2894 1943,2892 1909,2886 1883,2890 1883,2885 1867,2873 1861,2878 1862,2891 1839,2891 1832,2886 1833,2872 1809,2870 1798,2886 1788,2885 1779,2888 1772,2895 1729,2898 1724,2887 1709,2886 1702,2889 1695,2898 1661,2898 1660,2888 1649,2884 1643,2878 1632,2877 1627,2881 1625,2895 1601,2892 1596,2875 1589,2870 1573,2871 1571,2878 1557,2885 1546,2876 1520,2878 1505,2875 1500,2879 1489,2880 1483,2887 1460,2888 1435,2888 1431,2880 1420,2877 1405,2877 1401,2880 1393,2870 1384,2870 1378,2877 1365,2873 1340,2877 1329,2865 1313,2866 1308,2872 1307,2880 1293,2873 1279,2872 1273,2876 1268,2871 1252,2873 1246,2879 1237,2879 1233,2870 1224,2867 1201,2867 1196,2871 1194,2878 1187,2878 1184,2868 1178,2863 1164,2865 1157,2878 1152,2877 1143,2867 1129,2868 1126,2876 1122,2878 1065,2876 1063,2866 1055,2861 1043,2863 1035,2876 1031,2876 1025,2867 1018,2864 1004,2864 992,2875 981,2875 975,2867 959,2864 946,2868 939,2878 922,2879 889,2879 880,2871 868,2870 854,2878 853,2958 865,2959 870,2963 882,2963 887,2959 916,2959 921,2963 932,2962 940,2974 950,2974 958,2964 968,2960 1018,2959 1026,2957 1047,2958 1063,2955 1075,2957 1090,2954 1203,2953 1208,2964 1221,2965 1234,2954 1294,2956 1349,2952 1359,2958 1375,2956 1379,2960 1386,2960 1397,2954 1403,2954 1414,2961 1424,2956 1441,2956 1449,2960 1454,2956 1478,2958 1487,2966 1488,2959 1497,2955 1504,2962 1517,2959 1550,2965 1556,2978 1584,2978 1590,2971 1605,2977 1615,2971 1621,2983 1634,2984 1641,2971 1649,2973 1653,2985 1666,2983 1674,2971 1771,2975 1775,2978 1788,2975 1822,2979 1835,2974 1843,2978 1908,2981 1911,2990 1924,2991 1930,2989 1929,2976 1932,2973 1946,2976 1956,2972 1965,2980 2051,2976 2058,2985 2079,2988 2089,2987 2100,2977 2213,2983 2218,2984 2222,2992 2230,2994 2238,2994 2249,2986 2301,2991 2327,2994 2337,3011 2345,3012 2349,2998 2355,2994 2365,2998 2396,2998 2396,2911 2254,2903 2253,2895 2240,2887 2220,2892 2213,2901 2155,2898 2151,2894 2161,2890 2165,2876 2156,2871"/>
        <Word id="region0007_line0017_word0000" custom="readingOrder {index:0;}">
          <Coords points="971,2959 973,2885 859,2884 858,2958 865,2959 870,2963 882,2963 887,2959 916,2959 921,2963 932,2962 940,2974 950,2974 958,2964 968,2960"/>
          <TextEquiv conf="0.932539">
            <Unicode>daß</Unicode>
          </TextEquiv>
        </Word>
        <Word id="region0007_line0017_word0001" custom="readingOrder {index:1;}">
          <Coords points="1088,2954 1089,2884 1001,2883 1000,2959 1018,2959 1026,2957 1047,2958 1063,2955 1075,2957"/>
          <TextEquiv conf="0.9323935">
            <Unicode>dir</Unicode>
          </TextEquiv>
        </Word>
        <Word id="region0007_line0017_word0002" custom="readingOrder {index:2;}">
          <Coords points="1293,2956 1294,2873 1293,2873 1279,2872 1273,2876 1268,2871 1252,2873 1246,2879 1237,2879 1233,2870 1224,2867 1201,2867 1196,2871 1194,2878 1187,2878 1184,2868 1178,2863 1164,2865 1157,2878 1152,2877 1143,2867 1129,2868 1126,2876 1122,2878 1106,2877 1105,2954 1203,2953 1208,2964 1221,2965 1234,2954"/>
          <TextEquiv conf="0.7755964">
            <Unicode>nichts</Unicode>
          </TextEquiv>
        </Word>
        <Word id="region0007_line0017_word0003" custom="readingOrder {index:3;}">
          <Coords points="1535,2962 1536,2876 1520,2878 1505,2875 1500,2879 1489,2880 1483,2887 1460,2888 1435,2888 1431,2880 1420,2877 1405,2877 1401,2880 1393,2870 1384,2870 1378,2877 1365,2873 1340,2877 1329,2865 1325,2865 1324,2953 1349,2952 1359,2958 1375,2956 1379,2960 1386,2960 1397,2954 1403,2954 1414,2961 1424,2956 1441,2956 1449,2960 1454,2956 1478,2958 1487,2966 1488,2959 1497,2955 1504,2962 1517,2959"/>
          <TextEquiv conf="0.36535916">
            <Unicode>liebers</Unicode>
          </TextEquiv>
        </Word>
        <Word id="region0007_line0017_word0004" custom="readingOrder {index:4;}">
          <Coords points="1598,2880 1570,2880 1568,2978 1584,2978 1590,2971 1605,2977 1615,2971 1621,2983 1634,2984 1641,2971 1649,2973 1653,2985 1666,2983 1670,2977 1672,2898 1661,2898 1660,2888 1649,2884 1646,2881 1628,2881 1627,2881 1625,2895 1601,2892"/>
          <TextEquiv>
            <Unicode>ſey,</Unicode>
          </TextEquiv>
        </Word>
        <Word id="region0007_line0017_word0005" custom="readingOrder {index:5;}">
          <Coords points="1832,2881 1802,2880 1798,2886 1788,2885 1779,2888 1772,2895 1729,2898 1724,2887 1709,2886 1705,2888 1704,2972 1768,2975 1787,2975 1788,2975 1789,2975 1830,2976 1835,2974 1839,2976 1850,2976 1851,2891 1839,2891 1832,2886"/>
          <TextEquiv>
            <Unicode>denn</Unicode>
          </TextEquiv>
        </Word>
        <Word id="region0007_line0017_word0006" custom="readingOrder {index:6;}">
          <Coords points="1868,2874 1866,2874 1864,2876 1862,2979 1908,2981 1911,2990 1924,2991 1930,2989 1929,2976 1932,2973 1946,2976 1956,2972 1965,2980 2051,2976 2058,2985 2079,2988 2089,2987 2100,2977 2213,2983 2218,2984 2222,2992 2230,2994 2238,2994 2249,2986 2301,2991 2327,2994 2331,3001 2348,3001 2349,2998 2355,2994 2360,2996 2362,2909 2254,2903 2253,2895 2240,2887 2220,2892 2213,2901 2155,2898 2151,2894 2161,2890 2165,2878 2138,2877 2139,2887 2147,2893 2138,2897 2127,2896 2126,2887 2119,2878 2108,2879 2103,2887 2103,2895 2094,2896 2099,2889 2099,2877 2098,2877 2079,2877 2077,2879 2067,2878 2061,2885 2046,2882 2040,2887 2026,2886 2020,2891 2012,2892 2007,2897 1999,2886 1988,2886 1982,2894 1943,2892 1909,2886 1883,2890 1883,2885"/>
          <TextEquiv>
            <Unicode>Seeligmachen;</Unicode>
          </TextEquiv>
        </Word>
        <TextEquiv>
          <Unicode>daß dir nichts liebers ſey, denn Seeligmachen;</Unicode>
        </TextEquiv>
      </TextLine>
      <TextLine id="region0007_line0018" custom="readingOrder {index:15;}">
        <Coords points="1345,2953 1313,2956 1310,2966 1298,2971 1293,2983 1258,2981 1254,2977 1244,2977 1236,2982 1204,2982 1201,2971 1195,2968 1182,2968 1165,2981 1157,2981 1147,2971 1134,2971 1121,2981 1073,2982 1063,2971 1046,2971 1032,2977 1027,2984 987,2986 981,2985 978,2974 961,2972 945,2986 941,2986 886,2981 873,2969 862,2969 853,2980 854,3062 874,3057 883,3064 912,3063 915,3069 921,3070 930,3059 937,3059 943,3064 954,3065 956,3073 972,3075 977,3073 977,3062 983,3057 990,3057 996,3064 1022,3065 1023,3069 1040,3076 1044,3069 1062,3069 1066,3066 1312,3061 1342,3061 1345,3074 1358,3075 1363,3071 1367,3061 1426,3062 1430,3075 1441,3076 1449,3071 1455,3062 1497,3064 1504,3056 1509,3056 1515,3061 1524,3060 1531,3064 1543,3060 1555,3066 1567,3066 1574,3057 1577,3057 1584,3067 1595,3067 1605,3074 1625,3074 1642,3064 1648,3068 1646,3076 1650,3082 1660,3081 1661,3074 1670,3068 1676,3069 1683,3077 1698,3078 1707,3087 1713,3087 1721,3078 1736,3090 1743,3082 1748,3082 1758,3074 1764,3075 1769,3082 1789,3078 1796,3084 1807,3084 1811,3093 1819,3100 1830,3100 1836,3092 1854,3093 1862,3090 1867,3084 1914,3080 1922,3080 1927,3085 1937,3085 1949,3077 2007,3075 2093,3083 2093,3095 2098,3100 2107,3100 2115,3096 2120,3086 2207,3092 2212,3093 2214,3100 2219,3104 2231,3103 2244,3087 2251,3087 2259,3095 2331,3096 2346,3108 2356,3107 2365,3098 2396,3098 2396,3021 2304,3014 2298,3004 2283,3004 2274,3012 2266,3012 2258,3004 2244,2997 2230,2998 2217,3009 2210,3007 2211,2996 2208,2992 2189,2992 2184,2997 2177,2987 2167,2987 2163,2995 2158,2991 2144,2991 2137,3000 2083,3000 2081,2991 2076,2987 2053,2986 2045,2990 2043,2999 1989,2999 1982,2989 1967,2989 1955,2993 1953,2989 1964,2982 1956,2973 1946,2977 1932,2974 1930,2990 1903,2992 1896,3002 1892,3002 1888,2993 1875,2993 1867,2988 1842,2993 1844,2980 1839,2976 1830,2975 1823,2979 1822,2988 1828,2995 1839,2995 1836,3002 1831,3002 1795,2999 1785,2994 1765,2995 1749,2990 1739,2991 1730,2985 1719,2984 1712,2990 1703,2990 1690,2982 1681,2982 1675,2986 1653,2986 1647,2972 1639,2973 1635,2985 1621,2984 1615,2972 1605,2978 1591,2972 1584,2979 1556,2979 1550,2966 1517,2960 1504,2963 1497,2956 1489,2959 1487,2967 1478,2959 1464,2957 1454,2957 1449,2961 1441,2957 1424,2957 1412,2964 1411,2959 1397,2955 1385,2961 1382,2971 1377,2971 1360,2965 1355,2955"/>
        <Word id="region0007_line0018_word0000" custom="readingOrder {index:0;}">
          <Coords points="882,2978 858,2978 858,3061 874,3057 880,3062 927,3062 930,3059 937,3059 937,2985 886,2981"/>
          <TextEquiv conf="0.8233763">
            <Unicode>du</Unicode>
          </TextEquiv>
        </Word>
        <Word id="region0007_line0018_word0001" custom="readingOrder {index:1;}">
          <Coords points="979,2980 953,2980 952,3064 954,3065 955,3072 977,3072 977,3062 983,3057 990,3057 996,3064 1022,3065 1023,3069 1031,3072 1041,3072 1044,3069 1062,3069 1066,3066 1072,3065 1072,2981 1072,2980 1029,2980 1027,2984 987,2986 981,2985"/>
          <TextEquiv conf="0.8233763">
            <Unicode>haſt</Unicode>
          </TextEquiv>
        </Word>
        <Word id="region0007_line0018_word0002" custom="readingOrder {index:2;}">
          <Coords points="1092,2982 1154,2983 1154,3061 1092,3060"/>
          <TextEquiv conf="0.9303276">
            <Unicode>es</Unicode>
          </TextEquiv>
        </Word>
        <Word id="region0007_line0018_word0003" custom="readingOrder {index:3;}">
          <Coords points="1364,2966 1310,2966 1298,2971 1293,2983 1258,2981 1254,2977 1244,2977 1236,2982 1204,2982 1201,2971 1195,2968 1187,2968 1185,3064 1312,3061 1342,3061 1345,3074 1358,3075 1363,3071 1367,3061 1462,3064 1464,2969 1383,2967 1382,2971 1377,2971"/>
          <TextEquiv>
            <Unicode>bewieſen,</Unicode>
          </TextEquiv>
        </Word>
        <Word id="region0007_line0018_word0004" custom="readingOrder {index:4;}">
          <Coords points="1618,3074 1619,2981 1615,2972 1605,2978 1591,2972 1584,2979 1556,2979 1550,2966 1517,2960 1504,2963 1497,2956 1489,2959 1487,2967 1478,2959 1464,2957 1454,2957 1452,2957 1451,3067 1455,3062 1497,3064 1504,3056 1509,3056 1515,3061 1524,3060 1531,3064 1543,3060 1555,3066 1567,3066 1574,3057 1577,3057 1584,3067 1595,3067 1605,3074"/>
          <TextEquiv conf="0.20074761">
            <Unicode> mein</Unicode>
          </TextEquiv>
        </Word>
        <Word id="region0007_line0018_word0005" custom="readingOrder {index:5;}">
          <Coords points="1647,2972 1643,2972 1642,3064 1646,3076 1650,3082 1736,3090 1810,3091 1826,3092 1827,2994 1827,2976"/>
          <TextEquiv>
            <Unicode>ſuͤſſer</Unicode>
          </TextEquiv>
        </Word>
        <Word id="word_1651134978056_6114" custom="readingOrder {index:6;}">
          <Coords points="1826,2977 1830,2975 1839,2976 1844,2980 1842,2993 1867,2988 1875,2993 1888,2993 1892,3002 1896,3002 1903,2992 1930,2990 1932,2974 1946,2977 1956,2973 1964,2982 1953,2989 1955,2993 1967,2989 1982,2989 1989,2999 2043,2999 2045,2990 2053,2986 2076,2987 2081,2991 2083,3000 2121,3000 2121,3084 2093,3084 2093,3083 2007,3075 1949,3077 1941,3082 1924,3082 1922,3080 1914,3080 1895,3082 1824,3081 1825,3002 1836,3002 1839,2995 1828,2995 1826,2992"/>
          <TextEquiv>
            <Unicode>Heyland,</Unicode>
          </TextEquiv>
        </Word>
        <Word id="region0007_line0018_word0007" custom="readingOrder {index:7;}">
          <Coords points="2250,3087 2251,3000 2244,2997 2230,2998 2217,3009 2210,3007 2211,2996 2208,2992 2189,2992 2184,2997 2177,2987 2167,2987 2163,2995 2159,2992 2158,3088 2207,3092 2212,3093 2212,3095 2236,3095 2244,3087"/>
          <TextEquiv conf="0.9222993">
            <Unicode>daß</Unicode>
          </TextEquiv>
        </Word>
        <Word id="region0007_line0018_word0008" custom="readingOrder {index:8;}">
          <Coords points="2280,3005 2280,3084 2358,3085 2358,3018 2304,3014 2298,3004 2283,3004"/>
          <TextEquiv conf="0.9316547">
            <Unicode>du</Unicode>
          </TextEquiv>
        </Word>
        <TextEquiv>
          <Unicode>du haſt es bewieſen,  mein ſuͤſſer Heyland, daß du</Unicode>
        </TextEquiv>
      </TextLine>
      <TextLine id="region0007_line0019" custom="readingOrder {index:16;}">
        <Coords points="1504,3057 1492,3074 1492,3082 1479,3092 1380,3095 1379,3087 1374,3080 1359,3077 1341,3082 1337,3095 1293,3096 1279,3094 1292,3083 1291,3070 1283,3063 1272,3064 1261,3075 1262,3095 1250,3093 1257,3086 1257,3075 1252,3070 1236,3074 1233,3080 1235,3093 1159,3095 1158,3085 1154,3080 1138,3078 1130,3082 1125,3069 1115,3068 1110,3072 1109,3084 1100,3094 1097,3092 1098,3081 1092,3075 1081,3076 1077,3081 1078,3092 1069,3092 1067,3083 1061,3079 1061,3069 1044,3070 1040,3077 1021,3069 1018,3073 1020,3088 1013,3089 1010,3066 996,3065 990,3058 983,3058 978,3062 978,3070 990,3072 972,3076 956,3074 952,3089 902,3087 853,3090 853,3162 861,3160 881,3164 938,3165 946,3159 952,3159 965,3163 968,3173 972,3175 985,3175 1000,3162 1014,3162 1025,3171 1029,3179 1039,3183 1047,3183 1053,3179 1052,3167 1058,3163 1071,3163 1074,3166 1084,3164 1090,3167 1100,3163 1107,3165 1113,3173 1141,3171 1150,3183 1177,3185 1184,3182 1194,3171 1217,3172 1225,3166 1234,3167 1239,3172 1251,3172 1259,3165 1265,3165 1276,3171 1294,3174 1302,3166 1315,3165 1322,3172 1329,3167 1339,3167 1345,3172 1345,3179 1350,3182 1364,3181 1374,3173 1383,3173 1469,3175 1475,3183 1490,3183 1500,3176 1511,3176 1515,3179 1527,3177 1532,3181 1541,3181 1546,3176 1552,3181 1561,3181 1567,3177 1586,3177 1593,3187 1603,3187 1613,3177 1631,3177 1638,3178 1640,3185 1648,3191 1660,3189 1665,3179 1736,3181 1740,3184 1749,3184 1753,3181 1762,3184 1771,3184 1775,3181 1785,3184 1794,3184 1798,3181 1802,3184 1813,3184 1817,3182 1896,3182 2005,3191 2014,3202 2024,3201 2030,3193 2064,3194 2074,3198 2086,3199 2090,3196 2097,3199 2135,3197 2136,3204 2142,3211 2155,3210 2161,3198 2269,3206 2312,3205 2319,3216 2334,3216 2347,3206 2359,3202 2372,3206 2396,3205 2396,3125 2348,3125 2343,3115 2330,3110 2317,3112 2310,3116 2305,3124 2256,3124 2208,3121 2207,3114 2202,3109 2187,3109 2176,3120 2124,3117 2122,3108 2116,3103 2106,3103 2097,3113 2091,3113 2086,3112 2078,3100 2064,3101 2054,3109 1927,3107 1920,3095 1904,3094 1896,3100 1894,3106 1753,3107 1727,3104 1726,3099 1734,3091 1721,3079 1713,3088 1700,3093 1696,3101 1640,3096 1639,3093 1650,3084 1645,3076 1647,3070 1642,3065 1625,3075 1605,3075 1595,3069 1592,3080 1596,3089 1593,3095 1525,3092 1532,3086 1537,3089 1548,3088 1555,3076 1556,3067 1543,3061 1533,3066 1524,3061 1515,3062 1509,3057"/>
        <Word id="region0007_line0019_word0000" custom="readingOrder {index:0;}">
          <Coords points="954,3160 1004,3160 1006,3066 996,3065 990,3058 983,3058 978,3062 978,3070 990,3072 972,3076 956,3074 952,3089 902,3087 860,3090 859,3159 945,3160 946,3159 952,3159"/>
          <TextEquiv conf="0.93241346">
            <Unicode>auch</Unicode>
          </TextEquiv>
        </Word>
        <Word id="region0007_line0019_word0001" custom="readingOrder {index:1;}">
          <Coords points="1109,3168 1188,3169 1189,3094 1159,3095 1158,3085 1154,3080 1138,3078 1130,3082 1125,3069 1115,3068 1110,3072 1109,3084 1100,3094 1097,3092 1098,3081 1092,3075 1081,3076 1077,3081 1078,3092 1069,3092 1067,3083 1061,3079 1061,3069 1044,3070 1040,3077 1027,3071 1026,3168 1052,3168 1052,3167 1058,3163 1071,3163 1074,3166 1084,3164 1090,3167 1100,3163 1107,3165"/>
          <TextEquiv>
            <Unicode>ſeelig</Unicode>
          </TextEquiv>
        </Word>
        <Word id="region0007_line0019_word0002" custom="readingOrder {index:2;}">
          <Coords points="1285,3065 1272,3064 1261,3075 1262,3095 1250,3093 1257,3086 1257,3075 1252,3070 1236,3074 1233,3080 1235,3093 1218,3093 1217,3165 1259,3165 1259,3165 1265,3165 1266,3165 1305,3166 1315,3165 1316,3166 1452,3167 1453,3093 1380,3095 1379,3087 1374,3080 1359,3077 1341,3082 1337,3095 1293,3096 1279,3094 1292,3083 1291,3070"/>
          <TextEquiv conf="0.92124206">
            <Unicode>machen</Unicode>
          </TextEquiv>
        </Word>
        <Word id="region0007_line0019_word0003" custom="readingOrder {index:3;}">
          <Coords points="1509,3057 1503,3057 1492,3074 1492,3082 1480,3090 1479,3172 1665,3174 1666,3098 1640,3096 1639,3093 1650,3084 1645,3076 1647,3070 1642,3065 1625,3075 1605,3075 1595,3069 1592,3080 1596,3089 1593,3095 1525,3092 1532,3086 1537,3089 1548,3088 1555,3076 1556,3067 1543,3061 1533,3066 1524,3061 1515,3062"/>
          <TextEquiv>
            <Unicode>kanſt,</Unicode>
          </TextEquiv>
        </Word>
        <Word id="region0007_line0019_word0004" custom="readingOrder {index:4;}">
          <Coords points="1687,3100 1687,3172 2028,3176 2028,3108 1927,3107 1920,3095 1904,3094 1896,3100 1894,3106 1753,3107 1727,3104 1726,3099 1734,3091 1721,3079 1713,3088 1700,3093 1696,3101"/>
          <TextEquiv conf="0.9287622">
            <Unicode>immerdar,</Unicode>
          </TextEquiv>
        </Word>
        <Word id="region0007_line0019_word0005" custom="readingOrder {index:5;}">
          <Coords points="2041,3108 2040,3183 2157,3184 2158,3118 2124,3117 2122,3108 2116,3103 2106,3103 2097,3113 2091,3113 2086,3112 2078,3100 2064,3101 2054,3109"/>
          <TextEquiv conf="0.82676905">
            <Unicode>die,</Unicode>
          </TextEquiv>
        </Word>
        <Word id="region0007_line0019_word0006" custom="readingOrder {index:6;}">
          <Coords points="2191,3109 2190,3185 2355,3187 2356,3125 2348,3125 2343,3115 2330,3110 2317,3112 2310,3116 2305,3124 2256,3124 2208,3121 2207,3114 2202,3109"/>
          <TextEquiv conf="0.84123456">
            <Unicode>durch</Unicode>
          </TextEquiv>
        </Word>
        <TextEquiv>
          <Unicode>auch ſeelig machen kanſt, immerdar, die, durch</Unicode>
        </TextEquiv>
      </TextLine>
      <TextLine id="region0007_line0023" custom="readingOrder {index:17;}">
        <Coords points="946,3160 938,3166 938,3171 941,3175 949,3177 933,3181 929,3189 923,3189 915,3177 901,3177 893,3187 882,3186 876,3180 879,3176 878,3164 861,3161 853,3163 853,3175 858,3180 853,3184 853,3268 862,3268 866,3271 877,3271 882,3268 936,3271 941,3279 950,3281 958,3281 966,3273 976,3273 984,3281 994,3281 1002,3274 1030,3275 1037,3280 1051,3280 1059,3275 1085,3274 1329,3274 1468,3281 1473,3285 1483,3285 1487,3282 1527,3283 1533,3288 1546,3288 1552,3284 1581,3284 1585,3287 1594,3287 1598,3284 1809,3287 1829,3289 1833,3292 1849,3290 1974,3299 1983,3312 1999,3311 2003,3301 2150,3306 2163,3307 2165,3314 2190,3315 2192,3308 2322,3309 2324,3314 2363,3315 2365,3310 2396,3310 2397,3230 2370,3230 2372,3207 2365,3203 2352,3207 2350,3221 2336,3222 2326,3230 2313,3231 2214,3227 2208,3225 2202,3213 2185,3212 2181,3209 2169,3210 2165,3224 2092,3224 2087,3220 2068,3222 2066,3217 2058,3212 2047,3213 2040,3219 2031,3208 2018,3208 2004,3220 1922,3211 1914,3199 1899,3199 1890,3208 1877,3208 1788,3200 1775,3195 1754,3198 1748,3194 1717,3193 1712,3197 1668,3197 1633,3201 1627,3201 1621,3194 1613,3194 1604,3203 1597,3204 1541,3203 1404,3196 1394,3187 1373,3187 1361,3194 1338,3194 1333,3190 1321,3190 1317,3193 1307,3193 1302,3189 1293,3189 1289,3192 1255,3190 1241,3183 1233,3183 1225,3190 1193,3189 1176,3185 1147,3184 1130,3192 1033,3196 972,3191 971,3182 965,3176 965,3164"/>
        <Word id="region0007_line0023_word0000" custom="readingOrder {index:0;}">
          <Coords points="951,3161 944,3161 938,3166 938,3171 941,3175 949,3177 933,3181 929,3189 923,3189 915,3177 901,3177 893,3187 882,3186 876,3180 879,3176 878,3164 861,3161 855,3162 855,3177 858,3180 855,3181 855,3268 862,3268 864,3270 878,3270 882,3268 928,3270 1019,3273 1019,3193 995,3193 972,3191 971,3182 965,3176 965,3164"/>
          <TextEquiv conf="0.91541976">
            <Unicode>dich,</Unicode>
          </TextEquiv>
        </Word>
        <Word id="region0007_line0023_word0001" custom="readingOrder {index:1;}">
          <Coords points="1106,3274 1106,3190 1104,3192 1039,3194 1039,3274 1059,3274"/>
          <TextEquiv conf="0.8691919">
            <Unicode>zu</Unicode>
          </TextEquiv>
        </Word>
        <Word id="region0007_line0023_word0002" custom="readingOrder {index:2;}">
          <Coords points="1202,3189 1180,3189 1179,3265 1340,3267 1341,3194 1338,3194 1334,3191 1320,3191 1317,3193 1307,3193 1304,3191 1291,3190 1289,3192 1255,3190 1255,3190 1225,3190 1225,3190"/>
          <TextEquiv conf="0.9193213">
            <Unicode>GOtt</Unicode>
          </TextEquiv>
        </Word>
        <Word id="region0007_line0023_word0003" custom="readingOrder {index:3;}">
          <Coords points="1654,3284 1654,3198 1633,3201 1627,3201 1621,3194 1613,3194 1604,3203 1597,3204 1541,3203 1404,3196 1394,3187 1378,3187 1378,3276 1468,3281 1473,3285 1483,3285 1487,3282 1527,3283 1533,3288 1546,3288 1552,3284 1581,3284 1585,3287 1594,3287 1598,3284"/>
          <TextEquiv conf="0.9159931">
            <Unicode>kommen.</Unicode>
          </TextEquiv>
        </Word>
        <Word id="region0007_line0023_word0004" custom="readingOrder {index:4;}">
          <Coords points="1748,3194 1719,3194 1718,3271 1870,3273 1870,3207 1788,3200 1775,3195 1754,3198"/>
          <TextEquiv conf="0.9221832">
            <Unicode>Nun</Unicode>
          </TextEquiv>
        </Word>
        <Word id="region0007_line0023_word0005" custom="readingOrder {index:5;}">
          <Coords points="1878,3292 2126,3295 2126,3224 2092,3224 2087,3220 2068,3222 2066,3217 2058,3212 2047,3213 2040,3219 2031,3208 2018,3208 2004,3220 1922,3211 1914,3199 1899,3199 1890,3208 1877,3208 1866,3207 1866,3291"/>
          <TextEquiv conf="0.7810363">
            <Unicode>daruͤber</Unicode>
          </TextEquiv>
        </Word>
        <Word id="region0007_line0023_word0006" custom="readingOrder {index:6;}">
          <Coords points="2155,3224 2155,3295 2362,3298 2362,3203 2352,3207 2350,3221 2336,3222 2326,3230 2313,3231 2214,3227 2208,3225 2202,3213 2185,3212 2181,3209 2169,3210 2165,3224"/>
          <TextEquiv conf="0.93091834">
            <Unicode>freuet</Unicode>
          </TextEquiv>
        </Word>
        <TextEquiv conf="0.8934377">
          <Unicode>dich, zu GOtt kommen. Nun daruͤber freuet</Unicode>
        </TextEquiv>
      </TextLine>
      <TextEquiv>
        <Unicode>alle Ehre, und Anbetung, daß du ſo treu, ſo guͤ⸗
tig und gnaͤdig, gegen uns arme und unwuͤrdige
Creaturen, handelſt! O, HErr, wie koͤnnen wir
dir, genugſam deine Liebe verdancken, die du ſo
reichlich, ſo uͤberfluͤßig den Menſchen⸗Kindern zu⸗
flieſſen laͤſſeſt? Ach, gieb uns Gnade, daß wir
noch ferner, mit aufgeſpannten Ohren und Her⸗
tzen; auf deine Gebote mercken: damit unſer
Friede ſey, wie ein Waſſer⸗Strohm, und unſere
Gerechtigkeit, wie die Meeres⸗Wellen! Gelobet
ſey dein Nahme, in dieſer Verſammlung, uͤber die
groſſe Gnade und Barmhertzigkeit, welche du uns
haſt ſehen laſſen, an der wohlſeeligen Frau Land⸗
Raͤthinn! Du haſt beſtaͤtiget, o treuer GOtt,
daß dir nichts liebers ſey, denn Seeligmachen;
du haſt es bewieſen,  mein ſuͤſſer Heyland, daß du
auch ſeelig machen kanſt, immerdar, die, durch
dich, zu GOtt kommen. Nun daruͤber freuet</Unicode>
      </TextEquiv>
    </TextRegion>
  </Page>
</PcGts>
