1729 2358
552 370 629 415 234

642 364 729 405 Des
736 347 899 415 ſechſten
908 361 1165 417 Hauptſtuͤcks
1180 365 1327 407 dritter
1334 363 1498 408 Artickel

545 705 581 750 3.

546 1128 591 1166 4.

638 465 735 499 Anm.
761 464 831 500 Das
849 464 940 499 Wort
959 463 1116 503 Prieſter,
1147 468 1228 498 wenn
1249 466 1279 498 es
1284 456 1314 504 lo
1342 464 1395 499 viel
1409 465 1483 503 heißt
1495 460 1541 499 als

679 509 787 553 ίεϱευς,
816 508 921 545 koͤmmt
940 514 1011 546 allen
1036 511 1199 554 Glaͤubigen
1221 512 1293 549 ohne
1308 512 1479 552 Unterſcheid
1493 517 1540 545 zu:

679 559 733 587 wie
753 551 819 591 auch
842 554 893 585 das
910 552 997 588 Wort
1018 550 1176 593 geiſtlich,
1194 554 1230 587 da
1244 554 1296 587 alle
1311 555 1402 590 wahre
1412 553 1537 591 Chriſten

677 601 834 640 geiſtliche
842 599 978 639 Prieſter
987 599 1053 640 ſind.
1076 608 1091 631 1.
1100 598 1179 637 Petr.
1192 608 1285 639 2,5.
1264 595 1294 638 9.
1303 600 1398 643 Off.I,
1408 595 1445 636 6.
1440 594 1545 629 Roͤm.

680 647 745 680 8,5.
763 650 788 671 n.
802 641 819 675 f.
831 648 901 679 c.12,
919 640 946 681 1.
962 639 1005 684 15.
1023 650 1045 673 1.
1050 641 1244 689 Cor.
1144 638 1170 685 2,
1183 641 1242 685 15.c.
1265 649 1290 678 3,
1301 649 1327 672 1.

605 696 682 741 Die
703 688 928 756 geiſtliche
941 680 1124 745 Wuͤrde
1140 698 1201 739 des
1216 685 1395 748 Lehramts
1421 695 1538 738 ruͤhret

600 756 658 801 her
675 758 742 789 von
751 749 921 799 goͤttlicher
929 750 1173 797 Verordnung
1185 750 1230 791 im
1245 751 1291 793 A.
1300 747 1369 792 und
1398 751 1437 795 N.
1441 739 1536 798 Teſt.

594 825 633 854 2.
642 809 727 853 Cor.
746 823 848 853 5,20.
865 810 953 856 Gal.
974 824 1006 859 1,
1029 816 1075 849 16.
1100 810 1171 858 Apg.
1182 819 1309 857 20,28.
1333 811 1470 859 Eph.4,
1474 819 1534 848 11.

598 865 671 905 und
680 862 714 902 in
725 861 842 911 dieſem
851 860 1074 911 vornehmlich
1083 870 1151 903 von
1161 862 1295 911 Chriſto
1305 862 1341 903 in
1350 862 1536 911 Anſehung

596 912 701 962 ſeines
710 912 1002 961 prophetiſchen
1011 914 1153 957 Amts;
1174 913 1229 954 als
1242 912 1379 961 welches
1388 912 1535 959 dadurch

597 964 770 1006 mittelbar
788 961 981 1015 fortgefetzet
994 964 1103 1008 wird,
1125 963 1204 1005 aber
1221 964 1303 1012 auch
1320 963 1438 1013 lehret,
1466 963 1533 1012 daß

597 1022 637 1058 es
657 1017 692 1058 in
720 1016 833 1058 keinen
860 1015 1041 1064 weltlichen
1068 1016 1191 1059 Staat
1214 1017 1295 1067 muß
1327 1013 1534 1067 eingefuͤhret

597 1075 743 1117 werden.

611 1120 687 1160 Die
718 1110 1073 1171 nothwendigen
1097 1105 1446 1175 Eigenſchaften
1476 1118 1536 1160 der

597 1176 838 1221 Candidaten,
859 1176 910 1215 die
930 1184 1016 1223 zum
1032 1175 1210 1230 Lehramte
1233 1175 1370 1224 beſtellet
1400 1178 1534 1224 werden

595 1239 709 1278 ſollen,
720 1240 792 1278 ſind
805 1238 981 1285 folgende:

600 1282 630 1326 1.
641 1293 725 1322 Der
735 1287 878 1319 Stand
887 1283 955 1316 der
968 1278 1159 1319 Gnaden,
1184 1278 1250 1319 daß
1266 1278 1308 1319 ſie
1324 1278 1379 1310 als
1395 1278 1531 1310 wieder⸗

647 1332 816 1383 gebohrne
836 1334 906 1383 ſich
928 1335 962 1375 in
1003 1336 1066 1375 dem
1089 1328 1198 1383 Laufe
1208 1337 1265 1377 der
1305 1334 1534 1382 Erneuerung

648 1384 822 1434 befinden,
848 1388 920 1427 und
945 1385 1035 1433 nicht
1035 1385 1137 1431 allein
1151 1387 1217 1430 das
1245 1386 1400 1437 geiſtliche
1415 1387 1531 1431 Leben,

647 1435 791 1482 ſondern
807 1435 844 1473 in
866 1431 1044 1482 demſelben
1062 1431 1144 1479 auch
1154 1430 1275 1475 bereits
1291 1431 1342 1473 ein
1355 1425 1535 1483 geiſtliches

645 1488 770 1533 Alter,
779 1491 847 1528 und
855 1486 919 1529 mit
927 1480 1107 1535 demſelben
1115 1487 1197 1535 auch
1206 1486 1274 1528 eine
1283 1487 1427 1536 mehrere
1435 1486 1532 1538 geiſt⸗

648 1541 727 1589 liche
742 1538 946 1588 Erfahrung
963 1540 1112 1586 erlanget
1131 1539 1252 1588 haben.
1296 1540 1478 1590 Gleichwie
1494 1547 1535 1588 zu

647 1589 737 1631 einer
748 1589 862 1629 civilen
871 1589 1081 1634 Bedienung
1093 1587 1155 1638 bey
1171 1590 1247 1631 dem
1262 1588 1472 1638 natuͤrlichen
1472 1588 1532 1632 Le⸗

646 1642 711 1686 ben
728 1640 779 1682 ein
793 1638 1001 1688 maͤnnliches
1014 1643 1114 1683 Alter
1135 1641 1299 1688 erfordert
1313 1642 1413 1685 wird.
1461 1643 1533 1688 Da

646 1697 719 1730 nun
735 1690 786 1729 die
801 1685 978 1736 wenigſten
995 1690 1052 1728 der
1066 1685 1252 1737 Theologie
1269 1686 1450 1739 befliſſenen
1472 1676 1584 1737 auf

645 1742 890 1797 Univerſitaͤten
914 1744 1021 1797 dieſes
1037 1752 1207 1794 erwegen,
1213 1737 1251 1792 ſo
1281 1744 1323 1796 iſt
1337 1754 1378 1791 es
1400 1742 1534 1793 noͤthig,

646 1798 728 1848 dieſe
742 1798 866 1846 Sache
890 1795 953 1840 mit
980 1797 1114 1847 mehren
1132 1793 1304 1842 Gruͤnden
1322 1797 1533 1850 vorzuſtellen

645 1853 718 1894 und
727 1843 975 1902 einzuſchaͤrfen,
990 1844 1038 1902 als
1043 1853 1087 1893 da
1101 1850 1174 1900 ſind
1182 1848 1356 1902 folgende:

642 1923 685 1972 a.
697 1913 839 1957 Paulus
850 1907 995 1961 erfodert
1009 1921 1041 1946 1.
1049 1907 1142 1951 Tim.
1154 1920 1188 1954 3,
1197 1912 1232 1948 6.
1240 1909 1307 1959 daß
1315 1893 1369 1962 ein
1375 1905 1534 1956 Biſchof,

711 1974 778 2013 das
796 1971 834 2020 iſt
849 1971 979 2027 Lehrer,
980 1963 1080 2019 nicht
1089 1969 1175 2019 noch
1185 1970 1364 2024 νεόϕυτος,
1371 1970 1423 2012 ein
1434 1972 1535 2016 Neu⸗

713 2022 799 2063 ling,
811 2023 896 2063 oder
911 2016 1260 2063 neugepflantzter,
1281 2022 1422 2063 ſondern
1438 2023 1535 2063 ſchon

1455 2079 1535 2114 vor⸗
