2495 2753
422 305 562 381 uͤber
562 305 673 381 den
673 305 813 381 neun
813 305 920 381 und
920 305 1252 381 zwantzigſten
1252 305 1474 381 Pſalm.

1578 325 1693 393 405

299 427 339 468 5.
373 416 461 466 Die
471 417 666 468 Stimme
673 418 745 467 des
754 419 984 474 HERRN
993 415 1188 478 zerbricht
1195 416 1264 470 die
1265 423 1451 478 Cedern;
1465 423 1535 473 der
1545 426 1681 484 HErr

188 470 428 529 zerbricht
387 468 451 522 die
456 475 613 524 Cedern
626 475 683 521 im
690 476 888 526 Libanon.

308 527 349 570 6.
384 524 477 573 Und
493 526 645 578 machet
661 523 713 580 ſie
725 524 849 576 loͤcken
859 526 938 577 wie
951 526 1014 579 ein
1023 528 1160 587 Kalb;
1194 530 1381 582 Libanon
1395 531 1481 583 und
1492 532 1677 590 Sirion,

184 581 260 631 wie
277 582 339 631 ein
361 582 505 641 junges
517 585 720 642 Einhorn.

292 645 335 693 7.
363 635 450 687 Die
461 636 726 689 Stimme
677 632 764 693 des
749 639 978 700 HERRN
996 638 1125 698 haͤuet
1137 643 1217 691 wie
1226 643 1603 702 Feuer⸗Flammen.

293 699 331 747 8.
357 695 445 744 Die
456 695 651 746 Stimme
663 695 733 744 des
744 699 973 749 HERRN
985 703 1138 758 erreget
1149 702 1211 751 die
1223 689 1451 760 Wuͤſte;
1404 694 1474 755 die
1476 703 1674 755 Stimme

180 750 250 799 des
261 753 491 810 HERRN
506 758 659 810 erreget
672 755 736 805 die
744 745 893 804 Wuͤſte
902 757 1061 806 Kades.

284 819 329 862 9.
363 808 450 857 Die
467 809 661 859 Stimme
680 809 751 858 des
769 811 998 867 HERRN
1019 817 1173 869 erreget
1188 813 1251 860 die
1268 814 1460 871 Hinden,
1487 816 1571 864 und
1590 821 1671 864 ent⸗

179 863 317 923 bloͤſſet
330 867 394 915 die
403 864 604 923 Waͤlder;
636 867 722 917 und
731 866 774 916 in
784 868 930 923 ſeinem
936 871 1109 927 Tempel
1122 871 1230 920 wird
1246 865 1318 931 ihm
1335 872 1539 924 iederman
1558 875 1672 931 Ehre

182 925 312 968 ſagen.

294 985 361 1025 10.
394 974 492 1026 Der
499 976 678 1035 HERR
693 975 796 1038 ſitzet
814 977 901 1027 eine
917 975 1165 1038 Suͤndfluth
1184 978 1463 1041 anzurichten;
1497 982 1581 1034 und
1596 983 1669 1033 der

181 1035 356 1084 HERR
372 1038 516 1085 bleibet
526 1037 588 1082 ein
598 1037 737 1090 Koͤnig
753 1038 796 1083 in
808 1038 1025 1092 Ewigkeit.

289 1103 354 1140 11.
400 1091 485 1141 Der
515 1086 641 1143 HERR
684 1095 795 1140 wird
790 1089 943 1144 ſeinem
963 1090 1087 1148 Volck
1110 1091 1226 1156 Kraft
1256 1098 1386 1157 geben;
1403 1086 1484 1153 der
1493 1089 1667 1151 HERR

179 1146 282 1198 wird
295 1147 372 1199 ſein
386 1139 530 1201 Volck
527 1149 666 1202 ſegnen
676 1149 753 1201 mit
760 1150 944 1204 Frieden.

162 1227 429 1538 D

443 1311 547 1360 Jeſer
558 1311 649 1358 29ſte
663 1309 791 1361 Pſalm
801 1313 851 1361 iſt
871 1313 943 1357 eine
963 1312 1201 1365 Weiſſagung
1225 1322 1297 1359 von
1319 1316 1470 1368 JESU
1494 1319 1666 1372 CHRJ⸗

471 1360 625 1405 STO,
646 1356 777 1409 unſerm
793 1359 989 1412 Heylande.
1041 1365 1245 1416 Derſelbige
1261 1368 1299 1415 iſt
1311 1370 1376 1406 der
1390 1368 1576 1420 Jehova,
1603 1370 1664 1411 der

468 1413 656 1461 HERR,
688 1419 759 1455 von
777 1413 936 1462 welchem
949 1417 985 1457 in
997 1414 1115 1461 dieſem
1132 1422 1267 1465 gantzen
1277 1417 1405 1469 Pſalm
1420 1424 1552 1469 geredet
1561 1422 1660 1463 wird.

468 1463 543 1511 Jm
555 1461 682 1505 Neuen
689 1451 898 1508 Teſtament
904 1451 1043 1513 ſpricht
1060 1456 1243 1512 CHriſtus:
1283 1466 1413 1517 Joh.5,
1421 1475 1470 1514 25.
1496 1469 1661 1518 Welche

466 1511 527 1554 die
541 1510 718 1553 Stimme
735 1514 802 1553 des
813 1506 987 1559 Sohnes
999 1515 1248 1555 GOTTES
1265 1517 1383 1555 hoͤren
1396 1519 1573 1555 werden,
1598 1519 1660 1555 die

173 1565 330 1604 werden
340 1555 459 1600 leben.
510 1553 608 1602 Das
618 1553 657 1610 iſt
665 1557 836 1598 dieſelbige
851 1553 1047 1606 Stimme
1051 1555 1120 1612 des
1139 1557 1382 1606 HERRN,
1398 1555 1471 1606 des
1492 1559 1659 1616 GOttes

173 1611 237 1646 der
249 1606 404 1655 Ehren,
427 1615 496 1648 von
509 1608 665 1659 welchem
678 1612 714 1653 in
721 1602 836 1656 dieſem
858 1603 961 1659 Pſalm
988 1613 1023 1661 ſo
1030 1613 1093 1654 viel
1103 1624 1140 1660 zu
1150 1615 1263 1661 finden
1275 1617 1322 1663 iſt.
1375 1617 1491 1661 Denn
1504 1626 1570 1665 v.3.
1582 1617 1660 1665 heiſ⸗

173 1659 263 1705 ſets:
301 1660 377 1700 Die
389 1659 567 1702 Stimme
576 1663 643 1699 des
656 1661 876 1710 HERRN
889 1664 1000 1714 gehet
1016 1666 1092 1711 auf
1101 1668 1173 1705 den
1183 1668 1394 1717 Waſſern,
1418 1671 1483 1708 der
1499 1671 1664 1714 GOTT

176 1712 236 1749 der
252 1709 385 1754 Ehren
401 1714 584 1759 donnert,
611 1715 677 1752 der
694 1714 863 1759 HERR
879 1715 954 1761 auf
968 1716 1112 1765 ctroſſen
1127 1718 1318 1765 Waſſern.
1397 1721 1464 1762 Um
1485 1720 1660 1762 deswillen

175 1756 292 1792 nennet
310 1751 393 1802 auch
401 1753 582 1806 CHriſtus
594 1764 701 1804 zween
708 1755 807 1805 ſeiner
815 1754 959 1807 Juͤnger
966 1746 1221 1808 Bnehargem,
1266 1764 1339 1801 das
1352 1762 1396 1809 iſt
1412 1763 1542 1815 geſagt
1551 1764 1660 1803 Don-

176 1807 448 1857 ners⸗Kinder,
477 1810 597 1853 Marc.
608 1820 694 1857 3,17.
713 1810 842 1853 dieweil
852 1822 886 1854 er
897 1814 978 1861 dieſe
986 1814 1067 1861 ſeine
1076 1808 1241 1859 Stimme
1253 1816 1353 1865 durch
1353 1814 1405 1868 ſie
1412 1818 1515 1866 wolte
1523 1817 1660 1868 erſchal⸗

176 1859 225 1901 len
239 1861 351 1908 laſſen.
402 1863 474 1904 Und
488 1861 663 1911 deswegen
674 1858 748 1913 ſagt
765 1858 801 1908 er
811 1863 891 1912 auch
906 1862 942 1915 zu
955 1865 1075 1914 ihnen:
1106 1866 1175 1908 Luc.
1176 1861 1304 1919 10,16.
1333 1864 1402 1917 Wer
1421 1864 1507 1922 euch
1524 1865 1656 1921 hoͤret,

177 1914 238 1950 der
247 1911 355 1959 hoͤret
367 1912 498 1961 mich:
523 1914 598 1955 weil
608 1915 745 1963 nemlich
758 1918 816 1957 der
825 1916 983 1961 Donner
994 1917 1097 1965 ſeines
1105 1916 1265 1964 Wortes
1274 1919 1372 1970 durch
1383 1923 1424 1971 ſie
1440 1922 1475 1963 in
1482 1926 1545 1962 den
1560 1921 1655 1972 Her⸗

153 1965 234 2009 tzen
244 1968 300 2005 der
307 1965 488 2014 Menſchen
498 1958 577 2013 ſolte
586 1963 709 2015 kraͤftig
723 1969 806 2012 ſeyn.

278 2011 382 2061 Noch
396 2010 674 2064 nachdruͤcklicher
689 2015 777 2057 wird
791 2014 892 2063 dieſer
903 2015 1033 2067 Pſalm
1044 2016 1189 2068 Offenb.
1200 2015 1293 2068 Joh.
1304 2031 1331 2067 1,
1342 2032 1392 2060 10.
1408 2019 1476 2070 auf
1479 2020 1655 2072 Chriſtum

177 2060 356 2109 gedeutet,
383 2060 478 2104 alwo
500 2064 551 2104 die
563 2063 728 2107 Stimme
740 2063 897 2113 deſſelben
913 2074 982 2106 von
1002 2066 1175 2115 Johanne
1189 2066 1387 2119 beſchrieben
1401 2070 1515 2121 wird,
1550 2078 1653 2111 wenn

176 2115 210 2154 er
216 2107 341 2160 ſaget:
355 2107 447 2158 Jch
457 2109 590 2154 hoͤrete
596 2105 731 2152 hinter
743 2115 823 2154 mir
829 2117 909 2148 eine
923 2117 1054 2156 groſſe
1054 2117 1250 2160 Stimme,
1270 2121 1331 2164 als
1348 2121 1448 2162 einer
1460 2117 1652 2162 Poſaune.

172 2160 247 2201 Und
257 2160 296 2207 v.
308 2166 355 2209 12.
378 2160 468 2207 Jch
476 2164 629 2201 wandte
643 2158 762 2209 mich
764 2164 843 2205 um
849 2168 909 2205 zu
919 2158 1031 2213 ſehen
1043 2162 1139 2207 nach
1168 2164 1237 2211 der
1250 2164 1460 2213 Stimme,
1495 2164 1556 2213 die
1570 2162 1646 2219 mit

174 2213 245 2252 mir
256 2218 389 2255 redete.
439 2215 520 2260 Da
532 2227 567 2258 er
575 2222 661 2259 denn
671 2217 814 2268 JEſum
829 2219 989 2262 erblickte.
1039 2222 1121 2265 Und
1135 2223 1169 2270 ſo
1185 2220 1271 2264 wird
1285 2222 1372 2271 auch
1384 2221 1477 2272 Cap.
1494 2234 1550 2269 10,
1565 2234 1594 2269 3.
1612 2233 1648 2268 4.

173 2271 238 2304 von
251 2270 313 2306 den
327 2267 432 2315 ſieben
440 2266 622 2311 Donnern
635 2271 786 2316 geredet,
812 2277 912 2312 wenn
920 2276 961 2311 es
971 2270 1112 2318 daſelbſt
1129 2274 1199 2320 alſo
1215 2274 1329 2323 heißt:
1367 2277 1433 2317 Da
1451 2287 1492 2317 er
1507 2275 1653 2325 ſchrye,

173 2310 316 2351 redeten
332 2310 451 2359 ſieben
460 2310 625 2357 Donner
642 2311 722 2361 ihre
733 2311 947 2359 Stimmen.
1022 2318 1112 2359 Und
1125 2319 1176 2359 da
1191 2318 1251 2360 die
1267 2316 1385 2371 ſieben
1393 2320 1554 2365 Donner
1569 2310 1649 2367 ihre

1067 2369 1163 2429 Eee
1163 2369 1212 2429 3

1508 2372 1642 2408 Stim⸗
