1422 2172
622 597 873 638 IOHANNES
908 599 1250 642 CHRISTFRIED

776 666 1116 703 SAGITTARIVS

541 700 945 754 General⸗Superintendent
959 714 1017 748 und
1038 711 1340 762 Ober⸗Hoff⸗Predi⸗

585 765 636 801 ger
650 768 684 804 zu
698 762 879 806 Altenburg,
892 765 973 807 ſtirbt
987 768 1040 802 den
1056 779 1098 811 19.
1110 768 1197 814 Febr.
1214 772 1298 811 1689.

834 812 883 848 alt
896 822 940 855 71.
953 812 1048 857 Jahr.

593 856 759 909 Breßlau
782 859 817 900 in
841 859 1021 912 Schleſien
1053 871 1128 904 war
1156 865 1239 916 ſeine
1263 864 1332 911 Ge⸗

541 907 795 961 burts⸗Stadt,
813 911 915 952 allwo
931 915 989 964 ſich
1007 915 1073 964 ſein
1096 917 1212 959 Vater
1232 909 1333 956 THO-

543 967 622 999 MAS
646 967 905 1003 SAGITTARIVS,
955 965 987 1016 ſo
1014 968 1158 1018 vorhero
1178 969 1332 1010 Profeſſor

538 1014 584 1055 zu
595 1008 692 1057 Jena
709 1011 877 1063 geweſen,
897 1013 953 1056 als
973 1016 1088 1057 Rector
1109 1022 1167 1059 des
1184 1011 1372 1068 Gymna-

536 1066 579 1110 ſii
593 1079 633 1117 zu
650 1069 707 1112 S.
721 1070 896 1123 Eliſabeth
910 1072 1078 1116 verdienet
1090 1071 1229 1126 machte.
1243 1077 1333 1120 Die⸗

537 1107 595 1167 ſen
612 1117 745 1169 verlohr
760 1130 794 1160 er
817 1118 896 1162 aber
912 1131 952 1171 zu
975 1123 1093 1173 ſeinem
1114 1125 1203 1174 nicht
1222 1123 1328 1175 gerin⸗

536 1174 604 1214 gen
624 1166 791 1217 Schaden
807 1171 888 1216 noch
908 1174 944 1209 in
963 1179 1070 1222 zarter
1089 1173 1246 1224 Jugend,
1265 1171 1371 1216 wie

537 1229 575 1258 er
591 1223 675 1259 denn
696 1222 778 1268 auch
803 1221 887 1269 kurtz
910 1223 1050 1273 hernach
1077 1230 1161 1277 ſeine
1184 1230 1327 1271 Mutter

535 1283 580 1322 zu
592 1274 703 1325 Jena,
723 1279 838 1329 wohin
854 1284 895 1332 ſie
913 1283 973 1332 ſich
992 1285 1029 1324 in
1042 1284 1149 1339 ihrem
1158 1287 1328 1343 Witwen⸗

530 1328 688 1375 Stande
703 1331 845 1370 retiriret
862 1332 969 1383 hatte,
987 1327 1217 1387 einbuͤſſete.

589 1371 761 1398 Folgends
798 1376 893 1402 hatte
926 1379 987 1407 ihn
1028 1379 1096 1408 ſein
1136 1345 1323 1403 Vormund

532 1419 758 1488 Chriſtoph
784 1426 996 1493 Schaper,
1018 1431 1323 1484 Lehns⸗Secretarius

532 1480 576 1517 zu
602 1474 781 1521 Weimar,
811 1482 881 1512 eine
905 1483 1064 1528 Zeitlang
1084 1484 1145 1528 bey
1166 1482 1246 1531 ſich,
1269 1476 1325 1517 bis

529 1526 595 1572 ihn
617 1527 717 1575 ſeines
744 1529 1055 1584 Vaters ⸗ Bruder
1080 1532 1234 1587 Caſpar
1264 1526 1322 1565 SA-

527 1580 769 1615 GITTARIVS,
791 1584 926 1623 welcher
948 1585 1060 1628 bisher
1082 1582 1261 1620 Conrector
1280 1579 1322 1624 zu

528 1623 749 1679 Naumburg
765 1632 928 1682 geweſen,
946 1641 1015 1674 und
1029 1645 1100 1682 nun
1115 1645 1191 1686 zun
1204 1633 1324 1681 Recto-

529 1687 565 1713 re
588 1684 643 1716 der
657 1683 975 1729 Martins⸗Schule
991 1694 1032 1732 zu
1050 1679 1323 1734 Braunſchweig

530 1738 607 1766 war
640 1735 791 1782 beruffen
826 1744 982 1783 worden,
1010 1741 1115 1776 Anno
1147 1741 1241 1781 1628.
1268 1735 1319 1772 im

524 1786 576 1814 11.
594 1784 694 1835 Jahre
716 1789 819 1829 ſeines
831 1790 951 1823 Alters
965 1794 1027 1826 mit
1042 1793 1103 1837 ſich
1117 1786 1232 1836 nahm,
1247 1781 1319 1821 und

528 1842 611 1876 nach
627 1840 698 1871 dem
715 1840 853 1887 Maaſſe
873 1843 973 1889 ſeiner
990 1845 1111 1890 Jahre
1132 1839 1222 1901 aufs
1235 1825 1321 1896 beſte

527 1897 720 1949 anfuͤhrete.
