1733 2624
520 407 709 459 Ertzſtufen
737 411 807 454 aus
837 412 902 452 den
929 406 1062 456 tiefſten
1091 404 1304 459 Ertzgruben
1331 402 1554 457 hinaufgezo⸗

521 461 591 514 gen
619 465 753 506 werden
790 462 916 510 ſollen:
957 457 1074 513 geſetzt
1107 461 1211 509 aber,
1246 459 1313 508 daß
1352 470 1433 504 man
1463 456 1556 506 dieſe

520 511 703 568 Maſchine
730 515 851 561 herum
879 522 918 562 zu
945 514 1078 558 treiben
1105 520 1196 563 zwey
1218 513 1344 566 Pferde
1373 511 1553 561 beſtimmt

520 571 609 619 hat,
637 570 759 618 welche
788 579 834 613 an
861 573 937 611 dem
964 566 1211 616 Hebelspunkt
1238 571 1272 609 D
1303 566 1408 615 ſollen
1446 573 1549 615 ange⸗

522 622 640 672 bracht
677 624 821 666 werden.
900 622 965 664 Da
1002 630 1075 664 nun
1112 621 1159 662 im
1199 619 1281 669 Fall
1317 623 1378 665 des
1416 615 1551 671 groͤſten

523 675 677 725 Stoffes
715 673 771 726 fuͤr
810 687 864 719 ein
899 674 1007 722 Pferd
1049 673 1269 722 P=163℔
1319 668 1471 725 beynahe
1512 670 1552 720 iſt

522 732 607 778 (48.
644 730 675 776 §.
717 742 749 769 2.
787 724 972 777 Zuſatz.);
1020 726 1054 771 ſo
1105 730 1144 774 iſt
1190 723 1247 772 fuͤr
1294 735 1385 777 zwey
1422 724 1551 776 Pferde

521 778 771 829 P=326℔:
800 787 884 821 man
909 777 999 821 kann
1024 775 1135 825 ferner
1154 779 1189 821 in
1208 777 1388 817 Prælect.
1416 774 1551 814 Mech.

522 836 575 875 die
604 834 677 875 Art
704 829 816 878 leſen,
845 830 1004 878 wornach
1033 830 1134 879 durch
1163 830 1214 874 die
1234 828 1463 878 Berechnung
1493 829 1556 869 der

522 885 705 934 Maſchine
733 889 785 928 die
810 886 887 930 Laſt
927 898 935 921 p
963 882 1131 935 gefunden
1157 884 1271 932 wird,
1300 882 1450 931 welche,
1491 881 1551 925 ob⸗

525 939 629 983 gleich
658 938 709 975 die
735 933 952 983 Hinderniſſe
978 938 1035 979 der
1063 932 1270 983 Bewegung
1300 931 1369 974 mit
1398 929 1553 980 betrach⸗

526 997 581 1032 tet
609 993 770 1035 werden,
810 988 892 1035 nach
922 991 980 1032 der
1004 986 1193 1036 gegebenen
1219 986 1330 1035 Kraft
1357 986 1553 1038 dergeſtallt

526 1037 747 1089 eingerichtet
786 1038 850 1083 iſt,
885 1039 952 1085 daß
989 1040 1047 1079 der
1084 1034 1230 1083 dadurch
1271 1044 1312 1084 zu
1358 1034 1555 1081 erhaltende

528 1091 637 1141 Stoß
667 1098 726 1131 am
751 1086 885 1140 groͤſten
911 1088 990 1139 ſeyn
1018 1085 1133 1137 muͤſſe.
1161 1089 1229 1139 (a)
1258 1089 1325 1131 Da
1344 1086 1424 1131 aber
1450 1084 1553 1135 dieje⸗

526 1153 603 1194 nige
631 1144 704 1187 Art
731 1143 846 1185 damit
873 1149 913 1191 zu
940 1138 1117 1189 verfahren
1144 1139 1234 1188 allzu
1262 1133 1446 1189 muͤhſam,
1482 1138 1555 1181 und

526 1194 745 1249 weitlaͤuftig
774 1195 836 1245 iſt,
865 1198 924 1239 als
953 1195 1019 1244 daß
1047 1204 1131 1238 man
1159 1192 1299 1240 dieſelbe
1325 1194 1397 1242 hier
1424 1192 1555 1238 abhan⸗

526 1255 605 1296 deln
632 1249 757 1300 ſollte;
794 1246 828 1297 ſo
866 1246 993 1293 wollen
1029 1255 1095 1293 wir
1123 1244 1194 1295 hier
1222 1247 1294 1289 eine
1322 1248 1425 1290 andre
1454 1246 1555 1294 Art,

522 1306 575 1347 die
603 1313 692 1353 zwar
720 1302 812 1353 nicht
846 1301 949 1350 gleich
982 1309 1118 1353 genau,
1157 1298 1236 1349 doch
1282 1299 1362 1343 aber
1388 1307 1467 1349 zum
1494 1305 1550 1348 ge⸗

525 1358 662 1399 meinen
683 1345 868 1404 Gebrauch
887 1353 1077 1405 zureichend
1106 1353 1160 1404 iſt,
1188 1349 1406 1403 beſchreiben.
1434 1352 1551 1398 Nem⸗

526 1414 596 1460 lich

633 1516 689 1565 1.)
725 1513 919 1558 Beſtimme
957 1519 1041 1555 man
1071 1510 1124 1552 die
1158 1507 1273 1561 Laͤnge
1319 1511 1381 1555 des
1417 1508 1554 1558 Hebels

526 1573 604 1616 BC,
657 1576 703 1609 an
737 1564 844 1614 deſſen
877 1566 1002 1615 Punkt
1040 1568 1075 1606 D
1113 1566 1165 1608 die
1211 1571 1302 1611 zwey
1350 1560 1555 1608 erwaͤhnten

528 1620 657 1669 Pferde
690 1628 774 1661 man
811 1619 986 1662 anbinden
1020 1618 1106 1661 will.
1166 1616 1275 1663 Dieſe
1303 1616 1554 1663 Beſtimmung

527 1672 618 1711 kann
644 1678 734 1716 zwar
761 1664 984 1719 willkuͤhrlich
1014 1665 1115 1716 ſeyn,
1154 1674 1239 1706 man
1277 1666 1365 1712 muß
1394 1664 1472 1713 doch
1501 1673 1552 1705 er⸗

528 1723 622 1770 ſtens
651 1722 778 1766 darauf
801 1721 921 1769 ſehen,
958 1722 1026 1767 daß
1059 1724 1112 1762 die
1138 1718 1264 1767 Pferde
1291 1718 1384 1766 nicht
1412 1727 1480 1759 nur
1506 1724 1553 1757 an

529 1777 605 1817 dem
633 1774 757 1824 Punkt
785 1774 842 1819 D,
880 1768 1022 1817 ſondern
1059 1769 1141 1817 auch
1179 1777 1225 1810 an
1263 1767 1374 1811 einem
1407 1773 1552 1811 anderen

571 1922 631 1962 (a)
659 1925 713 1956 Die
740 1924 807 1956 Art,
837 1925 886 1954 aus
916 1919 959 1949 der
986 1920 1126 1954 gegebenen
1145 1923 1221 1957 Kraft
1247 1920 1288 1951 die
1307 1921 1361 1954 Laſt
1387 1929 1404 1952 p
1424 1918 1496 1955 durch
1515 1917 1557 1947 die

672 1962 838 1996 Berechnung
867 1959 908 1991 der
937 1960 1069 1995 Maſchine
1096 1964 1124 1992 zu
1149 1960 1255 1992 finden,
1284 1959 1349 1989 wird
1378 1959 1407 1990 in
1434 1960 1556 1987 Prælect.

671 1999 754 2024 Mech.
767 1995 802 2029 P.
812 1996 937 2029 II.
867 1993 892 2031 n.
904 1991 946 2030 98,
958 1994 1011 2025 und
1023 2004 1048 2021 n.
1063 2000 1119 2023 102.
1132 1995 1177 2020 &c.
1187 1994 1258 2029 durch
1276 1990 1411 2027 Beyſpiele
1431 1988 1556 2023 erlaͤutert.

674 2033 736 2062 Das
758 2030 880 2067 Beyſpiel
909 2030 984 2062 aber,
1011 2028 1123 2064 wodurch
1153 2029 1195 2059 die
1222 2026 1386 2063 Berechnung
1415 2027 1458 2057 der
1483 2025 1559 2059 Kraft

672 2072 696 2096 P
723 2073 771 2098 aus
791 2069 835 2099 der
853 2066 996 2103 gegebenen
1015 2069 1066 2101 Laſt
1085 2076 1121 2099 p,
1140 2065 1228 2099 welche
1248 2064 1313 2100 nicht
1332 2073 1381 2095 nur
1399 2065 1439 2096 die
1458 2065 1511 2096 Laſt
1529 2071 1558 2095 p,

674 2102 781 2136 ſondern
801 2103 859 2138 auch
879 2102 919 2132 die
938 2100 1101 2137 Hinderniſſe
1120 2102 1163 2132 der
1180 2102 1330 2136 Bewegung
1351 2098 1475 2136 aufheben
1493 2099 1560 2131 ſoll,

672 2135 770 2169 koͤmmt
796 2139 825 2171 in
853 2138 975 2167 Prælect.
1003 2137 1096 2169 Mech.
1128 2140 1159 2165 P.
1177 2140 1200 2165 I.
1218 2143 1244 2163 n.
1265 2140 1317 2170 79,
1344 2136 1398 2167 und
1416 2133 1558 2170 folgenden

670 2183 726 2207 vor.
