1242 2349
183 340 265 370 Mel.
290 335 383 373 Valet
390 334 445 368 will
453 334 489 370 ich
497 335 538 367 dir
549 336 639 368 geben.

55 377 83 410 I.

86 373 130 441 Z

130 373 158 441 U
163 378 222 411 dir/
239 383 277 410 du
288 374 369 414 Fuͤrſt
375 379 425 408 des
431 369 549 407 Lebens/
563 373 656 403 HErr
666 373 775 410 JEſu/

133 422 192 457 ruft
201 423 274 456 mein
283 421 381 462 Hertz/
398 424 445 455 ach
455 418 499 457 laß
514 417 582 457 mich
597 416 668 455 nicht
682 424 776 454 verge⸗

64 457 147 498 bens/
158 458 278 501 erzehlen
295 459 403 493 meinen
422 449 583 498 Schmertz:
605 452 649 489 Es
663 452 775 498 aͤngſten

66 505 134 543 mich
151 508 195 541 die
215 501 360 542 Suͤnden/
378 507 408 539 es
422 500 543 541 ſchrecket
556 503 623 539 mich
639 497 688 542 der
694 493 782 545 Tod/

66 548 112 587 der
118 543 227 591 Satan
232 551 286 586 will
293 540 362 594 mich
369 542 498 582 binden/
519 540 563 575 die
583 537 665 584 Hoͤlle
685 544 778 587 macht

67 590 118 622 mir
132 593 226 628 Noth.

107 642 135 666 2.
154 635 232 665 ACH
239 630 368 677 niemand
376 629 425 667 kan
434 628 504 672 mich
510 629 620 665 retten/
627 628 672 663 als
680 629 715 663 du
724 629 780 666 mit

68 669 170 710 deinem
177 673 271 712 Blut/
289 676 319 709 es
327 673 423 712 zittern
431 669 519 707 Band
528 671 583 705 und
592 669 715 707 Ketten/
726 676 778 703 vor

70 719 148 763 dieſer
156 722 254 763 rothen
262 719 369 763 Fluth/
384 720 413 755 es
419 717 538 758 ſchreyen
548 718 588 751 die
598 717 663 758 mich
671 715 784 760 haſſen:

70 761 126 797 Wo
135 764 163 806 iſt
171 763 243 798 denn
243 763 304 796 nun
312 762 374 796 dein
383 759 484 798 GOtt/
492 760 524 794 du
535 756 584 800 biſt
592 764 645 791 von
652 758 710 797 ihm
719 763 783 792 ver⸗

69 802 159 846 laſſen/
159 802 197 844 du
205 805 253 843 biſt
256 798 309 841 des
314 801 430 846 Teufels
437 795 547 837 Spott.

103 847 132 884 3.
154 848 241 882 Allein
251 847 278 880 in
289 842 382 883 deinen
391 838 534 886 Wunden/
535 830 628 883 erblick
629 831 675 888 ich
677 829 783 887 Schutz

69 890 124 920 und
132 890 226 932 Troſt/
231 884 277 929 fuͤr
284 889 355 922 allen
363 884 625 923 Teufels⸗Hunden/
627 882 662 925 die
674 883 721 921 ſich
733 884 786 922 auf

72 929 137 967 mich
149 932 252 973 erboßt/
263 931 302 967 ich
311 929 368 968 ſehe
379 926 456 959 deine
464 925 594 961 Seiten/
601 928 674 960 mein
684 924 784 966 JEſu/

71 969 138 1011 offen
147 976 238 1016 ſtehn/
252 972 295 1011 laß
302 973 398 1007 deinen
407 968 484 1009 Geiſt
490 968 558 1009 mich
568 968 673 1005 leiten/
682 971 783 1016 getroſt

70 1014 160 1056 hinein
168 1015 198 1056 zu
206 1016 287 1056 gehn.

111 1057 140 1091 4.
140 1053 208 1090 Reiß
217 1053 303 1093 meine
312 1052 399 1085 matte
407 1046 511 1087 Seele/
511 1046 564 1085 aus
571 1050 617 1082 der
624 1048 784 1083 verdamm⸗

70 1103 112 1138 ten
122 1101 211 1138 Welt/
210 1101 268 1136 und
276 1101 329 1134 aus
329 1101 380 1134 der
388 1091 609 1136 Marter⸗Hoͤle/
612 1091 648 1135 die
657 1096 728 1138 mich
737 1104 785 1134 ge⸗

70 1137 168 1179 fangen
177 1139 251 1185 haͤlt:
259 1139 315 1179 Ach
324 1136 419 1176 ſtreckſt
426 1141 461 1171 du
469 1135 533 1173 doch
540 1139 583 1171 die
592 1135 695 1177 Haͤnde
703 1138 783 1179 ſchon

72 1189 136 1228 nach
145 1185 199 1220 mir
206 1183 312 1220 Armen
312 1183 380 1219 aus/
389 1179 440 1214 den
449 1175 591 1218 Seufzern
600 1183 641 1216 die
649 1180 688 1222 ich
695 1180 786 1223 ſende/

68 1220 115 1265 biſt
123 1230 158 1263 du
168 1230 212 1264 ein
218 1222 457 1269 Zuflucht⸗Haus.

112 1278 138 1304 5.
156 1276 189 1308 In
196 1269 315 1313 meinem
315 1266 434 1312 groͤßten
441 1263 545 1308 Zagen/
555 1263 599 1305 ſoll
609 1267 704 1313 JEſu/
704 1267 786 1308 deine

72 1304 163 1346 Pein/
165 1311 206 1345 die
216 1317 253 1346 du
269 1315 320 1348 vor
328 1307 397 1345 mich
409 1311 559 1346 getragen/
579 1315 655 1341 mein
670 1305 785 1342 groͤßtes

67 1353 162 1400 Labſal
171 1356 242 1396 ſeyn/
255 1354 300 1396 laß
312 1353 382 1392 mich
393 1355 456 1389 dein
465 1353 540 1389 Blut
548 1352 686 1387 erblicken/
687 1349 741 1394 das
747 1348 779 1392 du

75 1396 205 1439 vergoſſen
215 1395 278 1432 haſt/
284 1397 346 1434 dein
354 1394 447 1434 Creutz
455 1391 500 1431 laß
507 1393 575 1433 mich
584 1396 725 1437 erquicken/
727 1391 791 1438 weñ

73 1440 168 1481 Mund
177 1444 232 1477 und
241 1433 321 1477 Hertz
329 1434 447 1473 erblaßt.

111 1479 147 1517 6.
153 1479 218 1519 Ach
228 1474 319 1522 ſtaͤrcke
324 1477 434 1515 meinen
446 1475 600 1512 Glauben/
617 1477 674 1509 und
692 1476 784 1510 nimm

66 1521 138 1562 mich
145 1522 217 1559 wohl
225 1520 253 1554 in
263 1520 333 1560 acht/
344 1521 398 1555 will
405 1518 473 1554 mich
481 1518 523 1551 die
533 1515 614 1557 Hoͤlle
621 1519 745 1558 rauben/
753 1519 782 1558 ſo

74 1561 166 1610 ſpricht:
175 1569 220 1606 Es
227 1568 257 1611 iſt
265 1563 422 1607 vollbracht!
432 1555 470 1604 ich
478 1562 530 1603 hab
539 1567 570 1598 es
576 1562 787 1603 ausgeſtanden/

77 1609 134 1643 was
139 1610 217 1652 dieſer
231 1607 311 1651 leiden
324 1606 383 1646 ſoll/
397 1604 454 1646 hier
465 1604 494 1639 iſt
500 1605 574 1641 mein
580 1601 655 1637 Blut
666 1607 786 1648 verhan⸗

76 1650 133 1691 den/
147 1654 206 1694 hier
215 1654 244 1691 iſt
252 1655 293 1688 die
301 1650 429 1695 Zahlung
438 1651 504 1684 voll.

116 1704 143 1730 7.
154 1698 188 1730 So
205 1691 255 1729 kan
267 1694 305 1735 ich
317 1694 402 1732 drauf
408 1694 459 1727 mit
475 1693 603 1731 Freuden
618 1693 672 1726 aus
684 1690 784 1729 dieſem

78 1726 184 1768 Kercker
191 1732 280 1772 ziehn/
280 1731 331 1768 auf
336 1732 397 1765 dein
397 1728 545 1764 Verdienſt
557 1734 608 1762 und
618 1731 721 1764 Leiden/
720 1728 790 1771 weil

76 1772 111 1817 ich
118 1777 252 1821 verſichert
262 1776 322 1814 bin/
321 1777 360 1811 du
369 1775 442 1813 wirſt
451 1776 482 1812 eh
489 1772 530 1813 ich
536 1770 693 1812 verbleiche/
693 1769 747 1814 mir
755 1773 787 1806 in

78 1813 126 1853 das
135 1819 229 1860 Hertze
237 1818 359 1860 ſchreyn:
377 1815 437 1856 Jch
456 1815 501 1855 ſoll
515 1823 544 1849 in
558 1815 665 1848 deinem
682 1813 786 1853 Reiche

76 1861 127 1893 und
135 1859 284 1896 Paradeiſe
292 1860 366 1894 ſeyn.

114 1899 139 1934 8.
154 1900 254 1935 HERR
261 1894 362 1937 JEſu/
362 1892 464 1936 deinen
484 1886 625 1933 Haͤnden/
646 1888 734 1936 befehl
740 1888 787 1938 ich

76 1941 179 1977 meinen
189 1941 274 1982 Geiſt/
282 1944 317 1975 du
327 1939 398 1979 wirſt
406 1939 481 1974 dein'
485 1937 578 1982 Engel
589 1937 694 1973 ſenden/
705 1943 786 1971 wenn

75 1982 101 2015 er
108 1991 162 2023 von
170 1988 279 2025 dannen
288 1984 356 2030 reiſt/
363 1985 407 2020 die
414 1984 522 2020 werden
530 1983 578 2026 ihn
590 1980 734 2025 begleiten/
755 1983 788 2016 in
