1740 2604
183 438 275 483 „ſten
292 438 459 483 Menſchen
474 438 540 482 ihre
555 432 665 482 Groͤße
689 437 721 473 in
735 430 916 477 kuͤnſtlichen
925 432 1092 473 Gerichten
1109 432 1163 464 be⸗

183 495 315 544 „ſtehen
343 494 454 535 laſſen,
485 493 608 535 mittelſt
632 492 759 535 welcher
781 489 819 532 ſie
837 488 885 526 die
900 487 999 525 Seele
1016 485 1159 528 erſchlaf⸗

180 547 291 589 „fen,
304 549 373 583 und
392 547 439 582 die
456 544 648 589 Geſundheit
665 542 749 585 ihres
766 539 904 584 Koͤrpers
922 535 1160 580 unaufhaltſam

180 597 388 643 „zerruͤtten!
420 597 484 635 Sie
499 597 605 639 ſollten
625 596 673 638 ihr
689 592 825 638 hoͤchſtes
844 591 944 630 Gluͤck
961 593 992 627 in
1009 591 1063 626 der
1080 590 1161 626 Maͤ⸗

180 651 328 698 „ßigkeit
345 650 480 694 beſtehen
495 648 606 690 laſſen,
628 649 692 683 und
710 655 742 682 in
758 646 854 688 ihrem
871 642 1020 687 Anſehen,
1043 642 1074 675 in
1090 643 1159 679 dem

183 708 257 750 „ſie
274 705 384 748 ſtehen,
401 714 453 739 um
467 704 528 742 das
537 702 636 741 Gluͤck
650 703 781 738 anderer
791 697 957 741 Menſchen
975 705 1010 737 zu
1021 698 1160 736 machen,

181 761 250 804 „ſo
265 760 325 800 wie
349 759 380 792 in
397 758 451 793 der
468 755 618 797 Achtung,
642 753 751 790 welche
770 755 841 795 gute
849 748 1059 793 Handlungen
1070 750 1165 790 ihnen

181 811 324 854 „immer
339 809 492 846 bewirken
511 804 635 852 muͤſſen.
682 806 743 843 Bei
772 801 947 849 Maͤßigkeit
973 802 1005 844 iſt
1022 805 1096 837 auch
1112 803 1163 836 die

182 863 376 906 „einfachſte
391 860 551 905 Nahrung
569 858 600 894 in
616 864 712 894 einem
736 856 835 901 hohen
852 856 960 892 Grade
978 856 1162 895 angenehm.

182 919 310 963 „Dieſe
336 915 479 962 gewaͤhrt
502 916 551 953 die
573 912 693 957 ſtaͤrkſte
716 911 930 956 Geſundheit,
968 910 1032 951 das
1055 909 1165 949 reinſte

180 971 278 1015 „und
297 965 494 1014 beſtaͤndigſte
509 964 714 1011 Vergnuͤgen.
737 974 823 1011 Man
842 974 982 1012 ſchraͤnke
999 964 1065 1001 alſo
1083 964 1165 1000 ſeine

181 1021 416 1067 „Mahlzeiten
429 1021 488 1060 auf
503 1024 597 1061 gutes
612 1016 728 1061 Fleiſch
743 1018 811 1057 ein,
834 1017 965 1052 welches
981 1017 1057 1048 aber
1071 1018 1165 1054 durch

180 1076 397 1116 „erkuͤnſtelte
408 1070 545 1113 Beiſaͤtze
557 1072 620 1104 und
639 1070 852 1110 Bereitungen
870 1068 969 1104 nichts
986 1080 1047 1104 von
1064 1068 1167 1111 ſeinen

182 1120 409 1164 „natuͤrlichen
440 1116 673 1161 Eigenſchaften
702 1127 846 1161 verloren
878 1124 1021 1162 hat.—
1071 1130 1167 1159 Keine

181 1175 312 1222 „Kunſt
329 1174 364 1218 iſt
378 1171 482 1219 faͤhig,
502 1173 553 1210 die
566 1170 733 1214 Menſchen
750 1169 927 1212 wirkſamer
946 1178 981 1207 zu
996 1172 1164 1208 vergiften,

182 1234 268 1276 „als
292 1238 382 1265 wenn
404 1234 477 1264 man
500 1227 566 1272 ihre
580 1224 686 1272 Eßluſt
700 1221 777 1264 uͤber
792 1222 858 1269 ihre
875 1222 1005 1268 wahren
1021 1224 1171 1267 Beduͤrf⸗

182 1281 288 1329 „niſſe
310 1282 401 1329 reitzt.
417 1296 462 1309 —
476 1286 554 1310 —"

268 1396 374 1440 „Der
397 1393 492 1433 Wein
513 1390 549 1435 iſt
572 1391 621 1430 die
637 1388 748 1430 Quelle
776 1390 830 1426 der
844 1385 1054 1431 allergroͤßten
1073 1386 1170 1423 Uebel

183 1452 309 1491 „unter
325 1449 382 1483 den
392 1444 552 1483 Voͤlkern:
572 1448 606 1478 er
620 1440 795 1481 verurſacht
802 1438 1021 1482 Krankheiten,
1041 1437 1166 1478 Streit,

183 1496 380 1543 „Aufruhr,
412 1490 621 1538 Muͤſſigang,
651 1478 728 1529 Ekel
748 1497 808 1527 vor
822 1487 877 1526 der
892 1489 1017 1529 Arbeit,
1037 1489 1170 1530 Zerruͤt⸗

182 1554 296 1596 „tung
308 1547 347 1587 in
369 1551 438 1586 dem
453 1543 730 1593 Hausweſen.“

270 1657 368 1703 Dieſe
385 1653 508 1700 Regeln
524 1650 638 1696 muͤſſen
655 1650 788 1693 wirklich
804 1650 910 1692 unſere
919 1645 1167 1694 Bewunderung

187 1716 334 1754 erregen:
361 1713 451 1742 wenn
474 1712 546 1740 man
570 1703 662 1747 ihnen
677 1700 752 1738 aber
767 1701 842 1741 auch
859 1700 917 1734 alle
936 1699 1168 1744 Gerechtigkeit

184 1764 396 1808 widerfahren
418 1761 504 1802 laͤßt,
520 1760 571 1798 die
586 1759 627 1803 ſie
641 1758 815 1799 verdienen,
835 1755 868 1797 ſo
886 1752 961 1798 ſieht
968 1758 1023 1803 der
1034 1770 1165 1808 Menſch

185 1823 248 1852 von
263 1816 432 1858 gemeinem
444 1813 568 1856 Schlag
586 1811 619 1847 in
637 1809 729 1853 ihnen
746 1809 819 1847 doch
836 1812 944 1858 weiter
969 1816 1089 1857 nichts,
1109 1827 1167 1854 als

185 1860 448 1912 unausfuͤhrbare
464 1848 716 1906 Speculationen
732 1862 791 1893 und
819 1867 1061 1908 philoſophiſche
1077 1871 1166 1898 Sen⸗

186 1926 313 1971 tenzen,
342 1924 390 1962 die
413 1920 500 1966 mehr
523 1919 663 1963 gemacht
683 1917 766 1962 ſind,
798 1926 849 1953 um
871 1926 902 1962 in
922 1922 1066 1958 Buͤchern
1084 1912 1167 1953 gele⸗

188 1976 259 2018 ſen,
281 1978 334 2012 als
355 1977 391 2012 im
400 1970 564 2020 gemeinen
581 1970 674 2010 Leben
699 1969 819 2014 befolgt
842 1978 878 2012 zu
901 1969 1034 2002 werden.
1081 1965 1169 2003 Man

188 2027 262 2064 kann
286 2024 354 2073 ſich
383 2021 451 2074 alſo
481 2024 550 2070 ſehr
578 2020 664 2067 wohl
695 2022 775 2059 beim
803 2024 887 2061 Leſen
907 2016 1062 2060 derſelben
1084 2017 1167 2058 ſeine

189 2072 363 2119 Schwaͤche
386 2078 544 2118 geſtehen,
574 2090 635 2120 und
662 2092 722 2120 den
750 2080 860 2111 leider!
877 2077 909 2113 fo
935 2081 1167 2122 gewoͤhnlichen

189 2127 253 2165 und
269 2125 302 2169 ſo
320 2129 451 2170 wahren
467 2129 628 2169 Vorwurf
640 2140 698 2174 auf
715 2127 771 2168 ſich
785 2135 976 2167 anwenden:
