1662 2236
392 196 582 248 Maͤßigkeit
596 203 666 244 und
687 202 889 252 Keuſchheit.

1091 235 1162 264 113

114 268 195 302 Mel.
213 267 310 306 Allein
318 269 397 306 Gott
410 270 442 304 in
450 273 502 306 der
509 272 580 314 Hoͤh
580 272 626 314 ꝛc.

133 311 222 345 oder:
242 313 287 349 Es
295 314 329 353 iſt
337 316 394 349 das
410 315 480 355 Heil
488 320 548 351 uns
562 327 598 351 ꝛc.

119 383 256 442 129.
254 385 338 448 M

338 386 388 412 ein
444 371 507 422 Leib
561 376 614 422 ſoll,

347 428 441 472 Gott,
447 428 516 467 dein
525 429 620 468 Tem⸗

112 469 161 514 pel
171 468 248 516 ſeyn,
269 466 324 519 mit
331 469 407 521 allen
422 476 520 523 ſeinen
529 478 617 518 Glie⸗

112 528 197 565 dern.
235 527 300 575 Jch
325 531 376 575 ſoll
397 532 451 579 ihn
476 535 523 571 dir
545 544 616 580 zum

111 576 245 623 Dienſte
267 577 385 624 weihn,
410 591 480 625 zum
501 582 617 631 Dienſt

112 622 186 668 auch
209 625 322 665 meinen
339 622 491 675 Bruͤdern.
518 632 612 674 Gieb,

109 677 172 723 daß
194 679 236 723 ich
253 680 320 725 dieß
336 682 404 720 dein
418 681 613 732 Heiligthum

108 729 159 771 fuͤr
192 732 249 776 ſie,
289 732 317 776 ſo
346 734 402 770 wie
431 735 481 780 fuͤr
507 738 614 776 deinen

108 778 224 827 Ruhm
232 781 304 825 ſtets
314 783 477 831 unbefleckt
488 785 613 832 erhalte.

159 842 188 867 2.
204 830 289 871 Gieb
303 834 369 876 eine
384 829 497 885 keuſche
525 832 613 881 Seele

106 877 168 915 mir
191 880 222 919 in
231 883 346 920 einem
365 883 503 930 keuſchen
520 886 609 929 Leibe,

105 926 207 965 damit
220 928 294 974 auch
309 941 339 967 er
356 932 415 978 auf
425 934 536 972 immer
551 939 612 977 dir,

105 995 124 1020 o
136 983 236 1027 Gott,
258 984 401 1031 geheiligt
414 988 526 1028 bleibe:
549 993 609 1039 daß

102 1031 169 1069 rein
195 1037 260 1071 und
290 1036 387 1082 keuſch
413 1038 495 1077 mein
518 1039 610 1087 Auge

105 1083 168 1128 ſey,
191 1087 253 1123 und
266 1087 399 1134 zuͤchtig,
425 1091 487 1137 daß
509 1092 553 1137 ich
575 1102 610 1132 es

102 1134 175 1179 ſtets
188 1135 250 1181 frey
261 1146 298 1181 zu
307 1137 354 1174 dir
364 1135 490 1185 erheben
502 1141 609 1182 koͤnne.

152 1195 179 1226 3.
193 1185 279 1232 Auch
298 1187 395 1226 meine
411 1187 520 1237 Zunge
537 1194 607 1231 rede

102 1236 169 1281 nie,
194 1246 261 1276 was
280 1240 439 1289 ſchaͤndlich
452 1245 489 1289 iſt
503 1255 539 1292 zu
553 1246 606 1293 hoͤ⸗

100 1296 194 1329 ren;
227 1290 275 1327 nie
303 1291 354 1337 laß
381 1296 433 1332 der
455 1295 604 1340 Unſchuld

98 1339 216 1384 Rechte
222 1344 261 1390 ſie
271 1343 360 1388 durch
379 1340 494 1394 frechen
507 1343 604 1401 Scherz

98 1388 250 1435 entehren.
324 1394 502 1440 Beſtimmt
530 1405 603 1443 zum

95 1436 200 1484 Opfer
210 1444 265 1479 des
280 1441 402 1483 Gebets
417 1447 481 1483 und
495 1447 601 1487 deines

94 1489 194 1536 Lobes,
217 1496 287 1531 rede
299 1495 373 1540 ſtets
381 1497 464 1537 mein
474 1496 601 1547 Mund,

92 1546 162 1578 was
178 1542 255 1589 nuͤtzt
269 1548 333 1582 und
350 1545 464 1593 beſſert.

142 1605 174 1638 4.
205 1598 303 1638 Mein
337 1600 410 1649 Ohr
438 1602 489 1647 laß
518 1605 597 1644 allen

91 1643 169 1690 offen
189 1646 269 1693 ſeyn,
292 1648 340 1685 die
352 1649 427 1694 mich
436 1663 491 1689 um
501 1651 596 1699 Huͤlfe

88 1690 201 1735 bitten;
217 1694 299 1732 mein
310 1694 392 1743 Herz
401 1701 465 1735 und
474 1700 594 1739 meinen

88 1747 228 1787 Wandel
234 1749 298 1786 rein
306 1753 368 1787 und
376 1750 484 1799 ehrbar
494 1755 594 1792 meine

87 1798 222 1839 Sitten:
258 1802 357 1841 damit
378 1808 429 1842 der
454 1807 591 1854 Wolluſt

83 1845 241 1893 Zauberey
257 1852 318 1888 mir
332 1851 411 1896 nicht
421 1854 510 1900 durch
524 1856 589 1904 ihre

81 1885 319 1945 Schmeicheley
330 1905 385 1939 den
405 1901 520 1951 Schatz
536 1908 587 1943 der

77 1951 225 1999 Unſchuld
247 1951 393 1998 raube.

704 294 730 327 5.
755 284 837 330 Ach!
874 299 920 325 wo
946 291 995 328 die
1015 290 1165 338 Unſchuld

655 331 768 378 weicht,
792 337 831 372 da
854 337 940 384 flieht
958 343 1011 376 der
1030 339 1163 388 Tugend

653 382 745 430 Ruh'
764 388 827 422 und
842 385 964 429 Stille;
987 390 1037 430 da,
1053 401 1098 428 wo
1110 394 1162 428 der

652 438 788 483 Wolluſt
812 430 929 486 Flamme
946 437 1060 491 gluͤht,
1087 443 1163 491 fehlt

650 484 735 532 ſelbſt
756 491 807 524 der
833 497 905 533 gute
923 490 1032 531 Wille.
1092 494 1162 535 Sie

650 532 782 581 wuͤthet,
817 536 910 575 toͤdtet
938 541 999 576 und
1022 542 1160 590 verheert

650 583 719 619 weit
765 587 874 633 mehr,
921 590 969 625 als
1018 601 1046 636 je
1101 596 1159 629 das

648 637 815 683 Schwerdt
834 640 970 689 zerſtoͤrt,
1010 649 1060 683 als
1080 647 1158 696 Peſt

647 690 711 725 und
724 690 809 728 Glut
822 690 979 738 zerſtoͤren.

696 764 728 798 6.
743 762 796 808 Jn
803 764 912 811 ſeinem
921 766 1055 807 Taumel
1064 789 1087 794 —
1098 771 1156 808 wie

644 811 766 859 vergißt
785 818 838 851 der
853 818 997 857 trunkene
1018 821 1154 862 Verbre⸗

643 862 725 909 cher,
747 867 809 912 daß
831 868 914 907 Gott
937 867 1153 917 allgegenwaͤr⸗

641 914 688 961 tig
706 917 753 964 iſt,
778 924 832 957 des
844 920 953 968 Boͤſen
963 925 1074 969 ernſter
1082 926 1152 967 Raͤ⸗

642 965 723 1011 cher;
739 968 877 1015 verfolgt
895 971 942 1008 die
959 973 1089 1018 Tugend
1106 975 1152 1021 oft

642 1015 700 1052 mit
723 1015 851 1063 Spott,
889 1020 1055 1068 verhoͤhnet
1081 1024 1151 1063 dein

639 1071 761 1116 Geſetz,
788 1085 804 1109 o
823 1074 924 1121 Gott,
944 1078 1005 1114 und
1021 1076 1150 1126 Jeſum,

638 1123 697 1164 den
710 1120 855 1169 Erloͤſer.

689 1193 718 1225 7.
742 1182 815 1223 Und
832 1184 922 1230 dieſer
930 1185 1014 1234 Leib,
1039 1191 1097 1226 den
1114 1200 1146 1227 er

636 1229 791 1281 entweiht,
816 1237 870 1273 der
878 1237 955 1275 wird
963 1239 1037 1286 einſt
1046 1241 1147 1287 aufer⸗

637 1268 755 1324 ſtehen:
792 1281 874 1319 dann
892 1281 967 1319 wird
983 1293 1015 1322 er
1034 1283 1088 1333 ihn
1111 1286 1143 1322 in

637 1333 799 1383 Ewigkeit,
815 1336 930 1378 bedeckt
943 1343 1004 1380 mit
1017 1339 1145 1388 Schan⸗

632 1394 671 1425 de
688 1387 788 1434 ſehen;
818 1392 893 1429 wird
917 1393 999 1441 ſelbſt
1016 1395 1068 1441 ſich
1085 1397 1142 1443 flu⸗

634 1421 728 1474 chen,
752 1431 824 1474 auch
848 1435 923 1471 wird
937 1447 968 1473 er
982 1440 1033 1474 der
1049 1439 1142 1478 Wol⸗

630 1489 691 1535 luſt
716 1490 817 1538 Opfer
840 1504 894 1530 um
923 1494 977 1538 ſich
996 1496 1050 1543 her
1071 1497 1139 1546 ihm

627 1537 740 1586 droh'n
759 1544 820 1578 und
830 1542 944 1590 fluchen
960 1545 1062 1593 hoͤren.

680 1607 712 1641 8.
734 1599 807 1647 Heil
831 1605 921 1649 dem,
962 1607 1015 1643 der
1035 1609 1140 1646 deiner

631 1651 679 1691 nie
695 1655 825 1701 vergißt,
851 1659 930 1705 nicht
946 1661 1039 1706 Gott,
1065 1664 1136 1702 dein

627 1705 727 1745 Werk
746 1705 902 1754 zerſtoͤret,
949 1714 1001 1747 der
1023 1711 1135 1750 immer

630 1757 725 1794 reines
736 1756 875 1805 Herzens
887 1761 934 1807 iſt,
951 1765 1015 1800 und
1027 1767 1135 1805 deinen

630 1804 754 1853 Tempel
762 1810 854 1857 ehret.
903 1812 977 1858 Heil
992 1815 1075 1862 ihm,
1100 1829 1132 1854 er

621 1860 697 1896 wird
715 1860 781 1907 froh
792 1861 972 1911 auferſtehn,
984 1870 1045 1904 und
1054 1870 1130 1907 wird

619 1907 688 1947 dein
713 1911 823 1958 Antlitz
842 1914 917 1958 ewig
940 1914 1029 1962 ſehn,
1063 1927 1129 1957 ver⸗

617 1960 714 2006 klaͤrt,
734 1964 791 2002 wie
803 1964 905 2003 Jeſus
919 1967 1076 2003 Chriſtus.

698 2015 733 2062 H

967 2035 1001 2065 9.
1023 2025 1123 2065 Mein
