2614 2906
965 548 1011 587 4.
1038 539 1153 584 Was
1181 540 1261 590 hat
1289 544 1353 584 ein
1383 542 1578 596 Prediger
1609 548 1703 597 bey

1018 588 1154 643 ſeinen
1184 587 1468 649 Jahrgaͤngen
1499 600 1553 636 zu
1576 591 1698 640 obſer-

1015 636 1145 678 viren?
1174 640 1293 680 Antw.
1331 641 1427 692 Daß
1424 635 1463 694 er
1478 643 1520 691 ſie
1534 644 1625 692 nicht
1643 639 1689 695 zu

1015 691 1086 742 ſehr
1095 692 1323 744 einſchraͤncke,
1345 697 1484 744 ſondern
1494 699 1580 746 ſuche
1588 701 1682 742 eines

1014 745 1109 793 jeden
1120 742 1334 797 Nothdurfft
1338 747 1377 801 zu
1400 746 1520 799 Huͤlffe
1536 762 1576 799 zu
1592 744 1690 795 kom⸗

1014 805 1103 843 men,
1120 800 1184 835 das
1194 796 1356 849 noͤthigſte
1371 802 1472 850 zuerſt
1491 802 1673 855 vorzuneh⸗

1014 856 1104 895 men,
1123 852 1190 887 und
1206 851 1343 900 unnuͤtze
1358 851 1540 903 fuͤrwitzige
1557 855 1692 907 Dinge

1013 907 1056 946 zu
1064 903 1261 943 vermeiden.
1331 908 1410 950 Der
1425 907 1579 959 Zierrath
1598 914 1691 953 oder

1012 952 1203 999 Ergetzung
1229 953 1330 1002 ſeiner
1352 954 1502 1005 Zuhoͤrer
1522 957 1603 1003 muß
1622 959 1673 1013 ge⸗

1013 1006 1085 1052 wiß
1118 1006 1206 1051 nicht
1237 1011 1300 1045 das
1338 1010 1543 1061 vornehmſte
1570 1014 1687 1061 dabey

1012 1056 1104 1104 ſeyn,
1122 1058 1258 1106 ſondern
1271 1061 1322 1100 die
1334 1061 1573 1109 Ausbreitung
1582 1065 1688 1110 goͤtt⸗

1011 1111 1109 1158 licher
1126 1112 1217 1160 Ehre
1238 1118 1305 1152 und
1321 1115 1542 1162 Erbauung,
1561 1118 1686 1166 inſon⸗

1010 1160 1160 1207 derheit,
1176 1159 1239 1214 daß
1270 1172 1354 1202 man
1370 1169 1435 1204 das
1454 1166 1563 1211 Volck
1595 1179 1685 1215 zum

1010 1215 1169 1266 fleißigen
1186 1210 1342 1266 Forſchen
1365 1215 1400 1254 in
1422 1217 1477 1254 der
1491 1216 1679 1271 Schrifft,

1010 1275 1069 1315 zur
1077 1267 1199 1320 Sorge
1212 1270 1269 1322 fuͤr
1281 1272 1349 1322 ihre
1372 1273 1528 1324 Seelen,
1542 1280 1612 1318 und
1630 1268 1687 1328 zu

1008 1322 1157 1373 mehrern
1169 1332 1267 1374 guten
1282 1326 1389 1378 Eyfer
1396 1329 1496 1377 reitze.

952 1387 988 1426 5.
1001 1375 1111 1428 Jſts
1140 1371 1271 1423 recht,
1292 1372 1382 1420 daß
1401 1382 1513 1422 man
1529 1376 1665 1423 ſeinen

1003 1429 1266 1490 Jahr ⸗ Tag
1274 1429 1414 1488 feyre?
1445 1427 1556 1486 Antw.
1576 1428 1670 1489 Ja,

1003 1489 1103 1521 wenn
1123 1487 1159 1519 es
1179 1482 1353 1532 geſchiehet
1387 1488 1430 1533 a)
1448 1486 1511 1527 mit
1540 1489 1665 1541 gebuͤh⸗

1003 1537 1133 1575 rendem
1142 1535 1263 1579 Danck
1271 1538 1330 1585 fuͤr
1334 1533 1392 1582 die
1405 1548 1471 1582 von
1482 1535 1588 1578 GOtt
1595 1549 1662 1578 em⸗

999 1585 1167 1639 pfangene
1174 1583 1418 1645 Wohlthaten,
1456 1598 1499 1643 b)
1517 1598 1661 1643 Erinne⸗

999 1643 1091 1679 rung
1101 1634 1204 1681 ſeines
1219 1635 1358 1683 vorigen
1368 1635 1500 1684 Lebens,
1534 1643 1578 1684 c)
1594 1640 1680 1689 Er⸗

997 1699 1172 1740 neuerung
1186 1696 1253 1733 und
1263 1702 1370 1743 guten
1386 1697 1531 1748 Fuͤrſatz,
1556 1702 1679 1746 GOtt

994 1740 1063 1792 ſein
1075 1740 1230 1792 Lebelang
1240 1749 1276 1799 zu
1292 1743 1411 1785 dienen
1428 1748 1464 1786 in
1482 1741 1676 1798 Heiligkeit

994 1799 1066 1836 und
1078 1795 1336 1848 Gerechtigkeit,
1353 1802 1415 1842 wie
1426 1809 1464 1842 es
1474 1803 1546 1852 ihm
1553 1804 1675 1852 gefaͤl⸗

994 1846 1049 1892 lig
1049 1847 1107 1894 iſt.
1131 1848 1206 1888 Vid.
1211 1851 1250 1886 D.
1254 1849 1468 1892 Hildebrand.
1478 1852 1517 1888 de
1523 1855 1674 1894 natalit.

994 1902 1095 1942 veter.
1113 1895 1209 1935 impr.
1227 1902 1297 1936 cap.
1306 1902 1378 1940 10.
1396 1899 1432 1937 &
1441 1895 1548 1945 ſupra
1577 1890 1676 1946 Ge⸗

993 1943 1099 1990 burt
1115 1954 1205 1985 num.
1216 1955 1254 1993 3.

1126 2059 1455 2129 Jahrmarckt.

929 2155 1143 2304 JSts
1180 2161 1312 2212 recht,
1348 2165 1429 2220 daß
1461 2176 1562 2212 man
1586 2167 1654 2213 die

1065 2208 1353 2275 Jahrmaͤrckte
1361 2211 1450 2272 des
1450 2212 1655 2272 Sonnta⸗

1065 2272 1142 2329 ges
1142 2272 1218 2323 zu
1218 2272 1366 2323 halten

981 2325 1079 2376 Reſp.
1108 2325 1178 2375 Ja.
1201 2327 1309 2369 Denn
1320 2329 1576 2381 zugeſchweigen
1591 2339 1650 2373 der

978 2373 1165 2423 weltlichen
1177 2377 1394 2431 Geſchaͤffte,
1438 2383 1469 2433 ſo
1488 2384 1525 2423 in
1543 2389 1654 2424 denen

976 2419 1238 2470 Jahrmaͤrckten
1250 2430 1313 2467 mit
1314 2423 1469 2480 Kauffen
1478 2430 1549 2471 und
1553 2422 1645 2476 Ver⸗

977 2472 1111 2514 kauffen
1122 2474 1287 2520 getrieben
1298 2479 1442 2525 werden,
1458 2476 1574 2523 welche
1582 2473 1640 2528 ſich

1761 543 1830 593 auf
1830 543 1883 594 die
1893 538 2074 595 Feyertage
2096 548 2186 596 nicht
2207 552 2357 603 ſchicken,
2387 555 2420 602 ſo

1758 590 1865 640 gehen
1891 593 1971 637 auch
1999 593 2085 645 ſonſt
2108 596 2333 649 gemeiniglich
2355 597 2423 650 auf

1758 645 2018 697 Jahrmaͤrckten
2035 652 2166 703 allerley
2182 652 2337 699 Suͤnden
2351 662 2415 695 vor

1757 702 1821 742 mit
1830 701 1956 751 Luͤgen,
1951 703 2113 753 Betrug,
2121 703 2260 753 falſchen
2270 710 2417 758 Schwe⸗

1756 762 1829 800 ren,
1845 754 2007 803 Voͤllerey
2029 760 2098 795 und
2114 758 2333 808 dergleichen,
2357 767 2413 802 da⸗

1753 805 1851 852 durch
1876 811 1932 846 der
1952 808 2129 857 Sonntag
2147 809 2325 861 ſchaͤndlich
2342 820 2411 854 ent⸗

1755 854 1891 907 heiliget
1901 858 2011 901 wird.
2044 860 2169 913 Daher
2179 871 2213 903 es
2225 871 2328 906 weder
2337 869 2409 909 Ne⸗

1751 909 1884 959 hemias
1905 921 1929 949 c.
1942 913 1995 957 13,
1995 913 2050 958 16,
2066 924 2120 961 17.
2144 919 2223 964 noch
2248 918 2408 969 Chriſtus

1750 959 1854 1001 leiden
1874 960 2006 1010 moͤgen.
2023 961 2092 1003 Luc.
2112 973 2165 1008 19,
2184 975 2242 1011 45.
2285 970 2411 1008 Kesleri

1746 1012 1812 1056 caſ.
1825 1014 1925 1060 conſc.
1944 1014 1988 1054 C.
2005 1024 2062 1052 11.
2079 1022 2117 1062 p.
2135 1027 2199 1065 74.
2227 1018 2325 1063 Bald.
2344 1020 2410 1070 caſ.

1744 1086 1781 1124 p.
1800 1081 1890 1124 361.

1944 1174 2147 1256 JEſus.

2038 1286 2073 1319 I.

1697 1321 1912 1465 Wãs
1944 1328 2081 1381 haben
2112 1331 2192 1373 wir
2222 1341 2280 1375 an
2313 1334 2404 1378 dem

1870 1387 2075 1441 Nahmen
2092 1383 2249 1432 JEſu?
2304 1386 2401 1433 Reſp.

1872 1436 1987 1479 Einen
2017 1433 2210 1489 herrlichen,
2236 1435 2402 1489 heiligen,

1741 1486 1949 1536 geſeegneten
1966 1496 2034 1529 und
2062 1493 2164 1542 ſuͤſſen
2188 1494 2315 1542 Schatz
2345 1494 2399 1533 der

1741 1542 1928 1596 Seligkeit.
1981 1541 2058 1581 Vid.
2096 1537 2252 1589 Ernſts
2281 1543 2401 1589 Neu⸗

1738 1588 2226 1647 Jahrs ⸗ Betrachtung
2255 1607 2290 1646 p.
2310 1595 2429 1646 136.

1731 1644 1829 1691 ſeqq.
1863 1642 2031 1698 Dannh.
2062 1647 2153 1695 Cat.
2185 1649 2324 1701 Milch
2353 1648 2401 1696 Il.

1738 1699 1860 1751 Theil
1895 1706 2026 1744 13.14.
2048 1705 2237 1758 Predigt.
2277 1712 2406 1756 Stegm.

1741 1744 1916 1788 Chriſtogn.
1939 1745 1979 1787 P.
1988 1747 2017 1790 I.
2034 1748 2186 1796 p.563-
2195 1739 2395 1796 580-601.

1726 1805 1826 1856 ſeqq.
1844 1810 1883 1845 &
1882 1808 1958 1858 ſup.
1982 1806 2195 1862 CHriſtus.

1783 1857 1904 1899 Drum
1912 1856 2009 1905 ſollen
2020 1859 2083 1900 wir
2091 1862 2195 1913 dieſen
2207 1862 2331 1914 Schatz
2344 1867 2393 1916 ſu⸗

1733 1904 1828 1949 chen,
1851 1903 1979 1955 Hohel.
2001 1918 2032 1954 3,
2055 1919 2082 1946 1.
2103 1921 2137 1949 2.
2165 1911 2247 1955 alles
2273 1915 2310 1955 in
2323 1914 2412 1959 und

1734 1953 1797 1992 mit
1815 1953 1887 2003 ihm
1902 1954 2098 2008 anfangen,
2133 1958 2214 2001 Col.
2224 1973 2321 2011 3,17.
2346 1956 2412 2002 an

1730 2009 1792 2061 ihn
1800 2010 1948 2061 glauben
1958 2015 2080 2069 Geſch.
2087 2016 2137 2069 10,
2148 2025 2198 2066 38.
2210 2020 2270 2069 ihn
2278 2021 2387 2069 beken⸗

1732 2064 1811 2101 nen,
1840 2055 1943 2107 Phil.
1954 2063 1990 2111 2,
1997 2071 2041 2112 11.
2070 2074 2138 2107 und
2167 2065 2224 2103 als
2251 2065 2316 2116 ſein
2345 2063 2386 2103 ei⸗

1729 2113 1995 2166 genthuͤmliches
2002 2119 2112 2163 Volck
2120 2120 2288 2171 bezeigen,
2307 2120 2389 2166 auch

1729 2168 1787 2217 fuͤr
1800 2172 1854 2208 der
1873 2163 2091 2210 Profanation
2100 2177 2169 2213 und
2179 2169 2384 2228 Mißbrauch

1728 2223 1833 2273 dieſes
1864 2224 2052 2272 Nahmens
2086 2229 2235 2283 ernſtlich
2269 2233 2384 2283 huͤten.

1724 2275 1876 2329 Dannh.
1886 2280 2081 2333 Feſt⸗Pred.
2091 2293 2128 2332 p.
2148 2292 2237 2333 324.
2237 2283 2310 2332 ſeq.

1679 2327 1713 2363 2.
1733 2314 1839 2358 Kan
1855 2314 1951 2359 man
1967 2322 2044 2361 mit
2068 2332 2212 2376 gutem
2232 2316 2395 2377 Gewiſ⸗

1723 2373 1789 2428 ſen
1816 2378 1882 2422 die
1905 2376 2140 2436 aͤuſſerliche
2165 2386 2381 2440 Ehrerbie⸗

1721 2432 1835 2482 tung
1850 2435 1978 2484 gegen
1990 2434 2067 2476 den
2075 2435 2278 2491 Nahmen
2284 2436 2381 2492 JE⸗

1719 2476 1767 2534 ſu
1781 2482 2063 2543 unterlaſſen?
2087 2490 2272 2542 Antwort:
2300 2493 2382 2540 Wir

2310 2547 2383 2603 ſind
