1496 2254
947 333 1026 373 229

186 417 310 454 anders,
336 414 381 445 als
410 416 465 443 aus
490 413 552 443 dem
580 410 666 450 Feuer
701 407 786 446 ſeiner
812 406 957 440 Kanonen
990 410 1024 441 zu

186 462 370 502 beurtheilen.
418 445 517 500 Beide
542 458 641 495 Theile
676 456 824 490 beſchoſſen
851 455 899 488 ſich
936 455 1023 488 daher

187 527 241 565 auf
257 524 302 558 ein
322 523 418 564 bloßes
438 520 656 562 Gerathewohl,
684 521 740 550 und
762 518 804 549 die
825 516 909 554 Folge
930 516 1024 548 davon

188 589 260 619 war,
299 580 352 619 daß
383 581 417 620 ſie
445 579 522 612 beide
549 577 644 617 keinen
673 572 855 614 ſonderlichen
887 570 1025 609 Schaden

190 640 281 675 litten.
319 639 380 674 Als
397 639 446 670 der
467 636 564 672 Nebel
584 634 631 673 ſich
654 640 742 672 gegen
763 630 881 670 Mittag
910 627 1026 666 einiger⸗

189 690 292 728 maßen
311 694 446 727 verzogen
464 686 556 725 hatte,
575 686 603 722 ſo
624 683 673 723 ſah
695 691 764 715 man
785 683 828 714 die
847 681 946 719 Polen
963 678 1028 718 zwi⸗

191 745 267 786 ſchen
294 747 356 776 dem
380 744 481 783 Dorfe
506 740 636 776 Kamion
660 741 719 772 und
744 737 848 774 unſern
873 735 1030 774 Verſchan⸗

190 806 305 839 zungen
318 796 525 845 aufmarſchirt,
549 795 641 835 jedoch
661 794 743 834 mehr
762 794 797 826 in
814 797 863 824 der
882 791 1029 830 Stellung

192 855 271 895 eines
292 851 536 894 beobachtenden,
566 848 613 884 als
639 849 718 883 eines
746 853 810 886 zum
829 843 959 885 Angriffe
985 851 1031 884 ge⸗

193 903 329 936 ordneten
351 902 482 935 Feindes.

206 965 318 998 Der
336 957 592 993 Obriſtlieutenant
607 961 663 981 von
685 952 809 986 Lariſch,
837 952 884 978 der
904 951 961 975 uns
981 953 1031 980 am

195 1029 241 1060 19.
262 1020 386 1054 Oktober
406 1020 434 1056 ſo
455 1017 546 1057 thaͤtig
563 1015 728 1054 unterſtuͤtzt
748 1012 838 1050 hatte,
858 1010 961 1047 bewies
980 1008 1030 1048 ſich

194 1074 262 1113 auch
276 1081 324 1105 am
346 1072 439 1112 23ſten
459 1068 699 1109 außerordentlich
719 1062 888 1107 geſchaͤfftig,
908 1071 958 1097 um
978 1064 1033 1095 den

195 1129 301 1168 Feind,
317 1123 393 1171 auch
394 1134 453 1165 von
471 1125 629 1165 Wißogrod
650 1128 718 1160 aus,
737 1129 771 1158 zu
792 1117 994 1160 beunruhigen.

227 1175 296 1209 Er
322 1179 403 1213 hatte
422 1184 467 1204 an
483 1180 549 1204 dem
575 1172 821 1208 vorhergehenden
841 1172 920 1203 Tage
942 1166 1033 1201 einige

197 1239 315 1278 ſchwere
324 1238 477 1278 Feldſtuͤcke
496 1236 668 1273 bekommen,
688 1233 741 1264 mit
761 1234 850 1266 denen
870 1237 900 1260 er
921 1226 1036 1270 ſogleich

197 1287 367 1328 fuͤrchterlich
385 1296 420 1333 zu
439 1301 569 1326 donnern
589 1286 707 1320 anfing,
728 1283 774 1312 als
801 1282 844 1312 die
869 1277 966 1316 Polen
993 1284 1037 1314 ge⸗

198 1355 254 1387 gen
270 1347 352 1391 unſer
380 1345 468 1385 Lager
495 1345 653 1380 anruͤckten.
693 1343 781 1381 Zwar
808 1340 933 1378 ſchlugen
964 1338 1036 1370 viele

198 1398 321 1436 Kugeln
332 1406 380 1428 am
399 1393 562 1433 jenſeitigen
579 1395 652 1430 Ufer
671 1394 702 1424 in
721 1393 770 1424 die
785 1388 938 1431 Weichſel,
972 1387 1037 1425 ſei's

199 1461 262 1484 nun
279 1459 366 1493 wegen
395 1445 487 1491 einer
515 1443 701 1484 fehlerhaften
729 1445 877 1482 Richtung
901 1445 951 1472 des
979 1441 1041 1473 Ge⸗

200 1512 333 1551 ſchuͤtzes,
364 1510 431 1541 oder
458 1513 556 1545 wegen
582 1508 631 1538 der
655 1504 844 1542 anziehenden
870 1501 960 1540 Kraft
989 1503 1041 1535 des

201 1554 343 1603 Waſſers,
360 1563 424 1595 wie
435 1561 475 1597 ich
494 1558 584 1598 einige
595 1556 779 1598 Artilleriſten
800 1554 920 1592 daruͤber
938 1551 1042 1590 urthei⸗

203 1618 249 1649 len
271 1605 368 1654 hoͤrte;
396 1611 479 1644 allein
506 1612 547 1643 die
572 1611 683 1647 meiſten
710 1607 826 1645 reichten
858 1605 902 1638 bis
931 1605 960 1636 in
988 1605 1043 1635 das

203 1666 284 1719 Dorf
303 1670 436 1708 Kamion,
457 1671 514 1702 und
534 1668 623 1708 einige
645 1666 710 1705 noch
728 1666 824 1699 weiter
847 1663 963 1707 hinaus,
985 1664 1044 1694 und

205 1728 279 1766 dieſe
302 1725 384 1764 fielen
412 1726 470 1757 den
483 1722 591 1768 Polen
617 1727 669 1753 um
698 1720 725 1756 ſo
758 1720 812 1751 viel
830 1715 1046 1758 empfindlicher,

203 1788 270 1820 weil
292 1788 326 1820 ſie
347 1783 550 1820 mehrentheils
572 1782 631 1820 ihre
653 1787 738 1820 ganze
766 1780 843 1813 Linie
872 1777 1026 1816 beſtrichen.

241 1838 335 1876 Das
356 1822 521 1876 Staͤdtchen
539 1830 696 1872 Wißogrod
723 1829 791 1869 liegt
815 1823 870 1866 auf
892 1826 969 1862 einer
986 1824 1049 1865 Hoͤ⸗
