1579 2127
378 249 427 307 in
427 249 644 307 Schweden
644 249 775 307 1772.

893 264 975 314 479

173 348 270 391 beck,
293 348 496 387 Gouverneur
517 354 551 387 in
569 351 769 396 Stockholm,
791 355 895 397 erhielt
920 361 977 392 den

173 399 322 449 Auftrag,
327 401 402 450 nach
412 407 558 447 Schonen
568 412 603 449 zu
626 408 731 450 gehen,
744 418 794 444 um
805 413 850 445 die
860 412 975 449 Gemuͤ⸗

173 466 239 505 ther
256 468 309 500 des
327 466 446 508 Volks,
469 468 523 510 bey
549 470 616 502 dem
621 465 655 509 er
687 470 747 503 viel
762 471 847 510 galt,
869 479 905 511 zu
927 472 976 506 be⸗

171 522 332 565 ſaͤnftigen.
367 523 506 567 Zugleich
521 527 581 567 gab
595 535 670 565 man
690 528 975 571 Sprengtpor⸗

172 585 256 621 ten,
291 584 343 616 der
364 581 426 624 jetzt
458 586 490 619 in
517 585 697 629 Stockholm
720 587 829 624 wieder
854 587 975 632 zuruͤck,

171 643 243 676 aber
266 643 348 683 ſchon
373 643 466 687 hoͤchſt
483 644 651 687 verdaͤchtig
672 653 749 689 war,
770 648 894 690 Befehl,
917 659 975 685 un⸗

176 701 348 746 verzuͤglich
372 706 420 739 die
436 705 579 748 Reſidenz
602 713 638 746 zu
663 708 827 751 verlaſſen,
855 711 918 745 und
938 718 973 750 zu

167 761 278 801 ſeinem
302 762 483 805 Regimente
503 766 534 800 in
547 764 704 807 Finnland
725 765 828 810 zuruͤck
844 777 881 810 zu
904 770 971 811 keh⸗

168 826 234 854 ren.
277 820 360 859 Auch
380 820 565 863 beobachtete
587 827 648 859 und
665 824 811 865 bewachte
825 834 898 861 man
914 831 971 862 den

167 879 270 921 Koͤnig
296 881 354 922 auf
378 884 436 918 das
462 881 675 927 ſorgfaͤltigſte,
716 888 777 922 und
803 887 896 927 ſuchte
917 888 969 929 ſich

167 937 258 977 durch
286 936 436 981 heimliche
463 936 625 982 Aufpaſſer
657 948 718 978 von
749 941 844 984 jedem
874 945 968 984 ſeiner

167 998 307 1039 Schritte
330 1006 366 1039 zu
392 998 604 1041 unterrichten.
664 1001 802 1044 Zugleich
837 1005 970 1045 entwarf

166 1063 240 1091 man
256 1059 301 1091 die
316 1064 392 1094 neue
404 1058 692 1103 Regierungsform,
707 1064 752 1097 die
767 1066 832 1099 dem
841 1065 968 1105 Reichs⸗

165 1114 253 1156 rathe
274 1121 335 1150 von
358 1123 424 1152 nun
440 1124 482 1152 an
507 1119 570 1153 eine
586 1120 831 1162 unumſchraͤnkte
842 1123 969 1159 Gewalt

165 1174 345 1218 verſchaffen
373 1177 466 1217 ſollte.
527 1179 614 1216 Man
639 1184 798 1216 erwartete
821 1191 856 1224 zu
884 1182 965 1223 ihrer

165 1235 364 1280 Einfuͤhrung
381 1244 441 1273 nur
460 1238 532 1281 noch
554 1242 615 1276 das
636 1240 829 1284 Uplaͤndiſche
844 1243 967 1285 Jnfan⸗

164 1297 456 1339 terie ⸗ Regiment,
488 1303 555 1333 dem
576 1300 707 1341 desfalls
736 1303 817 1342 ſchon
841 1303 964 1340 Ordres

161 1334 332 1388 zugeſchickt
349 1354 462 1383 waren.

247 1417 327 1454 Aber
342 1417 461 1458 Guſtav
484 1416 553 1453 kam
572 1422 624 1454 der
643 1418 841 1462 Vollendung
867 1424 963 1462 dieſes

164 1471 328 1512 Entwurfs
348 1480 450 1517 zuvor.
495 1477 587 1513 Unter
608 1479 665 1513 den
685 1479 869 1522 Officieren,
894 1482 964 1513 wel⸗

161 1534 209 1572 che
232 1541 263 1568 er
291 1534 345 1573 ſeit
369 1535 462 1574 ſeiner
481 1536 683 1578 Zuruͤckkunft
702 1541 733 1574 in
757 1541 834 1579 ſeine
848 1542 962 1581 Geſell⸗

159 1581 250 1623 ſchaft
265 1590 391 1624 gezogen
416 1586 521 1633 hatte,
555 1588 666 1627 befand
681 1589 731 1629 ſich
750 1596 797 1623 ein
812 1592 958 1630 Capitain

158 1652 357 1694 Abraham
379 1654 619 1698 Hellichius,
649 1657 746 1699 Sohn
764 1661 846 1694 eines
861 1661 958 1700 Geiſt⸗

158 1712 250 1754 lichen
263 1715 323 1750 aus
336 1714 493 1758 Schonen,
516 1718 609 1753 voller
624 1717 748 1761 Ehrgeiz
766 1723 829 1756 und
847 1720 958 1763 Muth.
