1903 2643
498 302 543 349 iſt
564 304 623 342 ein
642 301 815 348 Buͤrger
839 299 945 346 jener
964 300 1119 346 Stadt,

499 372 560 418 die
577 371 752 419 GOttes
772 367 898 425 Hand
917 366 1100 423 gebauet.

546 440 580 478 5.
599 424 822 474 Ermuntre
841 423 938 478 dich,
970 437 979 471 o
997 422 1124 470 meine

501 487 632 538 Seel!
664 486 754 541 auf!
786 484 881 541 auf!
909 495 994 532 nun
1011 483 1124 539 gehts

500 550 579 592 ans
609 543 835 598 Scheiden,
886 536 1024 597 verlaß
1057 545 1124 591 des

500 604 638 655 Leibes
655 602 787 660 finſtre
804 599 904 668 Hoͤl,
932 600 1026 658 ſteig
1049 600 1129 659 auf

501 658 577 704 den
596 655 715 711 Berg
735 655 801 699 der
811 653 1014 710 Freuden!
1034 653 1124 699 dein

502 715 729 764 Laͤmmlein
746 713 855 766 ruft:
886 713 1038 761 Nimm
1054 709 1123 765 hin

501 779 579 825 den
599 780 750 832 Kranz,
779 774 855 823 den
874 776 929 829 ich
947 771 1046 827 vom
1059 769 1127 832 Le⸗

502 837 602 891 ben,
635 835 740 886 Licht
777 836 863 883 und
895 836 1034 891 Glanz
1063 833 1128 883 dir

503 892 652 944 lieblich
684 892 774 941 hab'
790 889 1028 947 gewunden.

564 956 608 999 6.
650 954 754 1001 Nun
791 943 838 1007 iſt
877 950 947 998 des
975 948 1127 1003 rauhen

505 1013 698 1063 Winters
715 1010 854 1065 Wuth
872 1010 1012 1065 dahin,
1045 1007 1129 1057 und

505 1076 604 1122 ganz
632 1066 874 1123 vergangen,
906 1067 968 1116 die
993 1068 1127 1127 Platz⸗

506 1129 592 1174 und
634 1115 1048 1182 Wetterregensfluth
1082 1119 1130 1179 iſt

504 1186 619 1242 weg;
634 1181 704 1244 die
711 1178 842 1238 naſſen
861 1180 1069 1235 Wangen,
1089 1181 1128 1236 ſo

504 1244 627 1298 dieſer
642 1243 782 1299 herber
800 1234 1050 1296 Leidensfluß
1067 1242 1130 1291 be⸗

506 1308 647 1363 netzet,
679 1304 742 1355 ſoll
774 1302 880 1354 mein
918 1298 1129 1356 Liebeskuß

488 1356 585 1410 mit
602 1356 760 1409 ew'gem
774 1349 899 1410 Troſt
900 1350 1128 1405 abwiſchen.

560 1429 603 1467 7.
629 1416 703 1467 So
728 1413 827 1470 ſtehe
850 1424 935 1461 nun
959 1404 1130 1467 behende

506 1475 609 1528 auf:
642 1475 785 1527 komm,
804 1473 948 1527 komm,
966 1473 1020 1519 du
1038 1471 1130 1519 mei⸗

506 1545 557 1581 ne
588 1532 775 1585 Schoͤne!
805 1534 950 1587 komm,
975 1531 1129 1588 Freun⸗

505 1594 592 1650 din,
611 1595 745 1642 komm
762 1592 839 1641 mit
860 1594 1006 1642 vollem
1021 1591 1134 1644 Lauf

508 1658 558 1706 zu
581 1649 673 1705 mir,
703 1651 785 1703 daß
809 1649 863 1704 ich
887 1649 968 1703 dich
994 1652 1129 1699 kroͤne!

512 1708 622 1754 mein
676 1707 819 1761 Thron
874 1708 958 1751 und
1002 1704 1129 1751 meine

507 1761 789 1817 Herrlichkeit,
848 1758 955 1805 mein
985 1763 1129 1815 ganzes

506 1821 631 1881 Reich
655 1828 703 1885 iſt
720 1828 782 1876 dir
797 1825 942 1882 bereit,
972 1828 1027 1875 du
1044 1825 1130 1883 haſt

506 1885 593 1932 nun
609 1876 904 1933 uͤberwunden.

567 1948 610 1997 8.
633 1944 715 2000 Jch
733 1942 823 1999 ehre
841 1942 956 1991 deine
976 1940 1129 2000 Naͤgel⸗

505 1998 634 2047 maal,
667 2005 675 2039 o
692 1993 857 2044 Lamm!
875 1993 950 2041 mit
966 1994 1131 2046 tauſend

505 2056 673 2117 Kuͤſſen,
690 2057 752 2104 die
766 2056 865 2110 mich
886 2056 954 2106 der
966 2057 1132 2110 Schuld

490 2114 592 2163 und
636 2112 900 2171 Hoͤllenqual,
951 2115 1132 2165 GOTT

505 2175 610 2227 Lob!
654 2184 740 2221 nun
781 2182 882 2229 ganz
921 2171 1131 2231 entriſſen;

506 2233 590 2284 kein
619 2229 797 2287 Flecken,
838 2228 997 2286 Runzel
1025 2230 1131 2278 wird

506 2288 717 2345 verſpuͤrt,
754 2286 849 2337 weil
866 2288 966 2343 mich
982 2290 1020 2344 ſo
1040 2288 1133 2345 koͤſt⸗

507 2350 579 2405 lich
611 2346 833 2405 ausgeziert
862 2348 969 2399 mein
997 2346 1133 2408 erſtge⸗

508 2402 657 2457 borner
686 2402 877 2457 Bruder.

1209 307 1260 344 9.
1286 296 1511 346 Halleluja,
1539 293 1608 337 der
1626 277 1810 344 Kampf

1156 369 1239 414 und
1258 367 1368 421 Lauf
1378 365 1424 420 iſt
1442 367 1539 416 aus!
1567 365 1627 412 die
1637 364 1812 418 Feinde

1159 422 1306 479 liegen!
1324 423 1430 471 mein
1440 423 1583 472 Lamm
1600 421 1689 483 geht
1705 422 1783 470 mir

1156 485 1223 532 als
1242 484 1398 534 Sonne
1418 483 1506 535 auf,
1522 482 1585 530 der
1606 476 1692 532 Berg
1716 480 1784 535 iſt

1160 541 1421 599 uͤberſtiegen!
1454 539 1516 596 ihr
1525 539 1792 596 Harfenſpie⸗

1158 602 1230 655 ler,
1246 597 1392 657 goͤnnet
1411 597 1504 653 mir,
1517 599 1592 646 mit
1608 603 1698 650 euch
1712 600 1781 645 des

1160 651 1369 705 Himmels
1386 648 1549 707 ſchoͤnſte
1567 650 1677 708 Zier,
1705 638 1815 698 das

1157 709 1381 762 Laͤmmlein
1401 707 1493 762 hoch
1512 718 1559 765 zu
1577 702 1818 763 preiſen.

1219 788 1287 822 10.
1325 774 1477 831 Preis,
1528 773 1639 827 Lob,
1680 774 1782 826 Ehr,

1160 832 1329 890 Ruhm,
1360 833 1510 887 Dank,
1547 832 1673 881 Kraft
1701 832 1783 877 und

1161 891 1312 943 Macht
1327 891 1389 946 ſey
1405 889 1482 941 dir,
1500 888 1609 936 mein
1627 889 1785 939 Lamm,

1161 945 1375 1003 geſungen,
1403 947 1482 1000 daß
1506 946 1564 995 du
1587 947 1685 998 mich
1703 946 1787 1000 haſt

1163 1020 1228 1068 zur
1255 1009 1331 1058 Ruh
1360 1006 1556 1065 gebracht,
1588 1017 1659 1063 zur
1672 1006 1825 1066 Ruh,

1164 1064 1244 1113 mir
1259 1065 1329 1122 iſts
1346 1057 1560 1123 gelungen!
1593 1053 1665 1116 ein
1688 1066 1786 1113 Won⸗

1163 1126 1367 1179 nenkranz
1412 1120 1620 1172 bekroͤnt
1679 1121 1788 1169 mein

1163 1179 1312 1237 Haupt
1336 1176 1542 1232 unendlich
1567 1176 1693 1232 mehr,
1723 1172 1828 1225 als

1163 1240 1220 1292 ich
1246 1239 1460 1296 geglaubt,
1495 1239 1592 1296 find'
1623 1240 1680 1294 ich
1716 1240 1785 1287 der

1164 1301 1487 1359 Herrlichkeiten.

1222 1354 1273 1401 II.
1316 1348 1367 1403 O
1408 1343 1584 1397 hundert
1623 1337 1787 1395 tauſend

1163 1411 1338 1469 Zungen
1355 1410 1439 1467 her,
1454 1410 1550 1467 Lob,
1566 1411 1664 1466 Lob,
1695 1403 1809 1459 dem

1163 1471 1308 1520 Lamm
1326 1465 1380 1528 zu
1394 1465 1554 1528 ſingen!
1583 1460 1680 1523 auf!
1706 1460 1812 1518 Him⸗

1164 1533 1256 1583 mel,
1281 1533 1403 1586 Erde,
1423 1531 1518 1584 Luft
1562 1524 1637 1579 und
1661 1524 1786 1583 Meer,

1163 1591 1252 1647 auf,
1283 1590 1371 1645 auf,
1401 1590 1560 1651 Ruhm,
1588 1589 1714 1638 Dank
1737 1598 1784 1646 zu

1164 1647 1349 1705 bringen,
1360 1645 1513 1701 ſtimmt
1529 1657 1583 1694 an
1600 1644 1676 1694 mit
1691 1655 1784 1699 mir,

1165 1694 1303 1763 macht
1294 1695 1407 1759 euch
1407 1695 1540 1755 bereit,
1559 1693 1644 1759 den,
1661 1692 1724 1754 der
1746 1693 1786 1751 da

1164 1759 1245 1811 lebt
1260 1769 1342 1806 von
1358 1755 1569 1814 Ewigkeit,
1590 1759 1668 1803 aus
1690 1748 1817 1813 gan⸗

1162 1837 1225 1883 zer
1239 1827 1388 1876 Macht
1402 1836 1450 1877 zu
1469 1823 1602 1874 ehren.

1222 1877 1278 1923 i2.
1291 1871 1376 1929 Ach
1390 1867 1507 1925 ſuͤſſes
1523 1867 1686 1923 Lamm,
1707 1860 1783 1910 wie

1164 1942 1273 1992 wohl
1307 1940 1353 1997 iſt
1395 1941 1494 1989 mir!
1533 1940 1641 1986 mein
1677 1940 1843 1993 Herz

1165 1991 1258 2047 hebt
1275 2003 1330 2039 an
1345 2002 1393 2049 zu
1409 1980 1615 2048 ſpringen,
1629 1992 1724 2044 noch
1739 1997 1782 2031 in

1166 2057 1257 2102 dem
1282 2056 1399 2111 Leib,
1426 2054 1530 2103 wie?
1568 2064 1687 2104 wenn
1711 2052 1783 2106 bey

1164 2114 1228 2161 dir
1241 2104 1497 2162 willkomm'n
1516 2110 1590 2166 erſt
1607 2111 1711 2160 wird
1732 2121 1808 2158 er⸗

1167 2170 1351 2227 klingen?
1376 2166 1449 2223 Wie
1470 2165 1564 2221 wird
1584 2165 1653 2220 mir
1674 2165 1717 2218 da
1738 2177 1785 2222 zu

1166 2220 1325 2283 Muthe
1344 2228 1448 2283 ſeyn,
1479 2237 1599 2276 wenn
1632 2228 1686 2283 ich
1706 2226 1786 2276 dich

1166 2287 1275 2345 ſelbſt
1326 2281 1369 2339 in
1359 2285 1652 2342 Augenſchein,
1683 2285 1814 2333 mein

1167 2347 1309 2406 Leben,
1338 2349 1471 2398 werde
1488 2347 1672 2404 nehmen.
