3215 4304
800 451 1139 529 Evangelium
1139 451 1360 529 Matth.
1360 451 1465 529 am
1465 451 1553 529 25.
1553 451 1695 529 Cap.

2111 506 2220 562 375

142 2450 206 2498 Epiſt.
210 2469 263 2512 Jud.

161 2498 229 2556 v,14.

271 534 439 598 zeiten/
439 554 523 597 mit
533 545 647 607 Buß
652 549 748 597 und
756 549 910 605 Gebet
927 560 975 599 in
993 550 1062 599 die
1073 548 1208 606 Kuh⸗

273 606 350 649 ten
367 598 530 659 fallen;
560 600 677 657 Und
690 602 736 660 ſo
759 606 822 654 du
826 605 921 670 ja/
950 605 1027 652 als
1053 610 1121 651 ein
1139 615 1211 661 ge⸗

275 662 441 714 rechter
455 658 685 721 GOTT/
695 667 766 715 die
782 666 1064 729 grund⸗boͤſe
1079 669 1211 722 Welt

274 714 459 778 ſtraffen
475 719 608 776 wilt/
645 720 670 773 O
702 718 749 776 ſo
763 724 878 779 zeige
892 724 1048 771 deinen
1065 723 1213 777 Glaͤu⸗

275 770 408 836 bigen
444 776 635 836 irgends
668 778 738 827 ein
771 780 952 836 ſicheres
992 785 1220 846 Oertlein/

273 835 498 888 darinnen
512 837 565 895 ſie
579 836 648 897 fuͤr
663 839 741 890 der
753 838 1003 902 Tyranney
1021 843 1216 898 Kriege⸗

273 897 427 956 riſcher
461 896 653 956 Voͤlcker
693 901 937 958 bewahret
982 905 1080 967 ſeyn
1122 900 1218 952 moͤ⸗

274 962 383 1018 gen/
412 962 522 1013 oder
535 960 657 1019 brich
677 962 829 1020 herein
852 963 936 1011 mit
953 965 1054 1016 dem
1079 963 1218 1016 lieben

1267 563 1494 625 Juͤngſten
1521 568 1658 628 Tag/
1695 564 1830 630 erloͤſe
1855 595 1947 631 uns
1975 595 2075 637 von
2102 587 2211 638 aller

1268 617 1480 684 Gefahr/
1492 627 1585 678 und
1600 626 1774 684 verſetze
1798 634 1892 676 uns
1908 629 1955 675 in
1975 633 2079 679 dein
2095 638 2212 687 him̃⸗

1268 688 1422 743 liſches
1449 685 1856 752 Freuden ⸗ Reich/
1871 690 2093 743 darinnen
2106 698 2212 742 dein

1271 742 1419 795 Volck
1442 730 1575 801 ſicher
1598 742 1800 796 wohnen
1826 743 2003 805 wird/
2018 749 2063 799 ſo
2093 755 2212 795 wol⸗

1328 804 1400 857 len
1428 807 1520 858 wir
1543 806 1700 870 preiſen
1730 808 1888 860 deinen
1914 809 2154 876 Nahmen/

1403 866 1558 924 immer
1573 871 1664 923 und
1678 863 1924 932 ewiglich/
1921 867 2086 934 Amen/

1661 935 1817 984 Amen.

271 1262 530 1382 Am
563 1275 843 1399 ſechs
872 1263 1097 1390 und
1118 1288 2206 1437 zwantzigſten
1852 1245 2205 1414 Soñ⸗

805 1436 977 1536 tage
1004 1436 1181 1544 nach
1206 1433 1669 1542 Trinitatis.

681 1564 1092 1639 CHRISTI
1111 1543 1429 1635 meditare
1469 1562 1782 1639 Tribunal.

272 1661 628 1748 Chriſtus
659 1667 806 1744 wird
837 1667 1040 1755 richten
1062 1667 1209 1761 ſelbſt
1229 1674 1313 1749 die
1341 1669 1548 1767 Welt/
1564 1680 1672 1749 das
1700 1673 1794 1762 ſoll
1828 1679 2086 1749 erwecken

350 1758 491 1826 Den
512 1755 823 1836 Frommen
848 1758 1017 1851 Troſt
1039 1778 1155 1840 und
1176 1772 1395 1859 Freud/
1430 1772 1518 1862 den
1533 1779 1724 1871 Boͤſen
1746 1775 1951 1865 Furcht
1968 1785 2084 1857 und

968 1860 1343 1934 Schrecken.

271 1941 419 2090 D

435 1948 484 2003 As
502 1954 609 2004 walt
627 1955 822 2009 Chriſtus
830 1950 1000 2018 JEſus/
1009 1961 1078 2005 der
1086 1958 1213 2017 Rich⸗

419 2019 480 2060 ter
495 2013 598 2062 aller
615 2006 759 2068 Welt/
757 2015 922 2068 welcher
942 2022 1016 2061 am
1028 2011 1213 2075 juͤngſten

426 2070 538 2121 Tage
560 2069 608 2109 in
619 2069 735 2111 ſeiner
763 2072 999 2125 Herꝛligkeit
1011 2080 1220 2146 kommen/

261 2116 326 2165 die
336 2119 548 2176 Frommen
574 2132 773 2176 erfreuen/
774 2139 852 2171 und
866 2132 934 2174 ins
954 2133 1080 2192 ewige
1091 2140 1214 2192 Leben

264 2183 433 2243 fuͤhren/
444 2191 504 2236 die
514 2186 655 2244 Boͤſen
673 2185 769 2236 aber
787 2184 1022 2245 ſchrecken/
1013 2192 1097 2236 und
1114 2199 1212 2248 zum

273 2239 426 2302 ewigen
443 2245 570 2302 Feuer
586 2248 847 2296 verdammen
867 2246 997 2300 wird/
1010 2245 1211 2307 hochgelo⸗

272 2297 337 2351 bet
341 2296 457 2359 ſam̃t
457 2299 569 2362 GOtt
591 2304 722 2360 ſeinem
744 2299 964 2364 him̃liſchen
968 2301 1129 2370 Vater/
1132 2313 1212 2370 und

271 2361 360 2412 dem
375 2365 436 2424 H.
447 2360 596 2428 Geiſt/
592 2366 743 2416 immer
762 2367 844 2415 und
855 2361 1071 2427 ewiglich/
1060 2364 1209 2417 Amen.

326 2426 466 2488 Enoch
491 2432 560 2478 der
579 2427 751 2488 ſiebende
776 2438 857 2480 von
872 2424 1035 2494 Adam/
1052 2426 1127 2488 hat
1145 2439 1202 2490 ge⸗

273 2469 474 2534 weiſſaget
490 2480 573 2520 und
587 2477 839 2534 geſprochen:
857 2484 996 2546 Sihe/
1017 2485 1084 2541 der
1108 2480 1209 2537 HErꝛ

275 2537 427 2594 koͤmmt
444 2548 524 2593 mit
535 2546 612 2594 viel
630 2544 794 2603 tauſend
805 2544 1013 2610 Heiligen/
1021 2544 1210 2609 Gerichte

275 2607 325 2658 zu
325 2607 467 2662 halten
484 2608 581 2660 uͤber
593 2604 699 2672 alle/
702 2613 786 2658 und
796 2619 845 2669 zu
857 2608 1019 2669 ſtraffen
1037 2607 1116 2662 alle
1124 2611 1211 2669 ihre

271 2661 505 2723 Gottloſen/
516 2674 592 2713 um
607 2665 689 2715 alle
708 2666 872 2717 Wercke
888 2666 999 2727 ihres
1013 2665 1208 2730 gottloſen

268 2721 502 2783 Wandels/
519 2725 654 2775 damit
673 2722 724 2782 ſie
739 2723 902 2785 gottloß
917 2726 1091 2792 geweſen
1108 2726 1209 2796 ſind/

1273 1984 1457 2036 ſchreibet
1474 1987 1622 2042 Judas
1650 1989 1716 2031 der
1734 1985 1886 2043 Knecht
1903 1987 2028 2046 JEſu
2049 1988 2217 2049 Chriſti/

1273 2026 1356 2083 und
1382 2029 1525 2099 Bruder
1560 2036 1718 2096 Jacobi.
1749 2037 1868 2089 Eben
1884 2047 1965 2087 von
1984 2041 2100 2096 dieſer
2112 2042 2216 2090 Ma⸗

1271 2098 1352 2145 teri
1371 2099 1441 2145 des
1451 2096 1656 2156 Juͤngſten
1673 2097 1869 2155 Gerichts
1887 2097 2016 2155 haben
2038 2100 2097 2146 die
2115 2102 2216 2157 gott⸗

1271 2158 1434 2216 ſeeligen
1461 2161 1585 2210 Alten
1603 2161 1718 2215 heute
1739 2158 1939 2219 oͤffentlich
1958 2171 2004 2221 zu
2023 2164 2216 2221 predigen

1268 2218 1519 2272 verordnet/
1517 2224 1601 2275 auf
1614 2223 1693 2279 daß
1706 2229 1766 2273 die
1777 2224 2001 2280 Frommen
2013 2224 2218 2290 getroͤſtet/

1270 2287 1354 2326 und
1378 2285 1453 2329 den
1484 2282 1626 2341 Boͤſen
1651 2287 1730 2331 das
1759 2282 1987 2342 ſchlaffende
2006 2273 2217 2344 Gewiſſen

1269 2335 1589 2398 aufgewecket/
1597 2342 1680 2388 und
1698 2348 1768 2398 zur
1789 2337 1921 2397 Buſſe
1939 2345 2217 2401 angemahnet

1267 2397 1451 2445 wuͤrden.
1463 2397 1641 2450 Darum
1660 2398 1731 2446 wil
1751 2398 1807 2454 ich
1822 2401 1922 2454 auch
1941 2401 2108 2457 hierauf
2119 2405 2215 2448 mei⸗

1267 2466 1316 2506 ne
1328 2460 1579 2516 vorſtehende
1590 2462 1773 2520 Predigt
1786 2462 1961 2525 richten/
1962 2463 2213 2513 Ermuntert

1263 2516 1360 2567 euch
1378 2526 1451 2572 zur
1469 2517 1697 2583 Andacht/
1727 2514 1851 2580 ſinget
1871 2523 2031 2573 unſerm
2050 2522 2211 2576 Erloͤſer

1258 2584 1313 2619 zu
1340 2576 1523 2633 Ehren:
1588 2578 1676 2631 Es
1700 2576 1756 2637 iſt
1779 2581 2022 2640 gewißlich
2050 2590 2109 2630 an
2131 2582 2210 2628 der

1264 2608 1389 2682 Zeit/
1412 2633 1459 2672 ꝛc.
1502 2630 1595 2675 Und
1613 2635 1717 2672 betet
1735 2640 1916 2673 alsdann
1937 2645 2017 2675 mit
2034 2641 2115 2672 mir
2133 2643 2210 2672 um

1265 2689 1487 2747 Beyſtand
1506 2698 1580 2743 des
1592 2695 1789 2753 Heiligen
1799 2700 1960 2751 Geiſtes
1977 2702 2038 2742 ein
2049 2692 2210 2753 glaͤubi⸗

1262 2754 1338 2809 ges
1354 2753 1501 2805 Vater
1519 2756 1664 2818 Unſer/
1678 2768 1726 2806 ꝛc.

271 2819 521 2919 Hoͤret
538 2834 651 2905 mit
668 2831 939 2923 hoͤchſtem
955 2835 1102 2921 Fleiß
1121 2834 1234 2919 auf
1242 2837 1325 2911 die
1346 2834 1558 2916 Worte
1578 2854 1678 2913 des
1700 2854 1922 2923 heiligen
1941 2847 2144 2912 Evan⸗

550 2915 736 2987 gelii/
737 2905 903 2992 welche
928 2925 1007 2987 S.
1020 2920 1305 2990 Matthaͤus
1332 2927 1605 2995 beſchreibet
1630 2939 1764 2994 Cap.
1785 2957 1859 2989 25.

1066 3004 1150 3053 und
1166 2998 1248 3059 alſo
1262 3001 1424 3054 lauten:

263 3052 518 3285 W

533 3113 674 3180 Enn
693 3113 822 3190 aber
840 3119 938 3196 des
961 3099 1265 3206 Menſchen
1294 3117 1482 3207 Sohn
1498 3130 1774 3198 kommen
1796 3121 1942 3191 wird
1964 3126 2024 3194 in
2042 3126 2212 3209 ſeiner

531 3194 854 3266 Herꝛligkeit/
855 3206 952 3264 und
970 3200 1061 3265 alle
1080 3200 1244 3271 heilige
1259 3206 1411 3273 Engel
1429 3217 1518 3267 mit
1532 3217 1694 3277 Jhm/
1715 3215 1833 3261 denn
1857 3211 1980 3262 wird
1994 3217 2064 3266 Er
2084 3226 2212 3282 ſitzen

529 3256 623 3339 auf
646 3267 750 3327 dem
786 3268 948 3334 Stuel
976 3273 1114 3343 ſeiner
1141 3273 1464 3343 Herꝛligkeit/
1506 3291 1603 3334 und
1633 3283 1816 3331 werden
1852 3282 1931 3339 fuͤr
1957 3287 2089 3371 Jhm
2118 3306 2211 3369 alle

268 3321 464 3385 Voͤlcker
479 3334 790 3400 verſammlet
804 3366 1006 3420 werden.
1058 3354 1149 3418 Und
1185 3363 1240 3421 Er
1262 3368 1370 3427 wird
1394 3366 1466 3437 ſie
1487 3366 1559 3430 von
1581 3356 1779 3427 einander
1801 3356 2043 3439 ſcheiden/
2065 3373 2214 3446 gleich

265 3397 344 3458 als
365 3405 436 3463 ein
458 3413 584 3483 Hirt
601 3411 671 3471 die
681 3406 908 3488 Schaafe
931 3428 1030 3478 von
1046 3416 1130 3473 den
1144 3414 1342 3479 Boͤcken
1353 3427 1581 3498 ſcheidet/
1583 3424 1678 3472 und
1690 3424 1813 3475 wird
1825 3430 1898 3477 die
1909 3434 2136 3494 Schaafe
2152 3459 2211 3494 zu

267 3459 399 3533 ſeiner
420 3473 632 3543 Rechten
648 3468 835 3542 ſtellen/
849 3487 947 3537 und
969 3488 1041 3538 die
1058 3484 1222 3534 Boͤcke
1241 3501 1323 3551 zur
1340 3491 1543 3564 Lincken.

364 3554 464 3614 Da
483 3559 606 3615 wird
624 3558 744 3615 denn
761 3558 843 3615 der
857 3560 1024 3630 Koͤnig
1053 3559 1191 3628 ſagen
1208 3574 1265 3632 zu
1286 3570 1429 3620 denen
1449 3575 1512 3631 zu
1537 3561 1675 3625 ſeiner
1697 3564 1944 3635 Rechten:
1978 3587 2209 3629 Kommet

262 3594 343 3664 her
360 3610 437 3680 ihr
456 3610 750 3676 Geſegneten
750 3625 937 3677 meines
948 3632 1184 3674 Vaters/
1194 3640 1366 3673 ererbet
1386 3641 1482 3670 das
1501 3645 1685 3705 Reich/
1708 3657 1811 3727 das
1811 3657 1923 3733 euch
1939 3664 2127 3724 bereitet
2149 3663 2205 3729 iſt

263 3684 357 3745 von
378 3691 599 3764 Anbegin
619 3693 697 3747 der
716 3691 892 3752 Welt.
938 3698 1093 3759 Denn
1112 3699 1212 3763 Jch
1242 3709 1323 3755 bin
1345 3703 1573 3765 hungerig
1597 3724 1842 3780 geweſen/
1861 3733 1961 3789 und
1992 3731 2067 3796 ihr
2088 3726 2204 3793 habt

259 3755 374 3828 mich
392 3761 619 3837 geſpeiſet.
654 3758 754 3835 Jch
776 3759 858 3824 bin
877 3768 1050 3837 durſtig
1071 3778 1312 3855 geweſen/
1322 3779 1420 3827 und
1440 3775 1513 3832 ihr
1525 3777 1646 3835 habt
1664 3790 1781 3857 mich
1799 3799 2066 3862 getraͤncket.
2100 3794 2202 3838 Jch

1332 3869 1401 3921 Ii
1401 3869 1438 3921 2

2098 3892 2205 3934 bin
