1649 2434
646 400 723 438 208

797 381 972 446 Feldzug
972 381 1056 446 der
1056 381 1258 446 Preuſſen
1258 381 1397 446 wider

651 495 708 530 des
736 500 803 527 von
830 484 1054 539 Lilienſtein
1087 485 1252 536 angreifen
1267 485 1387 533 ſollten,
1427 492 1512 523 mar⸗

653 546 777 593 ſchirte,
810 548 876 582 und
906 544 1003 590 dieſen
1023 540 1118 589 Berg
1140 550 1193 587 zur
1216 541 1336 580 rechten
1361 538 1452 587 lieſſe,
1478 536 1512 575 in

648 605 723 639 dem
738 596 964 648 Augenblicke,
993 602 1033 636 da
1047 598 1094 635 die
1122 601 1146 636 6
1166 594 1369 638 Bataillons
1385 593 1513 636 Grena⸗

652 653 722 691 dirs
748 653 809 699 auf
832 658 892 692 das
913 652 1013 700 Dorf
1034 646 1316 697 Waltersdorf
1336 647 1389 686 los
1415 645 1513 695 gehen

652 704 718 738 und
733 700 791 746 ſich
807 699 886 736 alles
901 696 1010 745 deſſen,
1037 701 1109 733 was
1130 697 1183 733 der
1202 692 1305 742 Feind
1325 702 1388 732 aus
1402 683 1512 741 ſeinem

654 766 714 799 vor
730 765 780 797 der
793 757 885 800 Tete
898 758 944 796 de
963 759 1072 806 Pont
1086 764 1151 793 von
1165 756 1288 802 Pirna
1303 752 1515 799 verſchanzten

650 807 746 858 Lager
759 807 880 850 moͤchte
894 808 991 857 dahin
1006 805 1152 845 kommen
1165 803 1272 852 laſſen,
1299 802 1514 849 bemaͤchtigen

652 863 790 913 muͤſten.
841 862 941 910 Dieſe
958 867 981 901 6
999 859 1197 902 Bataillons
1211 857 1334 907 ſollten,
1367 859 1515 899 nachdem

648 913 691 960 ſie
700 913 747 949 die
755 919 849 959 ganze
856 909 973 950 Armee
985 911 1020 948 in
1036 911 1084 948 die
1090 908 1240 958 Defileen
1255 908 1399 946 kommen
1407 903 1514 952 laſſen,

648 967 701 1004 die
716 963 967 1013 Arriergarde
979 969 1046 1001 von
1068 961 1161 1000 allem
1176 960 1229 999 bis
1250 960 1312 1008 auf
1330 959 1378 999 die
1394 957 1516 1006 Hoͤhen

650 1024 720 1054 von
733 1011 1095 1063 Rahtmannsdorf
1099 1016 1168 1051 und
1182 1006 1411 1054 Schandau
1437 1014 1516 1046 aus⸗

651 1070 800 1112 machen,
826 1076 879 1103 wo
897 1069 947 1105 die
962 1060 1195 1113 Saͤchſiſche
1214 1062 1331 1102 Armee
1355 1065 1449 1105 durch
1465 1060 1517 1099 ein

650 1117 764 1165 Corps
775 1123 841 1153 von
861 1121 984 1154 12000
999 1113 1130 1159 Mann,
1145 1117 1240 1149 unter
1261 1115 1330 1149 dem
1350 1118 1517 1149 comman⸗

653 1173 803 1212 direnden
817 1165 1062 1219 Feldmarſchall
1077 1176 1144 1207 von
1160 1163 1307 1209 Broun
1324 1162 1516 1215 empfangen

651 1228 776 1264 werden
791 1225 858 1262 und
877 1219 934 1272 ſich
957 1219 1078 1269 ſodann
1101 1218 1163 1258 mit
1187 1222 1257 1258 dem
1282 1216 1381 1258 Gros
1402 1221 1455 1256 der
1481 1221 1519 1261 zu

651 1277 796 1323 Budin
809 1275 1028 1325 campirenden
1046 1268 1519 1323 Oeſterreichiſchen
1417 1266 1521 1317 Armee

652 1328 834 1375 vereinigen
856 1323 955 1372 ſollte.
1008 1324 1080 1366 Die
1099 1322 1213 1366 Nacht
1228 1329 1306 1360 vom
1328 1333 1366 1358 11
1386 1319 1450 1368 auf
1459 1323 1518 1357 den

659 1392 760 1425 12ten
789 1394 861 1425 war
882 1382 1053 1435 ſpaͤteſtens
1075 1382 1131 1432 fuͤr
1151 1382 1200 1421 die
1220 1390 1275 1428 zur
1296 1377 1519 1428 Ausfuͤhrung

653 1440 828 1490 beſtimmt.
880 1439 976 1480 Man
996 1437 1200 1485 ſchmeichelte
1212 1435 1271 1485 ſich
1289 1437 1352 1476 mit
1370 1435 1521 1476 Grunde,

656 1496 722 1540 daß
748 1497 797 1532 die
811 1491 1059 1540 Beſtaͤndigkeit
1077 1494 1143 1528 und
1156 1486 1450 1538 Standhaftigkeit
1469 1490 1521 1526 der

654 1544 808 1593 Truppen
821 1543 862 1590 ſie
873 1543 936 1581 mit
950 1542 1077 1581 Gedult
1096 1546 1156 1579 den
1170 1539 1317 1587 Mangel
1330 1541 1383 1579 der
1394 1538 1523 1579 Lebens⸗

656 1594 764 1635 mittel
776 1593 887 1631 wuͤrde
901 1596 1041 1637 ertragen
1058 1584 1170 1641 laſſen,
1185 1590 1307 1636 den
1261 1585 1312 1640 ſie
1330 1589 1367 1625 in
1391 1589 1477 1626 einer
1489 1585 1520 1631 ſo

657 1635 776 1693 langen
790 1639 863 1692 Zeit
877 1638 1030 1695 hindurch
1044 1639 1248 1688 auszuſtehen
1262 1637 1365 1688 haben
1378 1638 1524 1678 wuͤrden.

656 1700 754 1742 Man
775 1698 870 1741 brach
890 1700 969 1739 noch
993 1697 1041 1736 die
1060 1694 1233 1737 Rationes
1248 1693 1309 1741 ab,
1342 1692 1457 1743 ſchafte
1475 1691 1523 1729 die

658 1750 783 1800 Pferde
798 1749 863 1799 auf
871 1750 921 1788 die
936 1748 1063 1795 Weide,
1088 1747 1154 1785 und
1173 1752 1208 1782 es
1228 1743 1376 1792 ſeufzeten
1395 1755 1459 1784 nur
1473 1741 1521 1779 die

659 1801 827 1848 Truppen,
853 1809 897 1838 an
912 1798 991 1847 ſtatt
997 1798 1062 1848 ſich
1075 1800 1170 1839 durch
1184 1787 1261 1845 dieſe
1274 1791 1524 1840 Widerwaͤrtig⸗

662 1859 762 1899 keiten
785 1855 975 1904 abſchrecken
999 1865 1036 1902 zu
1064 1850 1178 1901 laſſen,
1205 1856 1283 1894 nach
1303 1857 1373 1892 dem
1397 1853 1527 1897 Augen⸗

661 1907 768 1953 blicke,
794 1905 853 1953 ſich
869 1906 935 1945 eine
948 1900 1091 1955 Paſſage
1104 1910 1182 1949 quer
1195 1904 1289 1942 durch
1304 1903 1353 1940 die
1360 1893 1526 1954 Preußi⸗

663 1959 772 2015 ſchen
789 1959 959 2008 Truppen,
986 1967 1052 1997 von
1074 1961 1170 1996 denen
1190 1958 1230 2007 ſie
1252 1959 1287 1995 in
1313 1956 1415 2006 ihrem
1434 1950 1529 2000 Lager

664 2012 839 2067 umzingelt
850 2022 983 2065 waren,
993 2010 1125 2063 muthig
1132 2013 1168 2067 zu
1187 2007 1336 2060 eroͤfnen.

1446 2055 1539 2094 Der
