2350 2916
827 619 1039 680 ſchreiben,
1058 630 1152 671 wen
1158 618 1219 682 wir
1248 619 1358 682 nicht
1372 626 1538 684 waͤhlen
1549 627 1685 679 ſollen.
1748 632 1859 683 Wer
1876 629 1920 678 in
1938 633 2069 681 einem

829 683 976 733 Staat
991 685 1068 733 das
1077 675 1203 742 Recht
1224 686 1297 734 der
1309 682 1640 746 Ausſchlieſſung
1657 697 1708 742 zu
1726 691 1860 743 haben
1882 699 2070 744 vermey⸗

828 742 921 793 net,
953 738 1061 789 wird
1092 741 1165 793 ſich
1192 740 1290 792 auch
1313 743 1392 793 das
1407 746 1538 800 Recht
1565 746 1639 796 der
1657 745 1893 806 Einſetzung
1919 743 2068 807 fuͤglich

825 801 1041 847 anmaſſen
1060 801 1232 847 koͤnnen,
1258 812 1309 847 ꝛc.

933 853 1048 897 Allein
1070 853 1155 898 dieſe
1178 854 1344 899 Antwort
1358 855 1455 906 hatte
1475 854 1654 908 ſchlechten
1672 856 1859 911 Eindruck,
1876 862 1956 905 Ew.
1965 856 2068 915 Maj.

827 907 941 967 lieſſen
961 921 1128 969 30000
1156 914 1280 959 Mann
1300 926 1408 967 gegen
1429 916 1610 969 Litthauen
1628 916 1859 970 marchiren,
1874 922 1945 965 und
1958 924 2068 967 meine

824 971 861 1011 in
873 970 1056 1020 Schleſien
1070 973 1222 1021 ſtehende
1231 971 1424 1024 Trouppen
1435 972 1564 1023 muſten
1582 978 1692 1019 denen
1702 976 1933 1030 Pohlniſchen
1943 973 2069 1027 Graͤn⸗

825 1033 890 1078 tzen
908 1029 1030 1073 immer
1049 1027 1158 1076 naͤher
1174 1032 1308 1078 ruͤcken.
1383 1035 1467 1083 Der
1486 1037 1630 1078 Primas
1647 1035 1773 1091 Regni
1801 1039 1895 1087 hatte
1919 1040 2068 1084 meinem

824 1085 1030 1142 Geſandten
1047 1087 1126 1140 frey
1147 1095 1251 1133 unter
1267 1090 1321 1134 die
1336 1091 1462 1141 Augen
1488 1089 1645 1143 geſaget,
1676 1094 1746 1144 daß
1773 1106 1811 1139 er
1835 1094 2066 1139 Stanislaum

821 1143 890 1193 auf
906 1148 970 1186 den
984 1145 1213 1200 Pohlniſchen
1231 1148 1358 1196 Thron
1375 1148 1489 1197 helfen
1507 1153 1630 1201 wolte,
1655 1148 1772 1202 jedoch
1788 1155 1880 1205 nicht
1904 1156 1971 1198 mit
1988 1154 2066 1201 Ge⸗

820 1201 927 1251 walt,
956 1200 1101 1249 ſondern
1118 1202 1183 1244 mit
1201 1203 1403 1255 einhelligen
1422 1201 1613 1249 Stimmen
1638 1205 1696 1247 der
1712 1212 1850 1260 gantzen
1867 1202 2066 1264 Republic.

820 1265 876 1310 Er
893 1262 1031 1313 richtete
1055 1265 1139 1315 auch
1162 1266 1250 1308 alles
1265 1265 1300 1316 ſo
1319 1266 1398 1318 ein,
1426 1268 1496 1320 daß
1515 1279 1550 1312 er
1569 1268 1658 1320 ſeine
1676 1269 1853 1322 Abſichten
1880 1272 2065 1324 erreichen,

819 1323 893 1365 und
915 1323 995 1366 dem
1011 1318 1153 1374 Koͤnige
1168 1332 1236 1366 von
1260 1325 1481 1378 Franckreich
1498 1326 1697 1381 hierunter,
1724 1337 1790 1374 vor
1808 1331 1863 1374 die
1886 1332 2064 1380 erhaltene

815 1379 1007 1424 Summen
1018 1379 1156 1427 Geldes
1173 1380 1413 1427 Satisfaction
1430 1384 1536 1436 geben
1553 1382 1691 1433 koͤnnte.
1745 1387 1876 1435 Weiln
1900 1389 1984 1437 auch
2003 1391 2065 1432 der

817 1433 963 1474 Primas
980 1431 1120 1482 Regni,
1138 1432 1230 1480 nicht
1249 1445 1316 1475 nur
1332 1435 1452 1485 Geld,
1481 1435 1629 1486 ſondern
1657 1437 1742 1481 auch
1769 1440 1881 1489 dabey
1905 1440 2063 1483 uͤberaus

817 1485 1010 1539 Ehrgeitzig
1027 1494 1115 1537 war,
1134 1489 1266 1540 mochte
1284 1493 1347 1542 ihn
1359 1495 1414 1536 die
1423 1492 1609 1547 Antwort,
1638 1494 1758 1548 welche
1778 1499 1838 1541 der
1852 1494 1976 1550 Koͤnig
1987 1498 2061 1541 von

816 1548 1036 1602 Franckreich
1053 1549 1120 1596 ſub
1137 1549 1230 1592 dato
1251 1548 1501 1609 Compiegne
1523 1556 1588 1598 den
1605 1549 1646 1599 6.
1654 1549 1774 1614 Julii
1775 1556 1889 1612 1733.
1917 1557 1985 1610 auf
1999 1557 2059 1610 ſei⸗

815 1617 883 1651 nen
903 1605 1019 1662 Brief
1036 1619 1083 1652 an
1111 1610 1169 1660 ihn
1196 1607 1351 1664 ablieſſe,
1375 1620 1494 1665 wegen
1518 1612 1616 1658 derer
1642 1614 1810 1660 darinnen
1838 1615 2058 1667 enthaltenen

812 1666 1033 1711 Flatterien,
1063 1667 1147 1715 noch
1160 1665 1417 1721 aufgeblaſener
1433 1668 1505 1712 und
1524 1668 1679 1722 trotziger
1695 1668 1857 1723 machen,
1872 1673 1931 1716 der
1944 1670 2060 1726 Brief

810 1736 940 1781 lautete
957 1734 1053 1782 alſo:

1209 1789 1309 1831 Mon
1326 1788 1489 1832 Couſin!

933 1842 1017 1900 Jch
1040 1838 1172 1900 erſehe
1200 1846 1282 1893 aus
1312 1843 1447 1901 ihrem
1464 1844 1701 1902 Schreiben
1716 1855 1818 1899 vom
1835 1859 1904 1899 10.
1921 1848 2055 1906 Junii

812 1900 892 1950 mit
902 1895 1261 1960 Vergnuͤgen,daß
1280 1905 1340 1956 die
1342 1903 1725 1969 Durchlauchtigſte
1739 1908 1927 1967 Republic
1937 1909 2057 1970 Poh⸗

811 1962 883 2018 leſt
897 1963 994 2011 eben
1003 1960 1231 2020 diejenigen
1231 1963 1866 2028 Freundſchafts⸗Zuneigungen
1876 1980 1960 2017 von
1972 1981 2054 2016 mir

810 2014 1067 2071 vermuthet,
1076 2016 1140 2063 die
1152 2017 1214 2066 die
1227 2008 1383 2077 Koͤnige
1398 2027 1485 2070 von
1495 2020 1769 2078 Franckreich,
1784 2022 1917 2071 meine
1933 2025 2054 2074 Vor⸗

810 2073 983 2133 fahren,
1015 2073 1218 2132 derſelben
1230 2075 1362 2135 allzeit
1378 2086 1430 2134 zu
1448 2077 1633 2137 erzeigen
1642 2079 1716 2138 ſich
1734 2078 1947 2139 bemuͤhet,
1965 2083 2052 2134 und

806 2135 949 2188 davon
958 2135 1024 2185 die
1033 2124 1271 2198 deutlichſte
1309 2125 1553 2194 Merckmahle
1575 2150 1661 2194 von
1679 2143 1753 2195 der
1762 2143 1884 2197 Welt
1903 2155 1958 2197 an
1975 2145 2054 2197 den

806 2193 902 2250 Tag
918 2192 1072 2250 geleget
1084 2193 1231 2247 haben.
1286 2199 1365 2251 So
1381 2196 1462 2248 wie
1477 2195 1531 2255 ſie
1546 2200 1665 2250 aber
1673 2198 1800 2258 einzig
1820 2201 1907 2251 und
1927 2202 2052 2253 allein

806 2252 935 2310 durch
945 2251 1009 2302 die
1020 2252 1137 2304 Liebe
1147 2264 1218 2311 zur
1231 2255 1426 2313 Freyheit
1434 2256 1699 2315 angefriſchet
1711 2260 1849 2320 ſeynd,
1874 2264 1942 2313 als
1951 2263 2050 2310 wel⸗

807 2313 873 2363 che
890 2310 970 2364 das
985 2309 1117 2363 Recht
1142 2322 1216 2363 zur
1233 2312 1386 2365 Natur
1415 2317 1503 2365 und
1530 2315 1602 2366 der
1620 2314 1966 2377 Haupt ⸗ Grund
1988 2318 2052 2376 iſt,

807 2370 985 2430 worauf
1012 2369 1091 2423 das
1117 2366 1255 2433 Wohl
1277 2371 1391 2432 ihres
1414 2364 1705 2432 Vaterlandes
1732 2378 1930 2440 beruhet;
1967 2379 2051 2426 alſo
