1585 2412
622 416 649 454 ſo
665 417 807 459 ſaumſelig
825 418 899 459 ſind,
922 421 1023 458 welche
1038 423 1090 455 den
1100 421 1224 461 naͤchſten
1239 422 1353 464 Beruf,
1377 427 1438 461 und

619 480 672 514 wie
697 488 765 515 man
771 477 887 528 fodern
911 483 1008 521 kann,
1039 485 1081 519 die
1108 485 1195 526 groͤſte
1220 488 1436 531 Geſchiklichkeit

619 548 727 589 haben,
751 551 803 584 den
824 551 930 592 groſſen
955 550 1160 593 Wahrheiten,
1183 556 1224 590 die
1244 559 1301 590 uns
1320 555 1433 598 gluͤklich

619 617 756 655 machen,
786 617 838 651 den
859 617 983 658 Zugang
1000 627 1032 657 zu
1053 622 1117 654 dem
1142 623 1336 664 menſchlichen
1360 625 1432 664 Her⸗

618 688 663 720 zen
683 690 715 720 zu
732 683 926 727 verſchaffen?
947 687 1034 724 Doch
1051 687 1115 720 was
1135 687 1195 725 ſage
1205 689 1267 728 ich?
1291 689 1348 727 Ein
1360 690 1434 731 groſ⸗

618 749 655 788 ſer
674 748 756 787 Theil
770 749 905 790 derſelben
917 750 947 787 iſt
965 759 1019 785 nur
1036 748 1275 794 allzugeſchaͤftig;
1295 754 1360 789 aber
1374 757 1432 795 ihre

615 816 715 852 Arbeit
732 817 762 853 iſt
782 817 934 858 ſchlimmer
953 820 998 853 als
1025 816 1216 861 Muͤßiggang.
1258 822 1328 859 Das
1341 824 1432 863 Wah⸗

615 890 645 915 re
674 882 785 916 verliert
806 886 889 918 unter
913 883 990 922 ihren
1022 883 1145 926 Haͤnden
1173 888 1246 923 allen
1274 888 1369 929 Reiz,
1399 889 1432 924 es

614 949 809 991 verſchwindet
827 951 858 985 in
888 951 967 990 ihren
988 951 1129 993 Zuſaͤzen,
1160 956 1219 989 und
1240 956 1282 991 die
1301 954 1432 1000 goͤttliche

613 1019 756 1058 Weisheit
780 1019 852 1056 wird
870 1021 925 1060 auf
941 1021 1017 1061 ihren
1048 1022 1252 1063 ungeweiheten
1276 1024 1379 1064 Lippen
1397 1032 1430 1066 zu

613 1085 760 1123 Thorheit.
801 1086 858 1125 Laß
868 1087 939 1124 mich
950 1088 1006 1121 eine
1017 1088 1100 1126 groſſe
1110 1089 1284 1129 Wahrheit,
1307 1090 1427 1132 obgleich

612 1150 686 1187 nicht
705 1157 769 1189 zum
782 1150 948 1189 erſtenmal,
971 1159 1025 1186 von
1035 1159 1134 1188 neuem
1145 1155 1301 1197 predigen:
1301 1155 1427 1199 „Die

612 1216 723 1258 meiſten
742 1218 911 1259 Moraliſten
932 1222 990 1256 und
1009 1221 1108 1261 Lehrer
1125 1224 1172 1259 der
1189 1222 1355 1266 Religion,
1376 1224 1427 1264 ha⸗

611 1284 665 1318 ben
683 1285 731 1319 der
748 1284 872 1327 Tugend
889 1290 948 1322 und
968 1289 1033 1322 dem
1055 1289 1266 1329 Chriſtenthum
1285 1290 1365 1328 mehr
1383 1298 1428 1332 ge⸗

610 1349 737 1389 ſchadet,
770 1352 815 1385 als
835 1353 888 1386 das
917 1358 1004 1391 ganze
1029 1354 1192 1395 Geſchmeiß
1220 1358 1267 1390 der
1296 1355 1425 1396 Spoͤtter

609 1421 667 1454 und
684 1419 866 1461 Zweifler.„
918 1422 1002 1461 Dieſe
1026 1423 1082 1463 ſind
1106 1423 1218 1460 erklaͤrte
1239 1426 1366 1467 Feinde,
1389 1428 1425 1464 ie⸗

610 1491 645 1517 ne
659 1483 717 1522 ſind
737 1486 768 1518 es
790 1484 942 1524 heimlich,
969 1487 999 1525 ja
1017 1487 1060 1528 oft
1080 1489 1151 1527 ohne
1169 1491 1200 1524 es
1218 1490 1293 1529 ſelbſt
1314 1499 1347 1531 zu
1364 1492 1426 1534 wiſ⸗

609 1551 661 1588 ſen.
704 1552 766 1587 Sie
788 1552 905 1592 gleichen
924 1552 1033 1591 hierinn
1060 1555 1157 1594 unſern
1180 1554 1356 1596 Sophiſten,
1379 1559 1425 1593 die

607 1615 710 1650 immer
729 1617 784 1652 mit
806 1619 870 1652 dem
890 1616 1098 1659 hochtoͤnenden
1123 1620 1212 1657 Wort
1248 1622 1424 1664 Wahrheit

607 1682 755 1723 klappern,
785 1686 819 1719 ob
843 1687 873 1720 es
901 1686 982 1724 ihnen
1005 1687 1089 1727 gleich
1114 1687 1165 1726 bey
1189 1690 1263 1729 ihren
1290 1689 1421 1730 muͤßigen

607 1752 836 1789 Speculationen
854 1752 927 1791 nicht
943 1753 1025 1794 beſſer
1042 1753 1163 1794 anſteht,
1193 1758 1239 1793 als
1256 1765 1306 1791 vor
1324 1757 1422 1798 Zeiten

607 1822 659 1856 den
678 1816 814 1862 Juͤngern
834 1822 884 1856 des
903 1823 1077 1865 Cerinthus
1096 1825 1159 1860 oder
1178 1825 1358 1865 Marcion,
1378 1828 1424 1863 die
