1978 2399
261 174 359 233 phet
371 182 497 239 zeiget
513 191 572 230 im
583 183 690 242 Text
707 185 913 246 anfangs,
942 191 1061 242 wem
1075 185 1128 252 ſie
1141 184 1358 257 dancken,
1395 198 1566 259 hernach
1582 197 1666 253 wie
1680 201 1755 267 ihr

259 246 434 305 Danck
449 248 713 319 beſchaffen,
741 260 825 312 und
834 264 948 312 dann
959 265 1096 322 ferner
1104 262 1175 319 die
1187 263 1414 335 Urſachen
1425 267 1593 336 ſolches
1605 271 1751 331 Dan⸗

257 310 373 370 ckes.
449 322 611 380 Lieber!
652 321 798 380 Wem
819 321 1004 381 dancket
1023 338 1137 384 man
1157 337 1264 385 denn
1287 335 1400 394 billig
1426 348 1482 389 an
1503 338 1646 399 ſeinem
1666 343 1751 394 Ge⸗

257 389 575 457 burths⸗Tage?
608 396 674 447 T.
679 394 775 459 Jch
787 394 948 453 dancke
963 401 1034 456 dir
1068 398 1138 460 von
1163 408 1349 468 gantzem
1363 401 1570 480 Hertzen,
1607 414 1752 477 ſpricht

256 449 427 489 David,
457 455 544 487 vor
557 448 640 490 den
652 447 863 494 Goͤttern
876 453 979 504 will
979 455 1047 506 ich
1060 458 1129 497 dir
1141 459 1388 511 lobſingen.
1455 481 1683 532 Auguſtinus
1698 481 1755 541 (f)

256 520 428 579 erzehlet
450 518 555 578 viele
545 526 701 580 Goͤtter
701 528 792 578 und
800 529 1063 587 Goͤttinnen,
1092 536 1154 585 die
1165 537 1375 596 ehemahls
1384 542 1483 597 nach
1493 547 1571 593 den
1581 548 1751 598 Gedan⸗

254 580 337 631 cken
358 585 428 631 der
439 584 615 640 Heyden
635 587 677 633 in
695 590 778 634 und
795 580 892 641 nach
914 603 982 641 der
1000 594 1197 656 Geburth
1219 598 1327 655 ihrer
1338 600 1496 653 Kinder
1514 603 1599 658 ihre
1618 606 1752 660 beſon⸗

253 635 346 684 dere
363 634 695 694 Verrichtungen
711 640 830 696 ſollen
847 634 999 706 gehabt
1022 646 1167 707 haben.
1226 656 1363 696 Lucina
1380 649 1495 710 haͤtte
1508 657 1579 707 der
1595 657 1749 717 Wehe⸗

251 696 431 748 Mutter
449 698 671 753 geholffen,
703 706 912 757 Vagitanus
932 707 1025 757 dem
1042 710 1281 762 weinenden
1292 714 1428 766 Kinde
1446 719 1524 766 den
1533 716 1682 771 Mund
1699 731 1750 777 zu

251 749 329 805 erſt
338 749 528 809 eroͤffnet,
558 762 708 798 Levana
717 756 797 807 das
807 757 904 814 erſte
914 761 1031 820 mahl
1047 765 1126 813 das
1135 766 1250 818 Kind
1266 776 1351 818 von
1360 769 1429 819 der
1439 770 1579 822 Erden
1597 771 1678 829 auf
1678 771 1747 832 ge⸗

248 803 406 860 haben,
436 813 578 851 Cunina
599 806 714 863 haͤtte
731 813 793 863 die
804 813 986 872 Wiegen
1005 816 1231 879 beſchuͤtzet,
1260 826 1421 865 Rumina
1436 828 1518 873 aus
1536 828 1607 876 der
1616 828 1745 881 Mut⸗

248 871 312 915 ter
330 865 491 922 Bruͤſte
499 870 562 916 die
572 870 708 924 Milch
717 871 871 925 heraus
879 873 1102 937 geſpritzet,
1123 886 1254 925 Potina
1270 885 1347 931 den
1362 884 1490 939 erſten
1504 886 1665 937 Trunck
1681 899 1747 947 ge⸗

246 920 410 974 reichet,
439 925 559 967 Educa
580 925 642 974 die
667 922 775 982 erſte
774 923 904 982 Speiſe
912 929 1131 989 gegeben,
1155 940 1242 981 Cuba
1257 942 1370 988 einen
1388 939 1563 999 ſanfften
1574 945 1747 1006 Schlaff

245 977 441 1033 gemacht,
449 980 534 1029 und
544 979 583 1037 ſo
591 986 747 1037 weiter,
757 986 903 1038 welche
911 987 1069 1041 Goͤtter
1078 990 1131 1049 ſie
1141 999 1243 1038 Deos
1252 997 1391 1039 natales
1409 997 1494 1052 ihre
1505 997 1746 1059 Geburths⸗

244 1030 405 1087 Goͤtter
421 1046 471 1094 zu
489 1038 733 1102 benahmſen
748 1042 944 1103 pflegten.
1002 1048 1098 1102 Der
1115 1051 1312 1104 bekannte
1330 1058 1521 1110 Johannes
1538 1064 1745 1113 Spencerus

242 1094 285 1143 in
295 1095 439 1147 ſeinem
455 1099 582 1152 Buch
592 1103 641 1145 de
649 1103 808 1158 Legibus
815 1107 1060 1168 Hebræorum
1072 1111 1237 1154 ritalibus
1261 1112 1332 1169 (g)
1355 1114 1471 1171 gehet
1480 1118 1577 1170 noch
1585 1118 1743 1173 weiter,

240 1147 325 1195 und
342 1149 512 1211 erzehlet
526 1155 608 1200 aus
620 1144 965 1214 unterſchiedenen
976 1163 1368 1217 Profan-Scribenten,
1386 1168 1467 1222 daß
1485 1169 1548 1219 die
1558 1170 1739 1229 Heyden

240 1207 330 1262 ihre
339 1212 496 1261 Kinder
513 1214 608 1261 bald
622 1217 722 1266 nach
734 1217 845 1269 ihrer
854 1219 1052 1275 Geburth
1068 1224 1256 1277 gewiſſen
1267 1231 1472 1272 Dæmoniis
1490 1233 1575 1279 und
1585 1233 1740 1292 Goͤtzen

238 1263 485 1321 uͤbergeben,
510 1272 595 1316 und
604 1277 754 1319 wenns
763 1276 988 1327 geſchehen,
1010 1276 1154 1334 haͤtten
1165 1280 1218 1337 ſie
1228 1288 1356 1342 groſſe
1365 1283 1524 1344 Freude
1539 1287 1738 1347 bezeuget,

237 1321 324 1370 und
334 1323 411 1371 den
422 1319 574 1381 Goͤtzen
585 1322 743 1373 darvor
753 1328 976 1382 gedancket.
1019 1333 1111 1384 So
1120 1331 1234 1385 waͤre
1243 1341 1289 1385 es
1297 1339 1510 1396 ſonderlich
1520 1340 1594 1400 bey
1606 1343 1738 1394 denen

237 1373 401 1435 aͤlteſten
413 1376 654 1436 Chaldaͤern
664 1383 747 1432 und
759 1382 992 1443 Egyptiern
1008 1386 1279 1450 gebraͤuchlich
1291 1387 1566 1455 geweſen,
1488 1394 1551 1454 daß
1581 1400 1632 1456 ſie
1647 1401 1737 1457 ihre

235 1433 551 1491 neugebohrnen
569 1439 731 1489 Kinder
750 1442 831 1491 mit
851 1445 982 1495 einem
1007 1446 1207 1502 gluͤenden
1226 1450 1349 1508 Eiſen
1375 1453 1732 1515 gebrandmahlet,

233 1495 332 1542 oder
347 1496 470 1546 durch
487 1500 547 1544 die
558 1500 747 1552 Flamme
766 1502 963 1561 hindurch
979 1503 1188 1566 gefuͤhret,
1220 1512 1304 1561 und
1320 1511 1370 1568 ſie
1390 1512 1621 1574 dergeſtallt
1638 1520 1733 1569 dem

233 1549 405 1603 Moloch
416 1553 511 1600 oder
523 1550 626 1608 ſonſt
626 1552 755 1604 Genio
763 1559 871 1602 alicui
880 1561 1028 1606 tutelari
1038 1560 1168 1613 einem
1178 1563 1366 1625 gewiſſen
1399 1562 1672 1635 Hauß⸗Goͤtzen
1689 1573 1734 1620 in

231 1606 365 1662 ſeinen
374 1608 524 1666 Schutz
532 1608 758 1666 uͤbergeben
769 1614 937 1673 haͤtten,
964 1621 1010 1667 es
1037 1614 1161 1682 glaubt
1190 1617 1324 1683 dahero
1340 1626 1551 1683 gedachter
1566 1635 1731 1686 Spence-

228 1676 314 1716 rus,
342 1667 424 1722 daß
435 1670 567 1722 GOtt
584 1671 655 1720 der
662 1671 800 1726 HErr
815 1676 914 1726 eben
929 1678 1146 1737 deßwegen
1161 1678 1275 1738 flugs
1292 1694 1363 1733 am
1377 1686 1522 1739 achten
1532 1688 1647 1742 Tage
1664 1689 1734 1740 die

234 1724 454 1781 Juͤdiſchen
463 1723 675 1781 Knaͤblein
683 1739 733 1784 zu
742 1730 991 1790 beſchneiden
1000 1737 1207 1796 befohlen,
1222 1739 1361 1793 damit
1371 1755 1414 1795 er
1420 1748 1492 1796 der
1500 1745 1729 1799 Juͤdiſchen

226 1758 485 1835 Abgoͤtterey
496 1776 836 1841 zuvorkommen,
862 1785 948 1834 und
957 1784 1020 1835 die
1029 1787 1186 1841 Kinder
1197 1790 1240 1837 in
1250 1789 1372 1847 ſeine,
1391 1791 1476 1839 und
1484 1793 1592 1847 nicht
1602 1790 1647 1854 in
1652 1798 1730 1849 der

227 1827 503 1896 Heydniſchen
522 1842 680 1895 Goͤtter
696 1841 845 1905 Schutz
863 1848 951 1897 und
968 1850 1180 1908 Vorſorge
1197 1852 1378 1908 moͤchten
1404 1853 1727 1915 aufgenommen

224 1896 405 1949 werden,
421 1900 566 1952 welche
574 1901 792 1958 Meinung
800 1902 882 1953 wir
894 1914 1030 1965 zwar,
1049 1913 1114 1960 als
1125 1912 1354 1966 Goͤttlicher
1362 1918 1555 1961 intention
1564 1916 1726 1976 gemaͤß,

226 1949 334 2009 nicht
346 1953 541 2007 erkennen
549 1947 717 2011 koͤnnen.
753 1946 823 2020 Wie
844 1962 1031 2024 gedachte
1043 1965 1215 2023 Heyden
1227 1968 1342 2023 ihren
1353 1973 1521 2021 Genium
1531 1977 1627 2027 oder
1637 1979 1723 2023 Ge⸗

1554 2037 1722 2087 burths⸗

271 2085 332 2137 (f)
355 2086 439 2134 Lib.
447 2083 486 2133 IV
503 2091 535 2131 de
543 2092 644 2133 Civit.
653 2089 865 2147 DEIc.XI.
909 2098 967 2147 (g)
993 2098 1082 2138 Libr.
1092 2102 1118 2142 I.
1140 2101 1171 2143 c.
1182 2102 1225 2144 IV.
1248 2098 1284 2157 p.
1298 2114 1324 2142 m.
1335 2103 1411 2144 edit.
1423 2105 1509 2157 Lipſ.
1524 2114 1571 2151 82.
