1632 2486
619 311 744 359 Aufſaz
744 311 784 359 I.

1141 319 1205 359 105

212 401 340 446 Buchs,
353 404 397 438 die
415 405 597 448 eingebildete
612 405 773 447 Weisheit,
797 403 851 437 mit
864 405 915 439 der
933 413 1003 437 man
1016 403 1066 446 ſich
1080 404 1201 439 damals

213 454 242 493 ſo
256 455 308 489 viel
327 455 443 497 wußte,
461 459 509 491 als
525 455 625 493 Wahn
644 459 705 489 und
726 453 899 496 Taͤuſchung
923 455 1072 495 darſtellen
1090 455 1204 488 konnte.

213 498 345 550 Kuͤrzlich
360 510 500 541 erinnerte
514 513 561 545 er,
588 509 654 541 aber
686 516 744 540 nur
761 507 804 539 im
832 507 1063 548 Vorbeigehen,
1094 516 1134 539 an
1157 509 1202 541 die

213 560 439 605 Unmoͤglichkeit
460 561 527 598 uͤber
548 567 657 598 Werke
683 571 738 597 der
764 563 915 597 Gottheit
937 568 970 600 zu
993 564 1138 604 gebieten,
1161 579 1203 585 —

212 618 273 648 und
293 627 355 653 nun
371 619 425 649 lies
442 626 470 649 er
485 616 576 656 ſeinen
597 617 735 653 Salomo
749 617 893 655 Weisheit
909 619 970 649 und
984 617 1126 658 Thorheit
1140 624 1201 648 ver⸗

213 667 332 710 binden,
357 678 409 702 um
418 670 564 709 hierdurch
576 663 672 711 ſeinen
683 670 801 703 Namen
815 670 891 708 deſto
905 669 1028 708 gewiſſer
1045 669 1203 709 verewigen

212 735 244 766 zu
263 726 384 761 koͤnnen.

294 791 376 824 Man
394 788 484 830 vergl.
498 776 686 835 Einleitung
714 787 793 831 Kap.
811 789 853 822 11.
876 788 904 827 §.
920 797 948 828 5.
963 791 1026 822 und
1043 789 1122 829 Kap.
1143 791 1201 824 III.

216 846 248 882 §.
268 856 299 888 4.
331 863 360 870 —

289 910 459 957 Hierdurch
475 914 549 958 hoff'
568 916 607 955 ich
621 914 712 954 dieſen
728 923 836 956 ganzen
856 915 962 957 Aufſaz
987 914 1017 948 in
1035 914 1092 955 ſein
1118 913 1199 954 wah⸗

212 968 258 997 res
279 963 351 1001 Licht
368 956 476 1008 geſtellt
492 972 524 1004 zu
542 966 653 1002 haben;
674 980 711 987 —
734 964 907 1002 wenigſtens
924 964 954 994 in
974 963 1018 996 ein
1033 963 1124 1003 Licht,
1158 964 1200 997 bei

213 1021 344 1057 welchem
361 1021 413 1050 die
424 1015 566 1063 einzelnen
582 1017 717 1057 Theile,
729 1021 807 1056 jeder
822 1027 862 1051 an
877 1018 980 1058 ſeinem
999 1019 1073 1053 Orte
1096 1025 1128 1060 zu
1150 1020 1201 1060 ſte⸗

210 1075 266 1114 hen
284 1071 424 1114 ſcheinen!
446 1088 486 1095 —

556 1131 652 1181 Kap.
669 1132 700 1169 I.
717 1137 788 1173 und
803 1135 855 1170 Il.

215 1212 244 1239 1.
257 1216 286 1241 2.
317 1209 350 1242 O
372 1213 428 1243 des
445 1208 606 1242 Strebens
623 1210 697 1243 nach
711 1206 820 1241 Tand!
845 1207 957 1248 ſpricht
970 1207 1200 1247 Kobeleth,—

262 1265 299 1300 3.
299 1265 336 1300 o
352 1265 407 1293 des
426 1260 588 1295 Strebens
609 1261 683 1295 nach
703 1259 815 1295 Tand!
830 1262 861 1301 a)
889 1277 930 1282 —
959 1261 1052 1294 Tand
1070 1261 1106 1297 iſt
1123 1260 1201 1297 alles

314 1323 400 1349 nur:
438 1324 492 1348 wo
518 1314 556 1355 iſt
578 1315 705 1356 wahrer
725 1314 867 1351 Gewinn
893 1313 943 1349 bei
968 1321 1038 1350 dem
1058 1316 1199 1358 Muͤhen,

660 1366 745 1415 G5

1061 1368 1202 1406 womit

254 1503 290 1540 a)
312 1497 483 1537 Woͤrtlicher
495 1497 585 1540 haͤtte
608 1498 646 1539 ich
675 1500 817 1540 uͤberſezen
837 1501 938 1538 ſollen:
969 1505 1025 1536 „o
1040 1505 1095 1532 des
1113 1501 1200 1534 Tan⸗

300 1543 409 1574 des!“
431 1542 526 1578 Allein
541 1540 611 1581 dieſe
637 1541 827 1579 Ueberſezung
851 1537 931 1576 haͤtte
945 1543 1001 1573 das
1021 1542 1199 1577 Vorurtheil

293 1586 328 1617 zu
347 1577 513 1618 beſtaͤttigen
542 1577 722 1618 geſchienen,
754 1582 802 1611 der
826 1580 975 1617 Verfaſſer
994 1580 1109 1618 predige
1131 1578 1200 1612 uͤber

294 1623 351 1653 das
370 1620 454 1653 Eitle
471 1624 525 1653 der
540 1614 636 1653 Erde.
687 1621 752 1656 Der
773 1619 930 1658 Ueberſezer
952 1619 1023 1654 muß
1045 1620 1112 1651 aber
1135 1627 1199 1651 ver⸗

294 1657 402 1701 huͤten,
422 1659 478 1697 daß
495 1656 544 1694 der
570 1659 641 1698 Leſer
659 1664 702 1695 die
722 1661 872 1699 Meinung
898 1663 948 1690 des
969 1660 1199 1699 Schriftſtellers

294 1701 390 1737 nicht,
409 1696 477 1729 uͤber
489 1700 538 1730 der
553 1698 628 1735 allzu
644 1701 778 1734 getreuen
792 1690 999 1736 Ueberſezung
1015 1698 1141 1732 verliere.
1157 1716 1200 1723 —

294 1742 365 1780 הבל
386 1736 468 1772 druͤkt
491 1742 606 1780 unſerm
621 1737 768 1779 Verfaſſer
784 1746 841 1772 den
853 1731 989 1776 Mangel
1007 1737 1089 1770 eines
1102 1747 1199 1779 ֨תרוז

295 1787 365 1815 aus.
409 1781 452 1816 Er
465 1780 616 1821 gebraucht
629 1779 692 1812 dies
706 1783 802 1815 Wort
823 1781 978 1820 meiſtens,
1007 1787 1091 1811 wenn
1110 1791 1137 1813 er
1154 1784 1198 1822 ſa⸗

293 1829 347 1860 gen
363 1825 444 1865 will,
465 1822 527 1859 daß
536 1820 585 1860 der
602 1824 720 1860 Menſch
740 1825 824 1862 durch
839 1824 895 1860 ſein
906 1824 1038 1860 Streben
1055 1829 1112 1855 das
1123 1826 1198 1863 nicht

297 1864 432 1900 erreiche,
455 1864 520 1893 was
535 1872 564 1895 er
574 1872 607 1905 zu
628 1861 763 1899 erreichen
775 1865 825 1904 ſich
840 1860 941 1903 muͤhet.
972 1880 1013 1885 —
1034 1864 1126 1896 Tand
1136 1871 1198 1896 war

294 1903 351 1928 das
368 1897 521 1935 paſſendſte
539 1898 626 1930 Wort
640 1897 695 1927 das
715 1898 772 1928 mir
786 1898 829 1927 die
843 1885 968 1938 deutſche
984 1894 1120 1932 Sprache
1130 1903 1198 1928 dar⸗

296 1946 357 1977 bot.
375 1963 415 1968 —
429 1945 589 1982 Eigentlich
607 1945 734 1978 bedeutet
755 1939 830 1981 הבל
849 1942 1087 1983 wahrſcheinlich:
1111 1943 1198 1977 einen

292 1978 528 2022 Waſſerſchein,
552 1983 637 2016 einen
654 1984 778 2023 Nebel,
808 1992 860 2016 der
885 1983 918 2014 in
942 1989 995 2015 der
1018 1984 1119 2021 Ferne
1138 1985 1198 2017 wie

294 2027 344 2060 ein
360 2026 477 2062 Waſſer
496 2028 646 2065 ausſieht,
672 2030 737 2057 und
763 2026 901 2060 dadurch
926 2026 973 2060 die
995 2028 1198 2060 Karawanen

296 2071 329 2104 in
344 2078 396 2103 der
412 2069 517 2105 Wuͤſte
530 2071 686 2111 verfuͤhrt.
723 2067 769 2104 S.
780 2071 857 2112 Hrn.
869 2068 908 2102 D.
930 2070 1106 2106 Arnoldi
1129 2069 1196 2105 uͤber

294 2118 442 2160 Spruͤche
458 2116 552 2158 XXI,
574 2118 604 2150 6.
