1777 2564
556 445 736 482 erzwangen
759 436 806 473 die
827 435 1074 484 Heraclidiſchen
1092 433 1307 484 Fuͤrſten¹⁰),
1324 438 1373 474 die
1390 435 1446 484 ſich
1472 434 1565 482 durch

556 488 701 533 feierliche
723 483 804 523 Eide
826 494 862 530 zu
894 483 1132 529 wechſelſeitiger
1160 482 1390 529 Unterſtuͤtzung
1419 485 1451 519 in
1476 483 1564 531 ihren

555 534 779 581 verſchiedenen
794 528 1004 583 Beſitzungen
1022 535 1223 575 verbanden,
1250 536 1371 582 eidliche
1387 535 1564 585 Verpflich⸗

556 590 673 627 tungen
689 592 726 627 zu
742 586 811 618 dem
828 575 1018 628 naͤhmlichen
1035 582 1155 626 Zwecke
1175 591 1237 617 von
1258 585 1336 619 allen
1357 586 1442 629 ihren
1454 587 1567 619 Unter⸗

555 640 683 687 thanen.
736 640 822 678 Aber
845 632 909 687 ihre
923 639 1094 685 Doriſchen
1114 642 1177 676 und
1194 639 1381 686 Aetoliſchen
1400 638 1567 685 Begleiter

556 695 664 741 hatten
688 692 769 730 keine
789 691 901 736 reichen
925 696 988 728 und
1004 691 1233 739 ausgedehnten
1247 691 1428 737 Provinzen
1443 690 1496 736 fuͤr
1509 699 1567 726 an⸗

556 750 628 783 dere
641 744 778 789 erobert,
805 756 858 780 um
883 743 968 791 ſelbſt
993 745 1104 781 wieder
1123 753 1160 788 zu
1179 742 1260 789 ihrer
1283 744 1409 788 vorigen
1425 741 1568 791 Armuth

558 800 621 845 auf
632 802 696 849 ihre
721 799 947 846 einheimiſchen
963 797 1112 843 Gebuͤrge
1135 796 1397 847 zuruͤckzukehren.
1450 797 1567 846 Daher

560 844 631 885 war
647 857 680 885 es
700 847 842 892 vielleicht
863 849 930 885 eine
951 848 1163 896 nothwendige
1184 848 1323 894 Politik,
1350 850 1388 896 ſie
1412 849 1469 885 mit
1485 847 1568 887 Nie⸗

559 899 772 946 derlaſſungen
798 900 830 935 in
858 901 918 936 den
944 896 1158 936 neueroberten
1179 892 1313 936 Laͤndern
1335 908 1372 944 zu
1403 897 1567 946 belohnen.

561 939 704 988 Daraus
716 938 847 995 erfolgte
862 947 910 982 ein
925 946 1118 992 allgemeiner
1126 946 1234 986 Druck
1251 951 1304 985 der
1322 949 1403 985 alten
1417 947 1571 994 Einwoh⸗

559 1010 636 1035 ner:
660 992 755 1046 große
771 997 899 1044 Haufen
914 1001 1089 1037 wanderten
1104 1005 1185 1044 aus;
1212 999 1258 1038 die
1273 1000 1425 1044 Uebrigen
1441 1002 1569 1036 wurden

551 1057 708 1101 meiſtens
728 1065 783 1101 zur
801 1053 973 1092 Sclaverei
990 1062 1194 1099 gezwungen;
1227 1058 1289 1092 und
1312 1066 1364 1092 am
1386 1054 1478 1094 Ende
1494 1052 1568 1092 blie⸗

561 1104 620 1147 ben
636 1107 688 1147 die
700 1106 905 1155 Heracliden,
932 1112 994 1143 und
1011 1108 1076 1154 ihre
1093 1105 1331 1145 unmittelbaren
1345 1101 1570 1152 Angaͤnger¹¹)

560 1147 701 1202 alleinige
724 1153 829 1201 Herrn
841 1145 907 1193 des
923 1150 1062 1196 Bodens
1084 1148 1175 1200 durch
1197 1156 1255 1189 den
1269 1163 1394 1199 ganzen
1411 1159 1571 1201 Pelopon⸗

559 1210 675 1266 neſus,
697 1212 854 1265 Arcadien
870 1218 931 1253 und
946 1213 1064 1267 Achaia
1079 1210 1442 1267 ausgenommen.

629 1287 741 1341 Dieſe
762 1297 856 1342 große
871 1284 1103 1341 Veraͤnderung
1116 1281 1155 1336 in
1172 1289 1230 1333 der
1236 1281 1461 1341 Bevoͤlkerung
1474 1293 1569 1332 Grie⸗

565 1349 749 1392 chenlands,
799 1353 861 1385 und
872 1351 933 1386 die
956 1347 1191 1395 Wichtigkeit,
1211 1348 1319 1394 welche
1340 1353 1393 1384 der
1420 1346 1570 1393 Doriſche

562 1400 697 1443 Nahme
713 1398 844 1442 dadurch
862 1399 1017 1442 erlangte,
1042 1397 1179 1435 bewirkte
1200 1404 1288 1434 unter
1309 1401 1424 1435 andern
1447 1398 1568 1442 Folgen

563 1443 640 1495 auch
661 1453 726 1487 eine
746 1461 820 1486 neue
844 1440 1098 1497 Unterſcheidung
1129 1452 1184 1486 der
1197 1449 1414 1497 Griechiſchen
1435 1449 1570 1496 Voͤlker,

563 1506 633 1543 und
645 1502 763 1541 erwarb
788 1504 906 1548 einigen
930 1504 1031 1546 alten,
1056 1504 1103 1540 die
1125 1503 1157 1539 in
1179 1499 1321 1548 Homers
1350 1506 1413 1541 und
1435 1501 1571 1550 Heſiods

562 1556 637 1601 Zeit
657 1558 757 1601 wenig
776 1555 908 1593 bekannt
929 1553 1062 1609 geweſen
1081 1565 1119 1601 zu
1122 1550 1195 1609 ſeyn
1212 1550 1365 1609 ſcheinen,
1379 1553 1568 1602 allgemeine

562 1600 837 1652 Aufmerkamkeit.
868 1607 974 1645 Von
989 1609 1048 1643 den
1066 1603 1276 1652 barbariſchen
1286 1604 1434 1650 Horden,
1457 1605 1569 1650 welche

564 1660 794 1706 Griechenland
819 1659 851 1695 in
870 1663 926 1696 den
940 1659 1090 1708 fruͤheſten
1102 1657 1211 1703 Zeiten
1233 1662 1322 1705 unter
1334 1652 1567 1703 verſchiedenen

563 1712 738 1762 Nahmen,
780 1711 951 1758 Dryopes,
992 1709 1185 1756 Caucones,
1205 1706 1361 1758 Leleges,
1400 1708 1569 1757 Pelasger,

563 1769 628 1803 und
656 1768 766 1803 andere
790 1765 991 1811 einnahmen,
1030 1764 1140 1811 ſcheint
1153 1759 1262 1816 ſelbſt
1284 1770 1338 1804 der
1366 1763 1481 1812 thaͤtige
1504 1766 1568 1801 und

562 1816 775 1865 ſcharfſinnige
790 1815 983 1864 Strabo¹²)
992 1818 1074 1863 nicht
1085 1818 1128 1855 im
1155 1805 1265 1863 Stande
1281 1812 1412 1869 geweſen
1435 1824 1471 1860 zu
1488 1812 1569 1860 ſeyn,

563 1868 674 1915 heraus
688 1867 864 1912 zubringen,
883 1869 933 1904 in
947 1862 1067 1919 wiefern
1094 1869 1132 1915 ſie
1150 1860 1351 1911 verſchiedene
1366 1867 1486 1906 Voͤlker
1499 1874 1568 1904 wa⸗

562 1922 629 1957 ten.
649 1920 724 1958 Sie
733 1918 865 1965 ſcheinen
872 1922 929 1956 alle
938 1913 1004 1956 eine
1010 1916 1159 1964 Sprache
1166 1916 1284 1964 geredet
1297 1926 1332 1963 zu
1343 1911 1462 1965 haben;
1481 1919 1566 1954 denn

562 1971 594 2009 in
600 1967 674 2008 den
701 1971 877 2019 civiliſirten
891 1964 1001 2015 Zeiten
1025 1968 1135 2008 konnte
1156 1966 1283 2014 nirgend
1300 1969 1366 2006 eine
1379 1966 1481 2015 Spur
1496 1971 1568 2006 oder

1469 2031 1566 2073 Erin⸗

601 2114 649 2145 10)
673 2109 746 2139 Plat.
764 2108 798 2138 de
814 2111 885 2145 Leg.
905 2110 924 2139 l.
941 2110 992 2138 III.
1014 2118 1043 2146 p.
1059 2108 1125 2143 683.
1146 2114 1167 2138 t.
1188 2115 1219 2147 II.

603 2169 649 2200 11)
674 2165 798 2195 Iſocrat.
820 2163 986 2193 Panathen.

602 2221 649 2260 12)
672 2219 768 2253 Strab.
790 2221 809 2250 l.
825 2222 860 2251 V.
876 2229 903 2257 p.
916 2228 980 2250 220.
1019 2221 1039 2250 I.
1054 2221 1121 2252 VII.
1139 2228 1167 2258 p.
1185 2213 1245 2259 321,
1255 2207 1317 2254 322.
1356 2220 1378 2250 l.
1393 2219 1444 2251 IX.
1457 2222 1486 2257 p.
1502 2224 1567 2256 409.
