1912 2775
596 345 659 393 60

965 354 1056 405 Der
1083 359 1186 413 29ſte
1213 356 1394 412 Januar.

598 439 660 478 den
677 438 763 492 ſeyn,
780 441 865 496 ſonſt
877 440 967 496 haͤtte
982 451 1039 487 der
1048 449 1194 505 Allweiſe
1208 454 1332 498 meiner
1340 455 1449 499 Seele
1464 459 1534 501 eine
1544 464 1645 504 andre
1652 464 1755 516 Rich⸗

599 498 696 547 tung,
716 500 783 535 und
794 498 915 540 meiner
924 500 1118 556 Sehnſucht
1132 509 1212 556 nach
1220 508 1358 559 Daſeyn
1370 514 1511 564 weniger
1522 512 1652 561 Staͤrke
1662 531 1751 569 gege⸗

598 557 673 599 ben.
732 562 800 609 Jch
817 564 884 604 will
900 565 1009 608 leben:
1033 568 1104 611 dies
1121 571 1161 622 iſt
1174 578 1232 615 der
1246 571 1372 626 ſtaͤrkſte
1389 578 1540 630 Beweis,
1566 583 1634 628 daß
1649 584 1695 632 ich
1712 590 1747 626 es

596 619 670 670 ſoll.
703 622 788 666 Das
807 623 1009 674 neugeborne
1022 627 1112 673 Kind
1128 633 1237 684 drehet
1252 632 1310 682 ſich
1322 638 1400 687 nach
1415 643 1471 680 der
1478 640 1602 692 Bruſt,
1602 643 1680 691 und
1690 650 1749 687 der

597 677 764 732 Allguͤtige
779 684 837 731 hat
855 683 896 732 ſie
914 684 978 733 ihm
1002 690 1147 742 beſorgt:
1176 693 1254 745 ſolte
1278 705 1311 734 er
1327 696 1389 737 mit
1406 699 1472 740 mir
1494 699 1747 755 verſtaͤndigerm

594 735 706 779 Kinde
722 733 861 789 liebloſer
869 733 1073 795 verfahren?
1091 746 1200 791 Solte
1209 759 1243 788 er
1258 749 1322 790 mir
1332 755 1394 792 den
1400 750 1478 794 Tod
1491 755 1626 807 reichen,
1645 768 1745 800 wenn

592 799 642 847 ich
660 802 716 850 ihn
731 812 788 842 um
805 803 897 845 Leben
914 806 1004 853 bitte,
1033 813 1100 849 und
1117 822 1208 862 zwar
1223 825 1282 856 um
1302 815 1392 858 Leben
1408 830 1446 868 zu
1464 820 1579 874 ſeinem
1595 824 1744 876 Ruhm?

588 863 707 911 Wozu
725 869 846 908 anders
856 868 1040 922 Verſtand,
1059 874 1113 913 als
1130 887 1188 924 zur
1197 877 1288 929 Ehre
1297 880 1452 924 Gottes?
1468 889 1536 923 und
1551 898 1644 935 wozu
1656 889 1744 932 Ent⸗

586 919 744 969 wicklung
765 926 833 962 und
851 925 1064 977 Ausbildung
1083 930 1181 983 dieſes
1195 934 1414 987 Verſtandes,
1431 940 1482 979 als
1498 951 1557 980 um
1574 942 1641 992 ihn,
1661 945 1743 996 nach

585 976 836 1030 zuruͤckgelegter
861 995 986 1033 grauen
1009 989 1185 1042 Kindheit,
1216 994 1250 1033 in
1273 998 1362 1045 jener
1376 1000 1473 1041 Welt
1493 1013 1552 1051 zur
1577 1004 1743 1057 Verherr⸗

582 1035 714 1089 lichung
729 1043 786 1080 des
805 1041 1039 1094 Allerhoͤchſten
1053 1048 1251 1096 gebrauchen
1266 1063 1306 1096 zu
1322 1053 1476 1096 koͤnnen?

702 1103 776 1146 Die
785 1101 981 1156 Sehnſucht
995 1106 1076 1156 nach
1085 1107 1177 1150 Leben
1194 1111 1232 1162 iſt
1248 1112 1298 1152 ein
1306 1113 1527 1168 untruͤgliches
1535 1122 1640 1166 Werk
1647 1124 1738 1169 Got⸗

582 1161 658 1205 tes,
684 1163 753 1199 und
777 1162 845 1203 kein
861 1164 991 1212 Einfall
1011 1167 1109 1221 dieſes
1130 1173 1206 1210 oder
1228 1175 1321 1223 jenen
1338 1173 1465 1220 Volks.
1522 1180 1609 1223 Von
1628 1182 1733 1224 einem

581 1217 672 1264 Pole
688 1227 763 1266 zum
780 1222 903 1261 andern
920 1224 1010 1273 ſtimt
1025 1236 1106 1266 man
1123 1228 1226 1279 hierin
1244 1230 1386 1275 uͤberein.
1423 1237 1512 1286 Daß
1530 1239 1605 1279 aber
1622 1245 1677 1280 der
1691 1252 1732 1290 zu

580 1275 731 1328 ſinnliche
744 1280 884 1333 Menſch
901 1285 959 1335 ſich
977 1286 1012 1324 in
1028 1288 1127 1339 dieſes
1143 1292 1235 1332 Leben
1252 1292 1417 1343 hienieden
1433 1297 1585 1348 vergafft,
1609 1305 1676 1342 und
1695 1304 1732 1347 in

577 1332 677 1383 dieſer
686 1333 806 1386 Wiege
815 1336 878 1389 ſein
888 1345 1007 1389 ganzes
1017 1341 1156 1396 Daſeyn
1172 1341 1348 1398 zubringen
1360 1352 1446 1394 will:
1463 1359 1527 1394 das
1536 1356 1575 1406 iſt
1581 1358 1631 1398 die
1640 1356 1731 1409 hoͤch⸗

575 1394 621 1446 ſte
628 1392 809 1451 Thorheit;
828 1399 952 1444 benimt
962 1404 1039 1445 aber
1047 1407 1120 1447 dem
1137 1407 1254 1451 innern
1264 1412 1405 1463 Werthe
1420 1415 1519 1468 dieſes
1534 1421 1624 1460 edlen
1634 1422 1729 1464 Trie⸗

573 1455 632 1495 bes
657 1455 742 1503 nicht
764 1461 829 1497 das
852 1459 1017 1513 geringſte.
1076 1467 1194 1511 Wenn
1216 1472 1308 1521 jener
1321 1472 1475 1517 Altvater
1499 1477 1579 1528 noch
1595 1475 1726 1533 Haͤuſer

571 1519 643 1555 und
650 1510 782 1559 Gaͤrten
791 1518 911 1570 anlegt,
928 1525 996 1562 und
1016 1525 1086 1575 jene
1093 1525 1275 1570 Altmutter
1286 1528 1352 1581 ihre
1361 1532 1477 1584 Haare
1486 1532 1576 1587 faͤrbt
1585 1542 1653 1579 und
1661 1540 1724 1581 wie

572 1574 644 1613 eine
652 1575 766 1619 Dirne
776 1582 922 1630 gaukelt:
937 1583 970 1635 ſo
989 1583 1028 1634 iſt
1034 1591 1096 1626 das
1107 1591 1268 1641 verkehrte
1275 1591 1496 1644 Anwendung
1507 1596 1593 1637 eines
1606 1601 1723 1642 innern

568 1634 720 1687 Zurufs:
737 1642 783 1677 du
801 1640 875 1692 ſolſt
891 1644 953 1695 erſt
967 1643 1051 1696 recht
1068 1649 1237 1699 anfangen
1254 1661 1294 1699 zu
1311 1653 1413 1694 leben.
1447 1657 1556 1704 Jener
1569 1662 1649 1710 ſolte
1661 1664 1722 1713 ſich

567 1690 640 1727 eine
651 1693 750 1739 ewige
757 1693 865 1742 Huͤtte
881 1697 1008 1738 bauen:
1028 1703 1097 1743 und
1112 1702 1192 1754 dieſe
1207 1703 1274 1756 ihre
1283 1700 1529 1761 Seelenkraͤfte,
1547 1714 1622 1754 aber
1631 1715 1719 1766 nicht

566 1754 659 1803 ihren
676 1756 875 1808 verfallenen
890 1759 1022 1811 Koͤrper
1039 1763 1230 1817 verjuͤngen.
1270 1770 1431 1822 Genung,
1448 1773 1500 1816 die
1516 1776 1717 1832 Anweiſung

562 1824 639 1863 zum
656 1815 746 1858 Leben
764 1819 804 1868 iſt
819 1825 874 1864 da.
919 1824 1043 1876 Selbſt
1057 1830 1114 1867 der
1128 1831 1222 1879 karge
1237 1831 1343 1876 Greis
1357 1832 1469 1876 wuͤrde
1484 1838 1571 1880 nicht
1588 1851 1627 1888 zu
1648 1850 1716 1882 ver⸗

561 1870 712 1918 hungern
727 1867 886 1921 fuͤrchten,
904 1886 1002 1916 wenn
1016 1878 1097 1928 dieſe
1106 1879 1271 1931 Hofnung
1289 1888 1347 1923 des
1363 1884 1475 1927 Lebens
1494 1891 1580 1939 nicht
1595 1890 1715 1941 ſtaͤrker

558 1929 627 1978 auf
640 1930 695 1978 ihn
704 1929 836 1983 wuͤrkte,
857 1936 908 1975 als
918 1939 981 1977 alle
989 1941 1068 1989 noch
1085 1942 1117 1993 ſo
1128 1942 1252 1997 triftige
1261 1942 1403 1990 Gruͤnde
1413 1956 1469 1992 der
1480 1943 1620 2003 Moral,
1634 1956 1749 1997 oder

556 1994 612 2033 als
630 1994 708 2036 aller
725 1996 815 2048 Witz
830 2003 886 2038 der
900 2001 1050 2048 Satyre.

673 2053 746 2102 Ja!
764 2053 846 2103 ewig
861 2059 916 2108 ſoll
925 2060 979 2107 ich
996 2063 1098 2104 leben.
1129 2065 1216 2114 Jede
1232 2068 1321 2109 Ader
1336 2070 1371 2110 in
1387 2071 1454 2112 mir
1468 2075 1589 2125 klopfet
1604 2076 1710 2129 dieſen

549 2108 680 2162 Beruf.
703 2105 767 2168 Jch
785 2109 883 2161 werde
903 2117 939 2155 in
948 2118 1110 2169 Ewigkeit
1126 2124 1212 2171 nicht
1227 2126 1345 2176 ſagen:
1363 2133 1399 2166 es
1417 2129 1457 2177 iſt
1472 2134 1623 2182 genung!
1638 2138 1710 2177 und

548 2163 607 2214 du,
625 2169 715 2219 Herr
733 2174 802 2211 und
812 2171 947 2223 Freund
964 2179 1021 2215 des
1030 2180 1161 2222 Lebens!
1178 2182 1267 2233 kanſt
1283 2188 1352 2225 und
1367 2188 1458 2237 wirſt
1476 2196 1514 2229 es
1522 2192 1603 2239 auch
1620 2193 1709 2246 nicht

546 2225 655 2278 ſagen.
714 2231 817 2284 Ewig
833 2234 889 2275 bin
907 2234 954 2283 ich
968 2239 1188 2289 vorhanden?
1214 2267 1274 2276 —
1303 2248 1411 2291 Gott!
1440 2250 1540 2300 welch
1555 2253 1607 2294 ein
1620 2255 1707 2304 Reiz

543 2295 622 2335 zum
630 2289 738 2331 Dank
751 2297 820 2333 und
836 2305 893 2346 zur
901 2292 1154 2350 Froͤmmigkeit!
1174 2304 1247 2344 Und
1260 2306 1339 2359 ſolte
1355 2305 1400 2356 ich
1410 2308 1490 2368 dieſe
1499 2310 1613 2369 Nacht
1629 2314 1706 2367 ſter⸗

543 2347 625 2394 ben:
655 2351 802 2408 dennoch
818 2354 875 2398 bin
890 2353 937 2411 ich
954 2354 1036 2410 ewig
1053 2358 1103 2402 bei
1116 2361 1189 2415 dir,
1214 2363 1304 2409 mein
1320 2366 1434 2415 Gott!

1610 2443 1702 2485 Der
