1503 2242
471 350 530 384 10

476 432 540 464 auf
558 436 622 461 dem
645 425 691 459 ein
712 411 821 458 Zeddel
845 411 914 452 lag,
940 409 996 445 des
1018 407 1171 453 Jnhalts:
1205 397 1280 459 Fuͤr

477 504 579 530 meine
589 503 731 528 Mutter.
785 482 874 522 Dieſe
890 494 971 523 arme
981 473 1104 523 Witwe,
1120 489 1151 521 in
1163 472 1282 517 Frank⸗

476 561 567 606 furth
603 563 675 596 oder
704 559 826 604 Croßen
861 555 1033 600 wohnend,
1080 554 1187 596 erhielt
1215 554 1282 592 das

474 638 706 683 Vermaͤchtniß.

552 712 602 738 Es
631 712 681 744 iſt,
718 714 808 733 wenn
837 711 910 733 man
939 699 985 729 die
1004 681 1169 736 Umſtaͤnde
1190 682 1283 723 dieſer

476 774 582 811 beiden
596 769 787 814 Geſchichten
802 775 905 809 genau
920 762 1056 817 erwaͤgt,
1078 763 1160 805 nicht
1174 764 1284 807 gerade

477 845 533 884 hin
558 855 599 879 an
626 837 705 880 ihrer
736 834 900 878 Wahrheit
920 841 955 878 zu
979 829 1128 877 zweifeln,
1166 830 1285 879 wofern

477 931 553 955 man
577 921 633 949 den
654 912 888 951 Theilnehmern
910 906 993 940 nicht
1010 905 1157 934 entweder
1172 901 1288 942 vorſez⸗

479 984 554 1023 liche
564 977 802 1021 Unwahrheiten
825 980 895 1014 oder
901 974 1135 1017 Verblendung,
1161 968 1203 1016 die
1212 971 1285 1016 doch

478 1062 527 1094 bei
551 1052 707 1089 mehrern,
741 1048 832 1088 ſogar
863 1045 956 1081 wider
985 1046 1031 1084 die
1060 1042 1165 1083 Sache
1191 1041 1288 1085 einge⸗

459 1127 661 1171 nommenen
680 1118 834 1163 Perſonen
864 1116 945 1158 nicht
967 1116 1040 1159 ſtatt
1062 1112 1167 1156 finden
1194 1111 1287 1154 kann,

481 1198 554 1229 oder
586 1199 642 1234 gar
673 1187 893 1235 nachtheiligen
924 1183 1204 1230 Vermuthungen,
1241 1183 1289 1220 die

481 1275 567 1307 nicht
590 1272 703 1304 einmal
726 1258 967 1299 wahrſcheinlich
990 1255 1073 1295 ſind,
1106 1243 1215 1293 Gehoͤr
1215 1248 1290 1291 ge⸗

481 1342 541 1378 ben
561 1341 635 1376 will.

537 1414 608 1445 Mit
619 1413 674 1443 den
688 1410 938 1440 Weiſſagungen,
968 1403 1016 1431 die
1026 1394 1080 1433 hin
1099 1401 1156 1427 und
1155 1383 1290 1426 wieder

484 1468 605 1514 gehoͤrt,
630 1467 811 1509 nachgeſagt
825 1467 890 1501 und
908 1461 1147 1507 aufgeſchrieben
1164 1463 1291 1501 worden

483 1546 562 1591 ſind,
589 1543 644 1585 hat
660 1544 694 1575 es
711 1544 740 1579 in
750 1543 915 1587 Anſehung
931 1542 986 1576 des
999 1525 1290 1584 Wahrſcheinlichen

485 1614 552 1648 und
587 1606 779 1657 Erdichteten
816 1607 936 1652 dieſelbe
975 1603 1192 1646 Bewandniß,
1233 1603 1292 1640 wie

485 1690 547 1724 mit
578 1686 633 1720 den
656 1674 915 1717 Erſcheinungen.
980 1671 1068 1710 Viele
1094 1676 1198 1709 davon
1225 1671 1320 1715 ſind

487 1749 675 1794 Taͤuſchung
690 1751 761 1783 oder
775 1747 987 1787 Einbildung,
1014 1744 1059 1781 bei
1080 1746 1198 1780 andern
1220 1743 1292 1780 aber

489 1823 548 1869 hat
565 1822 599 1856 es
627 1820 673 1857 die
688 1816 811 1863 richtige
824 1815 970 1862 Ereigniß
993 1818 1050 1854 des
1065 1812 1295 1859 Vorhergeſag⸗

1226 1886 1308 1923 ten,
