<PcGts xmlns="http://schema.primaresearch.org/PAGE/gts/pagecontent/2019-07-15" xmlns:xsi="http://www.w3.org/2001/XMLSchema-instance" xsi:schemaLocation="http://schema.primaresearch.org/PAGE/gts/pagecontent/2019-07-15 http://schema.primaresearch.org/PAGE/gts/pagecontent/2019-07-15/pagecontent.xsd" pcGtsId="OCR-D-GT-FULLTEXT-REPAIR-271">
  <Metadata>
    <Creator>OCR-D DFG Phase III</Creator>
    <Created>2024-01-19T13:07:57Z</Created>
    <LastChange>2024-01-19T13:07:57Z</LastChange>
    <Comments>ODEM: OCR-D extension for mass digitization (2021-2024)</Comments>
    <MetadataItem type="processingStep" name="layout/segmentation/region" value="ocrd-segment-repair">
      <Labels externalModel="ocrd-tool" externalId="parameters">
        <Label value="False" type="sanitize"/>
        <Label value="5" type="sanitize_padding"/>
        <Label value="0" type="simplify"/>
        <Label value="False" type="plausibilize"/>
        <Label value="0.9" type="plausibilize_merge_min_overlap"/>
        <Label value="0" type="spread"/>
        <Label value="region" type="spread_level"/>
      </Labels>
      <Labels externalModel="ocrd-tool" externalId="version">
        <Label value="0.1.24" type="ocrd-segment-repair"/>
        <Label value="2.65.0" type="ocrd/core"/>
      </Labels>
    </MetadataItem>
  </Metadata>
  <Page imageFilename="https://opendata.uni-halle.de/retrieve/7c3b1925-acdd-4988-99e9-60f0fc7a8805/00000040.jpg" imageWidth="1574" imageHeight="2627" type="content" primaryLanguage="German">
    <Border>
      <Coords points="73,96 74,2561 1448,2561 1450,86"/>
    </Border>
    <ReadingOrder>
      <OrderedGroup id="ro_1651749485910" caption="Regions reading order">
        <RegionRefIndexed index="0" regionRef="region0005"/>
      </OrderedGroup>
    </ReadingOrder>
    <TextRegion id="region0005" custom="readingOrder {index:0;}" orientation="0.27578333" readingDirection="left-to-right">
      <Coords points="447,415 1418,408 1420,2226 449,2233"/>
      <TextLine id="region0005_line0001" custom="readingOrder {index:0;}">
        <Coords points="1027,411 1018,418 920,413 774,413 759,420 722,424 663,424 657,419 645,419 638,424 549,423 503,427 499,427 492,418 481,418 475,422 473,428 448,429 448,471 532,470 542,476 558,476 565,471 600,471 609,480 619,480 628,471 673,468 894,463 932,465 938,470 950,469 956,464 1002,463 1124,467 1134,468 1141,476 1149,475 1156,467 1205,463 1368,463 1418,459 1418,415 1352,418 1346,412 1335,412 1327,418 1283,419 1227,410 1208,410 1204,413 1154,420 1081,421 1050,419 1046,411"/>
        <Word id="region0005_line0001_word0000" custom="readingOrder {index:0;}">
          <Coords points="495,423 474,423 473,428 463,428 463,460 517,460 517,425 503,427 499,427"/>
          <TextEquiv conf="0.9302192">
            <Unicode>ein</Unicode>
          </TextEquiv>
        </Word>
        <Word id="region0005_line0001_word0001" custom="readingOrder {index:1;}">
          <Coords points="659,468 659,425 543,425 543,469 658,469"/>
          <TextEquiv conf="0.9192418">
            <Unicode>ganzes</Unicode>
          </TextEquiv>
        </Word>
        <Word id="region0005_line0001_word0002" custom="readingOrder {index:2;}">
          <Coords points="684,427 785,426 785,459 684,460"/>
          <TextEquiv conf="0.9309167">
            <Unicode>neues</Unicode>
          </TextEquiv>
        </Word>
        <Word id="region0005_line0001_word0003" custom="readingOrder {index:3;}">
          <Coords points="808,421 913,421 913,459 808,459"/>
          <TextEquiv conf="0.9250695">
            <Unicode>Werk</Unicode>
          </TextEquiv>
        </Word>
        <Word id="region0005_line0001_word0004" custom="readingOrder {index:4;}">
          <Coords points="975,464 975,428 937,429 937,465 955,465 956,464"/>
          <TextEquiv conf="0.9327111">
            <Unicode>zu</Unicode>
          </TextEquiv>
        </Word>
        <Word id="region0005_line0001_word0005" custom="readingOrder {index:5;}">
          <Coords points="1015,418 993,418 993,463 1002,463 1124,467 1126,467 1155,467 1155,420 1154,420 1081,421 1050,419 1049,418 1018,418 1018,418"/>
          <TextEquiv conf="0.9285669">
            <Unicode>erbauen,</Unicode>
          </TextEquiv>
        </Word>
        <Word id="region0005_line0001_word0006" custom="readingOrder {index:6;}">
          <Coords points="1188,417 1240,417 1240,455 1188,455"/>
          <TextEquiv conf="0.92390555">
            <Unicode>als</Unicode>
          </TextEquiv>
        </Word>
        <Word id="region0005_line0001_word0007" custom="readingOrder {index:7;}">
          <Coords points="1267,428 1312,428 1312,456 1267,456"/>
          <TextEquiv conf="0.9146342">
            <Unicode>an</Unicode>
          </TextEquiv>
        </Word>
        <Word id="region0005_line0001_word0008" custom="readingOrder {index:8;}">
          <Coords points="1334,422 1407,421 1407,456 1334,457"/>
          <TextEquiv conf="0.92616034">
            <Unicode>dem</Unicode>
          </TextEquiv>
        </Word>
        <TextEquiv conf="0.92571396">
          <Unicode>ein ganzes neues Werk zu erbauen, als an dem</Unicode>
        </TextEquiv>
      </TextLine>
      <TextLine id="region0005_line0002" custom="readingOrder {index:1;}">
        <Coords points="858,467 844,477 728,481 713,481 706,472 678,474 672,481 659,481 653,473 642,473 630,482 599,485 548,483 525,476 501,472 448,473 449,530 514,529 576,532 582,539 592,540 602,532 665,527 671,527 685,535 699,534 704,526 756,524 762,531 769,532 778,522 818,521 890,521 904,527 911,525 914,521 1032,525 1039,535 1048,535 1058,525 1193,524 1241,521 1357,523 1418,520 1418,471 1403,470 1398,466 1369,470 1362,465 1350,469 1296,466 1255,474 1184,478 1174,478 1169,471 1158,470 1146,480 1082,480 1057,478 1050,469 1038,470 1028,478 998,476 990,469 982,469 974,475 950,472 938,477 907,478 875,477 871,468"/>
        <Word id="region0005_line0002_word0000" custom="readingOrder {index:0;}">
          <Coords points="529,477 463,478 463,519 563,518 563,483 548,483"/>
          <TextEquiv conf="0.9618565">
            <Unicode>Alten</Unicode>
          </TextEquiv>
        </Word>
        <Word id="region0005_line0002_word0001" custom="readingOrder {index:1;}">
          <Coords points="582,491 620,491 621,528 583,528"/>
          <TextEquiv conf="0.96429175">
            <Unicode>zu</Unicode>
          </TextEquiv>
        </Word>
        <Word id="region0005_line0002_word0002" custom="readingOrder {index:2;}">
          <Coords points="656,477 638,478 638,524 777,523 778,522 778,479 728,481 713,481 710,477 674,477 672,481 659,481"/>
          <TextEquiv conf="0.9221982">
            <Unicode>beſſern,</Unicode>
          </TextEquiv>
        </Word>
        <Word id="region0005_line0002_word0003" custom="readingOrder {index:3;}">
          <Coords points="874,476 845,476 844,477 799,478 799,521 818,521 890,521 912,521 912,477 907,478 875,477"/>
          <TextEquiv conf="0.9194451">
            <Unicode>wobey</Unicode>
          </TextEquiv>
        </Word>
        <Word id="region0005_line0002_word0004" custom="readingOrder {index:4;}">
          <Coords points="930,482 964,481 964,513 930,514"/>
          <TextEquiv conf="0.96988314">
            <Unicode>es</Unicode>
          </TextEquiv>
        </Word>
        <Word id="region0005_line0002_word0005" custom="readingOrder {index:5;}">
          <Coords points="998,476 980,476 980,523 1032,525 1057,525 1057,478 1055,476 1030,476 1028,478"/>
          <TextEquiv conf="0.9552331">
            <Unicode>doch</Unicode>
          </TextEquiv>
        </Word>
        <Word id="region0005_line0002_word0006" custom="readingOrder {index:6;}">
          <Coords points="1075,488 1140,488 1140,515 1075,515"/>
          <TextEquiv conf="0.96742094">
            <Unicode>nur</Unicode>
          </TextEquiv>
        </Word>
        <Word id="region0005_line0002_word0007" custom="readingOrder {index:7;}">
          <Coords points="1173,477 1156,477 1156,514 1273,514 1273,477 1201,477 1184,478 1174,478"/>
          <TextEquiv conf="0.9305403">
            <Unicode>immer</Unicode>
          </TextEquiv>
        </Word>
        <Word id="region0005_line0002_word0008" custom="readingOrder {index:8;}">
          <Coords points="1283,476 1408,475 1408,515 1283,516"/>
          <TextEquiv>
            <Unicode>Stuͤck⸗</Unicode>
          </TextEquiv>
        </Word>
        <TextEquiv>
          <Unicode>Alten zu beſſern, wobey es doch nur immer Stuͤck⸗</Unicode>
        </TextEquiv>
      </TextLine>
      <TextLine id="region0005_line0003" custom="readingOrder {index:2;}">
        <Coords points="778,523 768,537 685,538 682,534 667,529 654,537 644,532 624,533 620,536 615,533 604,533 588,542 556,541 551,536 539,536 528,541 449,543 449,588 554,589 558,593 572,594 594,588 664,583 835,579 842,572 847,572 855,581 862,582 964,580 1010,584 1086,584 1090,587 1120,583 1189,583 1192,589 1201,592 1207,591 1215,583 1253,580 1305,580 1315,588 1327,588 1335,581 1419,578 1419,564 1418,534 1367,534 1359,530 1333,533 1327,527 1314,527 1306,533 1280,534 1252,533 1246,528 1237,528 1230,533 1213,533 1208,528 1199,528 1186,536 1135,540 1094,536 1087,529 1077,529 1067,530 1054,538 1025,539 976,534 959,525 925,524 913,524 905,528 895,525 856,526 836,535 798,536 794,524"/>
        <Word id="region0005_line0003_word0000" custom="readingOrder {index:0;}">
          <Coords points="464,542 464,573 549,572 549,537 536,537 528,541"/>
          <TextEquiv conf="0.9269298">
            <Unicode>werk</Unicode>
          </TextEquiv>
        </Word>
        <Word id="region0005_line0003_word0001" custom="readingOrder {index:1;}">
          <Coords points="616,534 602,534 588,542 563,541 563,580 724,580 724,537 685,538 682,534 658,534 654,537 648,534 622,534 620,536"/>
          <TextEquiv conf="0.9097734">
            <Unicode>geblieben</Unicode>
          </TextEquiv>
        </Word>
        <Word id="region0005_line0003_word0002" custom="readingOrder {index:2;}">
          <Coords points="795,527 775,527 768,537 740,537 740,570 841,570 841,532 836,535 798,536"/>
          <TextEquiv conf="0.90635765">
            <Unicode>waͤre.</Unicode>
          </TextEquiv>
        </Word>
        <Word id="region0005_line0003_word0003" custom="readingOrder {index:3;}">
          <Coords points="970,531 895,532 895,572 992,571 992,535 976,534"/>
          <TextEquiv conf="0.9306228">
            <Unicode>Man</Unicode>
          </TextEquiv>
        </Word>
        <Word id="region0005_line0003_word0004" custom="readingOrder {index:4;}">
          <Coords points="1090,532 1063,532 1054,538 1025,539 1009,537 1009,573 1117,573 1117,538 1094,536"/>
          <TextEquiv conf="0.92495483">
            <Unicode>wollte</Unicode>
          </TextEquiv>
        </Word>
        <Word id="region0005_line0003_word0005" custom="readingOrder {index:5;}">
          <Coords points="1211,531 1193,531 1186,536 1135,540 1134,539 1134,579 1213,578 1213,533"/>
          <TextEquiv conf="0.9300891">
            <Unicode>auch</Unicode>
          </TextEquiv>
        </Word>
        <Word id="region0005_line0003_word0006" custom="readingOrder {index:6;}">
          <Coords points="1249,531 1236,531 1236,575 1333,575 1333,533 1331,531 1308,531 1306,533 1280,534 1252,533"/>
          <TextEquiv conf="0.92656827">
            <Unicode>durch</Unicode>
          </TextEquiv>
        </Word>
        <Word id="region0005_line0003_word0007" custom="readingOrder {index:7;}">
          <Coords points="1348,535 1410,534 1410,567 1348,568"/>
          <TextEquiv conf="0.92405885">
            <Unicode>den</Unicode>
          </TextEquiv>
        </Word>
        <TextEquiv conf="0.9224193">
          <Unicode>werk geblieben waͤre. Man wollte auch durch den</Unicode>
        </TextEquiv>
      </TextLine>
      <TextLine id="region0005_line0004" custom="readingOrder {index:3;}">
        <Coords points="842,573 834,583 788,583 774,585 762,591 727,585 720,590 691,591 669,598 588,600 584,593 578,593 557,594 546,601 530,601 487,595 483,592 449,595 449,651 508,651 513,656 522,656 537,649 649,644 667,645 674,651 683,651 692,646 719,647 724,652 735,652 745,646 788,641 940,639 946,639 953,647 961,647 967,642 1038,643 1045,644 1050,653 1062,655 1069,644 1073,644 1079,650 1091,650 1099,644 1114,644 1126,645 1132,651 1143,651 1160,643 1201,642 1225,643 1234,649 1258,642 1301,639 1311,632 1326,639 1343,639 1344,644 1350,646 1361,645 1366,638 1393,639 1419,636 1419,595 1376,594 1370,586 1353,587 1344,595 1304,594 1299,590 1290,590 1285,594 1224,597 1205,596 1203,593 1189,590 1182,596 1137,599 1135,588 1129,584 1116,585 1112,589 1103,589 1098,593 1093,589 1075,591 1068,587 1058,587 1050,591 1017,586 964,586 946,590 934,590 929,594 910,594 904,586 894,585 878,595 858,595 852,587 855,582 852,577"/>
        <Word id="region0005_line0004_word0000" custom="readingOrder {index:0;}">
          <Coords points="462,593 462,634 690,633 690,591 669,598 588,600 584,593 578,593 557,594 546,601 530,601 487,595 483,592"/>
          <TextEquiv conf="0.91748786">
            <Unicode>Orgelbauer,</Unicode>
          </TextEquiv>
        </Word>
        <Word id="region0005_line0004_word0001" custom="readingOrder {index:1;}">
          <Coords points="712,590 712,635 778,634 778,584 774,585 762,591 727,585 720,590"/>
          <TextEquiv conf="0.92447144">
            <Unicode>Hr.</Unicode>
          </TextEquiv>
        </Word>
        <Word id="region0005_line0004_word0002" custom="readingOrder {index:2;}">
          <Coords points="855,583 834,583 834,583 798,583 798,630 968,629 968,586 964,586 946,590 934,590 929,594 910,594 904,586 894,585 878,595 858,595 852,587"/>
          <TextEquiv conf="0.91174203">
            <Unicode>Contius,</Unicode>
          </TextEquiv>
        </Word>
        <Word id="region0005_line0004_word0003" custom="readingOrder {index:3;}">
          <Coords points="993,586 993,635 1171,634 1171,596 1137,599 1135,588 1129,584 1116,585 1112,589 1103,589 1098,593 1093,589 1075,591 1068,587 1058,587 1050,591 1017,586"/>
          <TextEquiv>
            <Unicode>Anſchlaͤge</Unicode>
          </TextEquiv>
        </Word>
        <Word id="region0005_line0004_word0004" custom="readingOrder {index:4;}">
          <Coords points="1190,590 1190,628 1271,628 1271,594 1224,597 1205,596 1203,593"/>
          <TextEquiv conf="0.92817277">
            <Unicode>dazu</Unicode>
          </TextEquiv>
        </Word>
        <Word id="region0005_line0004_word0005" custom="readingOrder {index:5;}">
          <Coords points="1291,590 1291,630 1411,629 1411,594 1376,594 1370,586 1353,587 1344,595 1304,594 1299,590"/>
          <TextEquiv conf="0.91022867">
            <Unicode>verfer⸗</Unicode>
          </TextEquiv>
        </Word>
        <TextEquiv>
          <Unicode>Orgelbauer, Hr. Contius, Anſchlaͤge dazu verfer⸗</Unicode>
        </TextEquiv>
      </TextLine>
      <TextLine id="region0005_line0005" custom="readingOrder {index:4;}">
        <Coords points="1311,633 1304,639 1304,646 1288,643 1249,645 1234,650 1220,647 1212,655 1206,650 1197,650 1192,654 1172,654 1161,653 1151,648 1132,656 1075,657 1056,656 1047,651 1018,651 1009,645 995,645 988,650 954,650 948,644 938,645 931,651 888,653 881,643 872,643 856,654 798,652 737,656 642,656 636,648 623,646 609,648 602,654 588,654 583,649 575,649 559,657 525,662 499,662 494,654 481,652 466,661 449,661 449,709 485,709 493,716 501,716 517,708 598,703 610,709 625,709 632,702 644,702 663,703 669,710 679,711 687,703 733,701 766,701 771,708 782,709 792,706 797,701 963,696 989,698 997,708 1007,708 1016,701 1335,700 1342,708 1352,708 1358,699 1376,699 1386,709 1397,709 1404,705 1407,697 1419,695 1419,653 1402,653 1396,643 1379,646 1374,642 1365,642 1361,646 1343,645 1336,651 1327,651 1327,640"/>
        <Word id="region0005_line0005_word0000" custom="readingOrder {index:0;}">
          <Coords points="463,661 463,696 554,695 554,657 525,662 499,662 494,654 481,652 466,661"/>
          <TextEquiv conf="0.93239266">
            <Unicode>tigen</Unicode>
          </TextEquiv>
        </Word>
        <Word id="region0005_line0005_word0001" custom="readingOrder {index:1;}">
          <Coords points="569,652 569,693 686,693 686,656 642,656 636,648 623,646 609,648 602,654 588,654 583,649 575,649"/>
          <TextEquiv conf="0.91640556">
            <Unicode>laſſen,</Unicode>
          </TextEquiv>
        </Word>
        <Word id="region0005_line0005_word0002" custom="readingOrder {index:2;}">
          <Coords points="804,652 793,652 737,656 718,656 718,693 828,692 828,653"/>
          <TextEquiv conf="0.9268471">
            <Unicode>wagte</Unicode>
          </TextEquiv>
        </Word>
        <Word id="region0005_line0005_word0003" custom="readingOrder {index:3;}">
          <Coords points="881,644 870,644 856,654 845,653 845,683 922,683 922,651 888,653"/>
          <TextEquiv conf="0.9268471">
            <Unicode>aber</Unicode>
          </TextEquiv>
        </Word>
        <Word id="region0005_line0005_word0004" custom="readingOrder {index:4;}">
          <Coords points="950,646 939,647 939,693 1014,692 1014,648 1010,646 993,646 988,650 954,650"/>
          <TextEquiv conf="0.92969453">
            <Unicode>doch</Unicode>
          </TextEquiv>
        </Word>
        <Word id="region0005_line0005_word0005" custom="readingOrder {index:5;}">
          <Coords points="1038,651 1038,684 1173,683 1173,654 1172,654 1161,653 1151,648 1132,656 1075,657 1056,656 1047,651"/>
          <TextEquiv conf="0.90906364">
            <Unicode>damals</Unicode>
          </TextEquiv>
        </Word>
        <Word id="region0005_line0005_word0006" custom="readingOrder {index:6;}">
          <Coords points="1197,650 1197,684 1247,684 1247,647 1243,647 1234,650 1220,647 1212,655 1206,650"/>
          <TextEquiv conf="0.93020326">
            <Unicode>die</Unicode>
          </TextEquiv>
        </Word>
        <Word id="region0005_line0005_word0007" custom="readingOrder {index:7;}">
          <Coords points="1262,644 1262,694 1413,693 1413,653 1402,653 1396,643 1379,646 1374,642 1365,642 1361,646 1343,645 1336,651 1327,651 1327,640 1311,633 1304,639 1304,646 1288,643"/>
          <TextEquiv conf="0.91738486">
            <Unicode>Ausfuͤh⸗</Unicode>
          </TextEquiv>
        </Word>
        <TextEquiv conf="0.92360485">
          <Unicode>tigen laſſen, wagte aber doch damals die Ausfuͤh⸗</Unicode>
        </TextEquiv>
      </TextLine>
      <TextLine id="region0005_line0006" custom="readingOrder {index:5;}">
        <Coords points="928,703 889,706 876,714 862,716 858,716 852,706 829,705 818,715 734,717 729,716 726,708 709,705 699,714 655,711 649,716 615,717 612,710 596,707 591,711 589,718 449,720 450,765 521,763 526,764 530,769 541,771 556,763 696,761 702,770 717,773 720,762 755,764 760,769 777,768 784,764 817,762 819,766 844,771 851,761 1007,757 1052,760 1064,771 1078,770 1083,761 1113,760 1249,759 1260,760 1267,768 1276,768 1286,760 1341,760 1410,753 1409,721 1351,715 1283,712 1275,704 1267,704 1254,713 1224,715 1176,714 1171,711 1156,714 1091,716 1078,715 1072,707 1061,707 1050,713 1033,713 986,711 980,706 966,709"/>
        <Word id="region0005_line0006_word0000" custom="readingOrder {index:0;}">
          <Coords points="464,724 552,723 553,759 465,760"/>
          <TextEquiv conf="0.9187397">
            <Unicode>rung</Unicode>
          </TextEquiv>
        </Word>
        <Word id="region0005_line0006_word0001" custom="readingOrder {index:1;}">
          <Coords points="613,713 590,713 589,718 581,718 582,752 670,752 669,713 652,713 649,716 615,717"/>
          <TextEquiv conf="0.92548907">
            <Unicode>eines</Unicode>
          </TextEquiv>
        </Word>
        <Word id="region0005_line0006_word0002" custom="readingOrder {index:2;}">
          <Coords points="727,711 702,712 703,766 719,765 720,762 735,763 734,717 734,717 729,716"/>
          <TextEquiv conf="0.9174666">
            <Unicode>ſo</Unicode>
          </TextEquiv>
        </Word>
        <Word id="region0005_line0006_word0003" custom="readingOrder {index:3;}">
          <Coords points="856,713 820,713 818,715 761,716 762,762 817,762 850,762 851,761 884,760 884,713 877,713 876,714 862,716 858,716"/>
          <TextEquiv conf="0.9228853">
            <Unicode>groſſen</Unicode>
          </TextEquiv>
        </Word>
        <Word id="region0005_line0006_word0004" custom="readingOrder {index:4;}">
          <Coords points="994,711 910,712 911,759 1007,757 1052,760 1054,762 1083,762 1083,761 1113,760 1175,760 1174,713 1171,711 1156,714 1091,716 1078,715 1075,711 1054,711 1050,713 1033,713"/>
          <TextEquiv conf="0.9212601">
            <Unicode>Unternehmens</Unicode>
          </TextEquiv>
        </Word>
        <Word id="region0005_line0006_word0005" custom="readingOrder {index:5;}">
          <Coords points="1281,710 1258,710 1254,713 1224,715 1204,714 1205,757 1286,757 1285,712 1283,712"/>
          <TextEquiv conf="0.9170324">
            <Unicode>noch</Unicode>
          </TextEquiv>
        </Word>
        <Word id="word_1649226172283_147" custom="readingOrder {index:6;}">
          <Coords points="1311,756 1380,756 1410,753 1409,721 1351,715 1311,713"/>
          <TextEquiv>
            <Unicode>nicht,</Unicode>
          </TextEquiv>
        </Word>
        <TextEquiv>
          <Unicode>rung eines ſo groſſen Unternehmens noch nicht,</Unicode>
        </TextEquiv>
      </TextLine>
      <TextLine id="region0005_line0007" custom="readingOrder {index:6;}">
        <Coords points="1028,763 1018,769 937,774 931,774 925,765 914,765 907,775 881,777 840,776 833,768 823,767 818,767 808,774 723,777 704,772 697,766 689,768 682,776 561,777 541,776 532,770 525,771 519,776 496,775 490,768 474,767 467,770 450,770 450,826 459,826 466,832 473,833 484,824 496,823 680,822 682,830 696,835 700,832 702,824 709,822 851,820 856,828 864,829 870,827 875,820 999,816 1067,819 1077,825 1094,828 1104,824 1105,820 1123,819 1382,818 1400,814 1416,810 1416,778 1400,772 1272,773 1262,767 1254,767 1247,772 1240,763 1227,766 1206,763 1151,763 1114,774 1106,765 1084,766 1075,772 1064,772 1055,765 1043,768 1038,763"/>
        <Word id="region0005_line0007_word0000" custom="readingOrder {index:0;}">
          <Coords points="494,773 465,774 465,829 478,828 484,824 496,823 603,822 603,776 561,777 541,776 537,773 521,773 519,776 496,775"/>
          <TextEquiv conf="0.9196519">
            <Unicode>ſondern</Unicode>
          </TextEquiv>
        </Word>
        <Word id="region0005_line0007_word0001" custom="readingOrder {index:1;}">
          <Coords points="711,774 683,774 682,776 626,776 626,822 680,822 681,826 701,826 702,824 709,822 729,821 729,776 723,777"/>
          <TextEquiv conf="0.9241568">
            <Unicode>muſte</Unicode>
          </TextEquiv>
        </Word>
        <Word id="region0005_line0007_word0002" custom="readingOrder {index:2;}">
          <Coords points="753,781 788,781 788,812 753,812"/>
          <TextEquiv conf="0.9260777">
            <Unicode>es</Unicode>
          </TextEquiv>
        </Word>
        <Word id="region0005_line0007_word0003" custom="readingOrder {index:3;}">
          <Coords points="837,773 816,773 816,820 851,820 852,822 873,822 873,776 840,776"/>
          <TextEquiv conf="0.92959374">
            <Unicode>bey</Unicode>
          </TextEquiv>
        </Word>
        <Word id="region0005_line0007_word0004" custom="readingOrder {index:4;}">
          <Coords points="931,774 908,774 907,775 897,776 897,812 1000,811 1000,773 944,774 937,774 931,774"/>
          <TextEquiv conf="0.92404014">
            <Unicode>einem</Unicode>
          </TextEquiv>
        </Word>
        <Word id="region0005_line0007_word0005" custom="readingOrder {index:5;}">
          <Coords points="1113,773 1024,773 1024,817 1067,819 1072,822 1104,822 1105,820 1123,819 1140,818 1140,773 1117,773 1114,774"/>
          <TextEquiv conf="0.92363185">
            <Unicode>bloſſen</Unicode>
          </TextEquiv>
        </Word>
        <Word id="region0005_line0007_word0006" custom="readingOrder {index:6;}">
          <Coords points="1166,773 1333,773 1333,813 1166,813"/>
          <TextEquiv conf="0.92993563">
            <Unicode>Beledern</Unicode>
          </TextEquiv>
        </Word>
        <Word id="word_1649226174228_150" custom="readingOrder {index:7;}">
          <Coords points="1353,774 1353,814 1400,814 1415,810 1415,777 1405,774"/>
          <TextEquiv>
            <Unicode>der</Unicode>
          </TextEquiv>
        </Word>
        <TextEquiv>
          <Unicode>ſondern muſte es bey einem bloſſen Beledern der</Unicode>
        </TextEquiv>
      </TextLine>
      <TextLine id="region0005_line0008" custom="readingOrder {index:7;}">
        <Coords points="592,821 586,824 587,838 582,840 553,839 545,828 532,826 526,823 518,823 512,827 483,827 473,834 468,834 460,828 450,828 450,884 450,885 530,885 547,893 566,886 593,888 598,885 640,882 725,884 813,878 816,883 832,882 842,885 844,878 928,875 933,882 941,883 947,881 952,874 963,874 1006,877 1012,881 1053,877 1066,884 1075,885 1083,878 1099,881 1112,879 1173,882 1244,876 1372,875 1382,874 1417,870 1417,838 1382,832 1295,831 1288,824 1279,824 1270,831 1209,832 1190,824 1149,823 1127,825 1113,833 1106,825 1090,829 1071,823 1059,834 1054,834 1003,831 992,826 973,829 965,828 959,822 940,822 933,827 902,824 896,827 873,827 864,830 858,830 852,824 843,824 837,828 832,824 822,824 811,830 735,837 695,837 683,831 672,837 645,837 639,831 629,831 623,837 611,837 608,824"/>
        <Word id="region0005_line0008_word0000" custom="readingOrder {index:0;}">
          <Coords points="529,824 515,824 512,827 483,827 473,834 468,834 466,832 466,883 602,882 602,824 586,824 587,838 582,840 553,839 545,828 532,826"/>
          <TextEquiv conf="0.8942463">
            <Unicode>Baͤlge,</Unicode>
          </TextEquiv>
        </Word>
        <Word id="region0005_line0008_word0001" custom="readingOrder {index:1;}">
          <Coords points="644,836 630,836 630,871 693,871 693,836 673,836 672,837 645,837"/>
          <TextEquiv conf="0.9282814">
            <Unicode>das</Unicode>
          </TextEquiv>
        </Word>
        <Word id="region0005_line0008_word0002" custom="readingOrder {index:2;}">
          <Coords points="713,845 763,844 763,873 713,874"/>
          <TextEquiv conf="0.91060686">
            <Unicode>30</Unicode>
          </TextEquiv>
        </Word>
        <Word id="region0005_line0008_word0003" custom="readingOrder {index:3;}">
          <Coords points="877,876 877,833 781,833 781,880 783,880 813,878 814,880 843,880 844,878"/>
          <TextEquiv conf="0.92386216">
            <Unicode>rthlr.</Unicode>
          </TextEquiv>
        </Word>
        <Word id="region0005_line0008_word0004" custom="readingOrder {index:4;}">
          <Coords points="1006,831 896,832 896,876 901,876 928,875 929,876 951,876 952,874 963,874 982,875 1028,875 1028,832"/>
          <TextEquiv conf="0.92905563">
            <Unicode>koſtete,</Unicode>
          </TextEquiv>
        </Word>
        <Word id="region0005_line0008_word0005" custom="readingOrder {index:5;}">
          <Coords points="1112,832 1064,832 1064,882 1078,882 1083,878 1099,881 1112,879 1129,879 1129,832 1114,832 1113,833"/>
          <TextEquiv conf="0.9227808">
            <Unicode>ſein</Unicode>
          </TextEquiv>
        </Word>
        <Word id="region0005_line0008_word0006" custom="readingOrder {index:6;}">
          <Coords points="1208,832 1145,832 1145,875 1337,875 1337,832 1302,831 1244,831 1209,832"/>
          <TextEquiv>
            <Unicode>Bewenden</Unicode>
          </TextEquiv>
        </Word>
        <Word id="word_1649226177045_153" custom="readingOrder {index:7;}">
          <Coords points="1351,832 1351,873 1390,873 1414,870 1414,837 1382,832"/>
          <TextEquiv>
            <Unicode>ha⸗</Unicode>
          </TextEquiv>
        </Word>
        <TextEquiv>
          <Unicode>Baͤlge, das 30 rthlr. koſtete, ſein Bewenden ha⸗</Unicode>
        </TextEquiv>
      </TextLine>
      <TextLine id="region0005_line0009" custom="readingOrder {index:8;}">
        <Coords points="900,877 892,886 865,887 842,887 832,883 816,884 813,887 784,887 780,881 773,880 758,882 753,887 743,887 740,883 732,883 689,890 647,884 598,886 593,889 566,887 538,895 491,895 483,887 450,889 450,941 626,939 749,933 753,940 763,941 776,933 811,931 990,928 1027,931 1045,941 1052,941 1063,931 1088,931 1095,938 1108,938 1119,932 1303,937 1365,934 1414,929 1414,897 1374,889 1304,888 1299,884 1286,885 1258,879 1222,884 1201,891 1185,891 1173,890 1165,884 1157,884 1150,889 1114,888 1103,886 1096,880 1084,880 1080,884 1070,886 1053,878 1034,878 1020,882 975,882 969,876 960,876 952,882 918,884 911,877"/>
        <Word id="region0005_line0009_word0000" custom="readingOrder {index:0;}">
          <Coords points="485,889 466,890 466,930 540,929 540,894 538,895 491,895"/>
          <TextEquiv conf="0.9178864">
            <Unicode>ben.</Unicode>
          </TextEquiv>
        </Word>
        <Word id="region0005_line0009_word0001" custom="readingOrder {index:1;}">
          <Coords points="600,891 697,891 697,930 600,930"/>
          <TextEquiv conf="0.9178864">
            <Unicode>Man</Unicode>
          </TextEquiv>
        </Word>
        <Word id="region0005_line0009_word0002" custom="readingOrder {index:2;}">
          <Coords points="785,932 785,889 713,890 713,934 735,934 749,933 749,933 776,933 776,933"/>
          <TextEquiv conf="0.8998768">
            <Unicode>ließ</Unicode>
          </TextEquiv>
        </Word>
        <Word id="region0005_line0009_word0003" custom="readingOrder {index:3;}">
          <Coords points="798,889 876,889 876,925 798,925"/>
          <TextEquiv conf="0.8998768">
            <Unicode>aber</Unicode>
          </TextEquiv>
        </Word>
        <Word id="region0005_line0009_word0004" custom="readingOrder {index:4;}">
          <Coords points="901,889 935,889 935,925 901,925"/>
          <TextEquiv conf="0.93091935">
            <Unicode>in</Unicode>
          </TextEquiv>
        </Word>
        <Word id="region0005_line0009_word0005" custom="readingOrder {index:5;}">
          <Coords points="959,888 1015,888 1015,923 959,923"/>
          <TextEquiv conf="0.93175626">
            <Unicode>der</Unicode>
          </TextEquiv>
        </Word>
        <Word id="region0005_line0009_word0006" custom="readingOrder {index:6;}">
          <Coords points="1108,887 1026,887 1026,930 1027,931 1036,936 1057,936 1063,931 1088,931 1093,936 1111,936 1119,932 1134,932 1134,888 1114,888"/>
          <TextEquiv conf="0.90080535">
            <Unicode>Folge</Unicode>
          </TextEquiv>
        </Word>
        <Word id="region0005_line0009_word0007" custom="readingOrder {index:7;}">
          <Coords points="1149,892 1218,891 1218,924 1149,925"/>
          <TextEquiv conf="0.90080535">
            <Unicode>den</Unicode>
          </TextEquiv>
        </Word>
        <Word id="region0005_line0009_word0008" custom="readingOrder {index:8;}">
          <Coords points="1232,885 1232,926 1398,930 1413,929 1413,896 1388,891 1304,888 1300,885 1286,885"/>
          <TextEquiv>
            <Unicode>Gedanken</Unicode>
          </TextEquiv>
        </Word>
        <TextEquiv>
          <Unicode>ben. Man ließ aber in der Folge den Gedanken</Unicode>
        </TextEquiv>
      </TextLine>
      <TextLine id="region0005_line0010" custom="readingOrder {index:9;}">
        <Coords points="964,933 951,935 940,946 916,948 844,946 834,941 826,941 819,946 790,946 779,936 769,936 762,946 751,947 638,948 620,946 614,940 596,942 555,939 509,951 464,950 451,952 451,997 564,997 687,992 707,993 713,999 731,1000 740,992 958,991 963,998 973,999 979,991 1096,990 1103,992 1103,997 1108,1003 1118,1004 1124,999 1126,991 1222,989 1237,990 1251,996 1278,992 1285,999 1293,999 1300,992 1378,990 1386,988 1415,992 1415,960 1384,947 1309,944 1305,940 1295,937 1287,937 1279,944 1253,944 1247,937 1234,936 1227,945 1153,945 1138,944 1130,934 1117,934 1105,941 1081,940 1076,935 1064,935 1052,942 1045,942 1029,934"/>
        <Word id="region0005_line0010_word0000" custom="readingOrder {index:0;}">
          <Coords points="466,956 535,955 535,985 466,986"/>
          <TextEquiv conf="0.92993844">
            <Unicode>von</Unicode>
          </TextEquiv>
        </Word>
        <Word id="region0005_line0010_word0001" custom="readingOrder {index:1;}">
          <Coords points="620,946 545,946 545,989 735,988 735,947 638,948"/>
          <TextEquiv conf="0.9158844">
            <Unicode>Erbauung</Unicode>
          </TextEquiv>
        </Word>
        <Word id="region0005_line0010_word0002" custom="readingOrder {index:2;}">
          <Coords points="785,942 764,942 762,946 753,946 753,981 840,981 840,944 836,942 824,942 819,946 790,946"/>
          <TextEquiv conf="0.93033034">
            <Unicode>eines</Unicode>
          </TextEquiv>
        </Word>
        <Word id="region0005_line0010_word0003" custom="readingOrder {index:3;}">
          <Coords points="962,994 961,934 957,934 951,935 940,946 916,948 859,946 859,988 951,988 953,991 958,991 960,994"/>
          <TextEquiv conf="0.91585904">
            <Unicode>neuen</Unicode>
          </TextEquiv>
        </Word>
        <Word id="region0005_line0010_word0004" custom="readingOrder {index:4;}">
          <Coords points="1035,937 986,937 986,990 1088,990 1088,940 1081,940 1078,937 1060,937 1052,942 1045,942"/>
          <TextEquiv conf="0.9288797">
            <Unicode>Werks</Unicode>
          </TextEquiv>
        </Word>
        <Word id="region0005_line0010_word0005" custom="readingOrder {index:5;}">
          <Coords points="1136,942 1109,942 1109,996 1124,996 1126,991 1141,990 1141,944 1138,944"/>
          <TextEquiv conf="0.92336917">
            <Unicode>ſo</Unicode>
          </TextEquiv>
        </Word>
        <Word id="region0005_line0010_word0006" custom="readingOrder {index:6;}">
          <Coords points="1252,943 1228,943 1227,945 1160,945 1160,986 1265,986 1265,944 1253,944"/>
          <TextEquiv conf="0.9290341">
            <Unicode>wenig</Unicode>
          </TextEquiv>
        </Word>
        <Word id="region0005_line0010_word0007" custom="readingOrder {index:7;}">
          <Coords points="1283,944 1283,989 1353,990 1378,990 1386,988 1411,991 1411,958 1384,947 1309,944"/>
          <TextEquiv>
            <Unicode>fahren,</Unicode>
          </TextEquiv>
        </Word>
        <TextEquiv>
          <Unicode>von Erbauung eines neuen Werks ſo wenig fahren,</Unicode>
        </TextEquiv>
      </TextLine>
      <TextLine id="region0005_line0011" custom="readingOrder {index:10;}">
        <Coords points="1006,993 985,995 962,1003 944,1003 938,998 927,998 920,1004 877,1007 848,1007 844,1004 834,1004 830,1007 798,1007 792,997 777,999 768,1007 730,1008 728,1001 725,1000 712,1000 699,1008 697,1002 689,998 679,999 674,1008 667,1004 658,1004 653,1008 541,1007 535,999 521,1000 511,1008 469,1003 465,1006 451,1006 452,1056 507,1056 513,1062 524,1062 533,1055 746,1054 772,1055 779,1065 789,1066 802,1055 811,1054 963,1050 996,1053 1077,1053 1087,1063 1098,1062 1107,1053 1194,1053 1202,1054 1210,1061 1218,1061 1229,1058 1233,1053 1347,1051 1415,1038 1415,1006 1357,1002 1292,1002 1283,1001 1277,994 1266,994 1259,1004 1255,1003 1253,997 1240,995 1225,1005 1216,1005 1209,996 1198,996 1191,1003 1185,999 1177,999 1168,1006 1129,1008 1103,1005 1097,996 1084,996 1072,1002 1053,995"/>
        <Word id="region0005_line0011_word0000" custom="readingOrder {index:0;}">
          <Coords points="498,1006 467,1007 467,1052 534,1051 534,1006 513,1006 511,1008"/>
          <TextEquiv conf="0.95568">
            <Unicode>daß</Unicode>
          </TextEquiv>
        </Word>
        <Word id="region0005_line0011_word0001" custom="readingOrder {index:1;}">
          <Coords points="554,1016 633,1016 633,1045 554,1045"/>
          <TextEquiv conf="0.9613742">
            <Unicode>man</Unicode>
          </TextEquiv>
        </Word>
        <Word id="region0005_line0011_word0002" custom="readingOrder {index:2;}">
          <Coords points="668,1004 659,1005 659,1054 746,1054 772,1055 772,1056 800,1056 802,1055 811,1054 815,1053 815,1007 798,1007 796,1004 771,1004 768,1007 730,1008 729,1004 704,1004 699,1008 697,1004 675,1004 674,1008"/>
          <TextEquiv conf="0.9626179">
            <Unicode>vielmehr</Unicode>
          </TextEquiv>
        </Word>
        <Word id="region0005_line0011_word0003" custom="readingOrder {index:3;}">
          <Coords points="835,1011 911,1011 911,1044 835,1044"/>
          <TextEquiv>
            <Unicode>von</Unicode>
          </TextEquiv>
        </Word>
        <Word id="region0005_line0011_word0004" custom="readingOrder {index:4;}">
          <Coords points="927,1007 983,1006 983,1043 927,1044"/>
          <TextEquiv>
            <Unicode>der</Unicode>
          </TextEquiv>
        </Word>
        <Word id="region0005_line0011_word0005" custom="readingOrder {index:5;}">
          <Coords points="1071,1002 1000,1002 1000,1053 1077,1053 1078,1054 1106,1054 1107,1053 1194,1053 1197,1053 1233,1053 1233,1053 1292,1052 1292,1002 1283,1001 1261,1001 1259,1004 1255,1003 1254,1001 1231,1001 1225,1005 1216,1005 1213,1001 1193,1001 1191,1003 1189,1001 1174,1001 1168,1006 1129,1008 1103,1005 1101,1002 1072,1002 1072,1002"/>
          <TextEquiv>
            <Unicode>Nothwendigkeit</Unicode>
          </TextEquiv>
        </Word>
        <Word id="word_1649226198669_159" custom="readingOrder {index:6;}">
          <Coords points="1310,1002 1310,1045 1378,1045 1412,1038 1412,1005 1357,1002"/>
          <TextEquiv>
            <Unicode>deſſel⸗</Unicode>
          </TextEquiv>
        </Word>
        <TextEquiv>
          <Unicode>daß man vielmehr von der Nothwendigkeit deſſel⸗</Unicode>
        </TextEquiv>
      </TextLine>
      <TextLine id="region0005_line0012" custom="readingOrder {index:11;}">
        <Coords points="850,1054 841,1065 818,1066 811,1058 801,1058 789,1067 760,1069 632,1070 625,1060 612,1061 607,1070 517,1070 495,1068 486,1058 452,1061 452,1116 595,1118 790,1113 797,1124 803,1125 813,1122 821,1113 915,1113 923,1121 934,1121 943,1112 972,1112 978,1118 993,1119 1003,1112 1087,1111 1128,1113 1132,1121 1142,1122 1150,1113 1370,1109 1414,1097 1414,1065 1376,1058 1322,1061 1316,1056 1308,1056 1296,1064 1223,1067 1175,1067 1170,1063 1161,1063 1157,1066 1123,1066 1116,1065 1111,1060 1102,1060 1095,1065 1070,1066 1020,1064 1016,1061 1007,1061 1003,1064 889,1066 887,1059 881,1055 867,1058 862,1054"/>
        <Word id="region0005_line0012_word0000" custom="readingOrder {index:0;}">
          <Coords points="490,1062 469,1063 469,1105 530,1104 530,1070 517,1070 495,1068"/>
          <TextEquiv conf="0.93073">
            <Unicode>ben</Unicode>
          </TextEquiv>
        </Word>
        <Word id="region0005_line0012_word0001" custom="readingOrder {index:1;}">
          <Coords points="540,1074 604,1074 604,1105 540,1105"/>
          <TextEquiv conf="0.92145014">
            <Unicode>nur</Unicode>
          </TextEquiv>
        </Word>
        <Word id="region0005_line0012_word0002" custom="readingOrder {index:2;}">
          <Coords points="627,1064 614,1064 614,1104 733,1104 733,1069 632,1070"/>
          <TextEquiv conf="0.92013407">
            <Unicode>immer</Unicode>
          </TextEquiv>
        </Word>
        <Word id="region0005_line0012_word0003" custom="readingOrder {index:3;}">
          <Coords points="815,1063 794,1063 789,1067 760,1069 741,1069 741,1113 790,1113 821,1113 834,1113 834,1065 818,1066"/>
          <TextEquiv conf="0.9311371">
            <Unicode>mehr</Unicode>
          </TextEquiv>
        </Word>
        <Word id="region0005_line0012_word0004" custom="readingOrder {index:4;}">
          <Coords points="867,1058 847,1058 843,1063 843,1109 1017,1108 1017,1062 1016,1061 1007,1061 1003,1064 889,1066 887,1059 885,1058 868,1058 867,1058"/>
          <TextEquiv conf="0.92131513">
            <Unicode>uͤberzeugt</Unicode>
          </TextEquiv>
        </Word>
        <Word id="region0005_line0012_word0005" custom="readingOrder {index:5;}">
          <Coords points="1115,1064 1096,1064 1095,1065 1070,1066 1026,1064 1026,1109 1149,1109 1149,1066 1123,1066 1116,1065"/>
          <TextEquiv conf="0.9223451">
            <Unicode>wurde,</Unicode>
          </TextEquiv>
        </Word>
        <Word id="region0005_line0012_word0006" custom="readingOrder {index:6;}">
          <Coords points="1161,1063 1161,1099 1357,1105 1357,1067 1300,1061 1296,1064 1223,1067 1175,1067 1170,1063"/>
          <TextEquiv>
            <Unicode>vornemlich</Unicode>
          </TextEquiv>
        </Word>
        <Word id="word_1649226201991_162" custom="readingOrder {index:7;}">
          <Coords points="1368,1062 1368,1104 1388,1104 1414,1097 1414,1065 1397,1062"/>
          <TextEquiv>
            <Unicode>da</Unicode>
          </TextEquiv>
        </Word>
        <TextEquiv>
          <Unicode>ben nur immer mehr uͤberzeugt wurde, vornemlich da</Unicode>
        </TextEquiv>
      </TextLine>
      <TextLine id="region0005_line0013" custom="readingOrder {index:12;}">
        <Coords points="1008,1113 998,1121 951,1115 916,1126 908,1126 901,1118 891,1118 883,1127 871,1124 858,1124 854,1127 835,1126 828,1117 820,1117 813,1123 803,1126 781,1126 770,1118 748,1116 702,1119 689,1125 678,1125 668,1119 655,1119 646,1125 614,1129 603,1129 599,1126 584,1129 576,1121 566,1121 555,1129 522,1131 516,1124 506,1124 498,1131 452,1133 453,1183 483,1184 492,1180 521,1177 560,1177 561,1180 570,1182 584,1177 615,1176 650,1178 657,1185 670,1186 678,1178 703,1178 721,1170 734,1177 892,1173 954,1180 999,1177 1006,1182 1028,1174 1047,1173 1070,1180 1117,1181 1124,1178 1172,1177 1214,1170 1242,1170 1282,1175 1356,1175 1412,1162 1411,1130 1366,1124 1195,1125 1189,1120 1179,1120 1172,1125 1134,1128 1041,1126 1024,1125 1019,1114"/>
        <Word id="region0005_line0013_word0000" custom="readingOrder {index:0;}">
          <Coords points="520,1129 501,1129 498,1131 467,1132 468,1176 636,1175 635,1128 621,1128 614,1129 603,1129 602,1128 588,1128 584,1129 583,1128 556,1128 555,1129 522,1131"/>
          <TextEquiv conf="0.90339285">
            <Unicode>gedachter</Unicode>
          </TextEquiv>
        </Word>
        <Word id="region0005_line0013_word0001" custom="readingOrder {index:1;}">
          <Coords points="710,1174 710,1127 643,1127 643,1177 650,1178 678,1178 703,1178"/>
          <TextEquiv conf="0.9294352">
            <Unicode>Hr.</Unicode>
          </TextEquiv>
        </Word>
        <Word id="region0005_line0013_word0002" custom="readingOrder {index:2;}">
          <Coords points="780,1126 721,1126 722,1169 873,1168 872,1125 857,1125 854,1127 835,1126 834,1125 805,1125 803,1126 781,1126"/>
          <TextEquiv conf="0.90817314">
            <Unicode>Contius</Unicode>
          </TextEquiv>
        </Word>
        <Word id="region0005_line0013_word0003" custom="readingOrder {index:3;}">
          <Coords points="891,1127 936,1127 937,1164 892,1164"/>
          <TextEquiv conf="0.9303257">
            <Unicode>im</Unicode>
          </TextEquiv>
        </Word>
        <Word id="region0005_line0013_word0004" custom="readingOrder {index:4;}">
          <Coords points="998,1121 944,1121 945,1174 1028,1174 1040,1173 1040,1125 1024,1125 1022,1121"/>
          <TextEquiv conf="0.9083626">
            <Unicode>Jahr</Unicode>
          </TextEquiv>
        </Word>
        <Word id="region0005_line0013_word0005" custom="readingOrder {index:5;}">
          <Coords points="1055,1135 1158,1134 1159,1170 1056,1171"/>
          <TextEquiv conf="0.9387269">
            <Unicode>1755</Unicode>
          </TextEquiv>
        </Word>
        <Word id="region0005_line0013_word0006" custom="readingOrder {index:6;}">
          <Coords points="1179,1128 1240,1128 1241,1162 1180,1162"/>
          <TextEquiv conf="0.95187235">
            <Unicode>den</Unicode>
          </TextEquiv>
        </Word>
        <Word id="region0005_line0013_word0007" custom="readingOrder {index:7;}">
          <Coords points="1255,1135 1301,1135 1302,1166 1256,1166"/>
          <TextEquiv conf="0.95187235">
            <Unicode>25</Unicode>
          </TextEquiv>
        </Word>
        <Word id="word_1649226204890_165" custom="readingOrder {index:8;}">
          <Coords points="1410,1129 1366,1124 1320,1124 1320,1166 1394,1166 1410,1162"/>
          <TextEquiv>
            <Unicode>Spt.</Unicode>
          </TextEquiv>
        </Word>
        <TextEquiv>
          <Unicode>gedachter Hr. Contius im Jahr 1755 den 25 Spt.</Unicode>
        </TextEquiv>
      </TextLine>
      <TextLine id="region0005_line0014" custom="readingOrder {index:13;}">
        <Coords points="808,1175 781,1178 771,1184 762,1177 753,1177 747,1181 744,1188 725,1190 696,1190 690,1179 678,1179 670,1188 649,1187 641,1179 614,1182 584,1178 570,1183 554,1181 525,1189 464,1184 453,1186 453,1235 517,1235 564,1238 648,1235 656,1242 668,1242 679,1235 729,1233 1089,1231 1095,1227 1108,1227 1114,1231 1143,1231 1146,1237 1152,1238 1169,1231 1199,1231 1203,1236 1207,1236 1222,1230 1369,1227 1381,1224 1416,1215 1416,1183 1381,1182 1200,1185 1185,1182 1169,1184 1166,1178 1153,1177 1140,1185 1132,1179 1124,1179 1116,1182 1114,1186 1052,1186 1047,1177 1035,1176 1007,1182 1003,1186 950,1184 943,1179 929,1179 917,1185 880,1186 873,1181"/>
        <Word id="region0005_line0014_word0000" custom="readingOrder {index:0;}">
          <Coords points="516,1188 466,1189 466,1225 539,1224 539,1188 528,1188 525,1189"/>
          <TextEquiv conf="0.92323744">
            <Unicode>dem</Unicode>
          </TextEquiv>
        </Word>
        <Word id="region0005_line0014_word0001" custom="readingOrder {index:1;}">
          <Coords points="647,1185 559,1185 559,1233 710,1233 710,1190 696,1190 693,1185 672,1185 670,1188 649,1187"/>
          <TextEquiv conf="0.9242725">
            <Unicode>Kollegio</Unicode>
          </TextEquiv>
        </Word>
        <Word id="region0005_line0014_word0002" custom="readingOrder {index:2;}">
          <Coords points="733,1189 733,1225 786,1224 786,1186 744,1186 744,1188"/>
          <TextEquiv conf="0.92558515">
            <Unicode>ein</Unicode>
          </TextEquiv>
        </Word>
        <Word id="region0005_line0014_word0003" custom="readingOrder {index:3;}">
          <Coords points="876,1183 802,1184 802,1226 984,1225 984,1185 950,1184 948,1183 920,1183 917,1185 880,1186"/>
          <TextEquiv conf="0.9264955">
            <Unicode>Bedenken</Unicode>
          </TextEquiv>
        </Word>
        <Word id="region0005_line0014_word0004" custom="readingOrder {index:4;}">
          <Coords points="1051,1184 1005,1184 1005,1231 1090,1231 1095,1227 1108,1227 1113,1230 1220,1230 1220,1185 1200,1185 1191,1183 1175,1183 1169,1184 1169,1183 1143,1183 1140,1185 1138,1183 1115,1183 1114,1186 1052,1186"/>
          <TextEquiv conf="0.92047507">
            <Unicode>uͤberreichte,</Unicode>
          </TextEquiv>
        </Word>
        <Word id="region0005_line0014_word0005" custom="readingOrder {index:5;}">
          <Coords points="1243,1192 1243,1221 1407,1217 1414,1215 1414,1188 1344,1182 1307,1183"/>
          <TextEquiv>
            <Unicode>worinnen</Unicode>
          </TextEquiv>
        </Word>
        <TextEquiv>
          <Unicode>dem Kollegio ein Bedenken uͤberreichte, worinnen</Unicode>
        </TextEquiv>
      </TextLine>
      <TextLine id="region0005_line0015" custom="readingOrder {index:14;}">
        <Coords points="1095,1228 1089,1232 1088,1239 1076,1238 1070,1233 1056,1236 1035,1231 944,1233 939,1238 920,1238 916,1235 896,1238 890,1233 875,1233 865,1239 836,1241 831,1236 823,1236 814,1241 788,1243 760,1243 753,1237 745,1237 738,1243 615,1247 611,1239 599,1238 583,1248 453,1250 453,1294 503,1295 511,1292 525,1298 550,1294 565,1299 580,1293 610,1291 667,1289 679,1292 683,1289 770,1285 782,1285 790,1291 802,1286 833,1285 848,1285 853,1289 877,1291 885,1285 911,1282 1065,1284 1071,1291 1081,1291 1087,1284 1110,1284 1116,1292 1132,1284 1199,1283 1202,1293 1220,1293 1223,1285 1233,1286 1240,1292 1255,1292 1261,1286 1268,1285 1391,1283 1417,1275 1417,1243 1391,1241 1268,1239 1260,1238 1252,1230 1234,1235 1222,1231 1198,1239 1177,1239 1165,1233 1152,1239 1136,1233 1120,1233 1115,1236 1108,1228"/>
        <Word id="region0005_line0015_word0000" custom="readingOrder {index:0;}">
          <Coords points="602,1238 598,1238 583,1248 468,1249 468,1283 653,1282 653,1245 615,1247 611,1239"/>
          <TextEquiv conf="0.96766555">
            <Unicode>angegeben</Unicode>
          </TextEquiv>
        </Word>
        <Word id="region0005_line0015_word0001" custom="readingOrder {index:1;}">
          <Coords points="756,1240 740,1240 738,1243 669,1245 669,1282 802,1281 802,1241 788,1243 760,1243"/>
          <TextEquiv conf="0.95150834">
            <Unicode>wurde,</Unicode>
          </TextEquiv>
        </Word>
        <Word id="region0005_line0015_word0002" custom="readingOrder {index:2;}">
          <Coords points="888,1284 888,1233 875,1233 865,1239 836,1241 831,1236 824,1236 824,1285 833,1285 848,1285 853,1289 879,1289 885,1285"/>
          <TextEquiv conf="0.82723916">
            <Unicode>daß</Unicode>
          </TextEquiv>
        </Word>
        <Word id="region0005_line0015_word0003" custom="readingOrder {index:3;}">
          <Coords points="906,1242 968,1241 968,1273 906,1274"/>
          <TextEquiv conf="0.8644411">
            <Unicode>das</Unicode>
          </TextEquiv>
        </Word>
        <Word id="region0005_line0015_word0004" custom="readingOrder {index:4;}">
          <Coords points="1109,1229 1092,1229 1089,1232 1088,1239 1076,1238 1070,1233 1056,1236 1035,1231 976,1232 976,1282 1187,1281 1187,1239 1177,1239 1165,1233 1152,1239 1136,1233 1120,1233 1115,1236"/>
          <TextEquiv conf="0.88352686">
            <Unicode>Ruͤckpoſitiv</Unicode>
          </TextEquiv>
        </Word>
        <Word id="region0005_line0015_word0005" custom="readingOrder {index:5;}">
          <Coords points="1258,1236 1207,1236 1205,1236 1205,1285 1223,1285 1268,1285 1275,1284 1275,1239 1268,1239 1260,1238"/>
          <TextEquiv>
            <Unicode>ſehr</Unicode>
          </TextEquiv>
        </Word>
        <Word id="region0005_line0015_word0006" custom="readingOrder {index:6;}">
          <Coords points="1293,1245 1415,1246 1415,1273 1293,1272"/>
          <TextEquiv>
            <Unicode>wurm⸗</Unicode>
          </TextEquiv>
        </Word>
        <TextEquiv>
          <Unicode>angegeben wurde, daß das Ruͤckpoſitiv ſehr wurm⸗</Unicode>
        </TextEquiv>
      </TextLine>
      <TextLine id="region0005_line0016" custom="readingOrder {index:15;}">
        <Coords points="898,1283 891,1287 888,1297 839,1296 828,1293 823,1287 802,1287 790,1292 782,1286 747,1289 723,1298 703,1297 697,1290 686,1290 674,1297 669,1294 646,1293 641,1298 602,1301 563,1300 550,1295 525,1299 511,1293 501,1296 499,1301 495,1302 488,1296 474,1295 465,1301 453,1301 453,1353 453,1356 461,1356 468,1361 479,1361 487,1351 502,1349 519,1350 524,1355 556,1348 570,1354 579,1350 660,1344 743,1343 751,1352 760,1352 767,1342 806,1342 834,1350 843,1343 852,1342 938,1342 944,1350 955,1349 961,1341 1059,1343 1066,1349 1075,1349 1086,1343 1143,1341 1154,1341 1156,1353 1167,1357 1174,1354 1177,1341 1204,1342 1213,1349 1228,1349 1237,1342 1254,1341 1284,1342 1288,1349 1302,1349 1309,1343 1370,1342 1375,1337 1405,1346 1414,1334 1414,1302 1380,1286 1293,1287 1274,1293 1248,1296 1223,1296 1216,1293 1189,1296 1185,1289 1177,1285 1168,1285 1158,1293 1144,1296 1137,1286 1131,1286 1121,1292 1092,1296 1046,1294 1040,1288 1031,1288 1024,1294 918,1297 914,1284"/>
        <Word id="region0005_line0016_word0000" custom="readingOrder {index:0;}">
          <Coords points="485,1295 472,1295 466,1300 466,1350 496,1349 502,1349 512,1349 550,1349 556,1348 558,1349 578,1349 578,1300 563,1300 550,1295 548,1295 525,1299 516,1295 502,1295 501,1296 499,1301 495,1302 488,1296"/>
          <TextEquiv conf="0.92250854">
            <Unicode>fraͤßig</Unicode>
          </TextEquiv>
        </Word>
        <Word id="region0005_line0016_word0001" custom="readingOrder {index:1;}">
          <Coords points="598,1300 598,1337 667,1337 667,1300 615,1300 602,1301"/>
          <TextEquiv>
            <Unicode>und</Unicode>
          </TextEquiv>
        </Word>
        <Word id="region0005_line0016_word0002" custom="readingOrder {index:2;}">
          <Coords points="701,1294 681,1295 681,1343 743,1343 745,1345 764,1345 767,1342 806,1342 817,1345 840,1345 840,1296 839,1296 831,1294 731,1294 723,1298 703,1297"/>
          <TextEquiv>
            <Unicode>baufaͤllig</Unicode>
          </TextEquiv>
        </Word>
        <Word id="region0005_line0016_word0003" custom="readingOrder {index:3;}">
          <Coords points="916,1289 890,1290 888,1297 858,1296 858,1342 938,1342 938,1342 960,1342 960,1296 918,1297"/>
          <TextEquiv>
            <Unicode>waͤre,</Unicode>
          </TextEquiv>
        </Word>
        <Word id="region0005_line0016_word0004" custom="readingOrder {index:4;}">
          <Coords points="983,1297 1050,1297 1050,1333 983,1333"/>
          <TextEquiv conf="0.967607">
            <Unicode>und</Unicode>
          </TextEquiv>
        </Word>
        <Word id="region0005_line0016_word0005" custom="readingOrder {index:5;}">
          <Coords points="1066,1304 1099,1304 1099,1340 1066,1340"/>
          <TextEquiv conf="0.93188536">
            <Unicode>zu</Unicode>
          </TextEquiv>
        </Word>
        <Word id="region0005_line0016_word0006" custom="readingOrder {index:6;}">
          <Coords points="1142,1293 1108,1294 1108,1342 1143,1341 1154,1341 1155,1348 1175,1348 1177,1341 1204,1342 1212,1348 1228,1348 1237,1342 1254,1341 1274,1341 1274,1293 1248,1296 1223,1296 1216,1293 1212,1293 1189,1296 1187,1293 1154,1293 1144,1296"/>
          <TextEquiv conf="0.89794356">
            <Unicode>beſorgen</Unicode>
          </TextEquiv>
        </Word>
        <Word id="region0005_line0016_word0007" custom="readingOrder {index:7;}">
          <Coords points="1291,1295 1291,1342 1317,1342 1370,1342 1375,1337 1404,1345 1405,1345 1412,1336 1412,1301 1407,1298"/>
          <TextEquiv>
            <Unicode>ſtuͤnde,</Unicode>
          </TextEquiv>
        </Word>
        <TextEquiv>
          <Unicode>fraͤßig und baufaͤllig waͤre, und zu beſorgen ſtuͤnde,</Unicode>
        </TextEquiv>
      </TextLine>
      <TextLine id="region0005_line0017" custom="readingOrder {index:16;}">
        <Coords points="890,1346 878,1347 871,1354 863,1354 855,1347 842,1347 836,1351 816,1347 809,1355 777,1357 752,1356 746,1349 737,1349 728,1357 629,1361 576,1360 568,1359 566,1355 556,1349 525,1358 490,1358 483,1362 454,1364 454,1408 619,1405 646,1406 653,1412 664,1412 683,1405 732,1405 736,1410 746,1410 758,1408 761,1404 831,1402 834,1407 847,1413 854,1403 935,1404 942,1412 951,1411 958,1403 1022,1402 1045,1404 1052,1411 1068,1411 1077,1404 1117,1404 1123,1405 1129,1414 1145,1410 1149,1405 1189,1405 1194,1412 1199,1412 1212,1405 1236,1404 1277,1404 1285,1408 1365,1405 1370,1400 1409,1399 1412,1385 1411,1353 1367,1346 1306,1348 1288,1350 1284,1355 1257,1354 1251,1349 1243,1349 1236,1354 1166,1358 1148,1357 1141,1347 1131,1347 1121,1355 1115,1347 1103,1347 1097,1357 1088,1346 1073,1350 1066,1356 1053,1356 1048,1352 1015,1355 1009,1354 1003,1348 995,1348 986,1354 937,1357 905,1355 900,1347"/>
        <Word id="region0005_line0017_word0000" custom="readingOrder {index:0;}">
          <Coords points="468,1366 505,1366 505,1400 468,1400"/>
          <TextEquiv conf="0.9327561">
            <Unicode>es</Unicode>
          </TextEquiv>
        </Word>
        <Word id="region0005_line0017_word0001" custom="readingOrder {index:1;}">
          <Coords points="566,1355 535,1355 530,1356 531,1397 632,1397 631,1360 629,1361 576,1360 568,1359"/>
          <TextEquiv conf="0.9117598">
            <Unicode>koͤnne</Unicode>
          </TextEquiv>
        </Word>
        <Word id="region0005_line0017_word0002" custom="readingOrder {index:2;}">
          <Coords points="654,1366 715,1366 715,1403 654,1403"/>
          <TextEquiv conf="0.93088526">
            <Unicode>gar</Unicode>
          </TextEquiv>
        </Word>
        <Word id="region0005_line0017_word0003" custom="readingOrder {index:3;}">
          <Coords points="751,1355 736,1355 737,1406 760,1406 761,1404 831,1402 833,1406 852,1405 854,1403 935,1404 936,1405 956,1405 958,1403 957,1356 937,1357 905,1355 905,1354 809,1355 809,1355 777,1357 752,1356"/>
          <TextEquiv conf="0.91823995">
            <Unicode>herabfallen,</Unicode>
          </TextEquiv>
        </Word>
        <Word id="region0005_line0017_word0004" custom="readingOrder {index:4;}">
          <Coords points="1009,1354 993,1354 994,1402 1022,1402 1042,1404 1211,1403 1210,1355 1166,1358 1148,1357 1145,1353 1123,1353 1121,1355 1120,1353 1099,1354 1097,1357 1094,1354 1069,1354 1066,1356 1053,1356 1050,1354 1028,1354 1015,1355 1009,1354"/>
          <TextEquiv conf="0.9215281">
            <Unicode>desgleichen,</Unicode>
          </TextEquiv>
        </Word>
        <Word id="region0005_line0017_word0005" custom="readingOrder {index:5;}">
          <Coords points="1257,1354 1242,1354 1243,1401 1308,1401 1307,1354 1284,1354 1284,1355"/>
          <TextEquiv conf="0.9298275">
            <Unicode>daß</Unicode>
          </TextEquiv>
        </Word>
        <Word id="word_1649226238276_172" custom="readingOrder {index:6;}">
          <Coords points="1334,1353 1334,1397 1409,1397 1412,1385 1411,1353"/>
          <TextEquiv>
            <Unicode>auch</Unicode>
          </TextEquiv>
        </Word>
        <TextEquiv>
          <Unicode>es koͤnne gar herabfallen, desgleichen, daß auch</Unicode>
        </TextEquiv>
      </TextLine>
      <TextLine id="region0005_line0018" custom="readingOrder {index:17;}">
        <Coords points="800,1405 793,1414 762,1413 759,1409 751,1409 701,1417 675,1417 670,1413 660,1413 654,1417 609,1419 580,1415 573,1409 563,1409 552,1415 528,1416 508,1420 483,1419 477,1415 467,1415 454,1418 454,1467 553,1467 556,1472 568,1474 577,1473 582,1467 592,1466 627,1465 636,1472 642,1472 649,1465 682,1463 821,1462 823,1466 835,1469 846,1462 928,1460 962,1461 971,1468 982,1468 993,1461 1043,1460 1145,1463 1374,1461 1385,1458 1415,1453 1415,1421 1387,1417 1323,1416 1304,1408 1213,1407 1183,1417 1159,1417 1149,1411 1132,1417 1061,1417 1057,1414 1045,1417 986,1417 976,1416 969,1406 956,1407 951,1416 913,1417 863,1412 846,1414 832,1406 818,1412 811,1405"/>
        <Word id="region0005_line0018_word0000" custom="readingOrder {index:0;}">
          <Coords points="483,1419 466,1419 466,1454 530,1453 530,1418 517,1418 508,1420 483,1419"/>
          <TextEquiv conf="0.90698195">
            <Unicode>das</Unicode>
          </TextEquiv>
        </Word>
        <Word id="region0005_line0018_word0001" custom="readingOrder {index:1;}">
          <Coords points="578,1413 553,1413 552,1415 548,1415 548,1465 657,1464 682,1463 754,1462 754,1413 725,1413 701,1417 675,1417 670,1413 659,1413 654,1417 609,1419 580,1415"/>
          <TextEquiv conf="0.92468995">
            <Unicode>Hauptwerk</Unicode>
          </TextEquiv>
        </Word>
        <Word id="region0005_line0018_word0002" custom="readingOrder {index:2;}">
          <Coords points="844,1413 793,1413 793,1414 776,1413 776,1460 863,1460 863,1413 854,1413 846,1414"/>
          <TextEquiv conf="0.9232485">
            <Unicode>nicht</Unicode>
          </TextEquiv>
        </Word>
        <Word id="region0005_line0018_word0003" custom="readingOrder {index:3;}">
          <Coords points="974,1413 952,1413 951,1416 913,1417 883,1414 883,1458 1025,1457 1025,1417 986,1417 976,1416"/>
          <TextEquiv conf="0.9225544">
            <Unicode>weniger</Unicode>
          </TextEquiv>
        </Word>
        <Word id="region0005_line0018_word0004" custom="readingOrder {index:4;}">
          <Coords points="1050,1420 1117,1420 1117,1451 1050,1451"/>
          <TextEquiv conf="0.92413664">
            <Unicode>von</Unicode>
          </TextEquiv>
        </Word>
        <Word id="region0005_line0018_word0005" custom="readingOrder {index:5;}">
          <Coords points="1159,1417 1140,1417 1140,1453 1202,1452 1202,1416 1185,1416 1183,1417 1159,1417"/>
          <TextEquiv conf="0.92868596">
            <Unicode>den</Unicode>
          </TextEquiv>
        </Word>
        <Word id="region0005_line0018_word0006" custom="readingOrder {index:6;}">
          <Coords points="1225,1412 1225,1453 1389,1457 1415,1453 1415,1421 1387,1417 1323,1416 1314,1412 1313,1412"/>
          <TextEquiv>
            <Unicode>Wuͤrmern</Unicode>
          </TextEquiv>
        </Word>
        <TextEquiv>
          <Unicode>das Hauptwerk nicht weniger von den Wuͤrmern</Unicode>
        </TextEquiv>
      </TextLine>
      <TextLine id="region0005_line0019" custom="readingOrder {index:18;}">
        <Coords points="888,1464 854,1466 835,1476 829,1469 816,1467 809,1477 777,1476 771,1470 760,1470 752,1476 639,1480 637,1473 625,1470 610,1471 600,1481 580,1481 577,1474 555,1473 548,1481 454,1483 454,1509 454,1529 507,1529 526,1535 535,1529 546,1529 553,1540 564,1539 570,1529 598,1529 604,1534 620,1534 631,1529 664,1528 675,1535 686,1520 693,1521 700,1528 794,1523 934,1524 942,1533 952,1531 958,1521 1001,1523 1011,1530 1020,1530 1029,1523 1073,1520 1079,1528 1100,1528 1107,1520 1191,1521 1203,1522 1214,1527 1226,1526 1230,1522 1259,1521 1272,1530 1278,1527 1282,1520 1374,1520 1415,1512 1415,1480 1388,1474 1314,1475 1308,1474 1306,1466 1300,1462 1270,1464 1260,1473 1225,1474 1172,1474 1157,1471 1147,1464 1085,1465 1068,1473 1056,1473 1050,1467 1040,1467 1033,1473 978,1473 971,1472 964,1463 947,1463 936,1473 930,1473 919,1466"/>
        <Word id="region0005_line0019_word0000" custom="readingOrder {index:0;}">
          <Coords points="578,1477 551,1478 548,1481 468,1483 468,1529 507,1529 510,1530 534,1530 535,1529 546,1529 546,1530 570,1530 570,1529 598,1529 598,1529 630,1529 631,1529 664,1528 666,1529 679,1529 685,1521 685,1478 639,1480 638,1477 604,1477 600,1481 580,1481"/>
          <TextEquiv conf="0.92184687">
            <Unicode>angefreſſen,</Unicode>
          </TextEquiv>
        </Word>
        <Word id="region0005_line0019_word0001" custom="readingOrder {index:1;}">
          <Coords points="712,1481 779,1480 779,1517 712,1518"/>
          <TextEquiv conf="0.9292673">
            <Unicode>und</Unicode>
          </TextEquiv>
        </Word>
        <Word id="region0005_line0019_word0002" custom="readingOrder {index:2;}">
          <Coords points="799,1479 849,1479 849,1518 799,1518"/>
          <TextEquiv conf="0.92455786">
            <Unicode>ein</Unicode>
          </TextEquiv>
        </Word>
        <Word id="region0005_line0019_word0003" custom="readingOrder {index:3;}">
          <Coords points="1006,1527 1023,1527 1023,1475 870,1476 870,1523 934,1524 937,1527 954,1527 958,1521 1001,1523"/>
          <TextEquiv conf="0.9250877">
            <Unicode>Einſturz</Unicode>
          </TextEquiv>
        </Word>
        <Word id="region0005_line0019_word0004" custom="readingOrder {index:4;}">
          <Coords points="1192,1521 1192,1475 1040,1476 1040,1522 1073,1520 1075,1522 1104,1522 1107,1520 1191,1521"/>
          <TextEquiv conf="0.9286854">
            <Unicode>deſſelben</Unicode>
          </TextEquiv>
        </Word>
        <Word id="region0005_line0019_word0005" custom="readingOrder {index:5;}">
          <Coords points="1248,1521 1248,1486 1210,1486 1210,1524 1228,1524 1230,1522"/>
          <TextEquiv conf="0.929241">
            <Unicode>zu</Unicode>
          </TextEquiv>
        </Word>
        <Word id="region0005_line0019_word0006" custom="readingOrder {index:6;}">
          <Coords points="1265,1473 1265,1525 1279,1525 1282,1520 1374,1520 1415,1512 1415,1480 1389,1474 1314,1475 1308,1474 1307,1473"/>
          <TextEquiv>
            <Unicode>fuͤrchten</Unicode>
          </TextEquiv>
        </Word>
        <TextEquiv>
          <Unicode>angefreſſen, und ein Einſturz deſſelben zu fuͤrchten</Unicode>
        </TextEquiv>
      </TextLine>
      <TextLine id="region0005_line0020" custom="readingOrder {index:19;}">
        <Coords points="686,1521 675,1536 658,1530 637,1530 620,1535 598,1533 567,1543 528,1542 527,1536 506,1530 501,1535 499,1543 454,1543 454,1555 455,1587 522,1588 527,1592 536,1591 541,1587 593,1585 654,1588 701,1584 806,1583 876,1585 881,1592 891,1593 903,1591 907,1585 1005,1583 1030,1584 1040,1592 1049,1592 1062,1584 1235,1582 1242,1588 1250,1589 1258,1581 1272,1581 1276,1588 1281,1589 1294,1586 1299,1581 1364,1580 1416,1575 1415,1543 1378,1531 1298,1532 1290,1524 1282,1524 1272,1531 1260,1524 1244,1525 1239,1529 1196,1524 1165,1525 1156,1528 1150,1535 1134,1537 993,1538 988,1536 984,1528 971,1527 966,1531 964,1538 904,1539 898,1529 885,1529 873,1538 852,1537 846,1531 835,1531 828,1537 793,1538 787,1532 776,1532 769,1538 709,1540 699,1538 700,1529 693,1522"/>
        <Word id="region0005_line0020_word0000" custom="readingOrder {index:0;}">
          <Coords points="508,1530 505,1530 501,1535 499,1543 466,1543 467,1577 570,1576 569,1542 567,1543 528,1542 527,1536"/>
          <TextEquiv>
            <Unicode>waͤre.</Unicode>
          </TextEquiv>
        </Word>
        <Word id="region0005_line0020_word0001" custom="readingOrder {index:1;}">
          <Coords points="628,1532 629,1575 693,1575 692,1521 686,1521 675,1536 658,1530 637,1530"/>
          <TextEquiv conf="0.9633137">
            <Unicode>Es</Unicode>
          </TextEquiv>
        </Word>
        <Word id="region0005_line0020_word0002" custom="readingOrder {index:2;}">
          <Coords points="791,1536 770,1536 769,1538 709,1540 700,1538 701,1572 815,1571 814,1537 793,1538"/>
          <TextEquiv conf="0.9690211">
            <Unicode>wurde</Unicode>
          </TextEquiv>
        </Word>
        <Word id="region0005_line0020_word0003" custom="readingOrder {index:3;}">
          <Coords points="847,1532 835,1532 836,1582 938,1582 937,1538 904,1539 899,1532 881,1532 873,1538 852,1537"/>
          <TextEquiv conf="0.9636643">
            <Unicode>daher</Unicode>
          </TextEquiv>
        </Word>
        <Word id="region0005_line0020_word0004" custom="readingOrder {index:4;}">
          <Coords points="984,1529 968,1529 966,1531 964,1538 953,1538 954,1569 1022,1569 1021,1537 993,1538 988,1536"/>
          <TextEquiv conf="0.9641751">
            <Unicode>eine</Unicode>
          </TextEquiv>
        </Word>
        <Word id="region0005_line0020_word0005" custom="readingOrder {index:5;}">
          <Coords points="1038,1540 1165,1539 1166,1577 1039,1578"/>
          <TextEquiv conf="0.9330388">
            <Unicode>genaue</Unicode>
          </TextEquiv>
        </Word>
        <Word id="region0005_line0020_word0006" custom="readingOrder {index:6;}">
          <Coords points="1179,1529 1180,1580 1258,1581 1258,1581 1272,1581 1272,1582 1298,1582 1299,1581 1364,1580 1415,1575 1414,1543 1388,1534 1298,1532 1295,1529 1275,1529 1272,1531 1268,1529 1239,1529"/>
          <TextEquiv>
            <Unicode>Beſichtigung</Unicode>
          </TextEquiv>
        </Word>
        <TextEquiv>
          <Unicode>waͤre. Es wurde daher eine genaue Beſichtigung</Unicode>
        </TextEquiv>
      </TextLine>
      <TextLine id="region0005_line0021" custom="readingOrder {index:20;}">
        <Coords points="578,1587 565,1595 545,1597 481,1597 477,1594 455,1597 455,1643 567,1642 574,1649 583,1650 593,1641 664,1640 679,1641 684,1649 688,1649 702,1641 861,1635 929,1640 935,1645 948,1644 956,1639 969,1638 1017,1644 1024,1640 1218,1642 1225,1647 1235,1648 1246,1641 1255,1648 1266,1648 1273,1641 1415,1641 1419,1639 1419,1583 1317,1584 1270,1592 1263,1585 1257,1585 1250,1590 1237,1586 1227,1589 1223,1586 1213,1586 1197,1597 1181,1597 1176,1593 1167,1594 1160,1584 1155,1583 1145,1585 1137,1595 1110,1594 1104,1588 1094,1588 1083,1595 1054,1597 943,1596 903,1592 884,1594 854,1591 849,1588 804,1590 799,1586 754,1592 682,1590 642,1592 638,1587 625,1587 618,1592 603,1592 599,1587 593,1586"/>
        <Word id="region0005_line0021_word0000" custom="readingOrder {index:0;}">
          <Coords points="481,1597 467,1597 467,1643 567,1642 570,1645 589,1644 593,1641 664,1640 679,1641 681,1644 697,1644 701,1642 701,1596 548,1597 545,1597 481,1597"/>
          <TextEquiv conf="0.9095939">
            <Unicode>veranſtaltet,</Unicode>
          </TextEquiv>
        </Word>
        <Word id="region0005_line0021_word0001" custom="readingOrder {index:1;}">
          <Coords points="741,1598 807,1598 807,1633 741,1633"/>
          <TextEquiv conf="0.9200894">
            <Unicode>und</Unicode>
          </TextEquiv>
        </Word>
        <Word id="region0005_line0021_word0002" custom="readingOrder {index:2;}">
          <Coords points="837,1600 916,1600 916,1631 837,1631"/>
          <TextEquiv conf="0.90859556">
            <Unicode>das</Unicode>
          </TextEquiv>
        </Word>
        <Word id="region0005_line0021_word0003" custom="readingOrder {index:3;}">
          <Coords points="935,1604 1036,1603 1036,1636 935,1637"/>
          <TextEquiv conf="0.90859556">
            <Unicode>ganze</Unicode>
          </TextEquiv>
        </Word>
        <Word id="region0005_line0021_word0004" custom="readingOrder {index:4;}">
          <Coords points="1106,1590 1089,1590 1083,1595 1069,1595 1069,1640 1218,1642 1221,1644 1240,1644 1246,1641 1250,1644 1269,1644 1273,1641 1290,1641 1290,1590 1281,1590 1270,1592 1268,1590 1206,1590 1197,1597 1181,1597 1176,1593 1167,1594 1164,1590 1140,1590 1137,1595 1110,1594"/>
          <TextEquiv conf="0.9006204">
            <Unicode>altvaͤteriſche</Unicode>
          </TextEquiv>
        </Word>
        <Word id="region0005_line0021_word0005" custom="readingOrder {index:5;}">
          <Coords points="1311,1591 1417,1591 1417,1630 1311,1630"/>
          <TextEquiv>
            <Unicode>Werk</Unicode>
          </TextEquiv>
        </Word>
        <TextEquiv>
          <Unicode>veranſtaltet, und das ganze altvaͤteriſche Werk</Unicode>
        </TextEquiv>
      </TextLine>
      <TextLine id="region0005_line0022" custom="readingOrder {index:21;}">
        <Coords points="851,1636 846,1639 828,1639 822,1643 820,1651 814,1652 784,1650 777,1642 717,1643 709,1646 700,1645 676,1653 673,1647 664,1641 656,1641 650,1647 638,1646 626,1653 607,1653 598,1646 590,1646 578,1653 569,1646 553,1646 519,1655 512,1648 503,1648 495,1658 455,1659 456,1705 478,1707 581,1703 585,1709 597,1710 607,1703 627,1703 634,1712 642,1713 656,1702 684,1701 686,1707 692,1711 701,1711 706,1707 712,1713 720,1713 728,1701 779,1698 823,1698 828,1708 838,1709 845,1703 846,1698 893,1698 913,1704 922,1699 986,1694 992,1705 1002,1706 1007,1702 1009,1694 1131,1693 1165,1696 1404,1697 1415,1694 1419,1689 1419,1658 1414,1653 1292,1653 1255,1649 1247,1645 1228,1649 1217,1643 1156,1644 1133,1650 1096,1650 1071,1649 1062,1644 1054,1644 1049,1648 1020,1648 1016,1644 996,1641 988,1648 983,1648 975,1647 969,1639 956,1640 945,1647 910,1650 902,1641"/>
        <Word id="region0005_line0022_word0000" custom="readingOrder {index:0;}">
          <Coords points="514,1650 500,1650 495,1658 467,1658 467,1702 605,1701 605,1651 603,1650 582,1650 578,1653 574,1650 536,1650 519,1655"/>
          <TextEquiv conf="0.93271476">
            <Unicode>wirklich</Unicode>
          </TextEquiv>
        </Word>
        <Word id="region0005_line0022_word0001" custom="readingOrder {index:1;}">
          <Coords points="648,1647 636,1647 632,1650 632,1702 665,1702 684,1701 684,1702 728,1701 728,1701 737,1700 737,1646 696,1646 676,1653 673,1647 672,1647 650,1647 650,1647"/>
          <TextEquiv conf="0.9258715">
            <Unicode>hoͤchſt</Unicode>
          </TextEquiv>
        </Word>
        <Word id="region0005_line0022_word0002" custom="readingOrder {index:2;}">
          <Coords points="778,1643 762,1643 762,1699 779,1698 823,1698 824,1700 846,1700 846,1698 893,1698 900,1700 920,1700 921,1700 921,1649 910,1650 904,1643 822,1643 820,1651 814,1652 784,1650"/>
          <TextEquiv>
            <Unicode>baufaͤllig</Unicode>
          </TextEquiv>
        </Word>
        <Word id="region0005_line0022_word0003" custom="readingOrder {index:3;}">
          <Coords points="974,1646 953,1646 953,1696 986,1694 987,1697 1008,1697 1009,1694 1129,1693 1129,1650 1096,1650 1071,1649 1065,1646 1051,1646 1049,1648 1020,1648 1018,1646 990,1646 988,1648 983,1648 975,1647"/>
          <TextEquiv conf="0.9617983">
            <Unicode>befunden.</Unicode>
          </TextEquiv>
        </Word>
        <Word id="region0005_line0022_word0004" custom="readingOrder {index:4;}">
          <Coords points="1264,1650 1199,1650 1199,1685 1289,1685 1289,1652"/>
          <TextEquiv conf="0.9672649">
            <Unicode>Nun</Unicode>
          </TextEquiv>
        </Word>
        <Word id="region0005_line0022_word0005" custom="readingOrder {index:5;}">
          <Coords points="1313,1660 1313,1686 1365,1696 1388,1696 1414,1687 1414,1661 1392,1653 1380,1653"/>
          <TextEquiv>
            <Unicode>mußte</Unicode>
          </TextEquiv>
        </Word>
        <TextEquiv>
          <Unicode>wirklich hoͤchſt baufaͤllig befunden. Nun mußte</Unicode>
        </TextEquiv>
      </TextLine>
      <TextLine id="region0005_line0023" custom="readingOrder {index:22;}">
        <Coords points="869,1700 846,1703 838,1710 829,1712 771,1715 707,1715 703,1712 669,1715 660,1705 655,1705 642,1714 624,1716 611,1715 601,1709 588,1711 582,1707 538,1708 519,1716 502,1714 492,1709 456,1712 456,1766 472,1766 480,1773 496,1773 503,1766 530,1763 606,1764 685,1759 774,1758 778,1762 786,1763 804,1758 922,1759 955,1755 1022,1756 1029,1763 1043,1763 1053,1756 1116,1752 1376,1756 1392,1754 1395,1746 1418,1739 1418,1707 1398,1702 1327,1702 1323,1699 1314,1699 1309,1702 1256,1708 1159,1706 1153,1702 1141,1703 1136,1707 1126,1708 1102,1708 1097,1700 1086,1699 1078,1709 1045,1706 1036,1710 948,1710 935,1710 929,1700 922,1700 913,1705 889,1700"/>
        <Word id="region0005_line0023_word0000" custom="readingOrder {index:0;}">
          <Coords points="499,1712 465,1713 465,1760 533,1759 533,1712 528,1712 519,1716 502,1714"/>
          <TextEquiv conf="0.9152716">
            <Unicode>Hr.</Unicode>
          </TextEquiv>
        </Word>
        <Word id="region0005_line0023_word0001" custom="readingOrder {index:1;}">
          <Coords points="586,1710 554,1710 554,1752 706,1752 706,1714 703,1712 669,1715 664,1710 647,1710 642,1714 624,1716 611,1715 602,1710 594,1710 588,1711"/>
          <TextEquiv conf="0.92418593">
            <Unicode>Contius</Unicode>
          </TextEquiv>
        </Word>
        <Word id="region0005_line0023_word0002" custom="readingOrder {index:2;}">
          <Coords points="731,1721 844,1720 844,1755 731,1756"/>
          <TextEquiv conf="0.928376">
            <Unicode>wegen</Unicode>
          </TextEquiv>
        </Word>
        <Word id="region0005_line0023_word0003" custom="readingOrder {index:3;}">
          <Coords points="933,1707 860,1708 860,1756 950,1755 955,1755 979,1755 1051,1755 1051,1707 1042,1707 1036,1710 948,1710 935,1710"/>
          <TextEquiv conf="0.91674024">
            <Unicode>Erbauung</Unicode>
          </TextEquiv>
        </Word>
        <Word id="region0005_line0023_word0004" custom="readingOrder {index:4;}">
          <Coords points="1102,1708 1079,1708 1078,1709 1068,1708 1068,1746 1156,1745 1156,1707 1133,1707 1126,1708 1102,1708"/>
          <TextEquiv conf="0.9306298">
            <Unicode>eines</Unicode>
          </TextEquiv>
        </Word>
        <Word id="region0005_line0023_word0005" custom="readingOrder {index:5;}">
          <Coords points="1182,1717 1286,1717 1286,1746 1182,1746"/>
          <TextEquiv conf="0.9166523">
            <Unicode>neuen</Unicode>
          </TextEquiv>
        </Word>
        <Word id="region0005_line0023_word0006" custom="readingOrder {index:6;}">
          <Coords points="1303,1709 1303,1749 1393,1749 1395,1746 1418,1739 1418,1709"/>
          <TextEquiv>
            <Unicode>Orgel⸗</Unicode>
          </TextEquiv>
        </Word>
        <TextEquiv>
          <Unicode>Hr. Contius wegen Erbauung eines neuen Orgel⸗</Unicode>
        </TextEquiv>
      </TextLine>
      <TextLine id="region0005_line0024" custom="readingOrder {index:23;}">
        <Coords points="1117,1757 1112,1760 1100,1758 1092,1769 1084,1770 945,1770 938,1761 928,1761 920,1770 915,1770 898,1767 893,1762 882,1762 876,1766 853,1760 819,1759 804,1759 786,1764 775,1762 758,1769 734,1769 729,1765 718,1765 713,1769 692,1769 687,1765 677,1765 669,1770 610,1774 556,1771 551,1767 542,1767 527,1775 457,1778 457,1823 557,1822 570,1823 577,1830 586,1830 592,1823 743,1814 833,1819 839,1826 856,1824 861,1819 868,1818 904,1817 915,1827 931,1821 934,1817 1081,1812 1106,1814 1113,1823 1125,1822 1130,1813 1155,1812 1176,1819 1194,1819 1199,1823 1208,1823 1223,1817 1260,1820 1266,1816 1279,1815 1394,1815 1404,1814 1418,1806 1418,1774 1404,1772 1290,1770 1283,1767 1248,1769 1246,1762 1241,1758 1217,1756 1178,1757 1162,1764 1142,1767 1136,1757"/>
        <Word id="region0005_line0024_word0000" custom="readingOrder {index:0;}">
          <Coords points="560,1771 533,1771 527,1775 465,1777 466,1819 592,1818 591,1772"/>
          <TextEquiv conf="0.9172575">
            <Unicode>werks,</Unicode>
          </TextEquiv>
        </Word>
        <Word id="region0005_line0024_word0001" custom="readingOrder {index:1;}">
          <Coords points="628,1773 695,1773 696,1808 628,1808"/>
          <TextEquiv conf="0.9315973">
            <Unicode>und</Unicode>
          </TextEquiv>
        </Word>
        <Word id="region0005_line0024_word0002" custom="readingOrder {index:2;}">
          <Coords points="720,1774 776,1773 776,1807 720,1808"/>
          <TextEquiv conf="0.92405653">
            <Unicode>der</Unicode>
          </TextEquiv>
        </Word>
        <Word id="region0005_line0024_word0003" custom="readingOrder {index:3;}">
          <Coords points="897,1766 799,1767 800,1817 814,1818 884,1818 904,1817 904,1817 934,1817 934,1817 1081,1812 1106,1814 1108,1816 1128,1816 1130,1813 1155,1812 1167,1816 1179,1816 1178,1765 1155,1765 1142,1767 1141,1765 1095,1765 1092,1769 1084,1770 945,1770 942,1766 923,1766 920,1770 915,1770 898,1767"/>
          <TextEquiv conf="0.9169955">
            <Unicode>Thalszimmermeiſter</Unicode>
          </TextEquiv>
        </Word>
        <Word id="region0005_line0024_word0004" custom="readingOrder {index:4;}">
          <Coords points="1247,1764 1197,1764 1198,1815 1279,1815 1284,1815 1283,1767 1283,1767 1248,1769"/>
          <TextEquiv conf="0.926126">
            <Unicode>Zege</Unicode>
          </TextEquiv>
        </Word>
        <Word id="region0005_line0024_word0005" custom="readingOrder {index:5;}">
          <Coords points="1306,1778 1415,1781 1415,1809 1306,1806"/>
          <TextEquiv>
            <Unicode>wegen</Unicode>
          </TextEquiv>
        </Word>
        <TextEquiv>
          <Unicode>werks, und der Thalszimmermeiſter Zege wegen</Unicode>
        </TextEquiv>
      </TextLine>
      <TextLine id="region0005_line0025" custom="readingOrder {index:24;}">
        <Coords points="1073,1813 1066,1818 1054,1820 1010,1819 1004,1824 982,1819 933,1821 906,1830 860,1828 857,1825 805,1825 789,1828 757,1818 697,1819 685,1821 673,1831 608,1835 559,1835 552,1831 543,1831 537,1835 502,1836 497,1827 485,1826 477,1837 457,1837 457,1880 550,1881 694,1877 737,1877 742,1883 750,1884 763,1876 811,1873 816,1868 827,1868 833,1874 882,1876 892,1884 900,1884 910,1876 988,1874 997,1875 1002,1885 1010,1887 1019,1883 1021,1875 1030,1882 1041,1882 1050,1874 1079,1874 1086,1879 1099,1879 1110,1873 1166,1868 1213,1869 1217,1877 1228,1878 1240,1869 1338,1869 1348,1868 1416,1866 1413,1826 1348,1826 1239,1825 1237,1820 1232,1818 1223,1818 1209,1825 1092,1827 1084,1814"/>
        <Word id="region0005_line0025_word0000" custom="readingOrder {index:0;}">
          <Coords points="466,1837 466,1865 556,1864 556,1833 552,1831 543,1831 537,1835 502,1836 497,1827 485,1826 477,1837"/>
          <TextEquiv conf="0.92790437">
            <Unicode>eines</Unicode>
          </TextEquiv>
        </Word>
        <Word id="region0005_line0025_word0001" custom="readingOrder {index:1;}">
          <Coords points="575,1835 575,1865 694,1865 694,1826 679,1826 673,1831 608,1835"/>
          <TextEquiv conf="0.921091">
            <Unicode>neuen</Unicode>
          </TextEquiv>
        </Word>
        <Word id="region0005_line0025_word0002" custom="readingOrder {index:2;}">
          <Coords points="774,1823 706,1824 706,1873 811,1872 816,1868 822,1868 822,1825 805,1825 789,1828"/>
          <TextEquiv conf="0.91380674">
            <Unicode>Chors</Unicode>
          </TextEquiv>
        </Word>
        <Word id="region0005_line0025_word0003" custom="readingOrder {index:3;}">
          <Coords points="883,1829 846,1829 846,1872 928,1872 928,1829 909,1829 906,1830"/>
          <TextEquiv conf="0.9302916">
            <Unicode>dazu</Unicode>
          </TextEquiv>
        </Word>
        <Word id="region0005_line0025_word0004" custom="readingOrder {index:4;}">
          <Coords points="1086,1818 1066,1818 1054,1820 1010,1819 1004,1824 982,1819 946,1820 946,1875 949,1875 988,1874 997,1875 1021,1875 1048,1875 1050,1874 1079,1874 1080,1875 1106,1875 1110,1873 1125,1871 1125,1826 1092,1827"/>
          <TextEquiv conf="0.9200947">
            <Unicode>Anſchlaͤge</Unicode>
          </TextEquiv>
        </Word>
        <Word id="region0005_line0025_word0005" custom="readingOrder {index:5;}">
          <Coords points="1237,1822 1213,1822 1209,1825 1146,1826 1146,1868 1291,1867 1291,1825 1239,1825"/>
          <TextEquiv conf="0.92505753">
            <Unicode>machen.</Unicode>
          </TextEquiv>
        </Word>
        <Word id="word_1649226284599_182" custom="readingOrder {index:6;}">
          <Coords points="1348,1864 1415,1864 1413,1826 1348,1826"/>
          <TextEquiv>
            <Unicode>Er⸗</Unicode>
          </TextEquiv>
        </Word>
        <TextEquiv>
          <Unicode>eines neuen Chors dazu Anſchlaͤge machen. Er⸗</Unicode>
        </TextEquiv>
      </TextLine>
      <TextLine id="region0005_line0026" custom="readingOrder {index:25;}">
        <Coords points="816,1869 816,1884 782,1874 728,1889 471,1884 457,1887 457,1941 598,1951 712,1936 764,1945 796,1931 987,1940 1414,1933 1409,1896 1192,1873 831,1886"/>
        <Word id="region0005_line0026_word0000" custom="readingOrder {index:0;}">
          <Coords points="464,1885 464,1932 562,1931 562,1885 471,1884"/>
          <TextEquiv conf="0.9294327">
            <Unicode>ſterer</Unicode>
          </TextEquiv>
        </Word>
        <Word id="region0005_line0026_word0001" custom="readingOrder {index:1;}">
          <Coords points="587,1886 587,1932 731,1932 731,1888 728,1889"/>
          <TextEquiv conf="0.9215924">
            <Unicode>forderte</Unicode>
          </TextEquiv>
        </Word>
        <Word id="region0005_line0026_word0002" custom="readingOrder {index:2;}">
          <Coords points="785,1875 778,1875 754,1881 754,1930 811,1930 811,1882"/>
          <TextEquiv conf="0.9247706">
            <Unicode>fuͤr</Unicode>
          </TextEquiv>
        </Word>
        <Word id="region0005_line0026_word0003" custom="readingOrder {index:3;}">
          <Coords points="836,1885 836,1917 888,1917 888,1883"/>
          <TextEquiv conf="0.92655593">
            <Unicode>ein</Unicode>
          </TextEquiv>
        </Word>
        <Word id="region0005_line0026_word0004" custom="readingOrder {index:4;}">
          <Coords points="913,1888 996,1887 996,1926 913,1927"/>
          <TextEquiv conf="0.9189421">
            <Unicode>ganz</Unicode>
          </TextEquiv>
        </Word>
        <Word id="region0005_line0026_word0005" custom="readingOrder {index:5;}">
          <Coords points="1014,1879 1014,1919 1116,1919 1116,1876 1108,1876"/>
          <TextEquiv conf="0.9171974">
            <Unicode>neues</Unicode>
          </TextEquiv>
        </Word>
        <Word id="region0005_line0026_word0006" custom="readingOrder {index:6;}">
          <Coords points="1131,1878 1131,1925 1245,1924 1245,1878 1230,1877"/>
          <TextEquiv conf="0.9267035">
            <Unicode>Werk</Unicode>
          </TextEquiv>
        </Word>
        <Word id="region0005_line0026_word0007" custom="readingOrder {index:7;}">
          <Coords points="1268,1886 1268,1919 1335,1919 1335,1888 1314,1886"/>
          <TextEquiv conf="0.93117034">
            <Unicode>von</Unicode>
          </TextEquiv>
        </Word>
        <Word id="word_1649226287845_185" custom="readingOrder {index:8;}">
          <Coords points="1356,1893 1356,1925 1409,1925 1409,1896 1380,1893"/>
          <TextEquiv>
            <Unicode>32</Unicode>
          </TextEquiv>
        </Word>
        <TextEquiv>
          <Unicode>ſterer forderte fuͤr ein ganz neues Werk von 32</Unicode>
        </TextEquiv>
      </TextLine>
      <TextLine id="region0005_line0027" custom="readingOrder {index:26;}">
        <Coords points="1131,1932 1127,1934 1124,1944 1089,1946 1044,1944 1037,1936 1027,1936 1015,1943 1008,1936 1000,1936 969,1945 937,1946 923,1943 770,1947 756,1946 748,1939 738,1939 734,1943 691,1940 664,1943 656,1950 645,1952 578,1953 573,1944 560,1943 549,1952 457,1955 458,2002 479,2005 484,2001 512,1999 527,2000 535,2005 543,2002 554,2004 559,2000 647,1997 734,1999 824,1991 861,1992 867,1999 877,1999 883,1992 938,1990 1018,1992 1022,1997 1035,1997 1045,1992 1102,1995 1165,1990 1202,1994 1207,2000 1212,2000 1228,1998 1232,1994 1275,1993 1293,1998 1297,1993 1371,1992 1416,1995 1416,1942 1381,1943 1268,1947 1231,1942 1227,1937 1220,1935 1208,1935 1199,1941 1151,1944 1147,1935"/>
        <Word id="region0005_line0027_word0000" custom="readingOrder {index:0;}">
          <Coords points="566,1943 559,1943 549,1952 465,1954 466,1989 658,1988 657,1949 656,1950 645,1952 578,1953 573,1944"/>
          <TextEquiv conf="0.91979605">
            <Unicode>gangbaren</Unicode>
          </TextEquiv>
        </Word>
        <Word id="region0005_line0027_word0001" custom="readingOrder {index:1;}">
          <Coords points="753,1943 675,1944 676,1989 882,1988 881,1944 770,1947 756,1946"/>
          <TextEquiv conf="0.8984749">
            <Unicode>Stimmen,</Unicode>
          </TextEquiv>
        </Word>
        <Word id="region0005_line0027_word0002" custom="readingOrder {index:2;}">
          <Coords points="1013,1941 981,1941 969,1945 937,1946 923,1943 907,1943 908,1989 1044,1988 1043,1942 1041,1941 1018,1941 1015,1943"/>
          <TextEquiv conf="0.92408556">
            <Unicode>nemlich</Unicode>
          </TextEquiv>
        </Word>
        <Word id="region0005_line0027_word0003" custom="readingOrder {index:3;}">
          <Coords points="1065,1953 1111,1953 1112,1984 1066,1984"/>
          <TextEquiv conf="0.89341164">
            <Unicode>13</Unicode>
          </TextEquiv>
        </Word>
        <Word id="region0005_line0027_word0004" custom="readingOrder {index:4;}">
          <Coords points="1147,1936 1133,1937 1133,1979 1179,1978 1179,1942 1151,1944"/>
          <TextEquiv conf="0.90962577">
            <Unicode>im</Unicode>
          </TextEquiv>
        </Word>
        <Word id="region0005_line0027_word0005" custom="readingOrder {index:5;}">
          <Coords points="1229,1940 1200,1940 1199,1941 1194,1941 1195,1990 1411,1991 1410,1946 1268,1947 1231,1942"/>
          <TextEquiv>
            <Unicode>Hauptwerk,</Unicode>
          </TextEquiv>
        </Word>
        <TextEquiv>
          <Unicode>gangbaren Stimmen, nemlich 13 im Hauptwerk,</Unicode>
        </TextEquiv>
      </TextLine>
      <TextLine id="region0005_line0028" custom="readingOrder {index:27;}">
        <Coords points="980,1993 972,2000 900,2001 895,1996 884,1996 877,2002 793,2004 787,1999 776,1999 762,2006 725,2011 682,2010 665,2006 659,2000 650,2000 643,2004 621,2001 617,2004 598,2004 573,2010 557,2010 555,2005 549,2003 536,2005 532,2009 458,2009 458,2054 506,2054 590,2059 764,2055 781,2056 786,2063 796,2064 804,2056 885,2050 947,2051 1010,2048 1044,2050 1055,2054 1069,2050 1146,2050 1158,2046 1164,2050 1179,2051 1258,2052 1263,2063 1271,2064 1277,2061 1283,2051 1288,2050 1369,2049 1389,2047 1414,2043 1414,2011 1389,2005 1299,2006 1294,2005 1292,1999 1278,1995 1269,1997 1261,2004 1242,2004 1222,1999 1208,2001 1205,2005 1168,2001 1160,1993 1149,1994 1137,2001 1129,2001 1117,2000 1111,1994 1097,1997 1047,1993 1035,1998 997,2002 993,1994"/>
        <Word id="region0005_line0028_word0000" custom="readingOrder {index:0;}">
          <Coords points="472,2017 516,2017 516,2042 472,2042"/>
          <TextEquiv conf="0.79964083">
            <Unicode>11</Unicode>
          </TextEquiv>
        </Word>
        <Word id="region0005_line0028_word0001" custom="readingOrder {index:1;}">
          <Coords points="555,2007 539,2007 539,2045 585,2045 585,2007 573,2010 557,2010"/>
          <TextEquiv conf="0.84749246">
            <Unicode>im</Unicode>
          </TextEquiv>
        </Word>
        <Word id="region0005_line0028_word0002" custom="readingOrder {index:2;}">
          <Coords points="665,2006 609,2006 609,2055 803,2054 803,2005 764,2005 762,2006 725,2011 682,2010 665,2006"/>
          <TextEquiv conf="0.9110069">
            <Unicode>Oberwerk,</Unicode>
          </TextEquiv>
        </Word>
        <Word id="region0005_line0028_word0003" custom="readingOrder {index:3;}">
          <Coords points="821,2006 903,2006 903,2046 821,2046"/>
          <TextEquiv conf="0.91952306">
            <Unicode>und</Unicode>
          </TextEquiv>
        </Word>
        <Word id="region0005_line0028_word0004" custom="readingOrder {index:4;}">
          <Coords points="930,2012 951,2011 951,2045 930,2046"/>
          <TextEquiv conf="0.96225274">
            <Unicode>8</Unicode>
          </TextEquiv>
        </Word>
        <Word id="region0005_line0028_word0005" custom="readingOrder {index:5;}">
          <Coords points="979,2004 1025,2004 1025,2043 979,2043"/>
          <TextEquiv conf="0.960752">
            <Unicode>im</Unicode>
          </TextEquiv>
        </Word>
        <Word id="region0005_line0028_word0006" custom="readingOrder {index:6;}">
          <Coords points="1157,2046 1157,2002 1045,2003 1045,2050 1046,2050 1066,2050 1069,2050 1146,2050"/>
          <TextEquiv conf="0.9610482">
            <Unicode>Pedal</Unicode>
          </TextEquiv>
        </Word>
        <Word id="region0005_line0028_word0007" custom="readingOrder {index:7;}">
          <Coords points="1176,2005 1239,2005 1239,2044 1176,2044"/>
          <TextEquiv conf="0.9631001">
            <Unicode>mit</Unicode>
          </TextEquiv>
        </Word>
        <Word id="region0005_line0028_word0008" custom="readingOrder {index:8;}">
          <Coords points="1265,2003 1265,2056 1280,2056 1283,2051 1288,2050 1369,2049 1389,2047 1414,2043 1414,2011 1390,2005 1299,2006 1294,2005 1293,2003"/>
          <TextEquiv>
            <Unicode>ſauberer</Unicode>
          </TextEquiv>
        </Word>
        <TextEquiv>
          <Unicode>11 im Oberwerk, und 8 im Pedal mit ſauberer</Unicode>
        </TextEquiv>
      </TextLine>
      <TextLine id="region0005_line0029" custom="readingOrder {index:28;}">
        <Coords points="1152,2048 1146,2051 1146,2057 1139,2062 1124,2061 1115,2054 1102,2051 1069,2051 1055,2055 1044,2051 1013,2051 988,2057 973,2056 969,2050 957,2050 950,2054 946,2051 936,2052 926,2057 841,2069 769,2067 764,2063 755,2063 749,2058 738,2058 731,2068 721,2069 717,2060 702,2059 690,2069 629,2071 591,2068 577,2064 571,2059 506,2055 458,2055 458,2115 544,2112 551,2113 556,2123 564,2125 575,2122 580,2114 660,2117 836,2115 843,2121 852,2121 859,2115 923,2110 928,2110 936,2118 946,2117 955,2108 990,2106 1015,2111 1129,2109 1172,2111 1179,2122 1189,2124 1198,2120 1202,2111 1279,2109 1284,2117 1295,2118 1302,2108 1380,2106 1385,2101 1414,2107 1418,2092 1418,2060 1383,2049 1298,2051 1283,2053 1278,2061 1271,2065 1220,2065 1215,2061 1206,2061 1202,2064 1196,2058 1186,2058 1178,2063 1169,2062 1165,2051"/>
        <Word id="region0005_line0029_word0000" custom="readingOrder {index:0;}">
          <Coords points="576,2063 465,2064 465,2114 544,2112 551,2113 553,2117 577,2117 580,2114 653,2116 725,2116 764,2115 764,2063 755,2063 753,2062 735,2062 731,2068 721,2069 718,2062 697,2062 690,2069 629,2071 591,2068 577,2064"/>
          <TextEquiv conf="0.91688323">
            <Unicode>Bildhauerarbeit</Unicode>
          </TextEquiv>
        </Word>
        <Word id="word_1649226376399_205" custom="readingOrder {index:1;}">
          <Coords points="779,2076 834,2075 884,2075 884,2110 834,2110 779,2101"/>
          <TextEquiv>
            <Unicode>1140</Unicode>
          </TextEquiv>
        </Word>
        <Word id="region0005_line0029_word0004" custom="readingOrder {index:2;}">
          <Coords points="993,2106 993,2059 905,2059 895,2061 895,2110 953,2109 955,2108 990,2106"/>
          <TextEquiv conf="0.88792145">
            <Unicode>rthlr.</Unicode>
          </TextEquiv>
        </Word>
        <Word id="region0005_line0029_word0005" custom="readingOrder {index:3;}">
          <Coords points="1124,2061 1052,2061 1052,2103 1132,2103 1132,2061"/>
          <TextEquiv conf="0.96382934">
            <Unicode>Der</Unicode>
          </TextEquiv>
        </Word>
        <Word id="region0005_line0029_word0006" custom="readingOrder {index:4;}">
          <Coords points="1165,2052 1148,2053 1148,2109 1172,2111 1175,2115 1199,2115 1202,2111 1268,2109 1268,2065 1220,2065 1215,2061 1206,2061 1202,2064 1196,2058 1186,2058 1178,2063 1169,2062"/>
          <TextEquiv conf="0.92896277">
            <Unicode>letztere</Unicode>
          </TextEquiv>
        </Word>
        <Word id="region0005_line0029_word0007" custom="readingOrder {index:5;}">
          <Coords points="1341,2107 1341,2058 1284,2058 1284,2109 1301,2109 1302,2108"/>
          <TextEquiv>
            <Unicode>fuͤr</Unicode>
          </TextEquiv>
        </Word>
        <Word id="word_1649226305567_191" custom="readingOrder {index:6;}">
          <Coords points="1350,2059 1350,2101 1385,2101 1415,2101 1418,2092 1418,2060 1414,2059"/>
          <TextEquiv>
            <Unicode>Ab⸗</Unicode>
          </TextEquiv>
        </Word>
        <TextEquiv>
          <Unicode>Bildhauerarbeit 1140 rthlr. Der letztere fuͤr Ab⸗</Unicode>
        </TextEquiv>
      </TextLine>
      <TextLine id="region0005_line0030" custom="readingOrder {index:29;}">
        <Coords points="978,2108 965,2109 945,2119 919,2116 913,2122 868,2126 780,2125 761,2117 751,2117 739,2125 711,2128 660,2126 655,2121 644,2121 638,2125 573,2123 564,2126 556,2124 550,2115 533,2116 527,2124 493,2123 487,2122 481,2116 470,2116 458,2120 458,2135 458,2171 530,2171 535,2179 547,2180 557,2170 591,2171 608,2177 629,2177 635,2174 661,2177 667,2173 866,2172 1001,2166 1057,2168 1090,2173 1127,2173 1130,2179 1149,2181 1156,2172 1181,2170 1209,2170 1213,2177 1225,2178 1232,2170 1274,2166 1390,2165 1417,2156 1417,2124 1399,2119 1329,2119 1322,2114 1314,2114 1307,2119 1235,2121 1218,2124 1199,2120 1189,2125 1165,2125 1161,2114 1147,2112 1091,2112 1060,2121 1038,2121 994,2118 990,2109"/>
        <Word id="region0005_line0030_word0000" custom="readingOrder {index:0;}">
          <Coords points="484,2119 465,2120 465,2168 629,2167 629,2124 573,2123 564,2126 556,2124 552,2119 530,2119 527,2124 493,2123 487,2122"/>
          <TextEquiv conf="0.92796826">
            <Unicode>brechung</Unicode>
          </TextEquiv>
        </Word>
        <Word id="region0005_line0030_word0001" custom="readingOrder {index:1;}">
          <Coords points="658,2124 644,2124 644,2163 700,2163 700,2127 660,2126"/>
          <TextEquiv conf="0.9292513">
            <Unicode>des</Unicode>
          </TextEquiv>
        </Word>
        <Word id="region0005_line0030_word0002" custom="readingOrder {index:2;}">
          <Coords points="769,2120 745,2120 739,2125 726,2126 726,2159 816,2158 816,2125 780,2125"/>
          <TextEquiv conf="0.9201464">
            <Unicode>alten</Unicode>
          </TextEquiv>
        </Word>
        <Word id="region0005_line0030_word0003" custom="readingOrder {index:3;}">
          <Coords points="992,2114 953,2114 945,2119 919,2116 913,2122 868,2126 840,2125 840,2159 1073,2158 1073,2117 1060,2121 1038,2121 994,2118"/>
          <TextEquiv conf="0.92758363">
            <Unicode>wandelbaren</Unicode>
          </TextEquiv>
        </Word>
        <Word id="region0005_line0030_word0004" custom="readingOrder {index:4;}">
          <Coords points="1161,2115 1096,2116 1096,2169 1231,2168 1231,2121 1218,2124 1199,2120 1189,2125 1165,2125"/>
          <TextEquiv conf="0.92069155">
            <Unicode>Chors,</Unicode>
          </TextEquiv>
        </Word>
        <Word id="region0005_line0030_word0005" custom="readingOrder {index:5;}">
          <Coords points="1329,2119 1307,2119 1265,2120 1265,2155 1332,2155 1332,2119"/>
          <TextEquiv conf="0.926603">
            <Unicode>und</Unicode>
          </TextEquiv>
        </Word>
        <Word id="word_1649226308159_194" custom="readingOrder {index:6;}">
          <Coords points="1417,2124 1399,2119 1351,2119 1351,2159 1408,2159 1417,2156"/>
          <TextEquiv>
            <Unicode>Er⸗</Unicode>
          </TextEquiv>
        </Word>
        <TextEquiv>
          <Unicode>brechung des alten wandelbaren Chors, und Er⸗</Unicode>
        </TextEquiv>
      </TextLine>
      <TextLine id="region0005_line0031" custom="readingOrder {index:30;}">
        <Coords points="912,2180 897,2183 829,2186 798,2184 779,2176 746,2174 711,2177 690,2184 660,2184 657,2178 641,2175 634,2184 550,2185 499,2186 487,2183 481,2176 471,2176 458,2180 458,2204 458,2232 526,2232 546,2232 550,2232 637,2231 660,2230 693,2231 961,2229 962,2228 991,2227 1051,2228 1382,2226 1416,2222 1414,2188 1380,2183 1356,2183 1355,2174 1350,2169 1303,2167 1299,2170 1282,2170 1270,2179 1163,2183 1145,2180 1130,2180 1127,2183 1063,2182 1047,2180 1041,2174 1030,2174 1023,2179 1002,2179 972,2175 965,2168 935,2169"/>
        <Word id="region0005_line0031_word0000" custom="readingOrder {index:0;}">
          <Coords points="485,2180 463,2181 464,2229 602,2228 601,2184 550,2185 499,2186 487,2183"/>
          <TextEquiv conf="0.95572984">
            <Unicode>bauung</Unicode>
          </TextEquiv>
        </Word>
        <Word id="region0005_line0031_word0001" custom="readingOrder {index:1;}">
          <Coords points="658,2180 637,2180 634,2184 625,2184 626,2220 714,2220 713,2180 702,2180 690,2184 660,2184"/>
          <TextEquiv conf="0.9652949">
            <Unicode>eines</Unicode>
          </TextEquiv>
        </Word>
        <Word id="region0005_line0031_word0002" custom="readingOrder {index:2;}">
          <Coords points="792,2181 728,2182 729,2224 853,2223 852,2184 829,2186 798,2184"/>
          <TextEquiv conf="0.9677507">
            <Unicode>Neuen</Unicode>
          </TextEquiv>
        </Word>
        <Word id="region0005_line0031_word0003" custom="readingOrder {index:3;}">
          <Coords points="968,2227 968,2175 921,2175 912,2180 897,2183 878,2183 878,2230 935,2230 935,2231 960,2231 962,2228"/>
          <TextEquiv conf="0.96089655">
            <Unicode>nebſt</Unicode>
          </TextEquiv>
        </Word>
        <Word id="region0005_line0031_word0004" custom="readingOrder {index:4;}">
          <Coords points="1055,2181 984,2181 985,2220 1111,2220 1110,2182 1063,2182"/>
          <TextEquiv conf="0.9655274">
            <Unicode>andern</Unicode>
          </TextEquiv>
        </Word>
        <Word id="region0005_line0031_word0005" custom="readingOrder {index:5;}">
          <Coords points="1155,2181 1133,2182 1134,2227 1216,2226 1215,2181 1163,2183"/>
          <TextEquiv conf="0.93286085">
            <Unicode>dazu</Unicode>
          </TextEquiv>
        </Word>
        <Word id="region0005_line0031_word0006" custom="readingOrder {index:6;}">
          <Coords points="1278,2173 1270,2179 1240,2180 1241,2228 1311,2228 1379,2226 1416,2222 1414,2188 1380,2183 1356,2183 1355,2174 1353,2172"/>
          <TextEquiv>
            <Unicode>gehoͤrigen</Unicode>
          </TextEquiv>
        </Word>
        <TextEquiv>
          <Unicode>bauung eines Neuen nebſt andern dazu gehoͤrigen</Unicode>
        </TextEquiv>
      </TextLine>
      <TextEquiv>
        <Unicode>ein ganzes neues Werk zu erbauen, als an dem
Alten zu beſſern, wobey es doch nur immer Stuͤck⸗
werk geblieben waͤre. Man wollte auch durch den
Orgelbauer, Hr. Contius, Anſchlaͤge dazu verfer⸗
tigen laſſen, wagte aber doch damals die Ausfuͤh⸗
rung eines ſo groſſen Unternehmens noch nicht,
ſondern muſte es bey einem bloſſen Beledern der
Baͤlge, das 30 rthlr. koſtete, ſein Bewenden ha⸗
ben. Man ließ aber in der Folge den Gedanken
von Erbauung eines neuen Werks ſo wenig fahren,
daß man vielmehr von der Nothwendigkeit deſſel⸗
ben nur immer mehr uͤberzeugt wurde, vornemlich da
gedachter Hr. Contius im Jahr 1755 den 25 Spt.
dem Kollegio ein Bedenken uͤberreichte, worinnen
angegeben wurde, daß das Ruͤckpoſitiv ſehr wurm⸗
fraͤßig und baufaͤllig waͤre, und zu beſorgen ſtuͤnde,
es koͤnne gar herabfallen, desgleichen, daß auch
das Hauptwerk nicht weniger von den Wuͤrmern
angefreſſen, und ein Einſturz deſſelben zu fuͤrchten
waͤre. Es wurde daher eine genaue Beſichtigung
veranſtaltet, und das ganze altvaͤteriſche Werk
wirklich hoͤchſt baufaͤllig befunden. Nun mußte
Hr. Contius wegen Erbauung eines neuen Orgel⸗
werks, und der Thalszimmermeiſter Zege wegen
eines neuen Chors dazu Anſchlaͤge machen. Er⸗
ſterer forderte fuͤr ein ganz neues Werk von 32
gangbaren Stimmen, nemlich 13 im Hauptwerk,
11 im Oberwerk, und 8 im Pedal mit ſauberer
Bildhauerarbeit 1140 rthlr. Der letztere fuͤr Ab⸗
brechung des alten wandelbaren Chors, und Er⸗
bauung eines Neuen nebſt andern dazu gehoͤrigen</Unicode>
      </TextEquiv>
    </TextRegion>
  </Page>
</PcGts>
