1633 2358
948 351 1001 382 224

531 440 632 473 Daten
656 439 703 468 des
728 448 772 469 12.
797 436 905 475 Julius
922 441 978 470 und
1006 439 1100 477 26ſten
1118 436 1305 476 Septembers
1321 442 1409 474 1726,

530 499 604 530 zwey
625 491 871 530 Verordnungen,
895 494 1007 531 mittelſt
1029 495 1140 532 welcher
1167 494 1200 531 ſie
1237 490 1273 534 in
1284 497 1329 525 der
1343 493 1408 532 Sy⸗

530 550 598 579 node
625 549 684 580 eine
709 544 889 585 oͤkonomiſche
914 549 1049 581 Kammer
1077 551 1219 590 herſtellte.
1263 549 1324 582 Sie
1348 557 1408 581 ver⸗

531 610 643 641 ordnete
667 609 773 644 darin,
812 610 862 646 daß
888 611 939 641 alle
973 610 1126 647 kirchlichen
1158 609 1411 647 Angelegenheiten

529 666 559 698 in
587 666 724 702 Rußland
748 674 783 696 an
801 665 841 697 die
858 665 983 705 Synode
1002 666 1128 703 gebracht
1147 670 1202 697 und
1220 675 1275 697 von
1293 666 1336 703 ihr
1351 669 1410 697 ent⸗

529 724 645 762 ſchieden
670 725 779 756 werden
802 724 905 762 ſollten.
971 723 1107 769 Dagegen
1139 724 1232 762 ſollten
1257 724 1411 762 diejenigen

529 777 666 813 Sachen,
700 778 797 813 welche
815 779 857 810 die
880 778 1047 809 Oekonomie
1066 781 1121 809 und
1151 778 1192 810 die
1217 778 1411 815 Verwaltung

529 835 711 872 ſaͤmmtlicher
732 833 931 873 Kirchenguͤter
957 836 1100 874 betraͤfen,
1133 834 1219 874 einzig
1245 838 1300 867 und
1320 837 1411 874 durch⸗

528 899 583 925 aus
607 902 663 925 von
688 895 808 931 beſagter
826 893 961 927 Kammer
984 894 1139 934 abhaͤngen.
1182 894 1283 935 Beyde
1307 895 1411 933 Diſpo⸗

528 947 645 984 ſizionen
662 947 719 985 ſind
739 947 927 986 nachgehends
950 939 1028 983 durch
1044 956 1119 988 zwey
1139 948 1241 984 Ukaſen
1265 951 1311 980 der
1334 948 1410 985 hoch⸗

525 1012 625 1051 ſeligen
647 1011 776 1050 Kaiſerin
792 1012 879 1045 Anna
890 1012 1071 1051 Jwanowna
1089 1014 1119 1045 in
1136 1015 1185 1045 den
1201 1011 1316 1051 Jahren
1330 1016 1407 1048 1736

526 1071 582 1100 und
611 1076 685 1105 1738
711 1067 839 1108 beſtaͤtigt
862 1071 986 1101 worden.

613 1129 785 1166 Gleichwohl
810 1129 895 1166 ſuchte
912 1130 954 1161 die
966 1129 1115 1168 Synode,
1142 1135 1224 1162 unter
1243 1131 1289 1161 der
1306 1129 1409 1167 Regie⸗

525 1188 597 1217 rung
622 1182 743 1212 weiland
765 1181 883 1217 Unſerer
907 1183 1080 1221 geliebteſten
1104 1182 1214 1219 Tante,
1243 1185 1288 1214 der
1311 1182 1408 1219 Kaiſe⸗

526 1244 571 1274 rin
597 1242 739 1279 Eliſabeth
755 1241 932 1279 Petrowna,
951 1242 990 1273 im
1010 1239 1105 1281 Jahre
1127 1251 1223 1278 1744,
1246 1241 1295 1280 bey
1312 1242 1407 1280 derſel⸗

528 1296 579 1328 ben
607 1303 654 1326 um
677 1294 846 1335 Aufhebung
879 1299 924 1328 der
950 1295 1083 1329 Kammer
1113 1298 1204 1339 nach,
1240 1300 1296 1327 und
1319 1297 1408 1329 damit

526 1363 593 1387 man
614 1355 725 1392 erhielt,
749 1363 798 1386 um
819 1361 882 1387 was
905 1365 972 1388 man
997 1359 1061 1393 bat,
1091 1358 1116 1394 ſo
1139 1357 1324 1397 verpflichtete
1341 1365 1408 1388 man

527 1414 576 1452 ſich
601 1421 684 1449 gegen
709 1413 759 1449 ſie,
786 1414 827 1446 die
843 1414 966 1451 Aufſicht
987 1415 1039 1452 auf
1061 1413 1102 1446 die
1127 1410 1325 1451 Kirchenguͤter
1352 1418 1408 1445 und

526 1474 604 1502 deren
630 1469 821 1509 Verwaltung
847 1470 921 1509 ſelbſt
945 1479 975 1509 zu
1001 1468 1186 1508 uͤbernehmen
1211 1474 1266 1502 und
1291 1472 1333 1504 die
1349 1471 1409 1504 An⸗

525 1533 664 1567 wendung
683 1537 751 1568 ganz
777 1531 840 1569 nach
864 1535 909 1565 der
923 1532 1030 1568 Abſicht
1054 1534 1129 1571 ihres
1150 1533 1259 1565 Vaters
1280 1531 1408 1569 einzulei⸗

526 1591 583 1618 ten.
634 1587 686 1618 Da
712 1588 777 1619 aber
798 1591 843 1619 der
860 1587 995 1624 Endzwek
1019 1588 1134 1622 dadurch
1157 1589 1340 1623 keinesweges
1362 1588 1409 1623 ſei⸗

528 1652 577 1676 ner
601 1643 752 1682 Erfuͤllung
773 1643 857 1680 naͤher
882 1647 959 1682 kam,
981 1645 1007 1682 ſo
1026 1645 1128 1682 hielten
1152 1647 1198 1682 ſich
1221 1644 1300 1682 Jhro
1325 1645 1410 1684 Maj.

527 1696 573 1738 fuͤr
591 1699 768 1734 verbunden,
799 1698 848 1737 bey
875 1697 950 1730 einer
973 1706 1019 1731 am
1040 1701 1135 1738 30ſten
1150 1698 1306 1736 Dezember
1332 1709 1407 1735 1757

527 1757 557 1790 in
583 1758 654 1797 ihrer
672 1755 846 1794 Gegenwart
864 1760 911 1794 bey
926 1758 1001 1795 Hofe
1025 1759 1186 1797 gehaltenen
1204 1757 1362 1794 Konferenz
1378 1765 1411 1794 zu

529 1813 699 1847 deklariren,
723 1813 792 1849 daß,
817 1817 850 1845 da
867 1816 909 1846 die
932 1812 1040 1852 Kloͤſter
1061 1815 1102 1846 die
1128 1813 1245 1847 Gewalt
1263 1814 1334 1846 nicht
1352 1813 1412 1851 haͤt⸗

527 1875 596 1907 ten,
627 1871 669 1903 die
686 1866 887 1908 Kirchenguͤter
911 1871 977 1908 nach
1002 1874 1049 1903 der
1072 1871 1178 1910 Abſicht
1202 1872 1275 1910 ihres
1299 1872 1410 1905 Vaters

527 1930 681 1961 anwenden
707 1936 738 1967 zu
762 1923 886 1967 koͤnnen,
917 1928 942 1970 ſo
964 1926 1058 1962 wuͤrde
1082 1932 1112 1961 es
1140 1926 1233 1967 unnuͤz
1250 1931 1329 1968 ſeyn,
1358 1930 1411 1965 daß

1374 2002 1408 2040 ſie
