1470 2163
379 496 406 520 1.
433 485 537 527 Heunt
546 487 601 520 kan
609 476 720 520 Maria
728 482 778 517 als
789 482 836 518 die
856 479 938 523 Heil.
956 476 1179 517 Kindlbetterin
1196 475 1318 517 verehrt

417 538 545 576 werden,
556 535 613 569 wie
626 532 719 572 dieſes
730 532 796 575 Feſt
805 532 851 567 die
862 529 991 572 Syrier,
1003 529 1173 568 Griechen,
1191 535 1228 561 ꝛc.
1242 526 1317 563 Den

422 585 470 611 26.
484 581 607 608 Decem.
624 573 763 616 begehen.
816 568 920 615 Koͤnig
935 571 1107 614 Ferdinand
1119 571 1171 612 hat
1183 568 1317 609 anheunt

414 613 512 665 durch
529 617 632 652 Mariam
666 606 759 651 wider
777 615 821 650 die
834 613 1014 655 unglaubige
1024 612 1158 654 Mohren
1167 612 1222 644 den
1233 608 1318 651 Sieg

414 663 562 705 erhalten,
574 663 635 696 und
645 662 703 696 mit
712 658 769 700 den
769 657 897 702 erloͤſten
909 650 1046 701 Chriſten
1059 657 1161 698 GOtt,
1178 657 1239 690 und
1248 655 1319 699 Jhr

415 712 472 741 Lob
483 706 640 755 geſungen.
666 712 696 742 S.
710 708 805 741 Odilo
816 707 931 748 machte
948 703 985 741 ſie
1005 705 1096 741 heunt
1109 700 1231 747 geſund.

371 764 402 789 2.
431 747 563 795 Grafens
577 741 741 795 Grifabelli
752 748 905 786 ermortes
919 739 1064 791 Freylein,
1079 741 1188 786 erweckt
1199 745 1260 781 und
1271 753 1318 780 er⸗

414 801 480 830 halt
490 800 600 830 Maria
612 800 642 830 in
653 801 706 830 der
715 795 816 830 Erden
827 793 920 836 ſieben
930 793 1019 830 Jahr
1030 792 1175 832 lebendig.

372 853 404 885 3.
429 841 539 884 Durch
558 842 700 878 Mariam
712 839 790 875 wird
806 837 939 883 anheunt
959 838 989 874 in
1000 834 1124 878 Jtalien
1143 834 1192 870 ein
1201 834 1325 877 groſſes

418 889 598 921 Erdbiedem
612 887 813 921 abgewendet.

370 935 402 971 4.
427 927 540 964 Maria
555 925 634 963 wird
645 924 780 968 anheunt
790 931 852 959 von
862 924 919 959 den
931 920 1080 963 Griechen
1089 919 1139 921 als
1089 921 1140 956 als
1150 921 1199 957 ein
1215 921 1316 955 Wun⸗

413 976 557 1006 derwerck
564 978 637 1006 aller
646 974 915 1012 Wunderwercken
927 972 1075 1012 verehret.

372 1025 404 1059 5.
413 1015 523 1053 Einem
534 1013 666 1059 Prieſter
672 1014 726 1057 hat
735 1012 848 1049 Maria
857 1010 992 1052 anheunt
998 1008 1111 1053 anſtatt
1119 1009 1174 1044 der
1183 1007 1247 1050 ihm
1256 1015 1321 1044 von

415 1065 535 1105 Ketzern
545 1060 797 1105 abgeſchnittenen
809 1058 932 1104 Zungen
944 1059 1008 1095 eine
1019 1067 1092 1094 neue
1102 1054 1251 1100 angeſetzt.

373 1113 409 1151 6.
431 1110 542 1148 Maria
550 1111 604 1153 hat
622 1108 754 1146 anheunt
774 1107 821 1143 die
843 1106 872 1142 H.
883 1105 976 1145 Drey
987 1099 1075 1101 Koͤnig
987 1101 1075 1145 Koͤnig
1101 1097 1253 1145 liebreich
1258 1110 1318 1137 em⸗

417 1154 578 1198 pfangen;
604 1154 685 1190 Auch
695 1151 830 1192 anheunt
840 1151 901 1188 das
913 1150 983 1196 erſte
997 1149 1131 1188 Mirackl
1148 1156 1209 1185 von
1227 1147 1325 1192 Chri⸗

416 1197 458 1233 ſto
470 1206 504 1233 zu
513 1196 603 1233 Cana
612 1192 742 1233 Galilaͤa
752 1192 897 1233 erlanget.

372 1246 407 1287 7.
434 1243 531 1274 Maria
542 1240 656 1272 Razzia
666 1237 729 1274 eine
738 1234 854 1279 Cloſter
862 1233 1025 1279 Jungfrau
1035 1232 1142 1278 erhilte
1152 1233 1239 1275 alles,
1248 1238 1322 1269 was

400 1268 454 1320 ſie
464 1290 525 1317 von
534 1276 649 1316 Maria
661 1275 811 1322 begehrte.

372 1334 405 1371 8.
426 1329 571 1374 Anheunt
584 1327 662 1365 wird
672 1326 785 1365 Maria
794 1323 844 1362 als
853 1331 913 1361 von
924 1323 992 1361 dem
1008 1318 1274 1366 Anfang⸗genandt
1284 1322 1319 1363 zu

414 1380 531 1409 Neapel
539 1375 723 1420 ſonderbahr
733 1374 880 1415 verehret.

373 1413 410 1465 9.
427 1419 585 1460 Julianus
603 1422 664 1454 und
681 1412 825 1460 Baſiliſſa
839 1431 866 1451 2.
879 1413 1063 1458 Ehe⸗Leuthe
1074 1411 1215 1449 verloben
1227 1410 1261 1448 in
1261 1410 1323 1447 der

418 1467 510 1504 erſten
529 1465 630 1501 Nacht
645 1466 691 1498 die
708 1465 801 1503 ewige
815 1460 1009 1501 Keuſchheit,
1030 1462 1092 1495 und
1108 1457 1252 1500 Chriſtus
1262 1457 1316 1493 mit

417 1509 530 1546 Maria
544 1504 706 1547 erſchienen
715 1504 818 1544 ihnen,
826 1499 966 1546 ſprachen
978 1502 1016 1541 ſie
1024 1500 1119 1542 ſeelig,
1138 1501 1199 1535 und
1210 1498 1323 1536 Maria

419 1545 568 1589 wuͤnſchte
579 1546 667 1588 ihnen
677 1552 745 1585 zum
763 1543 929 1586 herrlichen
946 1544 1031 1585 Sieg
1047 1539 1121 1578 uͤber
1136 1541 1183 1576 die
1195 1540 1324 1584 zeitliche

420 1583 595 1639 Wolluͤſten,
618 1581 693 1630 Gluͤck
705 1592 765 1628 und
776 1588 875 1630 Heyl;
900 1586 938 1627 ſie
948 1589 1069 1624 wurden
1078 1582 1257 1629 nachmahls
1267 1593 1326 1622 mit

418 1635 566 1680 guldenen
579 1633 700 1671 Cronen
708 1640 779 1670 vom
789 1628 925 1675 Himmel
933 1624 1086 1675 gecroͤnet,
1103 1624 1156 1673 und
1155 1628 1218 1666 dem
1231 1626 1324 1673 Buch

419 1686 471 1713 der
483 1678 632 1723 Seeligen
646 1676 848 1714 einverleibet.

378 1735 432 1761 10.
442 1723 553 1761 Maria
562 1713 657 1763 lehrte
663 1721 710 1756 die
719 1720 801 1762 heut:
814 1716 932 1761 Jungf:
944 1718 1065 1760 Oringã
1074 1714 1148 1757 leſen
1155 1715 1200 1752 uñ
1209 1713 1326 1759 ſingen.

379 1782 431 1811 11.
456 1770 532 1809 Von
544 1767 655 1806 Maria
665 1767 743 1805 wird
754 1766 836 1805 ihrer
854 1763 1007 1803 Dienerin
1024 1762 1082 1799 das
1099 1758 1331 1806 abgeſchlagene

426 1815 535 1852 Haubt
553 1813 664 1850 wieder
680 1809 832 1855 angeſetzt.

378 1869 428 1893 12.
455 1852 571 1895 Kayſer
590 1852 809 1887 Maxmilianus
828 1853 853 1881 I.
874 1852 995 1886 erobert
1010 1852 1105 1893 durch
1124 1850 1255 1882 Mariam
1275 1852 1328 1885 die

420 1910 525 1945 Stadt
539 1906 693 1945 Attrebat.

383 1958 433 1994 13.
458 1950 512 1984 Leo
523 1947 576 1983 der
585 1938 699 1988 Kayſer
713 1945 812 1987 macht
830 1945 891 1983 auß
913 1945 1024 1986 Befehl
1046 1942 1150 1975 Mariæ
1164 1947 1198 1984 zu
1211 1942 1330 1970 Mariæ-

425 1996 574 2037 Bronnen
586 1993 669 2032 einen
680 1991 815 2032 Blinden
826 1987 941 2037 ſehend.

1207 1994 1256 2030 14.
1264 1985 1332 2022 Auß
