<?xml version="1.0" encoding="utf-8"?>
<PcGts xmlns="http://schema.primaresearch.org/PAGE/gts/pagecontent/2019-07-15" xmlns:xsi="http://www.w3.org/2001/XMLSchema-instance" pcGtsId="PAGE_01" xsi:schemaLocation="http://schema.primaresearch.org/PAGE/gts/pagecontent/2019-07-15 http://schema.primaresearch.org/PAGE/gts/pagecontent/2019-07-15/pagecontent.xsd">
  <Metadata>
    <Creator>OCR-D DFG Phase III</Creator>
    <Created>2024-01-19T13:10:17Z</Created>
    <LastChange>2024-01-19T13:10:17Z</LastChange>
    <Comments>ODEM: OCR-D extension for mass digitization (2021-2024)</Comments>
  </Metadata>
  <Page imageFilename="https://opendata.uni-halle.de/retrieve/f11bcc71-9187-4bb6-baa2-d253d80338e0/00000235.jpg" imageWidth="1518" imageHeight="2150" type="content" primaryLanguage="German">
    <Border>
      <Coords points="56,195 66,2051 1209,2064 1168,191"/>
    </Border>
    <ReadingOrder>
      <OrderedGroup id="ro_1652273725293" caption="Regions reading order">
        <RegionRefIndexed index="0" regionRef="TextRegion_1651136163093_6594"/>
        <RegionRefIndexed index="1" regionRef="TextRegion_1651136166601_6599"/>
        <RegionRefIndexed index="2" regionRef="TextRegion_1651136168196_6604"/>
        <RegionRefIndexed index="3" regionRef="TextRegion_1651136169850_6609"/>
        <RegionRefIndexed index="4" regionRef="TextRegion_1651136171762_6614"/>
        <RegionRefIndexed index="5" regionRef="TextRegion_1651136174515_6621"/>
        <RegionRefIndexed index="6" regionRef="TextRegion_1651136176613_6626"/>
        <RegionRefIndexed index="7" regionRef="TextRegion_1651136178515_6633"/>
        <RegionRefIndexed index="8" regionRef="TextRegion_1651136178515_6632"/>
      </OrderedGroup>
    </ReadingOrder>
    <TextRegion orientation="1.6389877" readingDirection="left-to-right" id="TextRegion_1651136163093_6594" custom="readingOrder {index:0;}">
      <Coords points="135,445 939,426 942,557 137,557"/>
      <TextLine id="region0002_line0001" custom="readingOrder {index:0;}">
        <Coords points="508,436 471,444 453,444 448,440 440,440 428,446 412,447 390,443 384,448 349,452 331,453 323,444 315,444 307,451 263,446 206,447 196,454 171,454 157,450 135,450 136,495 169,495 175,500 195,495 219,498 261,495 265,497 275,497 280,493 351,491 359,498 372,496 380,490 413,488 437,489 441,491 476,486 557,487 569,488 574,492 582,491 588,487 626,486 659,488 663,491 708,485 784,483 806,483 810,486 820,486 824,482 849,483 854,488 873,487 878,483 909,484 913,481 940,477 939,438 920,439 915,434 887,434 880,441 863,442 841,439 836,435 820,438 816,435 801,436 793,433 736,435 723,441 666,438 650,439 640,444 620,437 562,441 550,437 512,436"/>
        <Word id="region0002_line0001_word0000" custom="readingOrder {index:0;}">
          <Coords points="142,458 239,455 240,490 143,493"/>
          <TextEquiv conf="0.92356676">
            <Unicode>begriff</Unicode>
          </TextEquiv>
        </Word>
        <Word id="region0002_line0001_word0001" custom="readingOrder {index:1;}">
          <Coords points="254,455 285,454 286,489 255,490"/>
          <TextEquiv conf="0.92850995">
            <Unicode>iſt</Unicode>
          </TextEquiv>
        </Word>
        <Word id="region0002_line0001_word0002" custom="readingOrder {index:2;}">
          <Coords points="329,451 300,452 301,483 344,482 343,452 331,453"/>
          <TextEquiv conf="0.9292395">
            <Unicode>ein</Unicode>
          </TextEquiv>
        </Word>
        <Word id="region0002_line0001_word0003" custom="readingOrder {index:3;}">
          <Coords points="358,452 498,448 499,485 359,489"/>
          <TextEquiv conf="0.9284992">
            <Unicode>gedachtes</Unicode>
          </TextEquiv>
        </Word>
        <Word id="region0002_line0001_word0004" custom="readingOrder {index:4;}">
          <Coords points="558,439 509,441 510,484 679,480 678,438 666,438 650,439 640,444 623,438 589,439 562,441"/>
          <TextEquiv conf="0.9227992">
            <Unicode>Verhaͤltniß</Unicode>
          </TextEquiv>
        </Word>
        <Word id="region0002_line0001_word0005" custom="readingOrder {index:5;}">
          <Coords points="692,445 737,444 738,472 693,473"/>
          <TextEquiv conf="0.9297817">
            <Unicode>der</Unicode>
          </TextEquiv>
        </Word>
        <Word id="region0002_line0001_word0006" custom="readingOrder {index:6;}">
          <Coords points="820,438 745,440 746,477 926,472 925,439 920,439 916,435 885,436 880,441 863,442 841,439 839,437 821,438 820,438"/>
          <TextEquiv conf="0.9221846">
            <Unicode>Sachbegrif⸗</Unicode>
          </TextEquiv>
        </Word>
        <TextEquiv conf="0.9263687">
          <Unicode>begriff iſt ein gedachtes Verhaͤltniß der Sachbegrif⸗</Unicode>
        </TextEquiv>
      </TextLine>
      <TextLine id="region0002_line0002" custom="readingOrder {index:1;}">
        <Coords points="183,505 178,515 158,510 137,512 138,558 146,561 171,557 176,561 184,561 189,557 437,549 582,548 590,553 622,549 626,552 643,551 648,555 663,554 668,550 717,547 733,536 732,510 727,505 646,508 635,501 626,501 620,507 606,508 599,507 591,500 581,500 567,508 542,500 495,501 479,508 441,504 410,505 406,508 373,511 341,507 301,507 293,511 289,508 280,508 273,514 241,513 208,517 195,506"/>
        <Word id="region0002_line0002_word0000" custom="readingOrder {index:0;}">
          <Coords points="143,516 192,516 193,550 144,550"/>
          <TextEquiv>
            <Unicode>fe,</Unicode>
          </TextEquiv>
        </Word>
        <Word id="region0002_line0002_word0001" custom="readingOrder {index:1;}">
          <Coords points="200,510 180,510 202,513 203,549 354,545 353,508 341,507 318,507 299,507 293,511 289,508 283,508 279,508 273,514 241,513 208,517"/>
          <TextEquiv>
            <Unicode>entwickelt</Unicode>
          </TextEquiv>
        </Word>
        <Word id="region0002_line0002_word0002" custom="readingOrder {index:2;}">
          <Coords points="368,512 421,510 421,539 368,541"/>
          <TextEquiv conf="0.96587265">
            <Unicode>aus</Unicode>
          </TextEquiv>
        </Word>
        <Word id="region0002_line0002_word0003" custom="readingOrder {index:3;}">
          <Coords points="436,510 494,508 494,535 436,537"/>
          <TextEquiv conf="0.93304765">
            <Unicode>dem</Unicode>
          </TextEquiv>
        </Word>
        <Word id="region0002_line0002_word0004" custom="readingOrder {index:4;}">
          <Coords points="550,502 510,504 511,542 689,537 687,506 646,508 635,501 626,501 620,507 606,508 599,507 592,501 577,502 567,508"/>
          <TextEquiv conf="0.90006304">
            <Unicode>Denkgeſeze.</Unicode>
          </TextEquiv>
        </Word>
        <TextEquiv>
          <Unicode>fe, entwickelt aus dem Denkgeſeze.</Unicode>
        </TextEquiv>
      </TextLine>
      <TextEquiv>
        <Unicode>begriff iſt ein gedachtes Verhaͤltniß der Sachbegrif⸗
fe, entwickelt aus dem Denkgeſeze.</Unicode>
      </TextEquiv>
    </TextRegion>
    <TextRegion orientation="1.6389877" type="heading" readingDirection="left-to-right" id="TextRegion_1651136166601_6599" custom="readingOrder {index:1;} structure {type:heading;}">
      <Coords points="137,557 942,557 943,614 138,614"/>
      <TextLine id="region0002_line0003" custom="readingOrder {index:0;}">
        <Coords points="404,561 361,566 358,570 360,598 369,607 376,608 473,610 478,614 486,614 491,610 661,608 664,605 688,604 700,593 699,567 694,562 632,564 626,567 599,570 590,562 580,562 573,570 569,570 542,569 534,562 524,562 519,567 515,564 506,565 502,568 470,569 462,560"/>
        <Word id="region0002_line0003_word0000" custom="readingOrder {index:0;}">
          <Coords points="469,568 414,570 415,606 661,599 660,563 632,564 626,567 599,570 593,565 577,565 573,570 569,570 542,569 539,566 503,567 502,568 470,569"/>
          <TextEquiv conf="0.79078203">
            <Unicode>Septimius.</Unicode>
          </TextEquiv>
        </Word>
        <TextEquiv conf="0.79078203">
          <Unicode>Septimius.</Unicode>
        </TextEquiv>
      </TextLine>
      <TextEquiv>
        <Unicode>Septimius.</Unicode>
      </TextEquiv>
    </TextRegion>
    <TextRegion orientation="1.6389877" readingDirection="left-to-right" id="TextRegion_1651136168196_6604" custom="readingOrder {index:2;}">
      <Coords points="138,614 943,614 944,678 139,678"/>
      <TextLine id="region0002_line0004" custom="readingOrder {index:0;}">
        <Coords points="252,628 170,633 167,637 168,662 178,668 180,684 184,687 221,686 267,677 300,676 309,680 319,680 324,675 421,669 438,670 447,674 456,674 461,670 482,669 591,671 596,675 606,675 610,672 632,674 637,670 646,670 684,672 689,675 703,675 708,671 717,670 755,670 760,673 769,673 775,669 859,665 866,661 871,654 915,652 920,647 919,621 914,616 838,618 796,625 775,619 766,619 746,622 727,628 705,629 686,627 680,623 670,623 657,628 651,621 640,622 634,630 625,624 614,625 603,631 589,624 575,623 539,624 518,630 511,623 501,624 494,631 472,624 463,624 459,627 455,624 444,624 438,629 423,630 373,631 356,627 278,634 266,629"/>
        <Word id="region0002_line0004_word0000" custom="readingOrder {index:0;}">
          <Coords points="217,638 329,635 330,674 218,677"/>
          <TextEquiv>
            <Unicode>Haͤtteſt</Unicode>
          </TextEquiv>
        </Word>
        <Word id="region0002_line0004_word0001" custom="readingOrder {index:1;}">
          <Coords points="347,637 383,636 384,664 348,665"/>
          <TextEquiv>
            <Unicode>du</Unicode>
          </TextEquiv>
        </Word>
        <Word id="region0002_line0004_word0002" custom="readingOrder {index:2;}">
          <Coords points="399,635 470,633 471,666 400,668"/>
          <TextEquiv conf="0.9582231">
            <Unicode>wohl</Unicode>
          </TextEquiv>
        </Word>
        <Word id="region0002_line0004_word0003" custom="readingOrder {index:3;}">
          <Coords points="487,632 531,631 532,661 488,662"/>
          <TextEquiv conf="0.9305839">
            <Unicode>ein</Unicode>
          </TextEquiv>
        </Word>
        <Word id="region0002_line0004_word0004" custom="readingOrder {index:4;}">
          <Coords points="594,626 548,628 549,665 679,662 678,625 663,625 657,628 654,625 637,625 634,630 628,626 611,626 603,631"/>
          <TextEquiv conf="0.9180295">
            <Unicode>Beyſpiel</Unicode>
          </TextEquiv>
        </Word>
        <Word id="region0002_line0004_word0005" custom="readingOrder {index:5;}">
          <Coords points="691,634 738,633 739,661 692,662"/>
          <TextEquiv conf="0.96209824">
            <Unicode>zur</Unicode>
          </TextEquiv>
        </Word>
        <Word id="region0002_line0004_word0006" custom="readingOrder {index:6;}">
          <Coords points="788,622 753,624 754,661 863,657 862,620 815,621 796,625"/>
          <TextEquiv conf="0.91756326">
            <Unicode>Hand?</Unicode>
          </TextEquiv>
        </Word>
        <TextEquiv>
          <Unicode>Haͤtteſt du wohl ein Beyſpiel zur Hand?</Unicode>
        </TextEquiv>
      </TextLine>
      <TextEquiv>
        <Unicode>Haͤtteſt du wohl ein Beyſpiel zur Hand?</Unicode>
      </TextEquiv>
    </TextRegion>
    <TextRegion orientation="1.6389877" type="heading" readingDirection="left-to-right" id="TextRegion_1651136169850_6609" custom="readingOrder {index:3;} structure {type:heading;}">
      <Coords points="139,678 944,678 945,740 140,740"/>
      <TextLine id="region0002_line0005" custom="readingOrder {index:0;}">
        <Coords points="344,687 339,692 340,717 347,724 347,731 352,736 431,735 435,738 473,734 500,735 505,739 529,734 534,738 543,738 548,733 570,732 706,730 722,720 721,694 716,689 605,693 548,691 543,687 532,687 523,692 472,694 443,685"/>
        <Word id="region0002_line0005_word0000" custom="readingOrder {index:0;}">
          <Coords points="472,694 396,696 397,731 684,723 683,690 605,693 560,691 482,694 472,694"/>
          <TextEquiv conf="0.9125576">
            <Unicode>Theophranor.</Unicode>
          </TextEquiv>
        </Word>
        <TextEquiv conf="0.9125576">
          <Unicode>Theophranor.</Unicode>
        </TextEquiv>
      </TextLine>
      <TextEquiv>
        <Unicode>Theophranor.</Unicode>
      </TextEquiv>
    </TextRegion>
    <TextRegion orientation="1.6389877" readingDirection="left-to-right" id="TextRegion_1651136171762_6614" custom="readingOrder {index:4;}">
      <Coords points="140,740 945,740 962,1421 157,1421"/>
      <TextLine id="region0002_line0006" custom="readingOrder {index:0;}">
        <Coords points="172,754 167,759 167,785 179,803 257,801 270,803 274,800 329,796 424,797 433,802 441,802 446,797 472,797 502,797 508,802 517,801 523,796 565,794 713,792 719,797 728,796 733,792 794,792 809,789 947,784 946,746 920,747 915,743 903,743 898,747 879,748 848,742 817,743 798,747 791,744 782,744 776,748 750,745 745,749 733,749 727,744 717,745 712,749 683,746 679,750 649,754 599,755 551,754 545,751 537,751 532,755 508,758 452,756 438,749 430,749 421,756 386,757 347,756 340,750 330,751 325,757 283,758 277,752 262,755 238,752"/>
        <Word id="region0002_line0006_word0000" custom="readingOrder {index:0;}">
          <Coords points="221,762 276,760 277,795 222,797"/>
          <TextEquiv conf="0.8579312">
            <Unicode>Laß</Unicode>
          </TextEquiv>
        </Word>
        <Word id="region0002_line0006_word0001" custom="readingOrder {index:1;}">
          <Coords points="286,760 340,758 341,786 287,788"/>
          <TextEquiv conf="0.8755178">
            <Unicode>uns</Unicode>
          </TextEquiv>
        </Word>
        <Word id="region0002_line0006_word0002" custom="readingOrder {index:2;}">
          <Coords points="446,753 423,753 421,756 386,757 355,756 356,793 522,788 521,756 508,758 452,756"/>
          <TextEquiv>
            <Unicode>annehmen,</Unicode>
          </TextEquiv>
        </Word>
        <Word id="region0002_line0006_word0003" custom="readingOrder {index:3;}">
          <Coords points="549,753 538,754 538,781 584,779 584,754 551,754"/>
          <TextEquiv conf="0.9604817">
            <Unicode>der</Unicode>
          </TextEquiv>
        </Word>
        <Word id="region0002_line0006_word0004" custom="readingOrder {index:4;}">
          <Coords points="702,747 680,748 679,750 649,754 599,755 593,754 594,786 812,780 811,745 806,745 798,747 794,745 779,745 776,748 761,746 747,746 745,749 733,749 730,747 713,747 712,749"/>
          <TextEquiv conf="0.95352453">
            <Unicode>unentbehrliche</Unicode>
          </TextEquiv>
        </Word>
        <Word id="region0002_line0006_word0005" custom="readingOrder {index:5;}">
          <Coords points="861,744 821,746 821,776 935,772 935,746 920,747 915,743 906,743 902,743 898,747 879,748"/>
          <TextEquiv>
            <Unicode>Grund⸗</Unicode>
          </TextEquiv>
        </Word>
        <TextEquiv>
          <Unicode>Laß uns annehmen, der unentbehrliche Grund⸗</Unicode>
        </TextEquiv>
      </TextLine>
      <TextLine id="region0002_line0007" custom="readingOrder {index:1;}">
        <Coords points="212,814 194,820 167,816 144,818 146,865 157,868 172,865 189,870 320,859 356,861 362,866 372,866 377,861 385,864 394,864 398,861 431,863 435,860 570,855 651,855 656,858 665,858 670,854 715,856 735,853 750,854 755,858 793,851 949,847 948,809 833,811 827,803 815,803 806,812 759,814 727,812 721,807 709,807 701,813 694,813 666,808 603,808 565,817 540,818 533,810 523,810 516,817 507,818 478,818 474,815 443,819 432,817 427,812 356,815 352,812 341,812 335,818 300,819 286,812"/>
        <Word id="region0002_line0007_word0000" custom="readingOrder {index:0;}">
          <Coords points="155,826 213,824 214,861 156,863"/>
          <TextEquiv conf="0.9222905">
            <Unicode>ſaz:</Unicode>
          </TextEquiv>
        </Word>
        <Word id="region0002_line0007_word0001" custom="readingOrder {index:1;}">
          <Coords points="234,824 319,821 319,853 234,856"/>
          <TextEquiv conf="0.9598814">
            <Unicode>Was</Unicode>
          </TextEquiv>
        </Word>
        <Word id="region0002_line0007_word0002" custom="readingOrder {index:2;}">
          <Coords points="343,819 396,818 398,855 345,856"/>
          <TextEquiv>
            <Unicode>iſt,</Unicode>
          </TextEquiv>
        </Word>
        <Word id="region0002_line0007_word0003" custom="readingOrder {index:3;}">
          <Coords points="435,817 415,818 416,852 477,851 476,817 455,817 443,819"/>
          <TextEquiv conf="0.96546644">
            <Unicode>hat</Unicode>
          </TextEquiv>
        </Word>
        <Word id="region0002_line0007_word0004" custom="readingOrder {index:4;}">
          <Coords points="536,813 518,814 516,817 507,818 501,818 502,845 586,842 585,812 565,817 540,818"/>
          <TextEquiv conf="0.9319363">
            <Unicode>eine</Unicode>
          </TextEquiv>
        </Word>
        <Word id="region0002_line0007_word0005" custom="readingOrder {index:5;}">
          <Coords points="675,809 603,812 604,848 768,843 767,813 759,814 727,812 722,808 706,808 701,813 694,813"/>
          <TextEquiv>
            <Unicode>Urſache,</Unicode>
          </TextEquiv>
        </Word>
        <Word id="region0002_line0007_word0006" custom="readingOrder {index:6;}">
          <Coords points="828,804 812,805 806,812 784,812 785,836 857,834 856,810 833,811"/>
          <TextEquiv>
            <Unicode>waͤre</Unicode>
          </TextEquiv>
        </Word>
        <Word id="region0002_line0007_word0007" custom="readingOrder {index:7;}">
          <Coords points="871,812 934,810 935,833 872,835"/>
          <TextEquiv conf="0.96205854">
            <Unicode>vom</Unicode>
          </TextEquiv>
        </Word>
        <TextEquiv>
          <Unicode>ſaz: Was iſt, hat eine Urſache, waͤre vom</Unicode>
        </TextEquiv>
      </TextLine>
      <TextLine id="region0002_line0008" custom="readingOrder {index:2;}">
        <Coords points="486,861 481,866 481,872 477,875 387,874 344,883 295,884 290,879 280,879 274,884 242,883 235,879 224,880 217,884 200,877 146,879 146,901 146,927 218,926 223,929 232,929 235,926 372,922 391,922 399,926 410,922 446,921 452,925 461,925 465,921 500,920 507,925 515,925 520,919 546,918 761,912 880,911 898,918 907,917 919,910 950,907 949,870 921,872 898,869 893,865 865,869 855,865 840,863 796,865 788,871 783,867 773,867 767,873 740,872 735,868 703,874 680,873 676,870 655,872 648,867 628,872 613,870 607,876 589,876 584,873 576,873 571,877 556,878 530,873 503,874 498,862"/>
        <Word id="region0002_line0008_word0000" custom="readingOrder {index:0;}">
          <Coords points="208,880 158,882 159,916 313,911 312,883 295,884 290,879 280,879 274,884 242,883 235,879 226,879 224,880 217,884"/>
          <TextEquiv conf="0.91685617">
            <Unicode>Verſtande</Unicode>
          </TextEquiv>
        </Word>
        <Word id="region0002_line0008_word0001" custom="readingOrder {index:1;}">
          <Coords points="327,883 328,907 381,905 380,876 376,876 344,883"/>
          <TextEquiv conf="0.92637056">
            <Unicode>aus</Unicode>
          </TextEquiv>
        </Word>
        <Word id="region0002_line0008_word0002" custom="readingOrder {index:2;}">
          <Coords points="396,874 397,909 443,908 442,874"/>
          <TextEquiv conf="0.92487013">
            <Unicode>ſich</Unicode>
          </TextEquiv>
        </Word>
        <Word id="region0002_line0008_word0003" custom="readingOrder {index:3;}">
          <Coords points="486,861 486,861 481,866 481,872 477,875 451,875 452,913 526,911 525,873 503,874 498,862"/>
          <TextEquiv conf="0.91100293">
            <Unicode>ſelbſt</Unicode>
          </TextEquiv>
        </Word>
        <Word id="region0002_line0008_word0004" custom="readingOrder {index:4;}">
          <Coords points="539,874 540,901 689,897 688,873 680,873 676,870 655,872 648,867 628,872 613,870 607,876 589,876 584,873 576,873 571,877 556,878"/>
          <TextEquiv conf="0.9287101">
            <Unicode>entwickelt</Unicode>
          </TextEquiv>
        </Word>
        <Word id="region0002_line0008_word0005" custom="readingOrder {index:5;}">
          <Coords points="705,873 706,895 750,894 749,872 740,872 735,868"/>
          <TextEquiv conf="0.962646">
            <Unicode>als</Unicode>
          </TextEquiv>
        </Word>
        <Word id="region0002_line0008_word0006" custom="readingOrder {index:6;}">
          <Coords points="760,872 761,893 803,892 802,864 796,865 788,871 783,867 773,867 767,873"/>
          <TextEquiv conf="0.9192425">
            <Unicode>ein</Unicode>
          </TextEquiv>
        </Word>
        <Word id="region0002_line0008_word0007" custom="readingOrder {index:7;}">
          <Coords points="811,864 812,899 938,895 937,870 921,872 898,869 893,865 865,869 855,865 840,863"/>
          <TextEquiv>
            <Unicode>Deukge⸗</Unicode>
          </TextEquiv>
        </Word>
        <TextEquiv>
          <Unicode>Verſtande aus ſich ſelbſt entwickelt als ein Deukge⸗</Unicode>
        </TextEquiv>
      </TextLine>
      <TextLine id="region0002_line0009" custom="readingOrder {index:3;}">
        <Coords points="160,942 147,943 148,992 197,994 314,984 523,978 600,978 607,986 616,986 626,977 653,976 799,973 803,976 812,976 816,973 855,972 889,973 894,977 902,976 907,972 952,970 951,933 933,934 925,926 917,926 910,932 905,927 894,928 886,934 865,935 858,926 849,926 842,934 825,935 817,934 811,927 787,929 780,935 749,935 744,931 735,931 729,935 685,938 648,936 579,939 575,936 563,939 537,940 528,939 522,933 513,934 505,940 494,934 484,934 475,940 431,943 406,942 401,938 390,938 383,942 376,935 364,936 355,944 320,944 314,940 301,942 280,938 213,941 194,948 180,946 172,941"/>
        <Word id="region0002_line0009_word0000" custom="readingOrder {index:0;}">
          <Coords points="191,947 159,949 160,985 209,983 208,947 195,947 194,948"/>
          <TextEquiv>
            <Unicode>fez.</Unicode>
          </TextEquiv>
        </Word>
        <Word id="region0002_line0009_word0001" custom="readingOrder {index:1;}">
          <Coords points="243,946 315,944 316,976 244,978"/>
          <TextEquiv conf="0.91888267">
            <Unicode>Was</Unicode>
          </TextEquiv>
        </Word>
        <Word id="region0002_line0009_word0002" custom="readingOrder {index:2;}">
          <Coords points="405,942 356,943 355,944 332,944 333,975 424,972 423,943 406,942"/>
          <TextEquiv conf="0.9252521">
            <Unicode>wuͤrde</Unicode>
          </TextEquiv>
        </Word>
        <Word id="region0002_line0009_word0003" custom="readingOrder {index:3;}">
          <Coords points="438,950 465,949 466,970 439,971"/>
          <TextEquiv conf="0.928685">
            <Unicode>er</Unicode>
          </TextEquiv>
        </Word>
        <Word id="region0002_line0009_word0004" custom="readingOrder {index:4;}">
          <Coords points="504,939 482,940 483,977 624,973 623,937 579,939 577,937 569,938 563,939 537,940 528,939 528,939 506,939 505,940"/>
          <TextEquiv conf="0.90899223">
            <Unicode>bedeuten,</Unicode>
          </TextEquiv>
        </Word>
        <Word id="region0002_line0009_word0005" custom="readingOrder {index:5;}">
          <Coords points="640,940 720,938 721,962 641,964"/>
          <TextEquiv conf="0.91809946">
            <Unicode>wenn</Unicode>
          </TextEquiv>
        </Word>
        <Word id="region0002_line0009_word0006" custom="readingOrder {index:6;}">
          <Coords points="747,933 735,934 736,961 770,960 769,935 749,935"/>
          <TextEquiv conf="0.9283093">
            <Unicode>du</Unicode>
          </TextEquiv>
        </Word>
        <Word id="region0002_line0009_word0007" custom="readingOrder {index:7;}">
          <Coords points="813,929 788,931 789,963 835,961 834,934 825,935 817,934"/>
          <TextEquiv conf="0.93144417">
            <Unicode>ihn</Unicode>
          </TextEquiv>
        </Word>
        <Word id="region0002_line0009_word0008" custom="readingOrder {index:8;}">
          <Coords points="833,934 834,970 858,970 857,926 849,926 842,934"/>
          <TextEquiv conf="0.9302927">
            <Unicode>in</Unicode>
          </TextEquiv>
        </Word>
        <Word id="region0002_line0009_word0009" custom="readingOrder {index:9;}">
          <Coords points="906,928 893,929 892,929 893,963 941,961 940,934 933,934 927,928 915,928 910,932"/>
          <TextEquiv conf="0.91913515">
            <Unicode>ſei⸗</Unicode>
          </TextEquiv>
        </Word>
        <TextEquiv>
          <Unicode>fez. Was wuͤrde er bedeuten, wenn du ihn in ſei⸗</Unicode>
        </TextEquiv>
      </TextLine>
      <TextLine id="region0002_line0010" custom="readingOrder {index:4;}">
        <Coords points="432,994 429,997 358,997 338,1006 322,1005 316,1000 301,1004 274,1000 264,1009 245,1007 239,1002 211,1008 149,1012 150,1052 210,1049 215,1053 223,1053 228,1049 236,1049 249,1049 255,1054 267,1054 275,1048 284,1051 296,1048 317,1050 322,1046 343,1044 456,1041 460,1044 471,1044 475,1041 488,1039 591,1036 596,1040 606,1040 611,1036 633,1035 637,1038 708,1035 712,1038 750,1033 953,1030 952,989 931,989 926,986 915,986 908,993 896,994 839,992 828,986 811,984 770,985 726,994 719,989 705,991 678,988 583,991 561,997 547,998 539,994 514,998 490,993 484,999 470,995 449,996 444,994"/>
        <Word id="region0002_line0010_word0000" custom="readingOrder {index:0;}">
          <Coords points="159,1018 208,1016 209,1039 160,1041"/>
          <TextEquiv conf="0.9223804">
            <Unicode>ner</Unicode>
          </TextEquiv>
        </Word>
        <Word id="region0002_line0010_word0001" custom="readingOrder {index:1;}">
          <Coords points="253,1007 217,1009 218,1045 356,1041 355,1005 339,1005 338,1006 332,1005 265,1007 264,1009"/>
          <TextEquiv conf="0.9160662">
            <Unicode>logiſchen</Unicode>
          </TextEquiv>
        </Word>
        <Word id="region0002_line0010_word0002" custom="readingOrder {index:2;}">
          <Coords points="369,1005 515,1001 516,1035 370,1039"/>
          <TextEquiv conf="0.9223088">
            <Unicode>Nacktheit</Unicode>
          </TextEquiv>
        </Word>
        <Word id="region0002_line0010_word0003" custom="readingOrder {index:3;}">
          <Coords points="531,1002 636,999 637,1032 532,1035"/>
          <TextEquiv conf="0.9220733">
            <Unicode>denkſt?</Unicode>
          </TextEquiv>
        </Word>
        <Word id="region0002_line0010_word0004" custom="readingOrder {index:4;}">
          <Coords points="655,1000 767,996 768,1028 656,1032"/>
          <TextEquiv conf="0.9227628">
            <Unicode>Nichts.</Unicode>
          </TextEquiv>
        </Word>
        <Word id="region0002_line0010_word0005" custom="readingOrder {index:5;}">
          <Coords points="841,992 787,994 787,1024 872,1021 872,993"/>
          <TextEquiv conf="0.9226674">
            <Unicode>Denn</Unicode>
          </TextEquiv>
        </Word>
        <Word id="region0002_line0010_word0006" custom="readingOrder {index:6;}">
          <Coords points="889,993 889,1021 942,1019 942,990 909,991 908,993 896,994"/>
          <TextEquiv conf="0.9224007">
            <Unicode>mit</Unicode>
          </TextEquiv>
        </Word>
        <TextEquiv conf="0.9215228">
          <Unicode>ner logiſchen Nacktheit denkſt? Nichts. Denn mit</Unicode>
        </TextEquiv>
      </TextLine>
      <TextLine id="region0002_line0011" custom="readingOrder {index:5;}">
        <Coords points="398,1055 384,1057 375,1065 351,1064 345,1058 332,1059 321,1065 308,1067 239,1063 219,1065 201,1072 151,1071 152,1115 485,1100 550,1101 554,1103 563,1103 567,1100 579,1103 588,1103 592,1099 623,1101 628,1097 754,1094 779,1094 784,1097 820,1093 856,1094 860,1097 872,1093 955,1092 953,1053 934,1053 927,1046 917,1046 912,1050 869,1051 864,1048 854,1048 848,1052 842,1046 832,1046 825,1054 819,1054 796,1053 790,1048 780,1048 772,1053 717,1056 656,1050 629,1054 620,1050 532,1053 519,1058 491,1055 486,1059 478,1060 459,1053"/>
        <Word id="region0002_line0011_word0000" custom="readingOrder {index:0;}">
          <Coords points="161,1076 218,1074 218,1102 162,1104"/>
          <TextEquiv conf="0.92320716">
            <Unicode>dem</Unicode>
          </TextEquiv>
        </Word>
        <Word id="region0002_line0011_word0001" custom="readingOrder {index:1;}">
          <Coords points="230,1070 394,1065 394,1097 230,1102"/>
          <TextEquiv conf="0.90472883">
            <Unicode>Gedanken:</Unicode>
          </TextEquiv>
        </Word>
        <Word id="region0002_line0011_word0002" custom="readingOrder {index:2;}">
          <Coords points="415,1065 501,1063 502,1095 415,1097"/>
          <TextEquiv conf="0.90248305">
            <Unicode>Was</Unicode>
          </TextEquiv>
        </Word>
        <Word id="region0002_line0011_word0003" custom="readingOrder {index:3;}">
          <Coords points="533,1062 588,1060 589,1094 534,1096"/>
          <TextEquiv conf="0.8757891">
            <Unicode>iſt,</Unicode>
          </TextEquiv>
        </Word>
        <Word id="region0002_line0011_word0004" custom="readingOrder {index:4;}">
          <Coords points="609,1059 664,1057 665,1092 610,1094"/>
          <TextEquiv conf="0.90854806">
            <Unicode>haſt</Unicode>
          </TextEquiv>
        </Word>
        <Word id="region0002_line0011_word0005" custom="readingOrder {index:5;}">
          <Coords points="678,1060 713,1059 714,1088 679,1089"/>
          <TextEquiv conf="0.9232157">
            <Unicode>du</Unicode>
          </TextEquiv>
        </Word>
        <Word id="region0002_line0011_word0006" custom="readingOrder {index:6;}">
          <Coords points="731,1056 794,1055 795,1087 732,1088"/>
          <TextEquiv conf="0.9006955">
            <Unicode>noch</Unicode>
          </TextEquiv>
        </Word>
        <Word id="region0002_line0011_word0007" custom="readingOrder {index:7;}">
          <Coords points="816,1054 812,1054 813,1087 884,1085 883,1052 825,1054 825,1054 819,1054"/>
          <TextEquiv conf="0.9260377">
            <Unicode>nicht</Unicode>
          </TextEquiv>
        </Word>
        <Word id="region0002_line0011_word0008" custom="readingOrder {index:8;}">
          <Coords points="932,1051 900,1053 901,1083 944,1081 943,1053 934,1053"/>
          <TextEquiv conf="0.9216507">
            <Unicode>die</Unicode>
          </TextEquiv>
        </Word>
        <TextEquiv conf="0.9095951">
          <Unicode>dem Gedanken: Was iſt, haſt du noch nicht die</Unicode>
        </TextEquiv>
      </TextLine>
      <TextLine id="region0002_line0012" custom="readingOrder {index:6;}">
        <Coords points="572,1113 561,1119 548,1122 514,1118 509,1122 494,1122 487,1125 368,1126 318,1129 298,1129 292,1124 281,1124 275,1128 260,1129 256,1126 230,1130 152,1129 153,1179 206,1179 210,1176 230,1174 253,1176 261,1172 284,1171 288,1174 313,1170 330,1176 339,1176 349,1169 445,1166 479,1166 485,1170 494,1170 498,1165 529,1163 562,1163 568,1168 578,1168 582,1163 690,1159 715,1162 874,1156 880,1162 892,1162 901,1158 956,1157 955,1105 925,1106 913,1109 905,1115 890,1116 872,1108 818,1112 811,1108 792,1107 752,1108 716,1114 712,1111 702,1111 697,1116 679,1114 668,1119 634,1119 625,1115 601,1119"/>
        <Word id="region0002_line0012_word0000" custom="readingOrder {index:0;}">
          <Coords points="163,1136 312,1131 313,1167 164,1172"/>
          <TextEquiv conf="0.8726455">
            <Unicode>Thatſache</Unicode>
          </TextEquiv>
        </Word>
        <Word id="region0002_line0012_word0001" custom="readingOrder {index:1;}">
          <Coords points="327,1135 495,1130 496,1162 328,1167"/>
          <TextEquiv conf="0.9033629">
            <Unicode>gewonnen,</Unicode>
          </TextEquiv>
        </Word>
        <Word id="region0002_line0012_word0002" custom="readingOrder {index:2;}">
          <Coords points="515,1124 582,1122 583,1160 516,1162"/>
          <TextEquiv conf="0.9011165">
            <Unicode>daß</Unicode>
          </TextEquiv>
        </Word>
        <Word id="region0002_line0012_word0003" custom="readingOrder {index:3;}">
          <Coords points="601,1125 688,1123 689,1151 602,1153"/>
          <TextEquiv conf="0.965231">
            <Unicode>etwas</Unicode>
          </TextEquiv>
        </Word>
        <Word id="region0002_line0012_word0004" custom="readingOrder {index:4;}">
          <Coords points="704,1120 744,1119 745,1153 705,1154"/>
          <TextEquiv>
            <Unicode>iſt.</Unicode>
          </TextEquiv>
        </Word>
        <Word id="region0002_line0012_word0005" custom="readingOrder {index:5;}">
          <Coords points="769,1117 828,1116 829,1150 770,1151"/>
          <TextEquiv conf="0.9617952">
            <Unicode>Der</Unicode>
          </TextEquiv>
        </Word>
        <Word id="region0002_line0012_word0006" custom="readingOrder {index:6;}">
          <Coords points="886,1114 837,1116 838,1154 946,1151 945,1113 906,1114 905,1115 890,1116"/>
          <TextEquiv conf="0.9401648">
            <Unicode>Begriff</Unicode>
          </TextEquiv>
        </Word>
        <TextEquiv>
          <Unicode>Thatſache gewonnen, daß etwas iſt. Der Begriff</Unicode>
        </TextEquiv>
      </TextLine>
      <TextLine id="region0002_line0013" custom="readingOrder {index:7;}">
        <Coords points="411,1180 401,1189 347,1190 341,1185 330,1185 321,1191 312,1191 305,1186 281,1188 252,1186 224,1194 198,1197 191,1189 180,1189 174,1197 153,1197 154,1236 287,1234 292,1238 301,1238 306,1234 329,1233 334,1237 344,1237 349,1232 375,1231 597,1225 650,1225 660,1231 673,1230 679,1225 703,1223 728,1223 735,1229 746,1229 755,1223 803,1225 842,1220 958,1219 957,1179 933,1180 927,1172 916,1172 911,1177 903,1172 891,1172 882,1177 841,1179 836,1174 822,1171 773,1172 764,1175 759,1182 718,1181 712,1176 694,1176 685,1182 667,1183 663,1177 653,1175 602,1176 590,1182 584,1178 573,1178 567,1186 541,1187 483,1187 477,1182 468,1182 462,1186 428,1188 424,1180"/>
        <Word id="region0002_line0013_word0000" custom="readingOrder {index:0;}">
          <Coords points="197,1196 174,1197 174,1197 167,1197 168,1228 242,1225 241,1194 215,1195 198,1197"/>
          <TextEquiv conf="0.9289914">
            <Unicode>einer</Unicode>
          </TextEquiv>
        </Word>
        <Word id="region0002_line0013_word0001" custom="readingOrder {index:1;}">
          <Coords points="252,1194 361,1191 362,1227 253,1230"/>
          <TextEquiv conf="0.85627794">
            <Unicode>Urſache</Unicode>
          </TextEquiv>
        </Word>
        <Word id="region0002_line0013_word0002" custom="readingOrder {index:2;}">
          <Coords points="426,1185 403,1186 401,1189 378,1189 379,1222 452,1219 451,1186 428,1188"/>
          <TextEquiv>
            <Unicode>waͤre</Unicode>
          </TextEquiv>
        </Word>
        <Word id="region0002_line0013_word0003" custom="readingOrder {index:3;}">
          <Coords points="468,1189 542,1187 543,1217 469,1219"/>
          <TextEquiv conf="0.966501">
            <Unicode>dann</Unicode>
          </TextEquiv>
        </Word>
        <Word id="region0002_line0013_word0004" custom="readingOrder {index:4;}">
          <Coords points="560,1186 561,1215 604,1214 603,1183 568,1183 567,1186"/>
          <TextEquiv conf="0.9329866">
            <Unicode>ein</Unicode>
          </TextEquiv>
        </Word>
        <Word id="word_1651136361482_6716" custom="readingOrder {index:5;}">
          <Coords points="613,1182 688,1179 715,1178 799,1176 814,1193 815,1213 800,1216 614,1222"/>
          <TextEquiv>
            <Unicode>Regelbegriff,</Unicode>
          </TextEquiv>
        </Word>
        <Word id="region0002_line0013_word0007" custom="readingOrder {index:6;}">
          <Coords points="826,1180 871,1178 872,1207 827,1209"/>
          <TextEquiv conf="0.966148">
            <Unicode>der</Unicode>
          </TextEquiv>
        </Word>
        <Word id="region0002_line0013_word0008" custom="readingOrder {index:7;}">
          <Coords points="909,1176 887,1177 888,1208 947,1206 946,1179 933,1180 929,1175 911,1176 911,1177"/>
          <TextEquiv>
            <Unicode>kein</Unicode>
          </TextEquiv>
        </Word>
        <TextEquiv>
          <Unicode>einer Urſache waͤre dann ein Regelbegriff, der kein</Unicode>
        </TextEquiv>
      </TextLine>
      <TextLine id="region0002_line0014" custom="readingOrder {index:8;}">
        <Coords points="155,1253 156,1304 225,1302 231,1307 247,1306 253,1301 292,1298 375,1297 391,1297 395,1300 404,1300 408,1297 435,1299 440,1295 473,1293 653,1288 804,1285 809,1289 818,1289 823,1285 959,1279 958,1243 940,1243 932,1234 921,1234 912,1243 879,1242 874,1238 865,1239 860,1243 838,1242 820,1238 811,1238 803,1242 788,1238 772,1237 732,1239 710,1248 682,1248 674,1240 666,1240 659,1248 521,1252 488,1252 482,1248 473,1248 466,1253 451,1253 445,1253 438,1246 427,1246 420,1253 391,1253 387,1250 363,1254 359,1251 349,1251 344,1256 328,1257 306,1257 302,1254 280,1257 274,1252 264,1252 254,1259 230,1261 218,1259 206,1252"/>
        <Word id="region0002_line0014_word0000" custom="readingOrder {index:0;}">
          <Coords points="223,1259 167,1262 168,1299 249,1296 248,1259 230,1261"/>
          <TextEquiv conf="0.96371686">
            <Unicode>Ding</Unicode>
          </TextEquiv>
        </Word>
        <Word id="region0002_line0014_word0001" custom="readingOrder {index:1;}">
          <Coords points="262,1259 407,1255 408,1289 263,1293"/>
          <TextEquiv conf="0.7869718">
            <Unicode>bedeutet,</Unicode>
          </TextEquiv>
        </Word>
        <Word id="region0002_line0014_word0002" custom="readingOrder {index:2;}">
          <Coords points="443,1251 426,1252 427,1288 540,1285 539,1251 521,1252 488,1252 485,1250 468,1250 466,1253 451,1253 445,1253"/>
          <TextEquiv conf="0.9341519">
            <Unicode>ſondern</Unicode>
          </TextEquiv>
        </Word>
        <Word id="region0002_line0014_word0003" custom="readingOrder {index:3;}">
          <Coords points="554,1258 607,1256 608,1279 555,1281"/>
          <TextEquiv conf="0.9687096">
            <Unicode>nur</Unicode>
          </TextEquiv>
        </Word>
        <Word id="region0002_line0014_word0004" custom="readingOrder {index:4;}">
          <Coords points="681,1247 659,1248 659,1248 622,1249 623,1280 730,1277 729,1246 714,1246 710,1248 682,1248"/>
          <TextEquiv conf="0.96531194">
            <Unicode>meinen</Unicode>
          </TextEquiv>
        </Word>
        <Word id="region0002_line0014_word0005" custom="readingOrder {index:5;}">
          <Coords points="841,1242 746,1245 747,1281 883,1277 882,1242 879,1242 877,1241 861,1241 860,1243"/>
          <TextEquiv conf="0.96277046">
            <Unicode>Verſtand</Unicode>
          </TextEquiv>
        </Word>
        <Word id="region0002_line0014_word0006" custom="readingOrder {index:6;}">
          <Coords points="936,1239 914,1240 912,1243 900,1242 901,1272 951,1270 950,1243 940,1243"/>
          <TextEquiv>
            <Unicode>noͤ⸗</Unicode>
          </TextEquiv>
        </Word>
        <TextEquiv>
          <Unicode>Ding bedeutet, ſondern nur meinen Verſtand noͤ⸗</Unicode>
        </TextEquiv>
      </TextLine>
      <TextLine id="region0002_line0015" custom="readingOrder {index:9;}">
        <Coords points="532,1295 523,1309 506,1306 463,1307 456,1309 451,1317 445,1309 433,1309 427,1316 286,1322 248,1322 243,1317 235,1318 228,1323 219,1322 212,1315 187,1316 181,1320 157,1322 158,1365 183,1364 190,1367 210,1364 214,1367 247,1364 251,1367 260,1367 264,1364 302,1360 311,1373 322,1371 328,1360 368,1357 535,1355 542,1360 556,1360 562,1354 606,1351 707,1350 711,1353 720,1353 724,1350 798,1348 802,1350 810,1350 815,1346 838,1348 904,1345 910,1349 919,1349 924,1344 961,1342 959,1300 950,1298 928,1303 921,1298 910,1298 905,1304 899,1304 892,1298 848,1303 841,1299 825,1298 776,1299 768,1307 758,1308 754,1305 729,1308 719,1302 710,1302 702,1307 679,1306 673,1309 644,1311 617,1303 607,1303 578,1312 544,1315 548,1308 546,1298 542,1295"/>
        <Word id="region0002_line0015_word0000" custom="readingOrder {index:0;}">
          <Coords points="171,1320 172,1350 264,1347 262,1322 248,1322 243,1317 235,1318 228,1323 219,1322 212,1315 187,1316 181,1320"/>
          <TextEquiv conf="0.89372325">
            <Unicode>thigt,</Unicode>
          </TextEquiv>
        </Word>
        <Word id="region0002_line0015_word0001" custom="readingOrder {index:1;}">
          <Coords points="282,1322 283,1353 363,1351 362,1318 286,1322"/>
          <TextEquiv conf="0.9576328">
            <Unicode>wenn</Unicode>
          </TextEquiv>
        </Word>
        <Word id="region0002_line0015_word0002" custom="readingOrder {index:2;}">
          <Coords points="377,1318 377,1337 405,1336 405,1316"/>
          <TextEquiv conf="0.9652604">
            <Unicode>er</Unicode>
          </TextEquiv>
        </Word>
        <Word id="region0002_line0015_word0003" custom="readingOrder {index:3;}">
          <Coords points="420,1316 421,1337 464,1336 463,1307 463,1307 456,1309 451,1317 445,1309 433,1309 427,1316"/>
          <TextEquiv conf="0.965112">
            <Unicode>ein</Unicode>
          </TextEquiv>
        </Word>
        <Word id="region0002_line0015_word0004" custom="readingOrder {index:4;}">
          <Coords points="477,1306 478,1342 557,1339 556,1313 544,1315 548,1308 546,1298 542,1295 532,1295 523,1309 506,1306"/>
          <TextEquiv conf="0.9653466">
            <Unicode>Ding</Unicode>
          </TextEquiv>
        </Word>
        <Word id="region0002_line0015_word0005" custom="readingOrder {index:5;}">
          <Coords points="574,1312 575,1332 690,1329 689,1306 679,1306 673,1309 644,1311 617,1303 607,1303 578,1312"/>
          <TextEquiv conf="0.96619105">
            <Unicode>erkannt</Unicode>
          </TextEquiv>
        </Word>
        <Word id="region0002_line0015_word0006" custom="readingOrder {index:6;}">
          <Coords points="706,1304 707,1333 774,1331 773,1301 768,1307 758,1308 754,1305 729,1308 719,1302 710,1302"/>
          <TextEquiv conf="0.80791366">
            <Unicode>hat,</Unicode>
          </TextEquiv>
        </Word>
        <Word id="region0002_line0015_word0007" custom="readingOrder {index:7;}">
          <Coords points="800,1298 801,1330 847,1329 846,1301 841,1299 825,1298"/>
          <TextEquiv conf="0.9649282">
            <Unicode>ſich</Unicode>
          </TextEquiv>
        </Word>
        <Word id="region0002_line0015_word0008" custom="readingOrder {index:8;}">
          <Coords points="865,1301 866,1331 951,1328 950,1298 950,1298 928,1303 921,1298 910,1298 905,1304 899,1304 892,1298"/>
          <TextEquiv conf="0.96683943">
            <Unicode>dieſes</Unicode>
          </TextEquiv>
        </Word>
        <TextEquiv conf="0.9392164">
          <Unicode>thigt, wenn er ein Ding erkannt hat, ſich dieſes</Unicode>
        </TextEquiv>
      </TextLine>
      <TextLine id="region0002_line0016" custom="readingOrder {index:10;}">
        <Coords points="158,1376 159,1426 221,1423 230,1424 238,1430 289,1421 471,1416 556,1416 560,1418 570,1418 574,1415 618,1414 656,1418 662,1414 724,1409 898,1405 906,1403 909,1398 909,1379 904,1375 874,1374 859,1367 813,1366 792,1364 785,1360 742,1370 699,1366 695,1370 656,1375 614,1373 607,1367 599,1367 589,1374 572,1368 529,1368 477,1377 467,1373 457,1373 453,1376 420,1374 406,1370 395,1370 386,1376 356,1372 294,1375 282,1380 246,1384 226,1383 213,1375"/>
        <Word id="word_1651136171798_6617" custom="readingOrder {index:0;}">
          <Coords points="172,1385 226,1383 246,1384 253,1383 254,1419 200,1421 172,1421"/>
          <TextEquiv conf="0.9318077">
            <Unicode>Ding</Unicode>
          </TextEquiv>
        </Word>
        <Word id="region0002_line0016_word0001" custom="readingOrder {index:1;}">
          <Coords points="275,1384 320,1382 320,1411 275,1413"/>
          <TextEquiv conf="0.92486227">
            <Unicode>als</Unicode>
          </TextEquiv>
        </Word>
        <Word id="region0002_line0016_word0002" custom="readingOrder {index:2;}">
          <Coords points="332,1380 421,1377 422,1410 333,1413"/>
          <TextEquiv conf="0.9179796">
            <Unicode>Kraft</Unicode>
          </TextEquiv>
        </Word>
        <Word id="region0002_line0016_word0003" custom="readingOrder {index:3;}">
          <Coords points="443,1381 506,1379 506,1406 443,1408"/>
          <TextEquiv conf="0.9100685">
            <Unicode>oder</Unicode>
          </TextEquiv>
        </Word>
        <Word id="region0002_line0016_word0004" custom="readingOrder {index:4;}">
          <Coords points="588,1374 520,1376 521,1409 630,1405 629,1374 614,1373 613,1373 590,1373 589,1374"/>
          <TextEquiv conf="0.9052832">
            <Unicode>Urſache</Unicode>
          </TextEquiv>
        </Word>
        <Word id="region0002_line0016_word0005" custom="readingOrder {index:5;}">
          <Coords points="645,1379 676,1378 676,1406 645,1407"/>
          <TextEquiv conf="0.92802167">
            <Unicode>zu</Unicode>
          </TextEquiv>
        </Word>
        <Word id="region0002_line0016_word0006" custom="readingOrder {index:6;}">
          <Coords points="807,1365 754,1367 742,1370 727,1368 728,1398 856,1394 855,1366 813,1366"/>
          <TextEquiv conf="0.8998765">
            <Unicode>denken.</Unicode>
          </TextEquiv>
        </Word>
        <TextEquiv conf="0.91684276">
          <Unicode>Ding als Kraft oder Urſache zu denken.</Unicode>
        </TextEquiv>
      </TextLine>
      <TextEquiv>
        <Unicode>Laß uns annehmen, der unentbehrliche Grund⸗
ſaz: Was iſt, hat eine Urſache, waͤre vom
Verſtande aus ſich ſelbſt entwickelt als ein Deukge⸗
fez. Was wuͤrde er bedeuten, wenn du ihn in ſei⸗
ner logiſchen Nacktheit denkſt? Nichts. Denn mit
dem Gedanken: Was iſt, haſt du noch nicht die
Thatſache gewonnen, daß etwas iſt. Der Begriff
einer Urſache waͤre dann ein Regelbegriff, der kein
Ding bedeutet, ſondern nur meinen Verſtand noͤ⸗
thigt, wenn er ein Ding erkannt hat, ſich dieſes
Ding als Kraft oder Urſache zu denken.</Unicode>
      </TextEquiv>
    </TextRegion>
    <TextRegion orientation="1.6389877" type="heading" readingDirection="left-to-right" id="TextRegion_1651136174515_6621" custom="readingOrder {index:5;} structure {type:heading;}">
      <Coords points="157,1421 962,1421 963,1475 158,1475"/>
      <TextLine id="region0002_line0017" custom="readingOrder {index:0;}">
        <Coords points="440,1429 389,1434 386,1438 388,1465 399,1474 412,1478 500,1477 504,1480 539,1475 712,1468 723,1457 722,1431 717,1426 658,1428 648,1432 623,1434 616,1426 605,1426 598,1434 587,1435 569,1434 563,1427 552,1428 546,1434 533,1432 505,1436 490,1428"/>
        <Word id="region0002_line0017_word0000" custom="readingOrder {index:0;}">
          <Coords points="585,1435 443,1439 444,1474 685,1467 684,1432 627,1434 623,1434 623,1434 590,1435 587,1435"/>
          <TextEquiv>
            <Unicode>Septimius.</Unicode>
          </TextEquiv>
        </Word>
        <TextEquiv>
          <Unicode>Septimius.</Unicode>
        </TextEquiv>
      </TextLine>
      <TextEquiv>
        <Unicode>Septimius.</Unicode>
      </TextEquiv>
    </TextRegion>
    <TextRegion orientation="1.6389877" readingDirection="left-to-right" id="TextRegion_1651136176613_6626" custom="readingOrder {index:6;}">
      <Coords points="158,1475 963,1475 966,1602 161,1602"/>
      <TextLine id="region0002_line0018" custom="readingOrder {index:0;}">
        <Coords points="397,1490 390,1497 383,1499 373,1499 356,1493 328,1493 305,1495 296,1499 276,1496 195,1498 190,1503 191,1529 197,1535 197,1543 202,1548 359,1541 364,1546 377,1547 394,1539 418,1543 442,1537 505,1535 584,1534 594,1536 638,1532 746,1531 751,1535 779,1529 859,1528 880,1530 965,1527 964,1488 936,1488 931,1482 918,1479 872,1482 849,1487 808,1484 803,1489 791,1489 737,1482 732,1487 685,1493 675,1483 665,1483 656,1492 614,1491 607,1486 594,1487 589,1492 543,1488 474,1497 467,1490 458,1490 451,1497 443,1491"/>
        <Word id="region0002_line0018_word0000" custom="readingOrder {index:0;}">
          <Coords points="246,1506 307,1505 308,1537 247,1538"/>
          <TextEquiv conf="0.9697224">
            <Unicode>Der</Unicode>
          </TextEquiv>
        </Word>
        <Word id="region0002_line0018_word0001" custom="readingOrder {index:1;}">
          <Coords points="320,1502 429,1499 430,1538 321,1541"/>
          <TextEquiv conf="0.9587738">
            <Unicode>Begriff</Unicode>
          </TextEquiv>
        </Word>
        <Word id="region0002_line0018_word0002" custom="readingOrder {index:2;}">
          <Coords points="445,1501 519,1499 520,1528 446,1530"/>
          <TextEquiv conf="0.96626496">
            <Unicode>einer</Unicode>
          </TextEquiv>
        </Word>
        <Word id="region0002_line0018_word0003" custom="readingOrder {index:3;}">
          <Coords points="533,1497 619,1495 620,1528 534,1530"/>
          <TextEquiv conf="0.96376425">
            <Unicode>Kraft</Unicode>
          </TextEquiv>
        </Word>
        <Word id="region0002_line0018_word0004" custom="readingOrder {index:4;}">
          <Coords points="644,1492 634,1492 635,1524 708,1522 707,1490 685,1493 683,1491 657,1491 656,1492"/>
          <TextEquiv>
            <Unicode>waͤre</Unicode>
          </TextEquiv>
        </Word>
        <Word id="region0002_line0018_word0005" custom="readingOrder {index:5;}">
          <Coords points="722,1491 777,1489 778,1524 723,1526"/>
          <TextEquiv conf="0.874378">
            <Unicode>alſo</Unicode>
          </TextEquiv>
        </Word>
        <Word id="region0002_line0018_word0006" custom="readingOrder {index:6;}">
          <Coords points="797,1491 880,1488 881,1517 798,1520"/>
          <TextEquiv conf="0.9610552">
            <Unicode>etwas</Unicode>
          </TextEquiv>
        </Word>
        <Word id="region0002_line0018_word0007" custom="readingOrder {index:7;}">
          <Coords points="933,1484 896,1486 897,1519 958,1517 957,1488 936,1488"/>
          <TextEquiv>
            <Unicode>Ein⸗</Unicode>
          </TextEquiv>
        </Word>
        <TextEquiv>
          <Unicode>Der Begriff einer Kraft waͤre alſo etwas Ein⸗</Unicode>
        </TextEquiv>
      </TextLine>
      <TextLine id="region0002_line0019" custom="readingOrder {index:1;}">
        <Coords points="229,1558 213,1559 199,1567 163,1569 164,1614 192,1613 214,1607 393,1600 398,1596 399,1590 406,1584 406,1558 400,1553 337,1555 302,1563 284,1561 280,1564"/>
        <Word id="word_1651136176651_6629" custom="readingOrder {index:0;}">
          <Coords points="178,1568 199,1567 200,1566 350,1562 351,1599 247,1602 178,1602"/>
          <TextEquiv conf="0.9203189">
            <Unicode>gebildetes?</Unicode>
          </TextEquiv>
        </Word>
        <TextEquiv conf="0.9203189">
          <Unicode>gebildetes?</Unicode>
        </TextEquiv>
      </TextLine>
      <TextEquiv>
        <Unicode>Der Begriff einer Kraft waͤre alſo etwas Ein⸗
gebildetes?</Unicode>
      </TextEquiv>
    </TextRegion>
    <TextRegion orientation="1.6389877" type="heading" readingDirection="left-to-right" id="TextRegion_1651136178515_6633" custom="readingOrder {index:7;} structure {type:heading;}">
      <Coords points="161,1602 966,1602 967,1660 162,1660"/>
      <TextLine id="region0002_line0020" custom="readingOrder {index:0;}">
        <Coords points="374,1612 369,1617 370,1643 376,1649 377,1658 383,1662 460,1659 466,1664 474,1664 480,1659 507,1657 527,1657 533,1662 541,1662 546,1658 569,1660 573,1656 598,1654 662,1654 696,1657 766,1655 770,1649 770,1631 767,1627 734,1627 732,1617 727,1612 575,1614 569,1607 559,1608 547,1615 493,1617 484,1612 473,1610"/>
        <Word id="region0002_line0020_word0000" custom="readingOrder {index:0;}">
          <Coords points="635,1613 427,1619 428,1657 716,1649 715,1612"/>
          <TextEquiv conf="0.91354376">
            <Unicode>Theophranor.</Unicode>
          </TextEquiv>
        </Word>
        <TextEquiv conf="0.91354376">
          <Unicode>Theophranor.</Unicode>
        </TextEquiv>
      </TextLine>
      <TextEquiv>
        <Unicode>Theophranor.</Unicode>
      </TextEquiv>
    </TextRegion>
    <TextRegion orientation="1.6389877" readingDirection="left-to-right" id="TextRegion_1651136178515_6632" custom="readingOrder {index:8;}">
      <Coords points="162,1660 967,1660 975,1780 171,1800"/>
      <TextLine id="region0002_line0021" custom="readingOrder {index:0;}">
        <Coords points="448,1673 442,1680 415,1682 331,1684 309,1679 206,1683 201,1688 203,1726 208,1731 295,1728 342,1723 383,1725 388,1727 447,1721 461,1726 469,1726 475,1721 531,1718 556,1721 593,1716 726,1716 735,1717 740,1720 748,1720 753,1716 773,1718 777,1715 816,1710 969,1708 968,1668 955,1668 948,1660 938,1661 931,1669 888,1669 874,1668 866,1663 849,1663 842,1667 818,1671 727,1669 717,1674 681,1676 662,1668 654,1668 646,1676 630,1677 590,1673 560,1675 555,1671 545,1671 537,1676 530,1670 521,1671 513,1679 495,1679 483,1679 477,1673 461,1675"/>
        <Word id="region0002_line0021_word0000" custom="readingOrder {index:0;}">
          <Coords points="251,1689 309,1688 310,1719 252,1720"/>
          <TextEquiv conf="0.91628313">
            <Unicode>Ob</Unicode>
          </TextEquiv>
        </Word>
        <Word id="region0002_line0021_word0001" custom="readingOrder {index:1;}">
          <Coords points="335,1692 363,1691 364,1713 336,1714"/>
          <TextEquiv conf="0.92066574">
            <Unicode>er</Unicode>
          </TextEquiv>
        </Word>
        <Word id="region0002_line0021_word0002" custom="readingOrder {index:2;}">
          <Coords points="388,1682 389,1719 476,1717 475,1680 427,1681 415,1682"/>
          <TextEquiv conf="0.9209889">
            <Unicode>gewiß</Unicode>
          </TextEquiv>
        </Word>
        <Word id="region0002_line0021_word0003" custom="readingOrder {index:3;}">
          <Coords points="500,1680 588,1678 589,1712 501,1714"/>
          <TextEquiv conf="0.91797256">
            <Unicode>nichts</Unicode>
          </TextEquiv>
        </Word>
        <Word id="region0002_line0021_word0004" custom="readingOrder {index:4;}">
          <Coords points="618,1675 612,1676 613,1708 707,1705 706,1674 681,1676 676,1673 647,1674 646,1676 630,1677"/>
          <TextEquiv conf="0.9260638">
            <Unicode>weiter</Unicode>
          </TextEquiv>
        </Word>
        <Word id="region0002_line0021_word0005" custom="readingOrder {index:5;}">
          <Coords points="727,1676 775,1674 776,1709 728,1711"/>
          <TextEquiv conf="0.9188094">
            <Unicode>iſt,</Unicode>
          </TextEquiv>
        </Word>
        <Word id="region0002_line0021_word0006" custom="readingOrder {index:6;}">
          <Coords points="801,1672 897,1669 898,1699 802,1702"/>
          <TextEquiv conf="0.92377687">
            <Unicode>wollen</Unicode>
          </TextEquiv>
        </Word>
        <Word id="region0002_line0021_word0007" custom="readingOrder {index:7;}">
          <Coords points="963,1668 931,1669 931,1669 912,1669 913,1699 964,1698"/>
          <TextEquiv conf="0.92320734">
            <Unicode>wir</Unicode>
          </TextEquiv>
        </Word>
        <TextEquiv conf="0.920971">
          <Unicode>Ob er gewiß nichts weiter iſt, wollen wir</Unicode>
        </TextEquiv>
      </TextLine>
      <TextLine id="region0002_line0022" custom="readingOrder {index:1;}">
        <Coords points="335,1737 325,1740 320,1746 308,1748 286,1749 278,1742 269,1742 263,1747 244,1744 239,1747 208,1751 167,1751 168,1795 238,1791 243,1796 252,1795 258,1790 312,1789 361,1792 398,1786 430,1785 434,1788 457,1785 463,1790 471,1790 480,1784 509,1783 527,1789 606,1786 646,1779 971,1770 970,1730 950,1730 943,1723 933,1723 927,1730 905,1729 898,1723 886,1723 879,1729 870,1731 772,1734 746,1731 739,1735 687,1739 678,1738 671,1731 658,1730 629,1732 606,1737 589,1732 531,1732 521,1736 514,1742 492,1743 480,1742 473,1735 464,1735 458,1739 446,1736 435,1736 430,1740 412,1741 380,1736"/>
        <Word id="region0002_line0022_word0000" custom="readingOrder {index:0;}">
          <Coords points="184,1757 218,1756 219,1784 185,1785"/>
          <TextEquiv conf="0.93119574">
            <Unicode>zu</Unicode>
          </TextEquiv>
        </Word>
        <Word id="region0002_line0022_word0001" custom="readingOrder {index:1;}">
          <Coords points="243,1751 329,1748 330,1784 244,1787"/>
          <TextEquiv conf="0.927311">
            <Unicode>ſeiner</Unicode>
          </TextEquiv>
        </Word>
        <Word id="region0002_line0022_word0002" custom="readingOrder {index:2;}">
          <Coords points="351,1746 413,1744 414,1782 352,1784"/>
          <TextEquiv conf="0.9257911">
            <Unicode>Zeit</Unicode>
          </TextEquiv>
        </Word>
        <Word id="region0002_line0022_word0003" custom="readingOrder {index:3;}">
          <Coords points="489,1742 435,1744 436,1782 523,1780 522,1742 505,1742 492,1743"/>
          <TextEquiv conf="0.92940825">
            <Unicode>ſehen.</Unicode>
          </TextEquiv>
        </Word>
        <Word id="region0002_line0022_word0004" custom="readingOrder {index:4;}">
          <Coords points="556,1740 625,1738 626,1776 557,1778"/>
          <TextEquiv conf="0.9226684">
            <Unicode>Jezt</Unicode>
          </TextEquiv>
        </Word>
        <Word id="region0002_line0022_word0005" custom="readingOrder {index:5;}">
          <Coords points="675,1735 643,1737 644,1770 705,1768 704,1737 687,1739 678,1738"/>
          <TextEquiv conf="0.92846125">
            <Unicode>kam</Unicode>
          </TextEquiv>
        </Word>
        <Word id="region0002_line0022_word0006" custom="readingOrder {index:6;}">
          <Coords points="727,1740 756,1739 757,1766 728,1767"/>
          <TextEquiv conf="0.923593">
            <Unicode>es</Unicode>
          </TextEquiv>
        </Word>
        <Word id="region0002_line0022_word0007" custom="readingOrder {index:7;}">
          <Coords points="777,1742 831,1741 832,1764 778,1765"/>
          <TextEquiv conf="0.9241946">
            <Unicode>nur</Unicode>
          </TextEquiv>
        </Word>
        <Word id="region0002_line0022_word0008" custom="readingOrder {index:8;}">
          <Coords points="848,1732 897,1731 898,1763 849,1764"/>
          <TextEquiv conf="0.93101776">
            <Unicode>auf</Unicode>
          </TextEquiv>
        </Word>
        <Word id="region0002_line0022_word0009" custom="readingOrder {index:9;}">
          <Coords points="920,1731 966,1730 967,1760 921,1761"/>
          <TextEquiv conf="0.93101776">
            <Unicode>ein</Unicode>
          </TextEquiv>
        </Word>
        <TextEquiv conf="0.92746586">
          <Unicode>zu ſeiner Zeit ſehen. Jezt kam es nur auf ein</Unicode>
        </TextEquiv>
      </TextLine>
      <TextEquiv>
        <Unicode>Ob er gewiß nichts weiter iſt, wollen wir
zu ſeiner Zeit ſehen. Jezt kam es nur auf ein</Unicode>
      </TextEquiv>
    </TextRegion>
  </Page>
</PcGts>
