1649 2452
223 424 357 492 beym
357 424 597 492 Vortrage
597 424 686 492 des
686 424 829 492 goͤttl.
829 424 1046 492 Wortes.

1050 446 1136 503 471

229 540 463 597 unterrichtet
490 547 646 589 werden.
712 545 781 591 So
811 542 938 601 ſucheſt
962 546 1013 587 du
1033 545 1136 599 unſer

229 607 321 667 Heil
347 607 414 652 mit
439 606 628 665 goͤttlicher
652 611 905 658 Vatertreue;
948 612 1024 654 und
1052 608 1134 653 dein

229 687 347 731 Wort
366 681 454 738 muß
473 688 549 730 uns
569 684 604 740 ſo
625 682 783 739 reichlich
803 683 959 728 bekannt
978 685 1136 736 werden,

229 750 348 797 damit
375 754 416 795 es
446 756 523 797 uns
551 761 631 806 zum
649 752 762 798 Leben
785 749 904 812 fuͤhre.
961 751 1039 809 Laß
1056 756 1134 796 uns

228 827 303 869 das
333 822 423 880 auch
450 824 490 871 in
510 824 639 880 unſern
656 824 781 879 eignen
801 824 1003 874 Gedanken
1023 823 1134 884 heilig

228 898 307 940 und
328 894 452 953 theuer
477 896 580 950 ſeyn;
608 899 683 938 und
711 896 792 950 gieb
816 902 894 940 uns
921 903 989 941 den
1007 896 1135 949 Sinn,

229 966 305 1020 daß
331 965 401 1009 wir
426 965 495 1012 mit
510 964 825 1022 Aufmerkſamkeit
850 970 926 1011 und
948 967 1136 1020 Begierde

229 1039 286 1083 die
313 1034 445 1092 Lehren
469 1036 589 1082 deiner
604 1034 808 1097 Wahrheit
831 1034 943 1093 hoͤren
960 1040 1037 1081 und
1056 1040 1136 1081 uns

227 1120 272 1165 zu
281 1110 397 1163 Nutze
417 1106 579 1165 machen.
624 1109 757 1166 Richte
775 1106 865 1163 auch
885 1108 1136 1164 gegenwaͤrtig

226 1177 334 1235 unſer
373 1178 463 1225 aller
493 1179 700 1238 Gemuͤther
734 1181 807 1237 auf
839 1179 953 1235 dieſen
991 1178 1132 1234 großen

227 1247 370 1305 Zweck,
408 1249 483 1304 daß
511 1251 599 1305 dieſe
618 1248 911 1304 Verſammlung
929 1254 1005 1292 und
1026 1250 1134 1303 dieſer

227 1319 408 1370 Vortrag
428 1314 525 1370 nicht
534 1315 629 1373 ohne
637 1316 804 1374 heilſame
813 1316 952 1373 Frucht
961 1316 1074 1364 bleibe
1083 1329 1132 1363 ꝛc.

467 1436 576 1485 Pred.
607 1436 700 1475 Sal.
730 1439 797 1481 IV,
834 1445 895 1483 17.

293 1512 517 1573 Bewahre
531 1511 678 1564 deinen
698 1510 804 1575 Fuß,
823 1522 949 1563 wenn
964 1513 1020 1563 du
1039 1522 1133 1573 zum

227 1583 368 1642 Hauſe
385 1584 545 1636 Gottes
564 1580 720 1641 geheſt,
743 1582 827 1633 und
849 1583 1030 1641 komme,
1051 1582 1133 1639 daß

226 1659 285 1708 du
303 1657 452 1715 hoͤreſt.

225 1735 332 1840 M

332 1737 411 1787 eine
436 1737 652 1798 chriſtlichen
673 1739 857 1799 Zuhoͤrer!
902 1742 972 1789 So
1003 1741 1058 1799 oft
1078 1741 1133 1797 ich

365 1791 448 1847 euch
479 1792 555 1849 hier
581 1801 662 1844 zum
692 1793 949 1847 Gottesdienſt
973 1800 1049 1835 und
1070 1805 1132 1844 zur

227 1871 436 1929 Anhoͤrung
473 1873 534 1917 der
575 1870 802 1929 oͤffentlichen
831 1867 1028 1926 Vortraͤge
1053 1882 1134 1916 ver⸗

225 1943 391 1999 ſammlet
418 1940 516 2001 ſehe,
545 1943 582 2000 ſo
609 1942 665 2000 oft
695 1944 856 1990 erwecket
881 1949 955 1990 das
981 1943 1047 1999 bey
1066 1945 1137 1989 mir

226 2014 427 2063 Eindruͤcke
456 2018 532 2059 und
552 2014 875 2070 Empfindungen,
905 2015 961 2060 die
981 2017 1050 2060 mir
1069 2013 1142 2070 auf

224 2082 326 2141 mehr
353 2082 416 2130 als
446 2084 522 2131 eine
540 2086 612 2134 Art
631 2082 778 2140 wichtig
799 2084 891 2140 ſind.
950 2088 1047 2133 Eine
1066 2085 1136 2141 ſol⸗

655 2159 754 2217 Gg
754 2159 803 2217 4

1073 2157 1139 2211 che
