<?xml version='1.0' encoding='utf-8'?>
<PcGts xmlns="http://schema.primaresearch.org/PAGE/gts/pagecontent/2019-07-15" xmlns:xsi="http://www.w3.org/2001/XMLSchema-instance" pcGtsId="PAGE_01" xsi:schemaLocation="http://schema.primaresearch.org/PAGE/gts/pagecontent/2019-07-15 http://schema.primaresearch.org/PAGE/gts/pagecontent/2019-07-15/pagecontent.xsd">
  <Metadata>
    <Creator>OCR-D DFG Phase III</Creator>
    <Created>2024-01-19T13:08:46Z</Created>
    <LastChange>2024-01-19T13:08:46Z</LastChange>
    <Comments>ODEM: OCR-D extension for mass digitization (2021-2024)</Comments>
  </Metadata>
  <Page imageFilename="MAX/urn+nbn+de+gbv+3+1-506699-p0199-5_ger.png" imageWidth="1512" imageHeight="2234" type="content" primaryLanguage="German">
    <Border>
      <Coords points="123,127 114,2136 1411,2168 1400,132"/>
    </Border>
    <ReadingOrder>
      <OrderedGroup id="ro_1674125162377" caption="Regions reading order">
        <RegionRefIndexed index="0" regionRef="region0001"/>
        <RegionRefIndexed index="1" regionRef="TextRegion_1674124957427_5554"/>
        <RegionRefIndexed index="2" regionRef="TextRegion_1674124957427_5553"/>
      </OrderedGroup>
    </ReadingOrder>
    <TextRegion orientation="0.18305866" type="page-number" readingDirection="left-to-right" id="region0001" custom="readingOrder {index:0;} structure {type:page-number;}">
      <Coords points="979,368 1055,368 1055,418 979,418"/>
      <TextLine id="region0001_line" custom="readingOrder {index:0;}">
        <Coords points="979,368 1055,368 1055,418 979,418"/>
        <Word id="region0001_line_word0000" custom="readingOrder {index:0;}">
          <Coords points="1051,386 985,386 985,418 1051,418"/>
          <TextEquiv>
            <Unicode>191</Unicode>
          </TextEquiv>
        </Word>
        <TextEquiv>
          <Unicode>191</Unicode>
        </TextEquiv>
      </TextLine>
      <TextEquiv>
        <Unicode>191</Unicode>
      </TextEquiv>
    </TextRegion>
    <TextRegion orientation="0.18305866" readingDirection="left-to-right" id="TextRegion_1674124957427_5554" custom="readingOrder {index:1;}">
      <Coords points="252,440 1058,440 1058,1137 252,1137"/>
      <TextLine id="region0002_line0001" custom="readingOrder {index:0;}">
        <Coords points="289,441 288,470 292,475 292,489 297,494 396,496 408,497 415,502 423,502 429,497 555,501 594,505 599,509 647,505 651,508 661,508 669,503 725,503 794,508 805,513 844,507 850,513 859,513 866,505 879,504 902,505 915,511 928,508 954,511 958,508 986,507 1004,510 1010,505 1058,504 1057,460 1040,460 1033,454 1008,451 962,453 955,459 867,459 859,450 850,450 839,458 828,451 820,451 811,456 790,450 749,450 725,458 694,460 687,453 673,454 665,449 657,449 647,458 612,459 568,457 566,450 555,444 525,449 509,447 502,450 486,443"/>
        <Baseline points="292,485 793,498 1057,493"/>
        <Word id="region0002_line0001_word0000" custom="readingOrder {index:0;}">
          <Coords points="439,451 348,452 348,495 396,496 408,497 409,498 427,498 429,497 439,497"/>
          <TextEquiv conf="0.93000734">
            <Unicode>Dieſe</Unicode>
          </TextEquiv>
        </Word>
        <Word id="region0002_line0001_word0001" custom="readingOrder {index:1;}">
          <Coords points="471,452 472,498 613,498 612,459 612,459 568,457 567,452"/>
          <TextEquiv conf="0.9301851">
            <Unicode>Lektuͤre,</Unicode>
          </TextEquiv>
        </Word>
        <Word id="region0002_line0001_word0002" custom="readingOrder {index:2;}">
          <Coords points="652,452 651,454 651,495 726,494 726,457 725,458 694,460 687,453 673,454 670,452"/>
          <TextEquiv conf="0.92931837">
            <Unicode>ſeine</Unicode>
          </TextEquiv>
        </Word>
        <Word id="region0002_line0001_word0003" custom="readingOrder {index:3;}">
          <Coords points="761,451 762,498 960,498 959,455 955,459 867,459 859,451 848,451 839,458 828,451 820,451 811,456 793,451"/>
          <TextEquiv conf="0.8708836">
            <Unicode>Erziehung,</Unicode>
          </TextEquiv>
        </Word>
        <Word id="region0002_line0001_word0004" custom="readingOrder {index:4;}">
          <Coords points="994,452 994,494 1053,493 1053,460 1040,460 1033,454 1013,451"/>
          <TextEquiv conf="0.9306793">
            <Unicode>ſein</Unicode>
          </TextEquiv>
        </Word>
        <TextEquiv conf="0.91821474">
          <Unicode>Dieſe Lektuͤre, ſeine Erziehung, ſein</Unicode>
        </TextEquiv>
      </TextLine>
      <TextLine id="region0002_line0002" custom="readingOrder {index:1;}">
        <Coords points="272,502 263,511 253,511 253,555 415,562 424,563 430,569 441,569 448,563 614,568 631,570 639,576 653,575 660,570 680,570 712,577 719,574 759,570 862,573 1058,566 1058,519 1050,517 996,524 916,524 876,518 844,517 816,518 801,523 785,520 779,525 682,526 625,523 603,516 581,516 549,521 520,520 514,517 450,518 446,510 432,510 427,505 413,506 405,517 290,511 285,503"/>
        <Baseline points="253,545 699,562 1058,556"/>
        <Word id="region0002_line0002_word0000" custom="readingOrder {index:0;}">
          <Coords points="272,508 272,555 553,554 553,520 549,521 520,520 514,517 450,518 446,510 432,510 429,507 411,507 405,517 290,511 288,507"/>
          <TextEquiv conf="0.9212017">
            <Unicode>immerwaͤhrender</Unicode>
          </TextEquiv>
        </Word>
        <Word id="region0002_line0002_word0001" custom="readingOrder {index:1;}">
          <Coords points="582,553 719,553 719,525 682,526 625,523 603,516 582,516"/>
          <TextEquiv conf="0.9211621">
            <Unicode>Umgang</Unicode>
          </TextEquiv>
        </Word>
        <Word id="region0002_line0002_word0002" custom="readingOrder {index:2;}">
          <Coords points="755,546 811,546 811,519 801,523 785,520 779,525 755,525"/>
          <TextEquiv conf="0.93159956">
            <Unicode>mit</Unicode>
          </TextEquiv>
        </Word>
        <Word id="region0002_line0002_word0003" custom="readingOrder {index:3;}">
          <Coords points="839,548 964,548 964,524 916,524 876,518 844,517 839,517"/>
          <TextEquiv conf="0.92508256">
            <Unicode>Rittern</Unicode>
          </TextEquiv>
        </Word>
        <Word id="region0002_line0002_word0004" custom="readingOrder {index:4;}">
          <Coords points="992,545 1052,544 1052,517 1050,517 996,524 992,524"/>
          <TextEquiv conf="0.9175299">
            <Unicode>und</Unicode>
          </TextEquiv>
        </Word>
        <TextEquiv conf="0.92331517">
          <Unicode>immerwaͤhrender Umgang mit Rittern und</Unicode>
        </TextEquiv>
      </TextLine>
      <TextLine id="region0002_line0003" custom="readingOrder {index:2;}">
        <Coords points="253,567 253,622 369,625 381,626 386,631 396,631 401,627 419,626 433,628 442,635 452,635 462,629 521,632 526,636 535,636 540,632 577,630 799,634 814,635 820,642 829,642 835,637 851,637 858,647 866,647 875,637 885,636 1016,634 1033,635 1039,640 1047,640 1058,634 1058,585 1053,585 1047,579 1036,579 1027,587 1017,588 980,588 975,584 964,584 959,588 886,592 881,592 874,583 864,583 857,590 834,589 828,583 818,583 810,589 801,590 685,588 669,586 663,581 655,581 649,585 630,585 625,581 615,581 601,586 549,587 425,583 422,573 417,569 393,573 382,581 356,581 346,580 339,572 329,569"/>
        <Baseline points="253,612 526,622 1058,625"/>
        <Word id="region0002_line0003_word0000" custom="readingOrder {index:0;}">
          <Coords points="270,574 270,622 541,621 541,586 425,583 422,573 392,573 382,581 356,581 346,580 340,573"/>
          <TextEquiv conf="0.92543024">
            <Unicode>Minneſaͤngern,</Unicode>
          </TextEquiv>
        </Word>
        <Word id="region0002_line0003_word0001" custom="readingOrder {index:1;}">
          <Coords points="571,612 632,612 632,585 630,585 625,581 615,581 601,586 571,586"/>
          <TextEquiv conf="0.9277234">
            <Unicode>und</Unicode>
          </TextEquiv>
        </Word>
        <Word id="region0002_line0003_word0002" custom="readingOrder {index:2;}">
          <Coords points="654,612 734,611 734,588 685,588 669,586 663,581 655,581 654,581"/>
          <TextEquiv conf="0.9186409">
            <Unicode>dann</Unicode>
          </TextEquiv>
        </Word>
        <Word id="region0002_line0003_word0003" custom="readingOrder {index:3;}">
          <Coords points="761,619 833,619 833,588 828,583 818,583 810,589 801,590 761,589"/>
          <TextEquiv conf="0.93029106">
            <Unicode>auch</Unicode>
          </TextEquiv>
        </Word>
        <Word id="region0002_line0003_word0004" custom="readingOrder {index:4;}">
          <Coords points="861,624 940,624 940,589 886,592 881,592 874,583 864,583 861,586"/>
          <TextEquiv conf="0.92704946">
            <Unicode>jener</Unicode>
          </TextEquiv>
        </Word>
        <Word id="region0002_line0003_word0005" custom="readingOrder {index:5;}">
          <Coords points="966,618 1051,617 1051,583 1047,579 1036,579 1027,587 1017,588 980,588 975,584 966,584"/>
          <TextEquiv conf="0.9287477">
            <Unicode>durch</Unicode>
          </TextEquiv>
        </Word>
        <TextEquiv conf="0.9263138">
          <Unicode>Minneſaͤngern, und dann auch jener durch</Unicode>
        </TextEquiv>
      </TextLine>
      <TextLine id="region0002_line0004" custom="readingOrder {index:3;}">
        <Coords points="253,630 253,686 376,689 419,694 424,698 505,695 511,700 522,700 529,693 626,694 655,695 672,701 699,704 703,701 732,696 753,696 755,704 759,707 769,707 779,697 843,699 849,707 858,707 865,700 872,707 880,707 886,700 936,703 944,704 953,711 961,711 971,704 982,703 996,703 1004,709 1016,709 1026,703 1058,701 1058,655 1043,655 1038,651 1029,652 1024,656 916,658 898,656 892,649 878,647 868,655 829,655 823,654 820,645 814,640 805,640 799,644 787,643 775,651 759,652 728,651 714,644 648,645 640,650 618,651 578,650 547,648 542,644 530,645 525,640 502,637 436,637 423,646 413,646 376,645 369,638 360,638 353,644 323,644 321,636 316,632"/>
        <Baseline points="253,676 443,685 1058,691"/>
        <Word id="region0002_line0004_word0000" custom="readingOrder {index:0;}">
          <Coords points="271,638 271,685 439,684 439,637 435,637 423,646 413,646 376,645 369,638 360,638 353,644 323,644 321,637"/>
          <TextEquiv conf="0.9245807">
            <Unicode>Turniere,</Unicode>
          </TextEquiv>
        </Word>
        <Word id="region0002_line0004_word0001" custom="readingOrder {index:1;}">
          <Coords points="467,639 467,684 584,684 584,650 578,650 547,648 542,644 530,645 525,640 517,639"/>
          <TextEquiv conf="0.9321506">
            <Unicode>Fehden</Unicode>
          </TextEquiv>
        </Word>
        <Word id="region0002_line0004_word0002" custom="readingOrder {index:2;}">
          <Coords points="605,677 665,677 665,644 648,645 640,650 618,651 605,650"/>
          <TextEquiv conf="0.9300045">
            <Unicode>und</Unicode>
          </TextEquiv>
        </Word>
        <Word id="region0002_line0004_word0003" custom="readingOrder {index:3;}">
          <Coords points="689,687 900,686 900,656 898,656 892,649 878,647 868,655 829,655 823,654 820,645 814,640 805,640 799,644 787,643 775,651 759,652 728,651 714,644 689,644"/>
          <TextEquiv conf="0.9276253">
            <Unicode>Zweykaͤmpfe</Unicode>
          </TextEquiv>
        </Word>
        <Word id="region0002_line0004_word0004" custom="readingOrder {index:4;}">
          <Coords points="922,685 1053,684 1053,655 1043,655 1038,651 1029,652 1024,656 922,657"/>
          <TextEquiv>
            <Unicode>erzeugte</Unicode>
          </TextEquiv>
        </Word>
        <TextEquiv>
          <Unicode>Turniere, Fehden und Zweykaͤmpfe erzeugte</Unicode>
        </TextEquiv>
      </TextLine>
      <TextLine id="region0002_line0005" custom="readingOrder {index:4;}">
        <Coords points="274,692 253,694 252,747 320,750 326,751 333,758 341,758 347,752 356,752 534,758 544,759 551,765 559,765 565,760 570,760 576,766 586,766 594,760 605,760 614,766 623,766 629,761 656,764 660,761 713,760 730,760 736,766 746,766 752,760 772,760 870,763 883,764 889,769 898,769 903,764 1033,767 1039,771 1057,767 1058,719 1048,711 1039,711 1027,721 1009,722 939,722 933,721 927,715 913,717 902,708 892,709 886,719 863,719 858,715 845,718 796,718 767,715 753,709 742,709 736,713 727,712 721,716 683,718 661,711 639,711 634,707 618,707 607,713 592,712 586,706 577,706 573,709 568,706 553,706 546,712 524,712 481,702 432,702 412,708 401,709 373,701 329,700 313,695"/>
        <Baseline points="252,736 594,751 1058,757"/>
        <Word id="region0002_line0005_word0000" custom="readingOrder {index:0;}">
          <Coords points="269,700 269,747 355,747 355,700 329,700"/>
          <TextEquiv conf="0.92241025">
            <Unicode>Geiſt</Unicode>
          </TextEquiv>
        </Word>
        <Word id="region0002_line0005_word0001" custom="readingOrder {index:1;}">
          <Coords points="379,707 379,741 427,740 427,706 418,706 412,708 401,709 392,706"/>
          <TextEquiv conf="0.92783135">
            <Unicode>der</Unicode>
          </TextEquiv>
        </Word>
        <Word id="region0002_line0005_word0002" custom="readingOrder {index:2;}">
          <Coords points="443,702 443,746 661,746 661,711 639,711 634,707 618,707 607,713 592,712 586,706 577,706 573,709 568,706 553,706 546,712 524,712 481,702"/>
          <TextEquiv conf="0.9206012">
            <Unicode>Ritterſchaft,</Unicode>
          </TextEquiv>
        </Word>
        <Word id="region0002_line0005_word0003" custom="readingOrder {index:3;}">
          <Coords points="686,743 872,742 872,719 863,719 858,715 845,718 796,718 767,715 753,709 742,709 736,713 727,712 721,716 686,717"/>
          <TextEquiv conf="0.9198225">
            <Unicode>entflammte</Unicode>
          </TextEquiv>
        </Word>
        <Word id="region0002_line0005_word0004" custom="readingOrder {index:4;}">
          <Coords points="890,742 964,742 964,722 939,722 933,721 927,715 913,717 902,708 892,709 890,712"/>
          <TextEquiv conf="0.9293166">
            <Unicode>ſeine</Unicode>
          </TextEquiv>
        </Word>
        <Word id="region0002_line0005_word0005" custom="readingOrder {index:5;}">
          <Coords points="981,743 1051,742 1051,713 1048,711 1039,711 1027,721 1009,722 981,722"/>
          <TextEquiv conf="0.92984843">
            <Unicode>nach</Unicode>
          </TextEquiv>
        </Word>
        <TextEquiv conf="0.9249717">
          <Unicode>Geiſt der Ritterſchaft, entflammte ſeine nach</Unicode>
        </TextEquiv>
      </TextLine>
      <TextLine id="region0002_line0006" custom="readingOrder {index:5;}">
        <Coords points="252,758 253,814 298,816 304,822 314,822 321,816 353,816 487,818 493,824 504,824 509,819 613,822 760,819 802,821 806,826 814,828 820,827 824,822 905,824 911,830 919,830 928,824 1058,826 1057,781 1049,774 1040,773 958,775 951,780 929,780 923,773 911,773 901,780 866,780 822,777 816,771 806,771 796,777 783,778 708,779 702,771 690,771 679,778 663,771 632,769 602,771 579,777 570,777 564,772 553,772 547,777 541,777 522,775 511,768 501,768 492,773 483,772 475,763 462,764 455,771 435,769 390,774 362,773 357,769 334,772 329,764 316,760"/>
        <Baseline points="252,805 1058,816"/>
        <Word id="region0002_line0006_word0000" custom="readingOrder {index:0;}">
          <Coords points="270,764 270,810 393,810 393,773 390,774 362,773 357,769 334,772 329,764"/>
          <TextEquiv conf="0.9013771">
            <Unicode>Thaten</Unicode>
          </TextEquiv>
        </Word>
        <Word id="region0002_line0006_word0001" custom="readingOrder {index:1;}">
          <Coords points="461,765 455,771 435,769 418,770 418,808 590,808 590,774 579,777 570,777 564,772 553,772 547,777 541,777 522,775 511,768 501,768 492,773 483,772 476,765"/>
          <TextEquiv conf="0.9013771">
            <Unicode>duͤrſtende</Unicode>
          </TextEquiv>
        </Word>
        <Word id="region0002_line0006_word0002" custom="readingOrder {index:2;}">
          <Coords points="621,804 715,804 715,778 708,779 702,771 690,771 679,778 663,771 632,769 621,769"/>
          <TextEquiv conf="0.9310043">
            <Unicode>Seele</Unicode>
          </TextEquiv>
        </Word>
        <Word id="region0002_line0006_word0003" custom="readingOrder {index:3;}">
          <Coords points="750,807 820,807 820,775 816,771 806,771 796,777 783,778 750,778"/>
          <TextEquiv conf="0.9238392">
            <Unicode>noch</Unicode>
          </TextEquiv>
        </Word>
        <Word id="region0002_line0006_word0004" custom="readingOrder {index:4;}">
          <Coords points="862,808 974,808 974,774 958,775 951,780 929,780 923,773 911,773 901,780 866,780 862,779"/>
          <TextEquiv conf="0.91072035">
            <Unicode>mehr.</Unicode>
          </TextEquiv>
        </Word>
        <Word id="region0002_line0006_word0005" custom="readingOrder {index:5;}">
          <Coords points="1009,804 1052,803 1052,776 1049,774 1040,773 1009,773"/>
          <TextEquiv conf="0.92647326">
            <Unicode>Er</Unicode>
          </TextEquiv>
        </Word>
        <TextEquiv conf="0.91579854">
          <Unicode>Thaten duͤrſtende Seele noch mehr. Er</Unicode>
        </TextEquiv>
      </TextLine>
      <TextLine id="region0002_line0007" custom="readingOrder {index:6;}">
        <Coords points="274,823 263,828 253,828 253,874 487,875 547,879 554,884 564,884 574,879 623,877 656,881 661,886 670,886 676,881 725,877 752,879 769,887 859,884 864,888 880,888 887,884 911,884 922,885 935,891 948,890 953,886 985,884 1058,885 1058,842 1025,841 1015,838 1008,832 999,832 987,839 962,834 954,840 926,840 915,839 900,831 890,831 878,839 860,840 855,831 843,828 774,828 751,830 745,834 725,834 715,830 704,830 700,833 644,835 634,834 629,830 618,830 612,834 590,834 583,828 572,828 566,834 561,834 542,827 507,825 453,833 433,830 384,832 380,829 371,829 367,832 301,832 290,831 284,823"/>
        <Baseline points="253,864 752,868 795,876 1058,874"/>
        <Word id="region0002_line0007_word0000" custom="readingOrder {index:0;}">
          <Coords points="268,833 394,833 394,868 268,868"/>
          <TextEquiv conf="0.9182119">
            <Unicode>brannte</Unicode>
          </TextEquiv>
        </Word>
        <Word id="region0002_line0007_word0001" custom="readingOrder {index:1;}">
          <Coords points="424,839 482,839 482,868 424,868"/>
          <TextEquiv conf="0.89986587">
            <Unicode>vor</Unicode>
          </TextEquiv>
        </Word>
        <Word id="region0002_line0007_word0002" custom="readingOrder {index:2;}">
          <Coords points="503,833 503,874 678,874 678,833 644,835 634,834 632,833 613,833 612,834 590,834 588,833 567,833 566,834 561,834 558,833"/>
          <TextEquiv conf="0.9289428">
            <Unicode>Begierde,</Unicode>
          </TextEquiv>
        </Word>
        <Word id="region0002_line0007_word0003" custom="readingOrder {index:3;}">
          <Coords points="704,834 704,867 764,866 764,833 746,833 745,834 725,834 724,834"/>
          <TextEquiv conf="0.92877036">
            <Unicode>das</Unicode>
          </TextEquiv>
        </Word>
        <Word id="region0002_line0007_word0004" custom="readingOrder {index:4;}">
          <Coords points="791,829 791,873 1051,872 1051,841 1025,841 1015,838 1008,832 999,832 987,839 962,834 954,840 926,840 915,839 900,831 890,831 878,839 860,840 855,831 846,828"/>
          <TextEquiv conf="0.9312314">
            <Unicode>Juͤnglingsalter</Unicode>
          </TextEquiv>
        </Word>
        <TextEquiv conf="0.9214045">
          <Unicode>brannte vor Begierde, das Juͤnglingsalter</Unicode>
        </TextEquiv>
      </TextLine>
      <TextLine id="region0002_line0008" custom="readingOrder {index:7;}">
        <Coords points="411,884 400,893 392,887 383,887 370,894 253,893 253,942 280,944 284,941 320,937 404,937 410,943 419,943 427,936 443,936 465,938 470,942 481,942 486,938 525,937 752,939 793,943 799,948 809,948 814,943 832,943 838,949 848,949 855,943 1058,946 1058,896 1053,894 1012,901 1007,895 994,891 943,891 932,894 926,901 911,901 896,899 890,894 871,897 854,896 849,892 828,893 817,890 764,896 697,888 630,887 620,887 595,896 495,895 427,892 422,885"/>
        <Baseline points="253,932 370,926 1058,935"/>
        <Word id="region0002_line0008_word0000" custom="readingOrder {index:0;}">
          <Coords points="263,900 303,900 303,935 263,935"/>
          <TextEquiv conf="0.9259883">
            <Unicode>zu</Unicode>
          </TextEquiv>
        </Word>
        <Word id="region0002_line0008_word0001" custom="readingOrder {index:1;}">
          <Coords points="322,894 322,936 487,935 487,895 454,893 371,894 370,894 350,894"/>
          <TextEquiv conf="0.92367905">
            <Unicode>erreichen,</Unicode>
          </TextEquiv>
        </Word>
        <Word id="region0002_line0008_word0002" custom="readingOrder {index:2;}">
          <Coords points="514,903 566,903 566,930 514,930"/>
          <TextEquiv conf="0.93245834">
            <Unicode>um</Unicode>
          </TextEquiv>
        </Word>
        <Word id="region0002_line0008_word0003" custom="readingOrder {index:3;}">
          <Coords points="597,929 649,929 649,894 600,894 597,895"/>
          <TextEquiv conf="0.9074991">
            <Unicode>als</Unicode>
          </TextEquiv>
        </Word>
        <Word id="region0002_line0008_word0004" custom="readingOrder {index:4;}">
          <Coords points="666,895 666,931 773,930 773,894 764,896 749,894"/>
          <TextEquiv conf="0.93144006">
            <Unicode>Ritter</Unicode>
          </TextEquiv>
        </Word>
        <Word id="region0002_line0008_word0005" custom="readingOrder {index:5;}">
          <Coords points="801,894 801,936 852,936 852,894 852,894"/>
          <TextEquiv conf="0.9317072">
            <Unicode>ſich</Unicode>
          </TextEquiv>
        </Word>
        <Word id="region0002_line0008_word0006" custom="readingOrder {index:6;}">
          <Coords points="881,897 881,931 936,931 936,897 929,897 926,901 911,901 896,899 893,897"/>
          <TextEquiv conf="0.9260189">
            <Unicode>den</Unicode>
          </TextEquiv>
        </Word>
        <Word id="region0002_line0008_word0007" custom="readingOrder {index:7;}">
          <Coords points="956,892 956,932 1051,931 1051,894 1012,901 1007,895 995,891"/>
          <TextEquiv conf="0.9265114">
            <Unicode>Dank</Unicode>
          </TextEquiv>
        </Word>
        <TextEquiv conf="0.9256628">
          <Unicode>zu erreichen, um als Ritter ſich den Dank</Unicode>
        </TextEquiv>
      </TextLine>
      <TextLine id="region0002_line0009" custom="readingOrder {index:8;}">
        <Coords points="327,943 304,948 282,944 274,953 253,954 253,994 304,995 311,1002 319,1002 326,995 480,995 533,1000 539,1005 548,1005 554,1000 634,997 760,999 791,1003 840,1004 847,1011 857,1011 863,1005 905,1006 911,1013 923,1013 929,1006 1021,1009 1058,1006 1058,967 946,962 942,959 928,961 922,954 911,954 901,961 885,960 877,952 860,955 856,952 843,954 821,952 817,949 766,956 754,956 748,951 737,951 731,956 669,956 660,955 653,947 642,947 631,954 625,954 604,950 598,946 552,948 536,954 467,953 457,946 448,946 442,952 431,952 384,943"/>
        <Baseline points="253,985 1058,996"/>
        <Word id="region0002_line0009_word0000" custom="readingOrder {index:0;}">
          <Coords points="267,994 328,994 328,953 274,953 267,953"/>
          <TextEquiv conf="0.92063856">
            <Unicode>auf</Unicode>
          </TextEquiv>
        </Word>
        <Word id="region0002_line0009_word0001" custom="readingOrder {index:1;}">
          <Coords points="359,952 359,995 554,994 554,951 544,951 536,954 467,953 465,951 442,952 442,952 431,952 429,952"/>
          <TextEquiv conf="0.9126047">
            <Unicode>Turnieren,</Unicode>
          </TextEquiv>
        </Word>
        <Word id="region0002_line0009_word0002" custom="readingOrder {index:2;}">
          <Coords points="581,951 581,987 710,987 710,956 669,956 660,955 656,951 635,951 631,954 625,954 609,951"/>
          <TextEquiv conf="0.9316963">
            <Unicode>Lorbern</Unicode>
          </TextEquiv>
        </Word>
        <Word id="region0002_line0009_word0003" custom="readingOrder {index:3;}">
          <Coords points="738,954 738,985 770,985 770,955 766,956 754,956 751,954"/>
          <TextEquiv conf="0.9325783">
            <Unicode>in</Unicode>
          </TextEquiv>
        </Word>
        <Word id="region0002_line0009_word0004" custom="readingOrder {index:4;}">
          <Coords points="794,993 977,993 977,963 946,962 942,959 928,961 922,954 911,954 901,961 885,960 877,952 860,955 856,952 843,954 821,952 817,949 794,952"/>
          <TextEquiv conf="0.92969733">
            <Unicode>Schlachten</Unicode>
          </TextEquiv>
        </Word>
        <Word id="region0002_line0009_word0005" custom="readingOrder {index:5;}">
          <Coords points="1006,995 1051,994 1051,975 1006,973"/>
          <TextEquiv>
            <Unicode>er⸗</Unicode>
          </TextEquiv>
        </Word>
        <TextEquiv>
          <Unicode>auf Turnieren, Lorbern in Schlachten er⸗</Unicode>
        </TextEquiv>
      </TextLine>
      <TextLine id="region0002_line0010" custom="readingOrder {index:9;}">
        <Coords points="287,1002 282,1005 253,1005 252,1057 324,1058 331,1067 341,1067 347,1059 353,1066 362,1066 369,1058 417,1062 423,1067 436,1067 442,1062 464,1060 590,1062 603,1063 608,1068 616,1068 622,1063 759,1064 797,1069 805,1075 813,1075 823,1069 857,1067 859,1075 865,1079 876,1078 884,1068 954,1070 957,1074 965,1076 973,1076 978,1071 988,1070 1057,1070 1058,1026 1007,1026 974,1016 923,1024 904,1024 899,1020 890,1020 885,1024 855,1024 761,1021 754,1014 744,1014 738,1020 709,1018 704,1014 694,1014 689,1018 649,1020 556,1018 537,1015 527,1006 512,1009 475,1009 447,1015 385,1015 373,1007 358,1007 350,1014 317,1014 310,1013 300,1002"/>
        <Baseline points="252,1048 1058,1061"/>
        <Word id="region0002_line0010_word0000" custom="readingOrder {index:0;}">
          <Coords points="263,1009 263,1056 402,1056 402,1015 385,1015 376,1009 355,1009 350,1014 317,1014 310,1013 306,1009"/>
          <TextEquiv conf="0.9207514">
            <Unicode>kaͤmpfen</Unicode>
          </TextEquiv>
        </Word>
        <Word id="region0002_line0010_word0001" custom="readingOrder {index:1;}">
          <Coords points="424,1018 458,1018 458,1054 424,1054"/>
          <TextEquiv conf="0.9235139">
            <Unicode>zu</Unicode>
          </TextEquiv>
        </Word>
        <Word id="region0002_line0010_word0002" custom="readingOrder {index:2;}">
          <Coords points="493,1009 493,1052 624,1052 624,1019 556,1018 537,1015 530,1009 512,1009"/>
          <TextEquiv conf="0.92608124">
            <Unicode>koͤnnen,</Unicode>
          </TextEquiv>
        </Word>
        <Word id="region0002_line0010_word0003" custom="readingOrder {index:3;}">
          <Coords points="650,1047 711,1047 711,1018 709,1018 704,1014 694,1014 689,1018 650,1019"/>
          <TextEquiv conf="0.9309595">
            <Unicode>und</Unicode>
          </TextEquiv>
        </Word>
        <Word id="region0002_line0010_word0004" custom="readingOrder {index:4;}">
          <Coords points="731,1044 776,1044 776,1021 761,1021 754,1014 744,1014 738,1020 731,1019"/>
          <TextEquiv conf="0.9309595">
            <Unicode>ein</Unicode>
          </TextEquiv>
        </Word>
        <Word id="region0002_line0010_word0005" custom="readingOrder {index:5;}">
          <Coords points="804,1056 928,1056 928,1023 923,1024 904,1024 899,1020 890,1020 885,1024 855,1024 804,1022"/>
          <TextEquiv conf="0.9221585">
            <Unicode>zweyter</Unicode>
          </TextEquiv>
        </Word>
        <Word id="region0002_line0010_word0006" custom="readingOrder {index:6;} textStyle {offset:0; length:4;fontSize:0.0; kerning:0; letterSpaced:true;}">
          <Coords points="950,1066 1048,1065 1048,1026 1007,1026 974,1016 950,1019"/>
          <TextEquiv>
            <Unicode>Her⸗</Unicode>
          </TextEquiv>
        </Word>
        <TextEquiv>
          <Unicode>kaͤmpfen zu koͤnnen, und ein zweyter Her⸗</Unicode>
        </TextEquiv>
      </TextLine>
      <TextLine id="line_1674124957457_5557" custom="readingOrder {index:10;}">
        <Coords points="252,1077 420,1080 428,1073 437,1073 444,1080 460,1080 490,1071 540,1071 564,1075 612,1074 623,1077 630,1084 688,1079 692,1082 744,1085 832,1087 837,1083 848,1083 853,1087 862,1088 944,1089 953,1091 956,1095 957,1124 945,1133 897,1135 766,1130 739,1132 733,1137 718,1137 714,1133 681,1128 475,1127 407,1123 252,1122"/>
        <Baseline points="252,1112 957,1123"/>
        <Word id="region0002_line0011_word0000" custom="readingOrder {index:0;} textStyle {offset:0; length:4;fontSize:0.0; kerning:0; letterSpaced:true;}">
          <Coords points="263,1089 381,1089 381,1117 263,1117"/>
          <TextEquiv conf="0.8739246">
            <Unicode>mann</Unicode>
          </TextEquiv>
        </Word>
        <Word id="region0002_line0011_word0001" custom="readingOrder {index:1;}">
          <Coords points="408,1084 477,1083 477,1118 408,1119"/>
          <TextEquiv conf="0.9218355">
            <Unicode>oder</Unicode>
          </TextEquiv>
        </Word>
        <Word id="region0002_line0011_word0002" custom="readingOrder {index:2;} textStyle {offset:0; length:7;fontSize:0.0; kerning:0; letterSpaced:true;}">
          <Coords points="502,1081 502,1119 695,1119 695,1082 692,1082 690,1081 664,1081 630,1084 627,1081"/>
          <TextEquiv conf="0.9227638">
            <Unicode>Rolland</Unicode>
          </TextEquiv>
        </Word>
        <Word id="region0002_line0011_word0003" custom="readingOrder {index:3;}">
          <Coords points="720,1087 756,1086 757,1123 721,1124"/>
          <TextEquiv conf="0.9227638">
            <Unicode>zu</Unicode>
          </TextEquiv>
        </Word>
        <Word id="region0002_line0011_word0004" custom="readingOrder {index:4;}">
          <Coords points="837,1083 832,1087 775,1085 775,1117 906,1117 906,1088 862,1088 853,1087 848,1083"/>
          <TextEquiv conf="0.92618567">
            <Unicode>werden.</Unicode>
          </TextEquiv>
        </Word>
        <TextEquiv conf="0.9134947">
          <Unicode>mann oder Rolland zu werden.</Unicode>
        </TextEquiv>
      </TextLine>
      <TextEquiv>
        <Unicode>Dieſe Lektuͤre, ſeine Erziehung, ſein
immerwaͤhrender Umgang mit Rittern und
Minneſaͤngern, und dann auch jener durch
Turniere, Fehden und Zweykaͤmpfe erzeugte
Geiſt der Ritterſchaft, entflammte ſeine nach
Thaten duͤrſtende Seele noch mehr. Er
brannte vor Begierde, das Juͤnglingsalter
zu erreichen, um als Ritter ſich den Dank
auf Turnieren, Lorbern in Schlachten er⸗
kaͤmpfen zu koͤnnen, und ein zweyter Her⸗
mann oder Rolland zu werden.</Unicode>
      </TextEquiv>
    </TextRegion>
    <TextRegion orientation="0.18305866" readingDirection="left-to-right" id="TextRegion_1674124957427_5553" custom="readingOrder {index:2;}">
      <Coords points="252,1137 1058,1137 1058,1906 252,1906"/>
      <TextLine id="region0002_line0012" custom="readingOrder {index:0;}">
        <Coords points="284,1136 279,1141 279,1169 289,1176 289,1193 295,1199 352,1199 399,1191 404,1192 406,1199 411,1202 421,1202 430,1193 436,1199 446,1199 454,1191 486,1191 521,1194 658,1194 723,1196 729,1203 739,1203 747,1196 984,1204 1058,1201 1058,1161 1051,1160 932,1156 919,1154 914,1150 897,1152 851,1149 846,1153 818,1155 763,1151 759,1148 745,1150 739,1144 728,1144 719,1151 696,1151 685,1149 679,1141 655,1141 645,1147 613,1140 578,1141 545,1148 514,1147 509,1142 499,1142 492,1147 475,1147 453,1146 448,1138 436,1136 424,1146 392,1147 385,1146 376,1138 364,1136"/>
        <Baseline points="289,1188 494,1181 1058,1192"/>
        <Word id="region0002_line0012_word0000" custom="readingOrder {index:0;}">
          <Coords points="341,1143 341,1192 395,1192 399,1191 403,1192 454,1191 454,1191 486,1191 490,1191 563,1191 563,1144 545,1148 514,1147 509,1142 499,1142 492,1147 475,1147 453,1146 451,1143 428,1143 424,1146 392,1147 385,1146 381,1143"/>
          <TextEquiv conf="0.9247815">
            <Unicode>Zweyhundert</Unicode>
          </TextEquiv>
        </Word>
        <Word id="region0002_line0012_word0001" custom="readingOrder {index:1;}">
          <Coords points="588,1144 588,1188 773,1187 773,1151 763,1151 759,1148 745,1150 739,1144 728,1144 719,1151 696,1151 685,1149 680,1143 650,1143 645,1147 630,1143"/>
          <TextEquiv conf="0.927475">
            <Unicode>Edelknechte</Unicode>
          </TextEquiv>
        </Word>
        <Word id="region0002_line0012_word0002" custom="readingOrder {index:2;}">
          <Coords points="803,1180 865,1180 865,1149 851,1149 846,1153 818,1155 803,1153"/>
          <TextEquiv conf="0.93166304">
            <Unicode>aus</Unicode>
          </TextEquiv>
        </Word>
        <Word id="region0002_line0012_word0003" custom="readingOrder {index:3;}">
          <Coords points="904,1181 958,1181 958,1156 932,1156 919,1154 914,1150 904,1151"/>
          <TextEquiv conf="0.92423177">
            <Unicode>den</Unicode>
          </TextEquiv>
        </Word>
        <Word id="region0002_line0012_word0004" custom="readingOrder {index:4;}">
          <Coords points="993,1197 1050,1196 1050,1159 993,1158"/>
          <TextEquiv>
            <Unicode>an⸗</Unicode>
          </TextEquiv>
        </Word>
        <TextEquiv>
          <Unicode>Zweyhundert Edelknechte aus den an⸗</Unicode>
        </TextEquiv>
      </TextLine>
      <TextLine id="region0002_line0013" custom="readingOrder {index:1;}">
        <Coords points="267,1201 253,1202 253,1255 263,1260 287,1256 294,1263 302,1263 310,1256 339,1256 366,1258 372,1264 384,1262 388,1265 397,1265 404,1258 499,1259 508,1266 516,1266 522,1260 528,1260 534,1267 545,1267 552,1260 590,1261 596,1267 605,1267 611,1261 755,1262 762,1269 772,1269 778,1263 913,1267 919,1275 929,1275 937,1268 1058,1267 1058,1222 1045,1222 1038,1217 1029,1218 1022,1223 996,1224 969,1221 963,1217 953,1217 947,1221 936,1220 929,1213 920,1213 910,1220 885,1215 878,1221 837,1221 793,1217 780,1209 769,1209 758,1215 742,1210 714,1209 687,1210 655,1217 625,1213 609,1215 603,1208 593,1208 584,1214 573,1214 564,1206 546,1208 479,1202 451,1204 435,1211 417,1210 405,1204 395,1204 387,1209 381,1203 372,1203 358,1210 345,1203 336,1203 326,1211 317,1211 311,1210 304,1202"/>
        <Baseline points="253,1245 1058,1257"/>
        <Word id="region0002_line0013_word0000" custom="readingOrder {index:0;}">
          <Coords points="263,1211 263,1257 282,1257 287,1256 288,1257 309,1257 310,1256 339,1256 346,1257 447,1256 447,1210 437,1210 435,1211 420,1210 326,1211 326,1211 317,1211 315,1211"/>
          <TextEquiv conf="0.9293737">
            <Unicode>ſehnlichſten</Unicode>
          </TextEquiv>
        </Word>
        <Word id="region0002_line0013_word0001" custom="readingOrder {index:1;}">
          <Coords points="458,1210 458,1256 676,1256 676,1212 655,1217 625,1213 609,1215 604,1210 590,1210 584,1214 573,1214 568,1210"/>
          <TextEquiv conf="0.91833">
            <Unicode>Geſchlechtern</Unicode>
          </TextEquiv>
        </Word>
        <Word id="word_1674125059348_5599" custom="readingOrder {index:2;}">
          <Coords points="692,1217 727,1211 741,1210 781,1210 929,1213 964,1217 964,1255 741,1255 692,1253"/>
          <TextEquiv>
            <Unicode>Oeſterreichs</Unicode>
          </TextEquiv>
        </Word>
        <Word id="region0002_line0013_word0004" custom="readingOrder {index:3;}">
          <Coords points="985,1247 1047,1246 1047,1222 1045,1222 1038,1217 1029,1218 1022,1223 996,1224 985,1222"/>
          <TextEquiv conf="0.9309316">
            <Unicode>und</Unicode>
          </TextEquiv>
        </Word>
        <TextEquiv>
          <Unicode>ſehnlichſten Geſchlechtern Oeſterreichs und</Unicode>
        </TextEquiv>
      </TextLine>
      <TextLine id="region0002_line0014" custom="readingOrder {index:2;}">
        <Coords points="273,1264 253,1265 253,1317 347,1320 354,1329 364,1329 374,1320 442,1319 555,1324 839,1328 887,1332 892,1336 931,1331 938,1338 947,1338 953,1331 987,1332 993,1338 1002,1338 1008,1332 1057,1332 1058,1289 1038,1289 1030,1282 1017,1284 1012,1279 996,1279 989,1287 970,1287 953,1278 943,1278 932,1284 916,1282 910,1276 895,1276 889,1281 846,1286 815,1284 804,1278 794,1278 788,1283 748,1284 679,1282 675,1279 664,1279 660,1282 627,1282 621,1276 610,1276 606,1279 601,1275 548,1275 543,1270 498,1278 369,1278 328,1274 307,1265"/>
        <Baseline points="253,1307 1057,1321"/>
        <Word id="region0002_line0014_word0000" custom="readingOrder {index:0;} textStyle {offset:0; length:11;fontSize:0.0; kerning:0; letterSpaced:true;}">
          <Coords points="263,1272 263,1317 571,1316 571,1275 548,1275 544,1271 536,1271 498,1278 369,1278 328,1274 322,1271"/>
          <TextEquiv conf="0.12720154">
            <Unicode>Steyermarks</Unicode>
          </TextEquiv>
        </Word>
        <Word id="region0002_line0014_word0001" custom="readingOrder {index:1;}">
          <Coords points="592,1275 592,1308 710,1308 710,1282 679,1282 675,1279 664,1279 660,1282 627,1282 621,1276 610,1276 606,1279 601,1275"/>
          <TextEquiv conf="0.9295714">
            <Unicode>dienten</Unicode>
          </TextEquiv>
        </Word>
        <Word id="region0002_line0014_word0002" custom="readingOrder {index:2;}">
          <Coords points="736,1306 776,1306 776,1283 748,1284 736,1283"/>
          <TextEquiv conf="0.92671317">
            <Unicode>an</Unicode>
          </TextEquiv>
        </Word>
        <Word id="region0002_line0014_word0003" custom="readingOrder {index:3;}">
          <Coords points="795,1307 860,1307 860,1284 846,1286 815,1284 804,1278 795,1278"/>
          <TextEquiv conf="0.91884404">
            <Unicode>dem</Unicode>
          </TextEquiv>
        </Word>
        <Word id="region0002_line0014_word0004" custom="readingOrder {index:4;}">
          <Coords points="883,1315 967,1315 967,1285 953,1278 943,1278 932,1284 916,1282 910,1276 895,1276 889,1281 883,1281"/>
          <TextEquiv conf="0.92264956">
            <Unicode>Hofe</Unicode>
          </TextEquiv>
        </Word>
        <Word id="region0002_line0014_word0005" custom="readingOrder {index:5;}">
          <Coords points="993,1314 1048,1313 1048,1289 1038,1289 1030,1282 1017,1284 1012,1279 996,1279 993,1282"/>
          <TextEquiv>
            <Unicode>ſei⸗</Unicode>
          </TextEquiv>
        </Word>
        <TextEquiv>
          <Unicode>Steyermarks dienten an dem Hofe ſei⸗</Unicode>
        </TextEquiv>
      </TextLine>
      <TextLine id="region0002_line0015" custom="readingOrder {index:3;}">
        <Coords points="419,1328 413,1335 400,1337 323,1335 317,1331 309,1331 292,1337 252,1338 252,1380 344,1379 351,1387 360,1387 368,1379 375,1378 421,1379 427,1384 435,1384 442,1380 469,1379 559,1380 790,1389 859,1389 877,1390 883,1396 893,1396 898,1391 1000,1394 1011,1400 1023,1400 1028,1396 1057,1395 1057,1348 1031,1348 1025,1343 1014,1343 998,1349 936,1350 909,1348 902,1340 885,1342 852,1336 779,1336 758,1340 741,1338 730,1342 704,1343 698,1339 684,1341 676,1335 663,1333 619,1333 591,1340 570,1339 565,1335 532,1339 518,1338 512,1331 481,1334 470,1329 461,1329 454,1333 440,1333 435,1329"/>
        <Baseline points="252,1370 563,1370 1057,1385"/>
        <Word id="region0002_line0015_word0000" custom="readingOrder {index:0;}">
          <Coords points="262,1339 318,1339 318,1372 262,1372"/>
          <TextEquiv conf="0.91920686">
            <Unicode>nes</Unicode>
          </TextEquiv>
        </Word>
        <Word id="region0002_line0015_word0001" custom="readingOrder {index:1;}">
          <Coords points="352,1337 352,1378 609,1377 609,1336 606,1336 591,1340 570,1339 566,1336 555,1336 532,1339 518,1338 516,1336 401,1336 400,1337 393,1336"/>
          <TextEquiv conf="0.91794807">
            <Unicode>prachtliebenden</Unicode>
          </TextEquiv>
        </Word>
        <Word id="region0002_line0015_word0002" custom="readingOrder {index:2;}">
          <Coords points="630,1338 630,1373 766,1372 766,1338 758,1340 741,1338 730,1342 704,1343 698,1339 684,1341 679,1337"/>
          <TextEquiv conf="0.9082609">
            <Unicode>Vaters.</Unicode>
          </TextEquiv>
        </Word>
        <Word id="region0002_line0015_word0003" custom="readingOrder {index:3;}">
          <Coords points="819,1376 910,1376 910,1348 909,1348 902,1340 885,1342 852,1336 819,1336"/>
          <TextEquiv conf="0.91806406">
            <Unicode>Dieſe</Unicode>
          </TextEquiv>
        </Word>
        <Word id="region0002_line0015_word0004" custom="readingOrder {index:4;}">
          <Coords points="941,1377 1047,1376 1047,1348 1031,1348 1025,1343 1014,1343 998,1349 941,1349"/>
          <TextEquiv>
            <Unicode>muth⸗</Unicode>
          </TextEquiv>
        </Word>
        <TextEquiv>
          <Unicode>nes prachtliebenden Vaters. Dieſe muth⸗</Unicode>
        </TextEquiv>
      </TextLine>
      <TextLine id="region0002_line0016" custom="readingOrder {index:4;}">
        <Coords points="438,1383 432,1386 375,1387 352,1394 331,1393 326,1389 307,1387 296,1393 252,1396 253,1437 348,1438 369,1445 427,1444 449,1439 465,1440 470,1444 487,1444 493,1440 508,1440 534,1442 540,1447 552,1447 560,1443 605,1447 609,1444 655,1440 711,1440 728,1446 757,1448 800,1444 822,1445 833,1451 843,1451 848,1446 874,1446 887,1454 897,1456 940,1456 973,1450 1023,1454 1030,1460 1058,1455 1057,1412 1046,1408 990,1408 937,1398 860,1404 847,1403 841,1398 819,1401 812,1396 802,1396 796,1401 789,1393 778,1393 767,1401 663,1397 609,1401 519,1395 505,1388 490,1389 484,1394 465,1394 446,1383"/>
        <Baseline points="252,1427 392,1434 709,1430 879,1436 913,1444 988,1440 1058,1445"/>
        <Word id="region0002_line0016_word0000" custom="readingOrder {index:0;}">
          <Coords points="257,1430 358,1430 358,1395 266,1395 257,1395"/>
          <TextEquiv conf="0.92420775">
            <Unicode>vollen</Unicode>
          </TextEquiv>
        </Word>
        <Word id="region0002_line0016_word0001" custom="readingOrder {index:1;}">
          <Coords points="396,1391 396,1435 611,1434 611,1400 609,1401 519,1395 509,1390 488,1390 484,1394 465,1394 459,1390"/>
          <TextEquiv conf="0.92175865">
            <Unicode>Juͤnglinge,</Unicode>
          </TextEquiv>
        </Word>
        <Word id="region0002_line0016_word0002" custom="readingOrder {index:2;}">
          <Coords points="650,1399 650,1426 716,1426 716,1399 715,1399"/>
          <TextEquiv conf="0.9300012">
            <Unicode>von</Unicode>
          </TextEquiv>
        </Word>
        <Word id="region0002_line0016_word0003" custom="readingOrder {index:3;}">
          <Coords points="754,1432 883,1432 883,1402 860,1404 847,1403 841,1398 819,1401 812,1396 802,1396 796,1401 789,1393 778,1393 767,1401 754,1400"/>
          <TextEquiv conf="0.9246958">
            <Unicode>gleichen</Unicode>
          </TextEquiv>
        </Word>
        <Word id="region0002_line0016_word0004" custom="readingOrder {index:4;}">
          <Coords points="918,1435 1045,1434 1045,1408 990,1408 937,1398 918,1399"/>
          <TextEquiv conf="0.88749987">
            <Unicode>Jdeen,</Unicode>
          </TextEquiv>
        </Word>
        <TextEquiv conf="0.91763264">
          <Unicode>vollen Juͤnglinge, von gleichen Jdeen,</Unicode>
        </TextEquiv>
      </TextLine>
      <TextLine id="region0002_line0017" custom="readingOrder {index:5;}">
        <Coords points="314,1445 253,1448 253,1500 343,1499 349,1505 359,1505 365,1499 372,1499 378,1506 388,1506 395,1499 404,1498 508,1497 556,1501 562,1506 575,1506 580,1501 590,1500 601,1500 608,1507 618,1507 626,1500 680,1503 690,1509 703,1508 709,1503 778,1503 805,1505 812,1512 820,1512 826,1507 845,1507 881,1511 890,1516 898,1516 903,1512 938,1510 1058,1512 1058,1469 1003,1470 950,1466 937,1468 919,1466 911,1462 872,1462 867,1458 837,1463 830,1456 815,1456 809,1461 804,1461 797,1460 790,1454 779,1454 770,1459 635,1458 630,1451 623,1449 614,1449 606,1455 586,1453 575,1448 561,1451 506,1450 491,1454 418,1455 394,1454 388,1448 372,1450 367,1447 350,1449"/>
        <Baseline points="253,1489 505,1487 1058,1502"/>
        <Word id="region0002_line0017_word0000" custom="readingOrder {index:0;}">
          <Coords points="260,1454 260,1497 430,1496 430,1454 418,1455 394,1454 393,1453"/>
          <TextEquiv conf="0.4270481">
            <Unicode>Wuͤnſchen</Unicode>
          </TextEquiv>
        </Word>
        <Word id="region0002_line0017_word0001" custom="readingOrder {index:1;}">
          <Coords points="462,1456 524,1456 524,1487 462,1487"/>
          <TextEquiv conf="0.4976042">
            <Unicode>und</Unicode>
          </TextEquiv>
        </Word>
        <Word id="region0002_line0017_word0002" custom="readingOrder {index:2;}">
          <Coords points="551,1453 551,1494 743,1493 743,1459 635,1458 631,1453 609,1453 606,1455 586,1453 586,1453"/>
          <TextEquiv conf="0.9182838">
            <Unicode>Hofnungen</Unicode>
          </TextEquiv>
        </Word>
        <Word id="region0002_line0017_word0003" custom="readingOrder {index:3;}">
          <Coords points="779,1454 776,1455 776,1494 905,1494 905,1462 872,1462 867,1458 837,1463 830,1456 815,1456 809,1461 804,1461 797,1460 790,1454"/>
          <TextEquiv conf="0.9246125">
            <Unicode>beſeelt,</Unicode>
          </TextEquiv>
        </Word>
        <Word id="region0002_line0017_word0004" custom="readingOrder {index:4;}">
          <Coords points="941,1488 1046,1487 1046,1469 1003,1470 950,1466 941,1467"/>
          <TextEquiv conf="0.92085844">
            <Unicode>waren</Unicode>
          </TextEquiv>
        </Word>
        <TextEquiv conf="0.7376814">
          <Unicode>Wuͤnſchen und Hofnungen beſeelt, waren</Unicode>
        </TextEquiv>
      </TextLine>
      <TextLine id="region0002_line0018" custom="readingOrder {index:6;}">
        <Coords points="253,1509 253,1569 300,1568 331,1561 411,1560 443,1561 449,1567 474,1562 502,1570 565,1568 582,1571 590,1565 614,1565 618,1568 641,1567 648,1572 679,1568 684,1573 693,1573 699,1567 717,1567 723,1573 733,1572 739,1566 907,1571 914,1579 922,1579 931,1571 1024,1574 1028,1577 1058,1573 1058,1526 1029,1526 1024,1522 1015,1522 998,1530 970,1530 929,1526 923,1520 884,1518 841,1519 815,1525 775,1523 771,1520 746,1522 740,1521 734,1515 723,1516 717,1511 706,1511 675,1521 659,1522 642,1521 637,1516 628,1516 621,1521 580,1521 567,1519 553,1512 534,1510 479,1511 464,1514 459,1509 448,1509 435,1516 430,1516 424,1511 413,1511 407,1517 379,1516 374,1512 364,1512 359,1516 335,1517 329,1512 314,1514 301,1510"/>
        <Baseline points="253,1558 419,1550 510,1558 1058,1563"/>
        <Word id="region0002_line0018_word0000" custom="readingOrder {index:0;} textStyle {offset:0; length:10;fontSize:0.0; kerning:0; letterSpaced:true;}">
          <Coords points="492,1563 492,1520 259,1521 259,1564 318,1563 331,1561 411,1560 443,1561 445,1563 468,1563 474,1562 477,1563"/>
          <TextEquiv conf="0.92522085">
            <Unicode>Friedrichs</Unicode>
          </TextEquiv>
        </Word>
        <Word id="region0002_line0018_word0001" custom="readingOrder {index:1;}">
          <Coords points="515,1517 515,1562 820,1561 820,1523 815,1525 775,1523 771,1520 746,1522 740,1521 735,1516 689,1516 675,1521 659,1522 642,1521 637,1516 627,1516 621,1521 580,1521 567,1519 562,1516"/>
          <TextEquiv conf="0.92428803">
            <Unicode>Jugendgefaͤhrten.</Unicode>
          </TextEquiv>
        </Word>
        <Word id="region0002_line0018_word0002" custom="readingOrder {index:2;}">
          <Coords points="862,1520 862,1563 970,1563 970,1530 929,1526 923,1520"/>
          <TextEquiv conf="0.92637163">
            <Unicode>Schon</Unicode>
          </TextEquiv>
        </Word>
        <Word id="region0002_line0018_word0003" custom="readingOrder {index:3;}">
          <Coords points="991,1558 1044,1557 1044,1526 1029,1526 1024,1522 1015,1522 998,1530 991,1530"/>
          <TextEquiv conf="0.93244773">
            <Unicode>als</Unicode>
          </TextEquiv>
        </Word>
        <TextEquiv conf="0.92708206">
          <Unicode>Friedrichs Jugendgefaͤhrten. Schon als</Unicode>
        </TextEquiv>
      </TextLine>
      <TextLine id="region0002_line0019" custom="readingOrder {index:7;}">
        <Coords points="271,1573 253,1574 252,1629 350,1627 382,1629 387,1633 409,1636 415,1628 434,1626 565,1627 680,1631 687,1638 696,1638 703,1631 737,1629 796,1630 835,1634 919,1634 1026,1641 1057,1637 1058,1590 1028,1590 1018,1594 988,1594 981,1587 972,1587 965,1593 956,1593 918,1583 862,1580 835,1581 819,1587 811,1582 801,1582 796,1586 791,1583 781,1583 777,1586 716,1587 705,1586 698,1578 672,1580 666,1585 621,1585 617,1582 608,1582 604,1585 515,1584 479,1582 469,1579 463,1573 453,1573 441,1582 432,1575 421,1575 413,1583 406,1574 391,1574 382,1584 356,1584 350,1574 339,1574 327,1583 297,1575"/>
        <Baseline points="252,1619 513,1616 1057,1628"/>
        <Word id="region0002_line0019_word0000" custom="readingOrder {index:0;}">
          <Coords points="262,1582 262,1620 369,1620 369,1584 356,1584 354,1582 328,1582 327,1583 323,1582"/>
          <TextEquiv conf="0.9248423">
            <Unicode>Knabe</Unicode>
          </TextEquiv>
        </Word>
        <Word id="region0002_line0019_word0001" custom="readingOrder {index:1;}">
          <Coords points="389,1582 389,1627 428,1627 434,1626 466,1626 490,1626 490,1583 479,1582 476,1581 442,1581 441,1582 440,1581 414,1582 413,1583 412,1582"/>
          <TextEquiv conf="0.92500615">
            <Unicode>ſpielte</Unicode>
          </TextEquiv>
        </Word>
        <Word id="region0002_line0019_word0002" custom="readingOrder {index:2;}">
          <Coords points="508,1591 535,1591 535,1618 508,1618"/>
          <TextEquiv conf="0.9261404">
            <Unicode>er</Unicode>
          </TextEquiv>
        </Word>
        <Word id="region0002_line0019_word0003" custom="readingOrder {index:3;}">
          <Coords points="562,1587 650,1587 650,1617 562,1617"/>
          <TextEquiv conf="0.92252976">
            <Unicode>unter</Unicode>
          </TextEquiv>
        </Word>
        <Word id="region0002_line0019_word0004" custom="readingOrder {index:4;}">
          <Coords points="673,1582 673,1625 761,1624 761,1586 716,1587 705,1586 701,1581"/>
          <TextEquiv conf="0.92370343">
            <Unicode>ihnen</Unicode>
          </TextEquiv>
        </Word>
        <Word id="region0002_line0019_word0005" custom="readingOrder {index:5;}">
          <Coords points="784,1584 784,1616 828,1616 828,1584 827,1584 819,1587 814,1584 798,1584 796,1586 792,1584"/>
          <TextEquiv conf="0.9320724">
            <Unicode>die</Unicode>
          </TextEquiv>
        </Word>
        <Word id="region0002_line0019_word0006" custom="readingOrder {index:6;}">
          <Coords points="848,1581 848,1618 939,1618 939,1588 918,1583 880,1581"/>
          <TextEquiv conf="0.93133265">
            <Unicode>Rolle</Unicode>
          </TextEquiv>
        </Word>
        <Word id="region0002_line0019_word0007" custom="readingOrder {index:7;}">
          <Coords points="959,1620 1042,1619 1042,1590 1028,1590 1018,1594 988,1594 981,1587 972,1587 965,1593 959,1593"/>
          <TextEquiv conf="0.9210038">
            <Unicode>eines</Unicode>
          </TextEquiv>
        </Word>
        <TextEquiv conf="0.9258289">
          <Unicode>Knabe ſpielte er unter ihnen die Rolle eines</Unicode>
        </TextEquiv>
      </TextLine>
      <TextLine id="region0002_line0020" custom="readingOrder {index:8;}">
        <Coords points="365,1637 334,1640 327,1650 318,1651 292,1648 283,1641 252,1645 252,1694 271,1702 280,1702 287,1696 335,1696 341,1702 350,1702 356,1695 373,1695 379,1702 389,1702 397,1695 438,1692 465,1693 471,1697 479,1697 484,1693 559,1691 582,1692 587,1697 598,1697 604,1692 686,1691 737,1692 743,1699 752,1699 759,1693 825,1694 834,1695 840,1701 848,1701 857,1696 942,1699 950,1706 958,1706 966,1700 1057,1701 1057,1657 1008,1656 996,1651 963,1653 958,1648 947,1648 938,1653 919,1654 884,1648 866,1648 857,1643 845,1643 836,1649 827,1649 819,1641 807,1644 791,1642 785,1646 758,1646 753,1641 742,1641 731,1648 725,1642 715,1643 708,1650 622,1648 603,1646 596,1639 587,1639 578,1644 572,1638 564,1638 552,1647 538,1648 472,1647 463,1640 453,1640 445,1647 406,1650 399,1640"/>
        <Baseline points="252,1686 690,1681 1057,1691"/>
        <Word id="region0002_line0020_word0000" custom="readingOrder {index:0;}">
          <Coords points="259,1643 257,1644 257,1692 484,1691 484,1647 472,1647 466,1643 449,1643 445,1647 406,1650 401,1643 331,1643 327,1650 318,1651 292,1648 286,1643"/>
          <TextEquiv conf="0.9306089">
            <Unicode>Heerfuͤhrers,</Unicode>
          </TextEquiv>
        </Word>
        <Word id="region0002_line0020_word0001" custom="readingOrder {index:1;}">
          <Coords points="554,1645 552,1647 538,1648 513,1647 513,1687 617,1687 617,1647 603,1646 602,1645"/>
          <TextEquiv conf="0.9279982">
            <Unicode>welche</Unicode>
          </TextEquiv>
        </Word>
        <Word id="region0002_line0020_word0002" custom="readingOrder {index:2;}">
          <Coords points="643,1655 672,1655 672,1682 643,1682"/>
          <TextEquiv conf="0.93266535">
            <Unicode>er</Unicode>
          </TextEquiv>
        </Word>
        <Word id="region0002_line0020_word0003" custom="readingOrder {index:3;}">
          <Coords points="710,1648 708,1650 695,1650 695,1689 772,1688 772,1647 732,1648 731,1648 731,1648"/>
          <TextEquiv conf="0.92498124">
            <Unicode>nicht</Unicode>
          </TextEquiv>
        </Word>
        <Word id="region0002_line0020_word0004" custom="readingOrder {index:4;}">
          <Coords points="789,1646 789,1688 859,1688 859,1646 840,1646 836,1649 827,1649 824,1646"/>
          <TextEquiv conf="0.92583084">
            <Unicode>bloß</Unicode>
          </TextEquiv>
        </Word>
        <Word id="region0002_line0020_word0005" custom="readingOrder {index:5;}">
          <Coords points="876,1648 876,1689 963,1689 963,1653 958,1648 947,1648 938,1653 919,1654 884,1648"/>
          <TextEquiv conf="0.92800057">
            <Unicode>durch</Unicode>
          </TextEquiv>
        </Word>
        <Word id="region0002_line0020_word0006" custom="readingOrder {index:6;}">
          <Coords points="987,1684 1042,1683 1042,1656 1008,1656 996,1651 987,1651"/>
          <TextEquiv conf="0.92800057">
            <Unicode>den</Unicode>
          </TextEquiv>
        </Word>
        <TextEquiv conf="0.92829794">
          <Unicode>Heerfuͤhrers, welche er nicht bloß durch den</Unicode>
        </TextEquiv>
      </TextLine>
      <TextLine id="region0002_line0021" custom="readingOrder {index:9;}">
        <Coords points="519,1704 487,1706 471,1716 437,1718 430,1718 423,1711 410,1713 402,1709 392,1709 382,1720 320,1719 300,1709 252,1708 253,1761 312,1763 337,1771 350,1771 354,1768 396,1770 405,1764 570,1758 630,1761 639,1765 679,1761 698,1764 704,1758 753,1757 913,1762 922,1770 931,1770 938,1764 960,1764 965,1769 974,1769 979,1765 1028,1769 1058,1767 1057,1723 1012,1722 999,1714 987,1716 979,1711 969,1711 963,1716 936,1716 930,1710 920,1710 905,1718 863,1716 858,1712 847,1712 843,1715 757,1714 751,1708 743,1708 736,1714 715,1715 708,1706 693,1705 658,1706 647,1712 617,1710 613,1713 576,1714 570,1705 553,1708"/>
        <Baseline points="253,1751 378,1756 776,1747 1058,1757"/>
        <Word id="region0002_line0021_word0000" custom="readingOrder {index:0;}">
          <Coords points="257,1714 258,1760 354,1760 353,1719 320,1719 310,1714"/>
          <TextEquiv conf="0.92559946">
            <Unicode>Rang</Unicode>
          </TextEquiv>
        </Word>
        <Word id="region0002_line0021_word0001" custom="readingOrder {index:1;}">
          <Coords points="387,1715 388,1759 478,1758 477,1714 474,1714 471,1716 437,1718 430,1718 426,1714"/>
          <TextEquiv conf="0.9268384">
            <Unicode>ſeiner</Unicode>
          </TextEquiv>
        </Word>
        <Word id="region0002_line0021_word0002" custom="readingOrder {index:2;}">
          <Coords points="505,1713 506,1757 653,1757 652,1713 613,1713 576,1714 575,1713"/>
          <TextEquiv conf="0.92872316">
            <Unicode>Geburt,</Unicode>
          </TextEquiv>
        </Word>
        <Word id="region0002_line0021_word0003" custom="readingOrder {index:3;}">
          <Coords points="689,1714 690,1756 813,1755 812,1715 757,1714 756,1713 736,1714 736,1714 715,1715 714,1714"/>
          <TextEquiv conf="0.9199219">
            <Unicode>ſondern</Unicode>
          </TextEquiv>
        </Word>
        <Word id="region0002_line0021_word0004" custom="readingOrder {index:4;}">
          <Coords points="848,1714 849,1757 935,1757 934,1714 912,1714 905,1718 863,1716 860,1714"/>
          <TextEquiv conf="0.93063617">
            <Unicode>durch</Unicode>
          </TextEquiv>
        </Word>
        <Word id="region0002_line0021_word0005" custom="readingOrder {index:5;}">
          <Coords points="965,1714 965,1714 966,1755 1041,1754 1040,1723 1012,1722 999,1714 987,1716 983,1714"/>
          <TextEquiv conf="0.9212751">
            <Unicode>ſeine</Unicode>
          </TextEquiv>
        </Word>
        <TextEquiv conf="0.925499">
          <Unicode>Rang ſeiner Geburt, ſondern durch ſeine</Unicode>
        </TextEquiv>
      </TextLine>
      <TextLine id="region0002_line0022" custom="readingOrder {index:10;}">
        <Coords points="265,1771 253,1772 253,1823 309,1827 321,1832 331,1832 338,1828 495,1829 511,1830 517,1836 530,1837 541,1830 555,1829 571,1829 577,1835 587,1835 594,1828 639,1828 644,1832 653,1832 658,1828 717,1824 757,1824 761,1827 790,1825 795,1829 804,1829 809,1825 838,1825 922,1827 1014,1834 1058,1830 1058,1792 1020,1790 1009,1780 999,1780 993,1787 947,1785 941,1784 935,1774 912,1771 881,1773 875,1777 873,1783 862,1784 838,1784 832,1776 818,1777 812,1773 799,1773 793,1778 774,1778 768,1773 759,1773 743,1779 707,1779 695,1774 641,1779 611,1775 599,1782 595,1782 589,1774 578,1774 567,1783 528,1785 510,1785 506,1775 495,1774 486,1778 482,1785 460,1785 453,1776 439,1779 367,1779 357,1782 338,1776 327,1776 322,1779 289,1771"/>
        <Baseline points="253,1812 403,1820 775,1814 1058,1821"/>
        <Word id="region0002_line0022_word0000" custom="readingOrder {index:0;}">
          <Coords points="259,1780 259,1823 293,1825 658,1825 658,1779 603,1779 599,1782 595,1782 592,1779 571,1779 567,1783 528,1785 510,1785 507,1779 485,1779 482,1785 460,1785 455,1779 364,1779 357,1782 349,1779"/>
          <TextEquiv>
            <Unicode>Geiſtes⸗Ueberlegenheit,</Unicode>
          </TextEquiv>
        </Word>
        <Word id="region0002_line0022_word0001" custom="readingOrder {index:1;}">
          <Coords points="687,1782 772,1781 772,1818 687,1819"/>
          <TextEquiv conf="0.92835623">
            <Unicode>durch</Unicode>
          </TextEquiv>
        </Word>
        <Word id="region0002_line0022_word0002" custom="readingOrder {index:2;}">
          <Coords points="796,1781 796,1820 871,1820 871,1783 862,1784 838,1784 835,1781"/>
          <TextEquiv conf="0.9236733">
            <Unicode>ſeine</Unicode>
          </TextEquiv>
        </Word>
        <Word id="region0002_line0022_word0003" custom="readingOrder {index:3;}">
          <Coords points="894,1776 894,1819 1041,1818 1041,1791 1020,1790 1009,1780 999,1780 993,1787 947,1785 941,1784 936,1775"/>
          <TextEquiv>
            <Unicode>uͤberwie⸗</Unicode>
          </TextEquiv>
        </Word>
        <TextEquiv>
          <Unicode>Geiſtes⸗Ueberlegenheit, durch ſeine uͤberwie⸗</Unicode>
        </TextEquiv>
      </TextLine>
      <TextLine id="region0002_line0023" custom="readingOrder {index:11;}">
        <Coords points="281,1837 275,1845 253,1846 253,1895 272,1896 301,1890 335,1889 420,1895 426,1901 435,1901 441,1896 446,1896 453,1904 462,1904 470,1896 542,1896 550,1905 562,1904 567,1896 622,1895 628,1903 642,1906 710,1904 731,1892 871,1896 875,1899 901,1897 915,1898 919,1901 981,1900 983,1906 1003,1906 1006,1902 1017,1901 1058,1900 1058,1858 1004,1856 996,1849 974,1853 960,1845 951,1845 941,1851 919,1850 915,1847 889,1849 883,1844 873,1844 867,1849 846,1849 809,1847 766,1839 757,1844 731,1847 684,1847 678,1842 667,1842 662,1847 610,1847 606,1844 597,1844 588,1848 582,1841 571,1841 564,1846 560,1843 550,1843 544,1848 536,1848 511,1842 483,1846 467,1845 463,1842 448,1844 443,1841 397,1839 367,1840 345,1845 332,1845 327,1840 317,1840 310,1845 299,1845 290,1837"/>
        <Baseline points="253,1883 622,1885 661,1894 739,1882 1058,1891"/>
        <Word id="region0002_line0023_word0000" custom="readingOrder {index:0;}">
          <Coords points="350,1890 350,1848 259,1848 259,1890 301,1890 335,1889 349,1890"/>
          <TextEquiv conf="0.92950284">
            <Unicode>gende</Unicode>
          </TextEquiv>
        </Word>
        <Word id="region0002_line0023_word0001" custom="readingOrder {index:1;}">
          <Coords points="623,1896 623,1848 375,1849 375,1892 420,1895 422,1897 440,1897 441,1896 446,1896 447,1897 469,1897 470,1896 542,1896 542,1896 567,1896 567,1896 622,1895 623,1896"/>
          <TextEquiv conf="0.92213964">
            <Unicode>Geſchicklichkeit</Unicode>
          </TextEquiv>
        </Word>
        <Word id="region0002_line0023_word0002" custom="readingOrder {index:2;}">
          <Coords points="667,1848 700,1848 700,1895 667,1895"/>
          <TextEquiv>
            <Unicode>in</Unicode>
          </TextEquiv>
        </Word>
        <Word id="region0002_line0023_word0003" custom="readingOrder {index:3;}">
          <Coords points="748,1845 743,1845 743,1884 819,1884 819,1847 809,1847 798,1845"/>
          <TextEquiv conf="0.9312407">
            <Unicode>allen</Unicode>
          </TextEquiv>
        </Word>
        <Word id="region0002_line0023_word0004" custom="readingOrder {index:4;}">
          <Coords points="869,1846 867,1849 860,1849 860,1894 1039,1893 1039,1857 1004,1856 996,1849 974,1853 962,1846 948,1846 941,1851 919,1850 915,1847 889,1849 886,1846"/>
          <TextEquiv conf="0.9274848">
            <Unicode>ritterlichen</Unicode>
          </TextEquiv>
        </Word>
        <TextEquiv>
          <Unicode>gende Geſchicklichkeit in allen ritterlichen</Unicode>
        </TextEquiv>
      </TextLine>
      <TextEquiv>
        <Unicode>Zweyhundert Edelknechte aus den an⸗
ſehnlichſten Geſchlechtern Oeſterreichs und
Steyermarks dienten an dem Hofe ſei⸗
nes prachtliebenden Vaters. Dieſe muth⸗
vollen Juͤnglinge, von gleichen Jdeen,
Wuͤnſchen und Hofnungen beſeelt, waren
Friedrichs Jugendgefaͤhrten. Schon als
Knabe ſpielte er unter ihnen die Rolle eines
Heerfuͤhrers, welche er nicht bloß durch den
Rang ſeiner Geburt, ſondern durch ſeine
Geiſtes⸗Ueberlegenheit, durch ſeine uͤberwie⸗
gende Geſchicklichkeit in allen ritterlichen</Unicode>
      </TextEquiv>
    </TextRegion>
  </Page>
</PcGts>
