1581 2436
515 442 575 465 und
592 439 714 467 bemerkt
730 449 788 468 nur
812 450 912 477 wegen
938 446 993 472 des
1013 446 1228 485 Allgemeinen,
1251 437 1377 488 daſſelbe

514 510 585 548 gern
601 511 661 544 und
681 512 763 553 leicht
783 513 813 547 in
840 513 1007 556 allgemeine
1036 517 1243 564 Beziehungen
1258 521 1378 564 bringt;

512 571 549 614 4)
571 571 843 621 Scharfſichtigkeit
861 586 911 622 zur
937 580 1108 628 Eroͤffnung
1133 594 1220 623 neuer
1239 586 1378 633 Ausſich⸗

511 651 567 682 ten.

869 722 895 761 §.
918 722 991 761 258.

576 770 636 808 Die
651 771 862 817 Erforderniſſe
885 779 940 811 des
962 776 1138 822 praktiſchen
1163 782 1371 827 Beobachters

509 833 602 875 (255)
631 836 709 876 ſind:
735 836 774 877 1)
797 839 841 875 ein
855 840 987 885 gewiſſes
1008 843 1111 887 Maaß
1127 851 1186 881 von
1201 850 1254 882 den
1263 849 1370 891 Erfor⸗

508 896 648 940 derniſſen
661 897 737 941 jener
762 898 871 946 beyden
892 904 981 947 (256.
993 904 1082 949 257),
1102 906 1308 953 vornehmlich
1315 906 1372 956 Un⸗

507 962 758 1008 terſcheidſamkeit
773 975 825 1010 zur
839 969 1025 1015 Bemerkung
1040 975 1094 1008 des
1101 973 1243 1019 Eigenen,
1257 978 1371 1018 Beſon⸗

504 1024 585 1058 dern,
601 1023 877 1069 Ungewoͤhnlichen,
900 1028 1142 1075 Jndividuellen;
1164 1035 1200 1073 2)
1222 1038 1265 1072 die
1280 1036 1368 1075 Gabe

504 1085 819 1132 ausnehmenderweiſe
864 1092 1020 1137 dasjenige
1072 1093 1116 1140 in
1136 1100 1199 1133 dem
1247 1097 1366 1143 Gegen⸗

501 1151 598 1195 ſtande
615 1162 650 1196 zu
665 1154 765 1199 ſehen,
787 1157 857 1192 was
871 1165 943 1194 man
960 1159 1039 1211 ſehen
1057 1162 1147 1204 muß,
1176 1172 1227 1200 um
1241 1171 1277 1209 zu
1291 1164 1369 1209 han⸗

500 1220 575 1258 deln.

859 1299 887 1334 §.
916 1301 991 1337 259.

559 1346 638 1387 Zum
659 1346 798 1391 Handeln
812 1351 893 1393 ſelbſt
925 1353 1005 1390 wird
1041 1355 1073 1391 in
1093 1358 1158 1392 bem
1182 1356 1360 1405 praktiſchen

494 1406 680 1451 Beobachter
702 1408 805 1453 (258),
828 1415 990 1457 erfordert:
1017 1417 1057 1459 1)
1079 1417 1124 1454 ein
1142 1418 1269 1465 gewiſſer
1286 1431 1359 1460 ana⸗

493 1472 633 1523 logiſcher
647 1474 721 1519 Witz
744 1474 823 1522 (80),
849 1478 968 1523 welcher
989 1477 1123 1527 aͤhnliche
1149 1484 1231 1530 Faͤlle
1253 1490 1370 1534 ſchnell

491 1540 555 1573 und
568 1539 685 1581 lebhaft
702 1540 918 1587 vorherſiehet;
951 1547 996 1586 2)
1016 1547 1078 1583 eine
1099 1548 1275 1594 geſchwinde
1291 1555 1355 1590 und

491 1599 646 1648 gluͤckliche
656 1599 1029 1653 Gedaͤchtnißverbindung
1049 1612 1097 1647 der
1117 1611 1197 1657 Jdeen
1220 1623 1272 1653 von
1285 1611 1356 1666 Mit⸗

490 1669 549 1706 teln
573 1673 633 1707 und
648 1670 850 1718 Maaßregeln
874 1677 926 1719 (II.
957 1672 1119 1728 500—505)
1145 1682 1201 1718 mit
1216 1686 1263 1721 der
1279 1685 1351 1730 Jdee

486 1734 541 1768 des
557 1729 797 1780 gegenwaͤrtigen
813 1738 932 1780 Falles;
955 1741 991 1783 3)
1013 1743 1075 1780 eine
1090 1741 1218 1788 lebhafte
1231 1746 1365 1788 Einbil⸗

486 1799 687 1845 dungskraft,
721 1802 826 1845 welche
850 1806 896 1842 die
919 1806 1140 1852 Wirkungsart
1168 1813 1231 1847 und
1265 1814 1347 1854 Wir⸗

484 1861 662 1894 kungskraft
677 1865 731 1888 des
746 1853 913 1901 gewaͤhlten
928 1861 1057 1898 Mittels
1073 1862 1255 1906 anſchaulich
1276 1878 1347 1902 vor⸗

482 1927 570 1969 ſtelle;
614 1928 649 1969 4)
672 1930 852 1976 zweifelnde,
874 1932 944 1970 aber
960 1937 1042 1972 dann
1056 1934 1147 1979 durch
1169 1939 1345 1986 geſchwinde

483 1996 742 2042 Entſchloſſenheit
756 2001 902 2048 befeſtigte
916 2002 1133 2050 Ueberlegung;
1157 2009 1203 2052 oft
1216 2011 1290 2054 auch
1308 2010 1344 2053 5)

480 2060 589 2104 Muth,
599 2064 659 2099 und
673 2062 726 2105 bey
736 2066 1037 2114 unvorhergeſehenen
1045 2070 1215 2118 Streichen,
1224 2073 1340 2119 Gegen⸗
