2799 4455
516 1874 1414 2752 W

1408 2094 1500 2165 As
1526 2105 1633 2167 vor
1663 2092 1756 2163 ein
1782 2089 1971 2178 herber
1992 2088 2292 2175 Schmertz
2314 2087 2524 2160 nimmt

1610 2204 1825 2297 Hertz
1839 2209 1953 2279 und
1969 2201 2161 2287 Adern
2177 2202 2285 2281 ein,

1412 2260 1567 2374 Soll
1589 2284 1752 2383 unſer
1816 2273 1960 2387 Hauß
2000 2295 2245 2386 nunmehr
2306 2300 2394 2361 ein
2432 2295 2532 2361 duͤ⸗

1622 2415 1824 2515 ſtres
1837 2398 2037 2509 Nebo
2038 2413 2345 2509 werden,

1412 2547 1567 2626 Soll
1587 2550 1715 2627 das,
1746 2552 1877 2623 was
1895 2550 2008 2622 uns
2034 2523 2225 2640 bißher
2248 2514 2347 2633 das
2382 2521 2561 2651 Lieb⸗

1599 2621 1781 2754 ſte
1806 2668 1935 2731 war
1946 2655 2030 2757 der
2050 2621 2268 2746 Erden,

535 2796 699 2878 Dem
735 2785 935 2881 kuͤhlen
971 2785 1181 2856 Sande
1213 2771 1363 2860 ſchon
1406 2785 1481 2860 ein
1502 2785 1680 2864 kaltes
1716 2778 1912 2874 Opffer
1933 2767 2122 2864 ſeyn?

532 2903 781 2999 Gewiß,
814 2914 881 2992 o
903 2903 1220 3003 Seelige,
1245 2896 1459 2985 Dein
1477 2892 1905 2981 allzufruͤhes
1941 2881 2312 2978 Scheiden,

539 3031 678 3106 Hat
685 3020 849 3092 unſer
878 3013 1024 3110 Hertz
1053 3031 1167 3092 und
1188 3017 1377 3095 Sinn
1406 3010 1498 3085 mit
1541 3020 1748 3085 tauſend
1802 3017 1912 3085 Ach
1955 3020 2340 3088 umſchraͤnckt,

532 3138 707 3213 Dein
735 3149 938 3227 Todt,
985 3142 1063 3234 ach
1124 3138 1798 3238 Schmertzens ⸗ Wort!
1851 3135 2133 3199 verkehret
2162 3138 2329 3213 unſre
2390 3127 2533 3238 Freu⸗

1559 3263 1701 3335 den,

538 3363 676 3442 Mit
702 3333 833 3439 Dir
856 3358 1003 3435 wird
1021 3361 1123 3432 alle
1136 3355 1263 3446 Luſt
1291 3367 1387 3440 zur
1407 3348 1640 3445 finſtern
1659 3344 1878 3444 Grufft
1894 3323 2226 3445 verſenckt,

536 3483 701 3555 Was
727 3459 1006 3564 Wunder,
1034 3488 1178 3544 wenn
1211 3471 1313 3561 wir
1349 3466 1456 3542 uns
1484 3481 1550 3555 zu
1561 3440 1800 3545 Deinen
1814 3437 2035 3554 Sarge
2045 3452 2225 3553 ſetzen,

543 3605 667 3684 Und
692 3605 803 3684 den
814 3602 899 3687 zu
913 3588 1092 3677 unſern
1110 3613 1292 3670 Troſt
1306 3613 1409 3680 mit
1431 3609 1637 3673 herben
1662 3602 1937 3662 Thraͤnen
1976 3588 2162 3677 netzen.
