2842 2923
211 528 296 579 ſchen
316 516 397 578 nach
397 516 636 581 Uberweiſung
642 533 750 593 ſeines
771 530 959 584 ſuͤndlichen
980 535 1172 586 Zuſtandes
1209 538 1413 591 ausruffen:

211 583 293 631 Jch
304 583 365 624 bin
376 588 442 623 der
451 583 587 625 Mann
596 588 662 625 des
672 586 836 628 Todtes/
852 596 880 628 2.
884 587 1021 632 Sam.
1011 588 1069 636 12/
1068 579 1106 635 7.
1108 590 1242 634 Wann
1253 583 1408 639 mancher

211 628 528 690 Straff⸗Prediger
537 639 597 689 ſich
613 639 725 690 heiſſer
732 635 901 691 zereifert/
909 639 949 692 ſie
957 653 1014 689 zur
1022 639 1214 694 Erkaͤntniß
1222 651 1280 690 der
1291 645 1410 692 Suͤn⸗

209 687 273 725 den
282 696 317 732 zu
328 691 481 735 bringen/
492 688 523 737 ſo
530 690 592 731 kan
602 700 684 731 man
694 690 734 740 ſie
744 690 822 737 doch
834 692 917 739 nicht
928 685 1095 741 glaubend
1105 695 1264 743 machen/
1273 690 1321 745 daß
1335 698 1404 743 ihre

213 739 347 788 Gefahr
359 741 389 788 ſo
397 740 483 791 groß
493 741 561 792 ſey/
570 738 682 792 ſtuͤnde
695 740 777 793 auch
786 737 919 788 iemand
928 754 994 788 von
1002 752 1075 789 den
1094 747 1233 795 Todten
1252 752 1334 801 auff
1339 754 1407 791 und

212 789 358 840 predigte
368 792 465 840 ihnen
473 799 538 835 von
548 800 619 837 dem
630 795 708 838 Ort
725 800 783 837 der
798 792 923 845 Qual/
936 796 1004 840 und
1014 798 1078 840 wie
1088 805 1126 841 es
1135 799 1226 847 ihren
1245 803 1403 847 weyland

211 841 364 893 froͤlichen
371 844 579 897 Mitgeſellen
589 842 725 900 daſelbſt
732 845 866 905 ergehe/
869 850 934 892 wie
943 850 985 900 ſie
992 852 1054 899 ſich
1062 851 1183 894 mitten
1197 854 1232 895 in
1252 861 1316 895 den
1327 851 1405 901 hoͤl⸗

210 894 320 944 liſchen
330 893 510 944 Flammen
519 896 680 945 befinden/
688 901 721 948 ſo
728 896 865 942 wuͤrden
874 894 914 951 ſie
922 900 1002 950 doch
1014 910 1076 944 nur
1085 901 1152 945 das
1161 901 1313 954 Geſpoͤtt
1324 907 1403 947 dar⸗

211 944 272 987 mit
281 947 430 988 treiben:
462 947 539 990 aber
553 942 617 999 ach!
627 956 731 996 wann
740 951 780 1000 ſie
787 952 988 996 dermaleins
999 950 1140 1003 ploͤtzlich
1150 954 1302 1004 erfahren
1315 963 1403 998 wer⸗

212 1000 306 1039 den/
340 992 394 1048 daß
400 1000 453 1049 ſie
471 993 504 1049 in
520 996 576 1051 dem
581 1000 690 1046 Lande
699 996 756 1047 der
772 993 954 1056 Finſterniß
966 995 1069 1057 ſind/
1102 1010 1165 1049 und
1180 1013 1236 1050 das
1254 1006 1403 1058 hoͤlliſche

210 1047 314 1096 Feuer
324 1045 475 1098 fuͤhlen//
488 1046 535 1099 und
553 1043 619 1111 ſich
631 1050 686 1101 fuͤr
704 1056 859 1101 GOttes
878 1050 1151 1106 freudenreichem
1169 1059 1348 1108 Angeſicht
1366 1061 1403 1102 in

207 1098 369 1150 Ewigkeit
377 1099 549 1154 verſtoſſen
557 1104 705 1151 befinden
712 1105 862 1150 werden/
877 1107 1003 1152 alsdann
1016 1109 1103 1150 wird
1112 1118 1195 1153 man
1205 1112 1247 1161 ſie
1260 1110 1397 1161 ihres
1369 1105 1406 1160 E⸗

209 1149 316 1193 lendes
325 1153 386 1192 mit
399 1155 552 1201 geringer
560 1152 676 1202 Muͤhe
685 1157 882 1206 uͤberzeugen
891 1153 1033 1207 koͤnnen/
1054 1150 1103 1213 daß
1120 1161 1160 1211 ſie
1171 1163 1303 1204 werden
1316 1168 1401 1203 aus⸗

208 1201 311 1252 ruffen
323 1213 389 1248 und
399 1205 518 1256 ſagen:
548 1201 612 1259 Ach
626 1215 682 1250 uns
694 1210 857 1254 Elenden!
874 1205 929 1260 ach
936 1205 1063 1264 unſerer
1071 1216 1202 1264 groſſen
1213 1216 1399 1265 Thorheit!

209 1256 277 1301 weh
286 1253 399 1302 unſers
408 1257 755 1309 unausſprechlichen/
763 1262 998 1312 unerſetzlichen
1009 1265 1220 1314 Verluſtes!
1262 1265 1334 1316 Jch
1334 1266 1397 1317 fuͤ⸗

209 1311 246 1352 ge
254 1308 332 1349 noch
342 1308 461 1356 hinzu/
493 1305 562 1357 daß
575 1316 614 1351 es
628 1306 727 1358 ihnen
738 1311 832 1354 einen
847 1303 918 1362 ſehr
934 1314 1065 1364 groſſen
1076 1312 1297 1365 Schmertzen
1309 1318 1400 1359 wird

210 1358 448 1408 verurſachen/
472 1368 575 1402 want
586 1360 626 1410 ſie
643 1363 820 1410 gedencken
831 1371 877 1406 an
894 1364 944 1405 die
952 1372 1046 1413 gute/
1054 1368 1220 1415 nunmehr
1230 1370 1309 1410 aber
1326 1377 1401 1410 ver⸗

210 1407 316 1456 lohrne
330 1411 588 1460 Gelegenheit/
619 1417 664 1454 da
678 1414 777 1461 ihnen
786 1418 838 1457 die
855 1411 1049 1467 Seeligkeit
1066 1419 1098 1468 ſo
1108 1428 1144 1467 zu
1154 1422 1250 1462 reden
1260 1430 1320 1462 vor
1340 1425 1399 1463 der

207 1457 304 1508 Thuͤr
313 1463 442 1512 ſtunde/
453 1468 499 1505 da
506 1464 546 1512 ſie
554 1461 630 1516 Zeit
638 1465 754 1513 hatten
762 1474 800 1514 zu
808 1464 970 1517 ſchertzen/
986 1464 1100 1518 froͤlich
1110 1481 1146 1518 zu
1156 1473 1253 1518 ſeyn/
1281 1473 1398 1514 eiteles

208 1505 390 1563 Geſchwaͤtz
399 1524 435 1563 zu
444 1509 574 1562 fuͤhren/
593 1518 661 1559 aber
673 1507 754 1563 keine
764 1516 837 1569 Zeit
845 1529 881 1567 zu
888 1524 985 1561 beten
995 1524 1064 1563 und
1075 1523 1155 1572 auff
1161 1527 1227 1566 das
1247 1522 1398 1576 zukuͤnff⸗

209 1557 271 1611 tige
280 1564 424 1614 Leben
391 1562 425 1612 zu
434 1565 637 1615 gedencken.
683 1569 778 1619 Ach!
785 1568 876 1615 Ach!
891 1564 945 1615 Ach
964 1565 1015 1615 der
1027 1573 1162 1615 elenden
1177 1574 1289 1615 Leute!

302 1615 376 1664 Diß
394 1612 483 1661 laſſet
511 1615 568 1664 uns
581 1614 732 1665 demnach
751 1616 826 1668 alles
854 1623 907 1666 wol
916 1619 1136 1668 bedencken/
1163 1628 1243 1664 was
1256 1622 1394 1671 nemlich

205 1654 282 1704 noch
290 1669 343 1705 zur
355 1658 429 1709 Zeit
448 1660 507 1713 der
523 1663 650 1707 Gnaden
674 1669 711 1710 zu
718 1663 814 1714 unſer
823 1665 905 1709 aller
913 1659 1055 1718 Frieden
1065 1667 1182 1709 dienen
1197 1669 1312 1717 moͤge/
1331 1681 1393 1719 und

204 1713 362 1759 demnach
369 1715 449 1761 auch
457 1717 630 1758 erinnert
649 1716 712 1767 und
712 1718 948 1769 vermahnet
958 1719 1047 1773 ſeyn;
1056 1720 1157 1770 theils
1167 1724 1264 1765 wir/
1273 1724 1320 1777 die
1323 1724 1388 1765 wir

205 1761 252 1803 im
257 1765 480 1814 Lehrſtand
488 1765 597 1816 leben/
598 1766 666 1814 daß
683 1766 737 1813 wir
753 1769 850 1825 nicht
868 1766 1046 1823 ſchonen/
1063 1773 1224 1822 ſondern
1233 1774 1388 1825 getroſt

206 1809 366 1863 ruffen/
402 1819 485 1857 und
495 1813 631 1864 unſere
644 1815 820 1877 Stimme
832 1821 995 1869 erheben
1007 1824 1082 1864 wie
1092 1826 1174 1866 eine
1184 1823 1389 1883 Poſaune/

205 1861 454 1913 Jeſ.58/1.wer
459 1877 501 1908 es
509 1863 644 1918 hoͤret/
660 1869 714 1924 der
715 1865 877 1926 hoͤrets/
873 1878 979 1914 wers
988 1874 1077 1922 laͤſt/
1010 1871 1149 1924 der
1158 1875 1254 1926 laſſe
1265 1885 1324 1917 es/
1328 1878 1392 1926 Ez.

206 1915 296 1965 3/27.
295 1916 385 1965 man
400 1916 481 1976 muß
492 1920 590 1967 ihnen
599 1920 752 1969 anzeigen
760 1923 820 1970 die
827 1922 973 1968 Greuel
984 1927 1092 1976 ihrer
1098 1925 1255 1984 Vaͤter/
1259 1929 1389 1976 Ez.20/

203 1977 240 2011 4.
256 1973 292 2015 ja
292 1973 340 2013 da
353 1973 436 2018 muß
444 1982 499 2015 ein
505 1974 622 2019 Lehrer
635 1976 703 2017 und
709 1973 890 2029 Prediger/
907 1973 948 2028 wie
961 1979 1012 2030 ein
1020 1973 1183 2032 eifferiger
1196 1975 1393 2040 Theologus

187 2016 356 2065 erinnert/
365 2022 452 2069 nicht
461 2030 524 2066 nur
532 2019 696 2072 oͤffentlich
714 2019 762 2072 die
763 2022 861 2071 Leute
869 2023 1017 2078 ſtraffen/
1022 2034 1115 2080 wann
1135 2037 1166 2071 er
1187 2030 1238 2078 auf
1258 2030 1310 2086 der
1327 2033 1392 2071 Can⸗

204 2069 254 2100 tzel
257 2066 354 2118 ſtehet
362 2074 432 2113 und
437 2065 627 2120 insgemein
634 2072 741 2116 wider
746 2076 798 2116 die
805 2069 963 2122 Suͤnden
971 2078 1083 2135 eifert/
1087 2080 1220 2129 ſondern
1231 2083 1314 2126 auch
1328 2084 1392 2127 auf

186 2120 260 2160 alle
271 2113 347 2170 ſeine
374 2114 513 2171 Zuhoͤrer
512 2126 580 2169 und
602 2117 856 2180 Beicht⸗Kinder
870 2127 1085 2179 inſonderheit
1089 2137 1218 2178 genaue
1227 2135 1387 2178 Achtung

186 2172 313 2216 geben/
322 2181 387 2215 und
400 2167 453 2224 ihr
470 2174 591 2220 Leben/
594 2167 776 2224 Wandel/
792 2173 1115 2231 Ein⸗und Ausgang
1124 2183 1321 2231 gebuͤhrlich
1336 2191 1388 2224 er⸗

186 2205 351 2265 forſchen/
362 2215 412 2271 wie
428 2218 479 2272 ſie
490 2218 699 2269 haußhalten;
706 2223 799 2262 dann
808 2222 952 2265 darumb
948 2227 1072 2279 heiſſet
1093 2236 1177 2269 einer
1193 2236 1385 2284 Epiſcopus

186 2271 246 2312 ein
254 2271 480 2324 Auffſeher/
504 2276 571 2326 daß
580 2271 660 2336 ſeine
670 2268 791 2328 Augen
805 2276 884 2329 auff
894 2277 987 2322 einen
1002 2282 1093 2324 ieden
1114 2285 1213 2333 ſeiner
1227 2286 1382 2335 Zuhoͤrer

187 2315 430 2373 inſonderheit/
437 2320 465 2378 ſo
465 2320 529 2367 viel
538 2323 699 2381 moglich/
709 2326 793 2377 ſollen
800 2327 956 2375 gerichtet
966 2331 1065 2385 ſeyn/
1059 2335 1122 2372 wie
1131 2335 1377 2383 CHriſtusder

1480 1630 1537 1664 III.

1398 1664 1615 1721 Vermahnung.

1392 1965 1617 2021 D.Joh.Schmid

1392 2021 1616 2052 Regenten⸗

1394 2039 1504 2102 Spieg.
1523 2059 1618 2096 Conc.

1391 2086 1436 2142 25.
1444 2107 1472 2139 p.
1481 2106 1519 2139 m.
1524 2105 1593 2146 703.
