1673 2340
248 340 305 387 ſich
313 348 389 387 gern
396 350 500 388 genau
506 340 619 390 hielte,
644 352 727 390 zwar
734 346 875 391 anfangs
883 346 1141 392 Erlaͤuterungen

246 393 409 435 begehret,
433 392 525 432 durch
545 390 653 437 ſelbige
668 391 809 430 aber|die
831 383 1032 434 Convention
1056 396 1140 441 ſelbſt

244 443 289 476 im
307 442 443 479 Grunde
467 440 602 478 niemals
621 440 788 490 geaͤndert,
815 444 888 487 noch
910 449 958 483 die
977 447 1139 486 Verbind⸗

247 492 365 536 lichkeit
397 491 593 538 aufgehoben
619 496 761 540 worden,
794 505 848 532 um
877 498 952 533 alles
976 499 1139 543 dasjenige

246 542 375 586 treulich
389 551 426 586 zu
439 543 642 589 beobachten,
667 551 737 579 was
745 548 802 580 des
816 545 958 592 Herzogs
967 555 1029 582 von
1038 545 1137 586 Cum⸗

241 592 372 631 berland
380 592 512 641 Koͤnigl.
539 595 643 643 Hoheit
660 600 712 634 und
720 606 770 642 er,
797 601 849 635 der
857 600 942 645 Herr
951 601 1134 646 Marſchall,

245 645 375 689 mittelſt
390 642 587 693 Ertheilung
598 645 683 691 ihres
708 648 740 683 in
756 657 857 686 meine
877 649 994 695 Haͤnde
1018 654 1135 687 nieder⸗

240 694 383 738 gelegten
395 692 633 741 beyderſeitigen
650 695 897 745 Ehren⸗Worts
915 705 973 736 mit
989 701 1136 737 einander

242 744 498 779 verabredet
440 744 495 789 und
507 743 692 787 gezeichnet,
720 748 784 781 und
794 743 936 783 woruͤber
951 750 993 786 ich
1009 751 1056 784 die
1065 749 1135 785 Ga⸗

243 795 345 828 rantie
366 796 422 829 des
438 792 586 837 Koͤniges
609 794 729 830 meines
750 794 859 841 Herrn
881 805 917 839 zu
939 793 1134 843 verſchaffen,

242 844 321 886 mich
351 845 521 890 anheiſchig
550 845 710 890 gemachet
735 847 834 895 haͤtte.
886 850 965 889 Wie
987 849 1134 891 demnach

238 897 294 931 der
319 895 473 941 bisherige
498 902 562 931 von
583 894 725 942 gewiſſen
745 898 957 945 Delicateſſen
977 904 1042 937 und
1063 901 1134 937 blos

240 945 317 980 uͤber
338 948 396 980 den
420 943 619 990 eigentlichen
639 946 801 991 Verſtand
822 951 876 986 der
897 949 1031 991 Worte,
1058 948 1134 987 uͤber

240 999 289 1033 die
310 995 366 1035 Art
384 999 437 1038 der
457 995 854 1046 Conventions ⸗ maͤßigen
874 999 1086 1047 Vollziehung
1102 1002 1133 1036 in

238 1046 360 1086 einigen
386 1041 539 1090 Punkten
568 1045 766 1091 entſtandene
794 1036 948 1094 Aufſchub
977 1048 1132 1095 derſelben

236 1096 430 1141 nunmehro,
454 1097 494 1131 da
515 1095 573 1132 alle
595 1094 729 1143 Zweifel
750 1098 889 1143 gehoben
917 1098 1040 1142 waͤren,
1075 1101 1131 1137 kei⸗

237 1154 298 1178 nen
312 1144 543 1190 rechtmaͤßigen
557 1149 621 1181 und
642 1154 698 1181 vor
713 1148 767 1181 der
789 1146 941 1193 ehrbaren
957 1149 1049 1187 Welt
1063 1147 1130 1196 guͤl⸗

235 1196 323 1235 tigen
344 1195 514 1230 Vorwand
536 1193 674 1238 abgeben
693 1191 820 1234 koͤnnte,
843 1204 900 1230 um
929 1187 1132 1239 ofterwehnte

236 1246 441 1286 Convention
456 1245 538 1292 nicht
552 1246 647 1295 voͤllig
663 1258 714 1294 zur
736 1248 913 1295 Execution
935 1258 972 1296 zu
989 1250 1130 1297 bringen,

233 1298 297 1346 alſo
313 1298 441 1346 glaubte
458 1311 507 1343 er,
532 1303 587 1339 der
602 1302 691 1349 Herr
711 1301 887 1350 Marſchall
901 1310 1014 1350 anitzo,
1041 1309 1082 1342 da
1096 1316 1128 1341 er

234 1348 285 1383 die
306 1347 452 1392 gedachte
479 1345 592 1394 voͤllige
618 1348 824 1395 Exequirung
852 1355 904 1388 der
926 1351 1130 1392 Convention

234 1397 414 1446 ſchlechthin
429 1397 578 1445 begehre,
600 1401 678 1447 ohne
693 1400 791 1446 ſeines
803 1403 888 1441 Orts
901 1406 962 1438 das
978 1404 1130 1449 geringſte

234 1449 334 1490 dabey
345 1456 375 1492 zu
385 1448 640 1495 conditioniren,
667 1442 745 1487 oder
755 1448 989 1497 hinzuzuſetzen,
1017 1453 1128 1497 dafern

233 1501 288 1527 der
301 1498 388 1537 Herr
402 1496 545 1531 General
566 1503 630 1530 von
646 1495 786 1541 Zaſtrow
808 1499 840 1531 in
863 1485 957 1542 ſeiner
978 1495 1129 1535 Antwort

232 1550 290 1597 ſich
314 1548 414 1596 deſſen
436 1550 590 1598 entlegte,
622 1551 686 1599 daß
709 1563 741 1590 er
767 1554 847 1597 nicht
875 1556 967 1592 allein
987 1564 1048 1592 von
1074 1560 1128 1593 der

231 1600 500 1646 Verbindlichkeit
515 1590 589 1639 aller
611 1603 668 1649 bey
688 1603 956 1653 Beſitznehmung
977 1610 1030 1642 der
1049 1607 1128 1646 Na⸗

233 1657 327 1687 mens
343 1650 410 1690 Sr.
430 1651 628 1697 Allerchriſtl.
650 1654 781 1700 Majeſt.
804 1660 979 1697 occupirten
1002 1654 1126 1699 Laͤnder,

232 1702 486 1743 eingegangenen
507 1697 747 1740 Conventionen
765 1711 822 1738 vor
836 1704 923 1742 Gott
945 1709 1009 1741 und
1025 1704 1128 1746 Men⸗

230 1751 316 1796 ſchen
329 1749 425 1798 voͤllig
439 1750 592 1793 liberiret,
616 1750 745 1798 ſondern
759 1754 834 1797 auch
843 1754 951 1800 befugt
965 1754 1030 1801 ſey,
1057 1760 1128 1792 das⸗

229 1802 331 1847 jenige
351 1800 487 1847 gerechte
505 1801 740 1851 Reſſentiment
771 1803 971 1852 auszuuͤben,
998 1806 1127 1849 welches

229 1859 306 1886 man
328 1849 430 1898 hahen
444 1847 576 1896 muͤßte,
599 1858 691 1888 wenn
715 1851 765 1889 ein
784 1858 847 1889 von
862 1861 963 1890 einem
985 1851 1015 1899 ſo
1031 1854 1127 1898 reſpe⸗
