<PcGts xmlns="http://schema.primaresearch.org/PAGE/gts/pagecontent/2019-07-15" xmlns:xsi="http://www.w3.org/2001/XMLSchema-instance" pcGtsId="PAGE_01" xsi:schemaLocation="http://schema.primaresearch.org/PAGE/gts/pagecontent/2019-07-15 http://schema.primaresearch.org/PAGE/gts/pagecontent/2019-07-15/pagecontent.xsd">
  <Metadata>
    <Creator>OCR-D DFG Phase III</Creator>
    <Created>2024-01-19T13:09:24Z</Created>
    <LastChange>2024-01-19T13:09:24Z</LastChange>
    <Comments>ODEM: OCR-D extension for mass digitization (2021-2024)</Comments>
  </Metadata>
  <Page imageFilename="urn+nbn+de+gbv+3+1-709909-p0120-6_ger.jpg" imageWidth="1701" imageHeight="2451" type="content" primaryLanguage="German">
    <Border>
      <Coords points="138,234 167,2321 1588,2335 1587,232"/>
    </Border>
    <ReadingOrder>
      <OrderedGroup id="ro_1661518622388" caption="Regions reading order">
        <RegionRefIndexed index="0" regionRef="TextRegion_1655192423450_1881"/>
        <RegionRefIndexed index="1" regionRef="TextRegion_1655192423450_1880"/>
        <RegionRefIndexed index="2" regionRef="TextRegion_1655192471219_1928"/>
        <RegionRefIndexed index="3" regionRef="TextRegion_1655192473956_1935"/>
        <RegionRefIndexed index="4" regionRef="TextRegion_1655192473956_1934"/>
        <RegionRefIndexed index="5" regionRef="TextRegion_1655192429977_1887"/>
        <RegionRefIndexed index="6" regionRef="TextRegion_1655192435123_1892"/>
        <RegionRefIndexed index="7" regionRef="TextRegion_1655192439125_1901"/>
        <RegionRefIndexed index="8" regionRef="TextRegion_1655192443914_1908"/>
        <RegionRefIndexed index="9" regionRef="TextRegion_1655192443914_1907"/>
      </OrderedGroup>
    </ReadingOrder>
    <TextRegion orientation="-0.45220986" readingDirection="left-to-right" id="TextRegion_1655192423450_1881" custom="readingOrder {index:0;}">
      <Coords points="608,391 1485,391 1485,657 608,657"/>
      <TextLine id="region0007_line0001" custom="readingOrder {index:0;}">
        <Coords points="608,391 609,448 649,447 666,441 687,441 696,442 704,448 712,448 719,442 736,442 751,443 759,449 766,449 772,444 789,445 795,451 803,451 809,444 847,443 857,451 866,443 896,443 958,447 963,451 978,450 980,447 1020,449 1025,454 1032,455 1048,450 1121,450 1127,446 1136,446 1162,457 1173,456 1178,449 1190,454 1221,449 1227,453 1252,454 1259,461 1272,461 1282,455 1314,458 1320,463 1329,462 1334,458 1409,456 1433,460 1439,467 1444,468 1454,457 1484,460 1485,416 1479,408 1413,408 1408,413 1388,415 1270,413 1196,409 1192,406 1183,406 1178,401 1168,400 1157,407 1147,408 1113,408 1105,403 1097,403 1090,407 1032,407 1026,399 1016,399 1009,406 985,406 979,399 969,399 963,405 914,403 909,399 900,399 895,403 856,403 824,400 811,394 802,394 794,400 752,399 729,396 724,392 676,396 664,392"/>
        <Baseline points="608,438 674,431 888,433 1485,450"/>
        <Word id="region0007_line0001_word0000" custom="readingOrder {index:0;}">
          <Coords points="685,401 614,400 614,442 661,442 666,441 685,441"/>
          <TextEquiv>
            <Unicode>Jhr</Unicode>
          </TextEquiv>
        </Word>
        <Word id="region0007_line0001_word0001" custom="readingOrder {index:1;}">
          <Coords points="767,442 767,400 694,400 694,441 696,442 719,442 736,442"/>
          <TextEquiv conf="0.91805726">
            <Unicode>Herz</Unicode>
          </TextEquiv>
        </Word>
        <Word id="region0007_line0001_word0002" custom="readingOrder {index:2;}">
          <Coords points="819,403 785,402 785,443 814,443 819,443"/>
          <TextEquiv conf="0.92898786">
            <Unicode>iſt</Unicode>
          </TextEquiv>
        </Word>
        <Word id="region0007_line0001_word0003" custom="readingOrder {index:3;}">
          <Coords points="891,411 834,411 834,443 847,443 855,450 858,450 866,443 891,443"/>
          <TextEquiv conf="0.5696383">
            <Unicode>von</Unicode>
          </TextEquiv>
        </Word>
        <Word id="region0007_line0001_word0004" custom="readingOrder {index:4;}">
          <Coords points="902,403 902,443 1078,445 1078,407 1032,407 1030,404 1010,404 1009,406 985,406 983,403 964,403 963,405 918,403"/>
          <TextEquiv conf="0.92073166">
            <Unicode>demjenigen</Unicode>
          </TextEquiv>
        </Word>
        <Word id="region0007_line0001_word0005" custom="readingOrder {index:5;}">
          <Coords points="1097,403 1097,446 1127,446 1127,446 1136,446 1137,446 1332,448 1332,414 1270,413 1196,409 1192,406 1183,406 1181,404 1162,404 1157,407 1147,408 1113,408 1105,403"/>
          <TextEquiv conf="0.9206075">
            <Unicode>durchdrungen,</Unicode>
          </TextEquiv>
        </Word>
        <Word id="region0007_line0001_word0006" custom="readingOrder {index:6;}">
          <Coords points="1358,439 1425,440 1425,409 1412,408 1408,413 1388,415 1358,414"/>
          <TextEquiv conf="0.92984635">
            <Unicode>was</Unicode>
          </TextEquiv>
        </Word>
        <Word id="region0007_line0001_word0007" custom="readingOrder {index:7;}">
          <Coords points="1443,451 1479,451 1479,408 1443,408"/>
          <TextEquiv conf="0.6000602">
            <Unicode>ſie</Unicode>
          </TextEquiv>
        </Word>
        <TextEquiv>
          <Unicode>Jhr Herz iſt von demjenigen durchdrungen, was ſie</Unicode>
        </TextEquiv>
      </TextLine>
      <TextLine id="region0007_line0002" custom="readingOrder {index:1;}">
        <Coords points="823,444 815,445 804,452 760,452 753,445 744,444 735,452 674,455 609,452 608,499 632,499 669,493 676,494 683,501 689,501 697,489 702,489 709,494 741,496 795,495 840,499 934,499 952,501 957,505 967,505 975,501 990,502 1002,511 1010,508 1019,509 1026,504 1038,506 1060,502 1152,504 1161,505 1168,512 1175,512 1185,502 1205,505 1213,501 1219,501 1225,506 1253,507 1269,514 1290,512 1295,517 1343,509 1382,511 1388,517 1397,517 1403,512 1484,511 1484,469 1475,469 1464,458 1453,458 1444,469 1430,470 1349,467 1345,459 1334,459 1323,467 1294,468 1224,464 1227,454 1221,450 1205,453 1203,462 1197,463 1190,462 1190,455 1182,450 1178,450 1173,457 1159,460 1141,459 1141,451 1136,447 1127,447 1120,451 1116,460 1089,460 1085,457 1060,460 1053,459 1048,451 1029,457 1005,457 979,451 930,449 921,449 916,454 910,446 896,444 866,444 856,452 847,444"/>
        <Baseline points="608,486 1484,500"/>
        <Word id="region0007_line0002_word0000" custom="readingOrder {index:0;}">
          <Coords points="723,492 723,460 613,459 613,491 695,491 697,489 702,489 705,491"/>
          <TextEquiv>
            <Unicode>geſaget</Unicode>
          </TextEquiv>
        </Word>
        <Word id="region0007_line0002_word0001" custom="readingOrder {index:1;}">
          <Coords points="744,452 803,453 802,492 743,491"/>
          <TextEquiv conf="0.9244587">
            <Unicode>hat.</Unicode>
          </TextEquiv>
        </Word>
        <Word id="region0007_line0002_word0002" custom="readingOrder {index:2;}">
          <Coords points="857,453 856,490 932,491 933,454 916,454 916,454 916,454"/>
          <TextEquiv conf="0.926078">
            <Unicode>Das</Unicode>
          </TextEquiv>
        </Word>
        <Word id="region0007_line0002_word0003" custom="readingOrder {index:3;}">
          <Coords points="950,454 949,500 952,501 975,501 1022,501 1022,457 1005,457 992,454"/>
          <TextEquiv conf="0.8888214">
            <Unicode>Herz</Unicode>
          </TextEquiv>
        </Word>
        <Word id="region0007_line0002_word0004" custom="readingOrder {index:4;}">
          <Coords points="1036,455 1035,494 1085,495 1085,457 1085,457 1060,460 1053,459 1050,455"/>
          <TextEquiv conf="0.9316408">
            <Unicode>hat</Unicode>
          </TextEquiv>
        </Word>
        <Word id="region0007_line0002_word0005" custom="readingOrder {index:5;}">
          <Coords points="1102,489 1136,489 1136,447 1136,447 1127,447 1120,451 1116,460 1102,460"/>
          <TextEquiv conf="0.9315625">
            <Unicode>es</Unicode>
          </TextEquiv>
        </Word>
        <Word id="region0007_line0002_word0006" custom="readingOrder {index:6;}">
          <Coords points="1154,497 1198,498 1198,462 1197,463 1190,462 1190,455 1182,450 1178,450 1173,457 1159,460 1154,459"/>
          <TextEquiv conf="0.92310315">
            <Unicode>ihr</Unicode>
          </TextEquiv>
        </Word>
        <Word id="region0007_line0002_word0007" custom="readingOrder {index:7;}">
          <Coords points="1212,498 1401,499 1401,468 1349,467 1345,459 1334,459 1323,467 1294,468 1224,464 1227,454 1221,450 1212,451"/>
          <TextEquiv conf="0.92647886">
            <Unicode>eingegeben,</Unicode>
          </TextEquiv>
        </Word>
        <Word id="region0007_line0002_word0008" custom="readingOrder {index:8;}">
          <Coords points="1420,492 1479,493 1479,469 1475,469 1464,458 1453,458 1444,469 1430,470 1420,469"/>
          <TextEquiv conf="0.89367723">
            <Unicode>und</Unicode>
          </TextEquiv>
        </Word>
        <TextEquiv>
          <Unicode>geſaget hat. Das Herz hat es ihr eingegeben, und</Unicode>
        </TextEquiv>
      </TextLine>
      <TextLine id="region0007_line0003" custom="readingOrder {index:2;}">
        <Coords points="697,490 690,505 668,504 660,497 651,497 646,501 608,500 609,544 631,543 659,547 673,546 867,550 888,552 893,557 901,557 907,552 964,553 974,557 988,554 1052,553 1127,554 1190,559 1200,564 1211,559 1249,559 1254,564 1262,564 1268,560 1288,558 1330,563 1412,564 1449,565 1457,558 1485,560 1484,512 1472,511 1464,511 1442,521 1389,519 1381,518 1370,511 1354,510 1322,512 1301,519 1277,517 1255,509 1248,513 1242,507 1226,509 1219,502 1205,506 1185,503 1179,507 1175,516 1082,513 1058,511 1051,506 1039,506 1035,510 1002,512 990,503 981,503 976,511 951,509 946,505 933,507 890,503 871,507 838,507 834,504 822,507 789,507 769,504 758,496 727,497 710,502 706,492"/>
        <Baseline points="609,534 1485,555"/>
        <Word id="region0007_line0003_word0000" custom="readingOrder {index:0;}">
          <Coords points="615,534 702,535 702,491 697,490 690,505 668,504 660,497 651,497 646,501 615,500"/>
          <TextEquiv conf="0.90457296">
            <Unicode>daher</Unicode>
          </TextEquiv>
        </Word>
        <Word id="region0007_line0003_word0001" custom="readingOrder {index:1;}">
          <Coords points="727,497 727,533 833,534 833,504 822,507 789,507 769,504 759,497"/>
          <TextEquiv conf="0.48605746">
            <Unicode>koͤmmt</Unicode>
          </TextEquiv>
        </Word>
        <Word id="region0007_line0003_word0002" custom="readingOrder {index:2;}">
          <Coords points="885,504 871,507 854,507 854,540 905,540 905,504 900,504"/>
          <TextEquiv conf="0.9292014">
            <Unicode>es,</Unicode>
          </TextEquiv>
        </Word>
        <Word id="region0007_line0003_word0003" custom="readingOrder {index:3;}">
          <Coords points="938,541 995,541 995,506 990,503 981,503 976,511 951,509 946,505 938,506"/>
          <TextEquiv conf="0.9269062">
            <Unicode>daß</Unicode>
          </TextEquiv>
        </Word>
        <Word id="region0007_line0003_word0004" custom="readingOrder {index:4;}">
          <Coords points="1018,535 1052,536 1052,506 1051,506 1039,506 1035,510 1018,511"/>
          <TextEquiv conf="0.9316446">
            <Unicode>es</Unicode>
          </TextEquiv>
        </Word>
        <Word id="region0007_line0003_word0005" custom="readingOrder {index:5;}">
          <Coords points="1085,537 1166,537 1166,515 1085,513"/>
          <TextEquiv conf="0.9265243">
            <Unicode>einen</Unicode>
          </TextEquiv>
        </Word>
        <Word id="region0007_line0003_word0006" custom="readingOrder {index:6;}">
          <Coords points="1185,545 1305,546 1305,517 1301,519 1277,517 1255,509 1248,513 1242,507 1226,509 1219,502 1205,506 1185,503"/>
          <TextEquiv conf="0.92823404">
            <Unicode>ſolchen</Unicode>
          </TextEquiv>
        </Word>
        <Word id="region0007_line0003_word0007" custom="readingOrder {index:7;}">
          <Coords points="1336,540 1480,541 1480,511 1472,511 1464,511 1442,521 1389,519 1381,518 1370,511 1354,510 1336,511"/>
          <TextEquiv conf="0.9312497">
            <Unicode>Eindruck</Unicode>
          </TextEquiv>
        </Word>
        <TextEquiv conf="0.87054884">
          <Unicode>daher koͤmmt es, daß es einen ſolchen Eindruck</Unicode>
        </TextEquiv>
      </TextLine>
      <TextLine id="region0007_line0004" custom="readingOrder {index:3;}">
        <Coords points="622,544 609,545 608,597 635,598 639,603 651,607 658,607 663,604 677,607 703,604 726,606 740,600 767,599 788,601 803,608 821,610 841,607 848,614 859,613 863,603 913,604 919,611 930,611 936,605 970,606 976,612 986,612 992,606 1033,605 1052,609 1176,611 1199,613 1206,617 1236,613 1262,620 1299,615 1329,615 1337,621 1345,621 1351,616 1456,618 1463,619 1465,626 1470,630 1478,630 1484,626 1485,561 1480,559 1457,559 1449,566 1451,574 1446,576 1401,573 1397,570 1363,573 1355,572 1349,564 1334,566 1329,563 1318,563 1306,572 1305,562 1301,560 1284,561 1282,570 1229,565 1224,560 1211,560 1201,565 1156,561 1149,566 1143,557 1080,554 1055,554 1039,561 1018,560 1013,563 995,563 992,555 975,558 970,562 955,562 951,559 935,562 929,556 920,556 907,563 740,559 734,550 724,550 716,555 708,549 697,550 693,558 643,557 639,555 636,546"/>
        <Baseline points="608,587 685,595 783,590 1484,609"/>
        <Word id="region0007_line0004_word0000" custom="readingOrder {index:0;}">
          <Coords points="615,550 614,597 667,598 667,557 643,557 639,555 637,550"/>
          <TextEquiv conf="0.92969084">
            <Unicode>bey</Unicode>
          </TextEquiv>
        </Word>
        <Word id="region0007_line0004_word0001" custom="readingOrder {index:1;}">
          <Coords points="694,555 693,556 693,595 795,596 795,560 740,559 737,555"/>
          <TextEquiv conf="0.9186251">
            <Unicode>Jhnen</Unicode>
          </TextEquiv>
        </Word>
        <Word id="region0007_line0004_word0002" custom="readingOrder {index:2;}">
          <Coords points="913,559 907,563 820,560 820,601 949,602 950,560 945,559 935,562 932,559"/>
          <TextEquiv conf="0.92362046">
            <Unicode>gemacht</Unicode>
          </TextEquiv>
        </Word>
        <Word id="region0007_line0004_word0003" custom="readingOrder {index:3;}">
          <Coords points="986,556 975,557 975,598 1037,598 1037,560 1018,560 1013,563 995,563 992,556"/>
          <TextEquiv conf="0.922481">
            <Unicode>hat.</Unicode>
          </TextEquiv>
        </Word>
        <Word id="region0007_line0004_word0004" custom="readingOrder {index:4;}">
          <Coords points="1089,556 1088,596 1166,596 1166,561 1156,561 1149,566 1143,557 1122,556"/>
          <TextEquiv conf="0.9320946">
            <Unicode>Das</Unicode>
          </TextEquiv>
        </Word>
        <Word id="region0007_line0004_word0005" custom="readingOrder {index:5;}">
          <Coords points="1196,602 1270,602 1270,568 1229,565 1224,560 1211,560 1201,565 1196,564"/>
          <TextEquiv conf="0.40954477">
            <Unicode>Herz</Unicode>
          </TextEquiv>
        </Word>
        <Word id="region0007_line0004_word0006" custom="readingOrder {index:6;}">
          <Coords points="1291,601 1396,602 1396,570 1363,573 1355,572 1349,564 1334,566 1329,563 1318,563 1306,572 1305,562 1301,560 1291,560"/>
          <TextEquiv conf="0.9308919">
            <Unicode>ruͤhret</Unicode>
          </TextEquiv>
        </Word>
        <Word id="region0007_line0004_word0007" custom="readingOrder {index:7;}">
          <Coords points="1421,610 1480,610 1481,559 1480,559 1457,559 1449,566 1451,574 1446,576 1422,574"/>
          <TextEquiv conf="0.91421723">
            <Unicode>nur</Unicode>
          </TextEquiv>
        </Word>
        <TextEquiv conf="0.86014575">
          <Unicode>bey Jhnen gemacht hat. Das Herz ruͤhret nur</Unicode>
        </TextEquiv>
      </TextLine>
      <TextLine id="region0007_line0005" custom="readingOrder {index:4;}">
        <Coords points="616,601 608,604 608,649 674,649 694,652 700,656 722,652 744,654 753,658 802,658 822,652 822,628 817,623 773,620 765,611 756,611 750,615 715,605 681,608 663,605 658,608 651,608"/>
        <Baseline points="608,640 822,647"/>
        <Word id="region0007_line0005_word0000" custom="readingOrder {index:0;}">
          <Coords points="615,611 673,612 673,644 615,643"/>
          <TextEquiv conf="0.91156304">
            <Unicode>das</Unicode>
          </TextEquiv>
        </Word>
        <Word id="region0007_line0005_word0001" custom="readingOrder {index:1;}">
          <Coords points="691,611 691,648 777,648 777,620 773,620 765,611 756,611 750,615 736,611"/>
          <TextEquiv>
            <Unicode>Herz.</Unicode>
          </TextEquiv>
        </Word>
        <TextEquiv>
          <Unicode>das Herz.</Unicode>
        </TextEquiv>
      </TextLine>
      <TextEquiv>
        <Unicode>Jhr Herz iſt von demjenigen durchdrungen, was ſie
geſaget hat. Das Herz hat es ihr eingegeben, und
daher koͤmmt es, daß es einen ſolchen Eindruck
bey Jhnen gemacht hat. Das Herz ruͤhret nur
das Herz.</Unicode>
      </TextEquiv>
    </TextRegion>
    <TextRegion orientation="-0.45220986" readingDirection="left-to-right" id="TextRegion_1655192423450_1880" custom="readingOrder {index:1;}">
      <Coords points="608,657 1485,657 1485,947 608,947"/>
      <TextLine id="region0007_line0006" custom="readingOrder {index:0;}">
        <Coords points="716,653 702,656 699,661 639,662 636,666 637,695 651,702 678,705 888,708 893,715 902,715 910,708 927,709 934,714 940,714 947,709 1014,708 1080,713 1088,721 1096,721 1103,714 1267,719 1367,719 1430,723 1439,728 1451,724 1484,724 1485,681 1464,680 1465,667 1460,662 1432,668 1428,671 1427,678 1423,679 1387,673 1381,663 1368,664 1364,672 1350,668 1332,672 1316,666 1285,664 1259,665 1245,674 1240,674 1234,668 1224,668 1219,672 1214,668 1205,668 1200,673 1129,673 1123,663 1090,661 1070,664 1060,669 984,666 978,657 968,657 961,665 950,664 945,659 934,659 927,663 898,658 884,664 871,665 863,655 819,655 800,659 797,664 767,665 735,662"/>
        <Baseline points="636,691 1484,713"/>
        <Word id="region0007_line0006_word0000" custom="readingOrder {index:0;}">
          <Coords points="693,665 798,666 798,700 693,699"/>
          <TextEquiv>
            <Unicode>Setzen</Unicode>
          </TextEquiv>
        </Word>
        <Word id="region0007_line0006_word0001" custom="readingOrder {index:1;}">
          <Coords points="817,665 878,665 878,701 817,701"/>
          <TextEquiv conf="0.79974717">
            <Unicode>Sie</Unicode>
          </TextEquiv>
        </Word>
        <Word id="region0007_line0006_word0002" custom="readingOrder {index:2;}">
          <Coords points="895,667 948,668 948,708 895,707"/>
          <TextEquiv conf="0.9321883">
            <Unicode>ſich</Unicode>
          </TextEquiv>
        </Word>
        <Word id="region0007_line0006_word0003" custom="readingOrder {index:3;}">
          <Coords points="966,665 966,699 1038,699 1038,668 984,666 983,665"/>
          <TextEquiv conf="0.9153656">
            <Unicode>denn</Unicode>
          </TextEquiv>
        </Word>
        <Word id="region0007_line0006_word0004" custom="readingOrder {index:4;}">
          <Coords points="1057,709 1118,709 1118,666 1066,666 1060,669 1057,668"/>
          <TextEquiv conf="0.93197936">
            <Unicode>alſo</Unicode>
          </TextEquiv>
        </Word>
        <Word id="region0007_line0006_word0005" custom="readingOrder {index:5;}">
          <Coords points="1136,677 1175,678 1175,702 1136,701"/>
          <TextEquiv conf="0.9296768">
            <Unicode>an</Unicode>
          </TextEquiv>
        </Word>
        <Word id="region0007_line0006_word0006" custom="readingOrder {index:6;}">
          <Coords points="1205,671 1205,704 1249,704 1249,671 1245,674 1240,674 1237,671 1220,671 1219,672 1217,671"/>
          <TextEquiv conf="0.93213224">
            <Unicode>die</Unicode>
          </TextEquiv>
        </Word>
        <Word id="region0007_line0006_word0007" custom="readingOrder {index:7;}">
          <Coords points="1261,717 1367,718 1367,664 1364,672 1350,668 1332,672 1316,666 1285,664 1261,664"/>
          <TextEquiv conf="0.9089437">
            <Unicode>Stelle</Unicode>
          </TextEquiv>
        </Word>
        <Word id="region0007_line0006_word0008" custom="readingOrder {index:8;}">
          <Coords points="1381,718 1480,719 1480,680 1464,680 1465,667 1460,662 1432,668 1428,671 1427,678 1423,679 1387,673 1381,664"/>
          <TextEquiv>
            <Unicode>derje⸗</Unicode>
          </TextEquiv>
        </Word>
        <TextEquiv>
          <Unicode>Setzen Sie ſich denn alſo an die Stelle derje⸗</Unicode>
        </TextEquiv>
      </TextLine>
      <TextLine id="region0007_line0007" custom="readingOrder {index:1;}">
        <Coords points="637,706 629,714 608,713 608,754 640,755 648,762 662,763 670,757 718,759 723,767 729,768 736,766 739,759 774,758 786,761 790,759 804,759 836,763 848,759 927,761 941,758 947,768 957,768 962,762 994,761 1165,767 1204,773 1220,771 1236,775 1243,775 1251,770 1283,769 1307,772 1314,780 1322,780 1329,773 1443,776 1450,769 1457,769 1464,775 1484,775 1484,731 1474,731 1463,725 1439,729 1430,724 1368,723 1353,730 1342,731 1337,724 1331,722 1321,722 1313,729 1304,729 1298,723 1288,722 1281,726 1277,723 1221,720 1192,720 1185,725 1176,726 1128,724 1123,720 1112,720 1107,724 1088,724 1072,722 1067,714 1056,713 1044,722 961,720 955,710 946,710 936,718 927,711 920,711 911,718 902,719 805,719 797,710 782,709 772,717 743,714 730,708 719,708 710,715 663,716 652,714 647,706"/>
        <Baseline points="608,744 1484,765"/>
        <Word id="region0007_line0007_word0000" custom="readingOrder {index:0;}">
          <Coords points="616,714 616,753 699,754 699,715 663,716 654,714"/>
          <TextEquiv conf="0.9211135">
            <Unicode>nigen</Unicode>
          </TextEquiv>
        </Word>
        <Word id="region0007_line0007_word0001" custom="readingOrder {index:1;}">
          <Coords points="717,716 717,759 718,759 718,759 739,759 739,759 774,758 780,759 789,760 790,759 804,759 810,760 845,760 847,759 847,719 805,719 803,717 773,716 772,717 766,716"/>
          <TextEquiv>
            <Unicode>Perſon,</Unicode>
          </TextEquiv>
        </Word>
        <Word id="region0007_line0007_word0002" custom="readingOrder {index:2;}">
          <Coords points="914,715 911,718 902,719 871,719 871,758 938,759 941,758 941,759 977,759 977,720 961,720 958,716 939,716 936,718 933,716"/>
          <TextEquiv conf="0.931225">
            <Unicode>welche</Unicode>
          </TextEquiv>
        </Word>
        <Word id="region0007_line0007_word0003" custom="readingOrder {index:3;}">
          <Coords points="1049,717 1044,722 1000,720 1000,752 1168,754 1168,725 1128,724 1123,720 1112,720 1107,724 1088,724 1072,722 1069,717"/>
          <TextEquiv conf="0.92875814">
            <Unicode>verbunden</Unicode>
          </TextEquiv>
        </Word>
        <Word id="region0007_line0007_word0004" custom="readingOrder {index:4;}">
          <Coords points="1193,722 1245,722 1245,762 1193,762"/>
          <TextEquiv conf="0.92879367">
            <Unicode>iſt,</Unicode>
          </TextEquiv>
        </Word>
        <Word id="region0007_line0007_word0005" custom="readingOrder {index:5;}">
          <Coords points="1262,762 1360,763 1360,726 1353,730 1342,731 1337,724 1331,722 1321,722 1313,729 1304,729 1298,723 1288,722 1281,726 1277,723 1262,722"/>
          <TextEquiv conf="0.92637336">
            <Unicode>dieſen</Unicode>
          </TextEquiv>
        </Word>
        <Word id="region0007_line0007_word0006" custom="readingOrder {index:6;}">
          <Coords points="1388,757 1479,758 1479,731 1474,731 1463,725 1439,729 1430,724 1388,723"/>
          <TextEquiv conf="0.9273371">
            <Unicode>Wald</Unicode>
          </TextEquiv>
        </Word>
        <TextEquiv>
          <Unicode>nigen Perſon, welche verbunden iſt, dieſen Wald</Unicode>
        </TextEquiv>
      </TextLine>
      <TextLine id="region0007_line0008" custom="readingOrder {index:2;}">
        <Coords points="933,759 927,762 927,772 862,770 860,763 855,760 836,764 819,761 812,769 806,770 752,768 748,765 738,765 729,769 716,763 707,763 698,769 686,771 680,762 671,762 665,768 608,765 608,808 618,812 646,808 737,810 742,815 751,815 757,810 773,809 865,811 897,814 903,819 915,820 919,817 1011,814 1073,819 1157,817 1178,819 1194,825 1227,825 1234,821 1390,826 1396,832 1405,832 1411,827 1464,830 1470,824 1478,824 1485,829 1484,776 1464,776 1457,770 1450,770 1440,784 1435,786 1413,782 1409,776 1381,780 1331,775 1321,782 1289,781 1288,773 1283,770 1251,771 1246,773 1244,778 1220,772 1187,772 1165,777 1146,777 1126,775 1114,769 1106,769 1094,775 1062,777 1034,774 1025,767 1015,767 1009,774 971,774 947,769 941,759"/>
        <Baseline points="608,800 839,800 1484,819"/>
        <Word id="region0007_line0008_word0000" custom="readingOrder {index:0;}">
          <Coords points="616,772 646,772 646,804 616,804"/>
          <TextEquiv conf="0.931312">
            <Unicode>zu</Unicode>
          </TextEquiv>
        </Word>
        <Word id="region0007_line0008_word0001" custom="readingOrder {index:1;}">
          <Coords points="673,763 673,807 918,809 918,771 862,770 860,764 816,764 812,769 806,770 752,768 748,765 738,765 729,769 716,763 706,763 698,769 686,771 680,763"/>
          <TextEquiv conf="0.3421675">
            <Unicode>durchwandern;</Unicode>
          </TextEquiv>
        </Word>
        <Word id="region0007_line0008_word0002" custom="readingOrder {index:2;}">
          <Coords points="936,760 936,803 1027,803 1027,768 1025,767 1015,767 1009,774 971,774 947,769 941,760"/>
          <TextEquiv conf="0.54253584">
            <Unicode>was</Unicode>
          </TextEquiv>
        </Word>
        <Word id="region0007_line0008_word0003" custom="readingOrder {index:3;}">
          <Coords points="1101,771 1094,775 1062,777 1052,775 1052,805 1169,806 1169,776 1165,777 1146,777 1126,775 1119,771"/>
          <TextEquiv conf="0.9231112">
            <Unicode>wollten</Unicode>
          </TextEquiv>
        </Word>
        <Word id="region0007_line0008_word0004" custom="readingOrder {index:4;}">
          <Coords points="1200,808 1259,808 1259,770 1251,771 1246,773 1244,778 1220,772 1200,772"/>
          <TextEquiv conf="0.87855005">
            <Unicode>Sie</Unicode>
          </TextEquiv>
        </Word>
        <Word id="region0007_line0008_word0005" custom="readingOrder {index:5;}">
          <Coords points="1277,813 1358,814 1358,777 1331,775 1321,782 1289,781 1288,773 1283,770 1277,770"/>
          <TextEquiv conf="0.9291378">
            <Unicode>wohl</Unicode>
          </TextEquiv>
        </Word>
        <Word id="region0007_line0008_word0006" custom="readingOrder {index:6;}">
          <Coords points="1380,813 1479,814 1479,776 1464,776 1457,770 1450,770 1440,784 1435,786 1413,782 1409,776 1381,780 1380,779"/>
          <TextEquiv conf="0.92113405">
            <Unicode>thun?</Unicode>
          </TextEquiv>
        </Word>
        <TextEquiv conf="0.7811355">
          <Unicode>zu durchwandern; was wollten Sie wohl thun?</Unicode>
        </TextEquiv>
      </TextLine>
      <TextLine id="region0007_line0009" custom="readingOrder {index:3;}">
        <Coords points="633,810 620,813 609,811 608,860 776,862 801,867 883,866 928,870 957,877 970,872 979,872 985,876 1034,869 1047,871 1057,879 1069,876 1084,877 1089,873 1106,873 1110,880 1122,883 1140,882 1149,877 1158,880 1184,881 1201,875 1213,875 1236,881 1268,877 1452,882 1458,876 1465,875 1473,883 1484,882 1485,830 1478,825 1470,825 1464,831 1465,839 1448,839 1438,838 1433,834 1425,834 1419,837 1386,837 1380,830 1370,830 1363,837 1344,837 1344,826 1327,824 1258,826 1254,823 1234,822 1228,825 1225,831 1192,831 1190,825 1178,820 1120,818 1115,820 1113,831 1099,831 1087,820 1076,821 1071,830 1058,830 1034,827 1025,819 1002,816 955,817 946,825 907,822 873,825 865,824 864,817 859,812 795,813 789,815 784,821 760,821 756,818 747,818 743,821 679,821 661,819 648,811"/>
        <Baseline points="608,850 899,856 964,865 1114,862 1135,870 1484,872"/>
        <Word id="region0007_line0009_word0000" custom="readingOrder {index:0;}">
          <Coords points="615,822 790,824 789,858 614,856"/>
          <TextEquiv conf="0.8912283">
            <Unicode>Antworten</Unicode>
          </TextEquiv>
        </Word>
        <Word id="region0007_line0009_word0001" custom="readingOrder {index:1;}">
          <Coords points="810,823 809,860 871,860 871,824 865,824 864,823"/>
          <TextEquiv conf="0.92467046">
            <Unicode>Sie</Unicode>
          </TextEquiv>
        </Word>
        <Word id="region0007_line0009_word0002" custom="readingOrder {index:2;}">
          <Coords points="889,831 962,832 961,867 888,866"/>
          <TextEquiv conf="0.43384758">
            <Unicode>mir,</Unicode>
          </TextEquiv>
        </Word>
        <Word id="region0007_line0009_word0003" custom="readingOrder {index:3;}">
          <Coords points="1118,876 1118,818 1115,820 1113,831 1099,831 1087,820 1076,821 1071,830 1058,830 1034,827 1025,819 1002,816 985,816 985,875 991,875 1034,869 1047,871 1052,875 1085,875 1089,873 1106,873 1107,875"/>
          <TextEquiv conf="0.5086738">
            <Unicode>Jungfer</Unicode>
          </TextEquiv>
        </Word>
        <Word id="region0007_line0009_word0004" custom="readingOrder {index:4;}">
          <Coords points="1138,822 1137,872 1246,873 1247,823 1232,822 1228,825 1225,831 1192,831 1190,825 1183,822"/>
          <TextEquiv>
            <Unicode> Zina;</Unicode>
          </TextEquiv>
        </Word>
        <Word id="region0007_line0009_word0005" custom="readingOrder {index:5;}">
          <Coords points="1279,865 1342,866 1342,825 1327,824 1279,825"/>
          <TextEquiv conf="0.48652416">
            <Unicode>Sie</Unicode>
          </TextEquiv>
        </Word>
        <Word id="region0007_line0009_word0006" custom="readingOrder {index:6;}">
          <Coords points="1362,865 1479,866 1480,826 1478,825 1470,825 1464,831 1465,839 1448,839 1438,838 1433,834 1425,834 1419,837 1386,837 1380,830 1370,830 1363,837 1363,837"/>
          <TextEquiv conf="0.9247755">
            <Unicode>werden</Unicode>
          </TextEquiv>
        </Word>
        <TextEquiv>
          <Unicode>Antworten Sie mir, Jungfer  Zina; Sie werden</Unicode>
        </TextEquiv>
      </TextLine>
      <TextLine id="region0007_line0010" custom="readingOrder {index:4;}">
        <Coords points="617,861 608,865 609,912 695,916 701,922 709,922 716,916 780,916 885,919 902,921 908,927 923,927 928,923 952,922 1053,925 1058,930 1067,930 1072,926 1091,926 1096,930 1123,926 1147,927 1153,934 1163,934 1169,928 1233,929 1239,935 1248,935 1254,930 1281,931 1287,937 1295,938 1301,933 1462,935 1474,924 1474,906 1479,900 1478,887 1465,876 1458,877 1452,883 1453,892 1417,891 1408,890 1401,881 1372,879 1346,881 1328,888 1317,880 1291,881 1282,886 1281,881 1276,878 1263,879 1257,886 1251,879 1231,881 1226,885 1224,880 1213,876 1201,876 1185,882 1158,881 1149,878 1140,883 1122,884 1111,883 1105,876 1095,876 1086,883 1075,877 1062,878 1055,882 1047,872 1025,870 1001,876 983,877 979,873 970,873 960,878 946,875 939,880 922,880 910,878 904,870 896,870 885,877 875,877 870,873 862,873 856,877 825,874 796,876 791,866 780,864 772,875 727,875 714,874 709,870 676,872 664,864 655,863 646,871 633,872 629,862"/>
        <Baseline points="609,902 1473,925"/>
        <Word id="region0007_line0010_word0000" custom="readingOrder {index:0;}">
          <Coords points="614,870 614,906 681,907 681,872 676,872 674,871 647,870 646,871 633,872 632,870"/>
          <TextEquiv conf="0.91964567">
            <Unicode>bald</Unicode>
          </TextEquiv>
        </Word>
        <Word id="word_1655192591499_1974" custom="readingOrder {index:1;}">
          <Coords points="696,870 709,870 714,874 727,875 772,875 775,870 793,870 796,876 803,875 803,914 696,914"/>
          <TextEquiv>
            <Unicode>hinein</Unicode>
          </TextEquiv>
        </Word>
        <Word id="word_1655192593881_1979" custom="readingOrder {index:2;}">
          <Coords points="803,875 825,874 856,877 862,873 870,873 875,877 885,877 893,871 905,871 910,878 922,880 933,880 933,915 803,914"/>
          <TextEquiv>
            <Unicode>treten;</Unicode>
          </TextEquiv>
        </Word>
        <Word id="region0007_line0010_word0002" custom="readingOrder {index:3;}">
          <Coords points="995,922 995,876 983,877 979,873 970,873 960,878 950,875 950,922 952,922"/>
          <TextEquiv conf="0.4348519">
            <Unicode>die</Unicode>
          </TextEquiv>
        </Word>
        <Word id="region0007_line0010_word0003" custom="readingOrder {index:4;}">
          <Coords points="1016,872 1012,873 1012,916 1118,917 1118,883 1111,883 1105,876 1095,876 1086,883 1075,877 1062,878 1055,882 1047,872"/>
          <TextEquiv conf="0.86425704">
            <Unicode>Gefahr</Unicode>
          </TextEquiv>
        </Word>
        <Word id="region0007_line0010_word0004" custom="readingOrder {index:5;}">
          <Coords points="1137,923 1185,924 1185,882 1158,881 1149,878 1140,883 1137,883"/>
          <TextEquiv conf="0.88350976">
            <Unicode>iſt</Unicode>
          </TextEquiv>
        </Word>
        <Word id="region0007_line0010_word0005" custom="readingOrder {index:6;}">
          <Coords points="1204,918 1273,918 1273,878 1263,879 1257,886 1251,879 1231,881 1226,885 1224,880 1213,876 1204,876"/>
          <TextEquiv conf="0.3259945">
            <Unicode>nahe</Unicode>
          </TextEquiv>
        </Word>
        <Word id="region0007_line0010_word0006" custom="readingOrder {index:7;}">
          <Coords points="1287,920 1336,921 1336,884 1328,888 1317,880 1291,881 1287,883"/>
          <TextEquiv conf="0.9170712">
            <Unicode>fuͤr</Unicode>
          </TextEquiv>
        </Word>
        <Word id="region0007_line0010_word0007" custom="readingOrder {index:8;}">
          <Coords points="1351,916 1471,917 1471,881 1465,876 1458,877 1452,883 1453,892 1417,891 1408,890 1401,881 1372,879 1351,880"/>
          <TextEquiv conf="0.83657545">
            <Unicode>Sie.</Unicode>
          </TextEquiv>
        </Word>
        <TextEquiv>
          <Unicode>bald hinein treten; die Gefahr iſt nahe fuͤr Sie.</Unicode>
        </TextEquiv>
      </TextLine>
      <TextEquiv>
        <Unicode>Setzen Sie ſich denn alſo an die Stelle derje⸗
nigen Perſon, welche verbunden iſt, dieſen Wald
zu durchwandern; was wollten Sie wohl thun?
Antworten Sie mir, Jungfer  Zina; Sie werden
bald hinein treten; die Gefahr iſt nahe fuͤr Sie.</Unicode>
      </TextEquiv>
    </TextRegion>
    <TextRegion orientation="-0.45220986" type="heading" readingDirection="left-to-right" id="TextRegion_1655192471219_1928" custom="readingOrder {index:2;} structure {type:heading;}">
      <Coords points="603,926 1482,926 1482,996 603,996"/>
      <TextLine id="region0008_line0001" custom="readingOrder {index:0;}">
        <Coords points="1106,926 1078,927 1074,937 1020,936 1015,940 1010,936 992,939 988,936 964,934 880,934 875,939 875,968 884,974 882,995 886,999 947,1002 958,997 968,1000 1007,996 1019,1001 1034,999 1039,1004 1080,1005 1116,996 1193,999 1206,986 1206,964 1216,961 1219,957 1219,947 1207,940 1208,931 1205,927 1180,927 1177,940 1169,944 1167,952 1160,951 1159,944 1154,939 1143,939 1133,943 1131,926"/>
        <Baseline points="883,991 1203,989"/>
        <Word id="region0008_line0001_word0000" custom="readingOrder {index:0;}">
          <Coords points="1031,952 935,952 934,1001 947,1002 958,997 968,1000 1007,996 1019,1001 1030,999"/>
          <TextEquiv conf="0.8224616">
            <Unicode>Jgfr.</Unicode>
          </TextEquiv>
        </Word>
        <Word id="region0008_line0001_word0001" custom="readingOrder {index:1;}">
          <Coords points="1056,940 1055,1004 1080,1005 1116,996 1193,999 1206,986 1206,964 1216,961 1218,957 1218,946 1208,940 1175,940 1169,944 1167,952 1160,951 1159,944 1155,940 1139,940 1133,943 1132,940"/>
          <TextEquiv>
            <Unicode>Zina.</Unicode>
          </TextEquiv>
        </Word>
        <TextEquiv>
          <Unicode>Jgfr. Zina.</Unicode>
        </TextEquiv>
      </TextLine>
      <TextEquiv>
        <Unicode>Jgfr. Zina.</Unicode>
      </TextEquiv>
    </TextRegion>
    <TextRegion orientation="-0.45220986" readingDirection="left-to-right" id="TextRegion_1655192473956_1935" custom="readingOrder {index:3;}">
      <Coords points="603,996 1482,996 1482,1250 603,1250"/>
      <TextLine id="region0008_line0002" custom="readingOrder {index:0;}">
        <Coords points="635,984 627,990 628,1017 632,1020 654,1020 655,1035 658,1040 679,1046 719,1046 753,1039 785,1039 850,1041 872,1043 877,1047 886,1044 948,1045 953,1049 973,1051 979,1040 987,1038 995,1049 1011,1050 1035,1037 1045,1047 1053,1046 1058,1051 1068,1052 1069,1042 1077,1038 1082,1043 1086,1039 1093,1039 1098,1048 1112,1046 1121,1053 1194,1048 1228,1048 1240,1054 1249,1048 1418,1053 1422,1059 1438,1055 1481,1056 1481,1014 1442,1012 1436,1004 1427,1004 1415,1009 1409,1004 1399,1004 1393,1010 1388,1010 1371,1009 1362,1000 1345,1003 1340,1008 1323,1000 1314,1000 1302,1007 1259,1008 1252,999 1239,999 1230,1007 1224,1007 1214,997 1185,1004 1146,1004 1133,1004 1130,999 1116,997 1104,1004 1101,1001 1093,1001 1080,1006 1058,1006 1039,1005 1034,1000 1012,1003 1007,997 968,1001 958,998 947,1003 854,999 849,995 826,999 822,990 809,989 799,998 783,997 751,992 745,986 731,988"/>
        <Baseline points="655,1035 797,1029 1481,1046"/>
        <Word id="word_1655192471256_1930" custom="readingOrder {index:0;}">
          <Coords points="689,996 748,996 748,1036 689,1036"/>
          <TextEquiv conf="0.9278128">
            <Unicode>Jch</Unicode>
          </TextEquiv>
        </Word>
        <Word id="region0008_line0002_word0001" custom="readingOrder {index:1;}">
          <Coords points="803,994 799,998 783,997 774,995 774,1034 889,1035 889,1000 854,999 849,995 826,999 823,994"/>
          <TextEquiv conf="0.9233095">
            <Unicode>wuͤrde,</Unicode>
          </TextEquiv>
        </Word>
        <Word id="region0008_line0002_word0002" custom="readingOrder {index:2;}">
          <Coords points="1043,1038 1043,1005 1039,1005 1034,1000 1012,1003 1007,997 968,1001 958,998 947,1003 930,1002 930,1037 1033,1037 1035,1037 1035,1037"/>
          <TextEquiv>
            <Unicode>duͤnket</Unicode>
          </TextEquiv>
        </Word>
        <Word id="region0008_line0002_word0003" custom="readingOrder {index:3;}">
          <Coords points="1149,1039 1149,1004 1146,1004 1133,1004 1130,999 1116,997 1104,1004 1101,1001 1093,1001 1080,1006 1059,1006 1059,1039 1075,1039 1077,1038 1078,1039 1086,1039 1093,1039"/>
          <TextEquiv conf="0.68976516">
            <Unicode>mich,</Unicode>
          </TextEquiv>
        </Word>
        <Word id="region0008_line0002_word0004" custom="readingOrder {index:4;}">
          <Coords points="1209,998 1189,1003 1189,1038 1280,1038 1280,1007 1259,1008 1252,999 1239,999 1230,1007 1224,1007 1215,998"/>
          <TextEquiv conf="0.9281144">
            <Unicode>dieſen</Unicode>
          </TextEquiv>
        </Word>
        <Word id="region0008_line0002_word0005" custom="readingOrder {index:5;}">
          <Coords points="1313,1000 1310,1002 1310,1040 1477,1041 1477,1013 1442,1012 1436,1004 1427,1004 1415,1009 1409,1004 1399,1004 1393,1010 1388,1010 1371,1009 1362,1000 1360,1000 1345,1003 1340,1008 1323,1000"/>
          <TextEquiv conf="0.9240509">
            <Unicode>liebreichen</Unicode>
          </TextEquiv>
        </Word>
        <TextEquiv>
          <Unicode>Jch wuͤrde, duͤnket mich, dieſen liebreichen</Unicode>
        </TextEquiv>
      </TextLine>
      <TextLine id="region0008_line0003" custom="readingOrder {index:1;}">
        <Coords points="1031,1038 1023,1045 1029,1054 996,1055 993,1054 994,1049 987,1039 978,1042 973,1055 899,1052 894,1045 879,1047 873,1052 849,1053 773,1049 768,1045 759,1045 755,1048 701,1049 681,1048 660,1042 655,1036 603,1036 604,1088 613,1082 619,1082 627,1088 652,1089 657,1084 665,1083 673,1090 681,1090 688,1084 703,1083 713,1095 722,1092 730,1099 739,1091 748,1091 752,1094 791,1090 833,1093 847,1089 851,1098 872,1096 878,1092 895,1098 902,1092 908,1092 916,1102 927,1102 931,1099 976,1096 984,1090 990,1090 998,1096 1078,1097 1085,1100 1102,1097 1107,1101 1118,1101 1123,1097 1141,1098 1165,1108 1181,1110 1191,1109 1197,1101 1204,1100 1211,1110 1216,1111 1219,1110 1223,1099 1230,1099 1237,1102 1236,1109 1242,1114 1258,1110 1263,1102 1268,1102 1274,1107 1281,1106 1296,1102 1299,1096 1304,1096 1309,1103 1321,1101 1328,1108 1343,1105 1354,1111 1368,1105 1386,1107 1391,1104 1398,1105 1409,1115 1419,1115 1425,1110 1454,1111 1462,1116 1482,1111 1482,1066 1478,1066 1471,1058 1463,1058 1449,1066 1441,1066 1437,1058 1423,1060 1416,1064 1399,1064 1386,1063 1383,1055 1377,1052 1352,1054 1344,1062 1339,1062 1294,1059 1285,1050 1275,1050 1265,1057 1258,1050 1250,1050 1241,1058 1239,1054 1225,1049 1217,1053 1213,1059 1202,1060 1147,1052 1121,1054 1112,1047 1098,1049 1093,1040 1086,1040 1082,1044 1077,1039 1070,1042 1068,1053 1040,1054 1045,1048 1038,1040"/>
        <Baseline points="604,1077 1298,1096 1304,1096 1482,1101"/>
        <Word id="region0008_line0003_word0000" custom="readingOrder {index:0;}">
          <Coords points="611,1046 611,1083 613,1082 619,1082 625,1087 653,1087 657,1084 665,1083 670,1087 683,1087 688,1084 703,1083 707,1087 733,1088 733,1048 701,1049 681,1048 676,1046"/>
          <TextEquiv conf="0.917584">
            <Unicode>Mann,</Unicode>
          </TextEquiv>
        </Word>
        <Word id="region0008_line0003_word0001" custom="readingOrder {index:1;}">
          <Coords points="753,1051 809,1052 809,1081 753,1080"/>
          <TextEquiv conf="0.91499704">
            <Unicode>der</Unicode>
          </TextEquiv>
        </Word>
        <Word id="region0008_line0003_word0002" custom="readingOrder {index:2;}">
          <Coords points="877,1048 873,1052 849,1053 827,1051 827,1089 847,1089 897,1089 897,1049 896,1048"/>
          <TextEquiv conf="0.9262298">
            <Unicode>mich</Unicode>
          </TextEquiv>
        </Word>
        <Word id="region0008_line0003_word0003" custom="readingOrder {index:3;}">
          <Coords points="1030,1038 1023,1045 1029,1054 996,1055 993,1054 994,1049 987,1039 978,1042 973,1055 914,1052 914,1089 1062,1090 1062,1053 1040,1054 1045,1048 1038,1040 1033,1038"/>
          <TextEquiv conf="0.92354864">
            <Unicode>gewarnet</Unicode>
          </TextEquiv>
        </Word>
        <Word id="region0008_line0003_word0004" custom="readingOrder {index:4;}">
          <Coords points="1083,1042 1082,1044 1080,1042 1080,1097 1085,1100 1102,1097 1107,1101 1118,1101 1123,1097 1141,1098 1149,1101 1178,1102 1178,1056 1147,1052 1121,1054 1112,1047 1098,1049 1094,1042"/>
          <TextEquiv conf="0.76876605">
            <Unicode>haͤtte,</Unicode>
          </TextEquiv>
        </Word>
        <Word id="region0008_line0003_word0005" custom="readingOrder {index:5;}">
          <Coords points="1294,1059 1285,1050 1275,1050 1265,1057 1258,1050 1250,1050 1241,1058 1239,1054 1225,1049 1217,1053 1213,1059 1202,1060 1197,1059 1197,1101 1204,1100 1205,1102 1222,1102 1223,1099 1230,1099 1237,1102 1237,1102 1263,1103 1263,1102 1268,1102 1269,1103 1292,1103 1294,1103"/>
          <TextEquiv>
            <Unicode>gleich</Unicode>
          </TextEquiv>
        </Word>
        <Word id="region0008_line0003_word0006" custom="readingOrder {index:6;}">
          <Coords points="1309,1095 1476,1096 1476,1063 1471,1058 1463,1058 1449,1066 1441,1066 1437,1058 1423,1060 1416,1064 1399,1064 1386,1063 1383,1055 1377,1052 1352,1054 1344,1062 1339,1062 1309,1060"/>
          <TextEquiv conf="0.9322546">
            <Unicode>anfaͤnglich</Unicode>
          </TextEquiv>
        </Word>
        <TextEquiv>
          <Unicode>Mann, der mich gewarnet haͤtte, gleich anfaͤnglich</Unicode>
        </TextEquiv>
      </TextLine>
      <TextLine id="region0008_line0004" custom="readingOrder {index:2;}">
        <Coords points="613,1083 604,1089 603,1140 639,1140 647,1133 665,1142 671,1142 677,1137 688,1137 689,1150 707,1151 711,1158 715,1159 768,1154 772,1152 773,1143 838,1142 876,1145 883,1138 889,1137 905,1150 918,1146 933,1149 943,1145 953,1148 1021,1145 1025,1148 1044,1151 1066,1149 1070,1153 1100,1148 1114,1152 1121,1147 1131,1146 1137,1151 1182,1152 1188,1158 1199,1160 1206,1155 1236,1155 1249,1151 1257,1153 1265,1149 1275,1157 1360,1160 1366,1166 1402,1159 1432,1165 1453,1162 1458,1168 1481,1167 1480,1121 1468,1121 1465,1117 1454,1117 1449,1113 1439,1113 1433,1119 1414,1118 1394,1105 1386,1108 1368,1106 1363,1112 1357,1113 1343,1106 1328,1109 1321,1102 1309,1104 1304,1097 1299,1097 1296,1103 1281,1107 1242,1115 1235,1109 1236,1102 1230,1100 1223,1100 1218,1112 1211,1111 1204,1101 1197,1102 1191,1110 1182,1111 1106,1107 1098,1106 1095,1101 1078,1098 1069,1104 1049,1104 1043,1098 1034,1097 1023,1104 999,1105 998,1097 990,1091 978,1095 973,1104 948,1104 945,1100 917,1104 908,1093 902,1093 895,1099 878,1093 873,1096 872,1102 866,1096 851,1099 847,1090 834,1093 831,1102 808,1103 807,1095 801,1091 788,1092 779,1101 753,1101 752,1095 748,1092 739,1092 731,1100 722,1093 713,1096 703,1084 688,1085 681,1091 673,1091 665,1084 661,1084 651,1092 627,1089 622,1084"/>
        <Baseline points="603,1130 696,1133 709,1145 725,1147 747,1145 762,1134 825,1133 1481,1156"/>
        <Word id="region0008_line0004_word0000" custom="readingOrder {index:0;}">
          <Coords points="613,1083 612,1084 611,1140 639,1140 647,1133 665,1142 671,1142 677,1137 688,1137 689,1144 728,1142 729,1087 703,1084 688,1085 681,1091 673,1091 665,1084 661,1084 651,1092 627,1089 622,1084 613,1083"/>
          <TextEquiv>
            <Unicode>bitten,</Unicode>
          </TextEquiv>
        </Word>
        <Word id="region0008_line0004_word0001" custom="readingOrder {index:1;}">
          <Coords points="741,1096 740,1155 768,1154 772,1152 773,1143 774,1101 753,1101 752,1095 736,1095 731,1100 725,1095 716,1095 713,1096 712,1095"/>
          <TextEquiv>
            <Unicode>er</Unicode>
          </TextEquiv>
        </Word>
        <Word id="region0008_line0004_word0002" custom="readingOrder {index:2;}">
          <Coords points="842,1091 834,1093 831,1102 808,1103 807,1095 801,1091 788,1091 788,1139 882,1139 883,1138 885,1137 885,1095 878,1093 873,1096 872,1102 866,1096 851,1099 847,1091"/>
          <TextEquiv conf="0.86377436">
            <Unicode>wolle</Unicode>
          </TextEquiv>
        </Word>
        <Word id="region0008_line0004_word0003" custom="readingOrder {index:3;}">
          <Coords points="900,1139 964,1140 964,1104 948,1104 945,1100 917,1104 908,1093 902,1093 900,1093"/>
          <TextEquiv>
            <Unicode>mir</Unicode>
          </TextEquiv>
        </Word>
        <Word id="region0008_line0004_word0004" custom="readingOrder {index:4;}">
          <Coords points="979,1142 1045,1143 1045,1100 1043,1098 1034,1097 1023,1104 999,1105 998,1097 990,1091 979,1094"/>
          <TextEquiv>
            <Unicode>doch</Unicode>
          </TextEquiv>
        </Word>
        <Word id="region0008_line0004_word0005" custom="readingOrder {index:5;}">
          <Coords points="1072,1102 1070,1102 1070,1143 1163,1143 1163,1110 1106,1107 1098,1106 1095,1102"/>
          <TextEquiv conf="0.33886382">
            <Unicode>ſeinen</Unicode>
          </TextEquiv>
        </Word>
        <Word id="region0008_line0004_word0006" custom="readingOrder {index:6;}">
          <Coords points="1179,1144 1273,1144 1273,1108 1242,1115 1235,1109 1236,1102 1230,1100 1223,1100 1218,1112 1211,1111 1204,1101 1197,1102 1191,1110 1182,1111 1179,1110"/>
          <TextEquiv conf="0.9238887">
            <Unicode>guten</Unicode>
          </TextEquiv>
        </Word>
        <Word id="region0008_line0004_word0007" custom="readingOrder {index:7;}">
          <Coords points="1303,1151 1381,1151 1382,1108 1368,1106 1363,1112 1357,1113 1343,1106 1328,1109 1321,1102 1309,1104 1304,1097 1304,1097"/>
          <TextEquiv conf="0.9285271">
            <Unicode>Rath</Unicode>
          </TextEquiv>
        </Word>
        <Word id="region0008_line0004_word0008" custom="readingOrder {index:8;}">
          <Coords points="1400,1147 1475,1148 1475,1121 1468,1121 1465,1117 1454,1117 1449,1113 1439,1113 1433,1119 1414,1118 1400,1109"/>
          <TextEquiv>
            <Unicode>mit⸗</Unicode>
          </TextEquiv>
        </Word>
        <TextEquiv>
          <Unicode>bitten, er wolle mir doch ſeinen guten Rath mit⸗</Unicode>
        </TextEquiv>
      </TextLine>
      <TextLine id="region0008_line0005" custom="readingOrder {index:3;}">
        <Coords points="647,1134 638,1144 625,1142 621,1145 603,1146 603,1191 624,1194 705,1195 712,1190 720,1190 726,1201 736,1195 762,1194 888,1196 909,1198 914,1202 928,1200 928,1211 937,1219 949,1216 954,1201 970,1201 977,1216 990,1219 1016,1217 1022,1201 1035,1202 1041,1209 1049,1209 1055,1204 1092,1205 1094,1217 1099,1222 1108,1222 1113,1218 1115,1205 1128,1206 1129,1215 1136,1222 1148,1220 1152,1207 1153,1216 1160,1223 1187,1224 1192,1220 1198,1225 1220,1226 1232,1225 1237,1219 1238,1210 1242,1222 1246,1225 1256,1225 1263,1220 1279,1227 1298,1227 1305,1220 1310,1220 1317,1228 1341,1226 1345,1223 1349,1226 1361,1226 1368,1216 1372,1215 1383,1222 1401,1222 1406,1226 1415,1226 1422,1220 1426,1228 1442,1231 1447,1227 1451,1217 1458,1218 1464,1226 1474,1226 1482,1218 1481,1173 1458,1173 1453,1163 1416,1165 1408,1160 1402,1160 1396,1163 1395,1170 1385,1166 1376,1166 1371,1170 1325,1170 1281,1166 1275,1163 1272,1154 1265,1150 1257,1154 1249,1152 1229,1156 1222,1161 1217,1156 1209,1156 1196,1163 1182,1153 1137,1152 1131,1147 1121,1148 1112,1154 1100,1149 1070,1154 1066,1150 1044,1152 1013,1146 1005,1148 1002,1154 997,1149 984,1148 973,1157 954,1156 952,1148 943,1146 933,1150 918,1147 909,1154 879,1154 879,1150 896,1151 900,1148 894,1140 888,1138 876,1146 854,1148 849,1145 828,1143 822,1147 820,1154 805,1154 801,1145 785,1144 780,1146 778,1153 715,1160 711,1159 707,1152 689,1151 688,1138 675,1139 671,1146 662,1152 661,1142 656,1136"/>
        <Baseline points="603,1181 1482,1208"/>
        <Word id="region0008_line0005_word0000" custom="readingOrder {index:0;}">
          <Coords points="642,1139 638,1144 625,1142 621,1145 609,1145 609,1191 624,1194 651,1194 705,1194 712,1190 720,1190 722,1194 734,1195 734,1157 715,1160 711,1159 707,1152 689,1151 688,1139 674,1139 671,1146 662,1152 661,1142 658,1139"/>
          <TextEquiv>
            <Unicode>theilen,</Unicode>
          </TextEquiv>
        </Word>
        <Word id="region0008_line0005_word0001" custom="readingOrder {index:1;}">
          <Coords points="778,1151 778,1153 761,1154 761,1187 814,1188 814,1154 805,1154 804,1151"/>
          <TextEquiv conf="0.9299474">
            <Unicode>wie</Unicode>
          </TextEquiv>
        </Word>
        <Word id="region0008_line0005_word0002" custom="readingOrder {index:2;}">
          <Coords points="890,1138 888,1138 876,1146 854,1148 849,1145 833,1143 833,1195 888,1196 890,1196 890,1154 879,1154 879,1150 890,1150"/>
          <TextEquiv conf="0.8662274">
            <Unicode>man</Unicode>
          </TextEquiv>
        </Word>
        <Word id="region0008_line0005_word0003" custom="readingOrder {index:3;}">
          <Coords points="1023,1147 1013,1146 1005,1148 1002,1154 997,1149 984,1148 973,1157 954,1156 952,1148 943,1146 933,1150 918,1147 918,1201 928,1200 928,1209 951,1209 954,1201 970,1201 973,1209 1019,1209 1022,1201 1023,1201"/>
          <TextEquiv conf="0.5593083">
            <Unicode>dieſen</Unicode>
          </TextEquiv>
        </Word>
        <Word id="word_1655192697448_2059" custom="readingOrder {index:4;}">
          <Coords points="1026,1149 1044,1152 1066,1150 1070,1154 1100,1149 1112,1154 1121,1148 1131,1147 1137,1152 1182,1153 1196,1163 1209,1156 1217,1156 1222,1161 1229,1156 1249,1152 1257,1154 1265,1150 1272,1154 1275,1163 1281,1166 1318,1169 1318,1212 1239,1212 1238,1210 1238,1212 1152,1211 1152,1207 1151,1211 1129,1211 1128,1206 1115,1205 1114,1211 1093,1211 1092,1205 1055,1204 1049,1209 1041,1209 1035,1202 1026,1201"/>
          <TextEquiv>
            <Unicode>Geſaͤhrlichkeiten</Unicode>
          </TextEquiv>
        </Word>
        <Word id="region0008_line0005_word0005" custom="readingOrder {index:5;}">
          <Coords points="1479,1217 1479,1173 1458,1173 1453,1163 1416,1165 1408,1160 1402,1160 1396,1163 1395,1170 1385,1166 1376,1166 1371,1170 1336,1170 1336,1216 1368,1216 1368,1216 1372,1215 1374,1216"/>
          <TextEquiv conf="0.9009297">
            <Unicode>entgehen</Unicode>
          </TextEquiv>
        </Word>
        <TextEquiv>
          <Unicode>theilen, wie man dieſen Geſaͤhrlichkeiten entgehen</Unicode>
        </TextEquiv>
      </TextLine>
      <TextLine id="region0008_line0006" custom="readingOrder {index:4;}">
        <Coords points="712,1191 705,1196 705,1203 698,1198 690,1198 684,1204 652,1202 646,1201 641,1193 613,1193 606,1196 603,1243 705,1245 709,1254 721,1255 728,1246 760,1246 774,1240 775,1209 772,1205 727,1203 720,1191"/>
        <Baseline points="604,1233 774,1235"/>
        <Word id="region0008_line0006_word0000" custom="readingOrder {index:0;}">
          <Coords points="709,1192 705,1196 705,1203 698,1198 690,1198 684,1204 652,1202 646,1201 641,1193 613,1193 608,1194 608,1243 691,1244 722,1245 722,1196 721,1192"/>
          <TextEquiv>
            <Unicode>koͤnnte.</Unicode>
          </TextEquiv>
        </Word>
        <TextEquiv>
          <Unicode>koͤnnte.</Unicode>
        </TextEquiv>
      </TextLine>
      <TextEquiv>
        <Unicode>Jch wuͤrde, duͤnket mich, dieſen liebreichen
Mann, der mich gewarnet haͤtte, gleich anfaͤnglich
bitten, er wolle mir doch ſeinen guten Rath mit⸗
theilen, wie man dieſen Geſaͤhrlichkeiten entgehen
koͤnnte.</Unicode>
      </TextEquiv>
    </TextRegion>
    <TextRegion orientation="-0.45220986" type="heading" readingDirection="left-to-right" id="TextRegion_1655192473956_1934" custom="readingOrder {index:4;} structure {type:heading;}">
      <Coords points="603,1250 1482,1250 1482,1310 603,1310"/>
      <TextLine id="region0008_line0008" custom="readingOrder {index:0;}">
        <Coords points="928,1249 847,1251 844,1255 844,1284 854,1290 855,1306 862,1310 998,1309 1117,1315 1158,1320 1175,1320 1179,1328 1249,1327 1250,1320 1279,1322 1292,1318 1295,1314 1294,1297 1282,1293 1276,1284 1212,1283 1208,1286 1194,1287 1191,1277 1184,1272 1177,1273 1171,1270 1173,1261 1168,1254 1163,1253 1154,1261 1143,1265 1133,1255 1106,1253 1068,1254 1058,1257 1051,1264 1026,1263 999,1259 991,1252"/>
        <Baseline points="855,1300 1052,1301 1224,1317 1295,1313"/>
        <Word id="region0008_line0008_word0000" custom="readingOrder {index:0;}">
          <Coords points="1060,1310 1060,1266 909,1264 909,1308 989,1309 998,1309 1002,1309"/>
          <TextEquiv>
            <Unicode>Madem.</Unicode>
          </TextEquiv>
        </Word>
        <Word id="region0008_line0008_word0001" custom="readingOrder {index:1;}">
          <Coords points="1079,1262 1079,1312 1180,1313 1180,1272 1177,1273 1171,1270 1172,1262 1149,1262 1143,1265 1140,1262"/>
          <TextEquiv>
            <Unicode>Gut.</Unicode>
          </TextEquiv>
        </Word>
        <TextEquiv>
          <Unicode>Madem. Gut.</Unicode>
        </TextEquiv>
      </TextLine>
      <TextEquiv>
        <Unicode>Madem. Gut.</Unicode>
      </TextEquiv>
    </TextRegion>
    <TextRegion orientation="-0.45220986" readingDirection="left-to-right" id="TextRegion_1655192429977_1887" custom="readingOrder {index:5;}">
      <Coords points="591,1302 1499,1302 1499,1418 591,1418"/>
      <TextLine id="region0010_line0001" custom="readingOrder {index:0;}">
        <Coords points="1402,1302 1401,1314 1411,1323 1410,1326 1401,1321 1375,1326 1373,1314 1369,1311 1360,1311 1353,1317 1350,1327 1351,1303 1330,1303 1330,1312 1325,1318 1324,1326 1322,1316 1317,1311 1317,1303 1289,1302 1286,1309 1271,1309 1262,1316 1251,1313 1251,1302 1220,1303 1219,1314 1210,1314 1208,1303 1173,1302 1170,1310 1166,1307 1151,1307 1145,1312 1141,1305 1131,1304 1115,1308 1111,1319 1105,1313 1095,1313 1084,1320 1078,1314 1068,1314 1062,1321 1034,1319 1028,1311 1003,1309 994,1309 982,1318 974,1318 956,1316 950,1309 940,1309 930,1315 924,1314 916,1308 903,1308 897,1314 874,1315 843,1313 837,1308 828,1308 822,1313 816,1313 808,1303 796,1302 787,1311 741,1311 738,1302 627,1302 624,1306 624,1335 632,1341 635,1348 658,1353 878,1357 893,1358 902,1365 908,1365 914,1359 934,1360 947,1364 953,1360 991,1359 997,1359 1005,1364 1015,1360 1090,1361 1097,1365 1105,1362 1120,1364 1169,1361 1194,1364 1203,1372 1228,1374 1262,1368 1498,1374 1499,1330 1472,1330 1470,1321 1465,1317 1454,1317 1449,1321 1447,1329 1440,1328 1432,1322 1431,1314 1422,1309 1420,1302"/>
        <Baseline points="628,1338 1499,1363"/>
        <Word id="region0010_line0001_word0000" custom="readingOrder {index:0;}">
          <Coords points="684,1311 746,1311 746,1349 684,1349"/>
          <TextEquiv>
            <Unicode>Sie</Unicode>
          </TextEquiv>
        </Word>
        <Word id="region0010_line0001_word0001" custom="readingOrder {index:1;}">
          <Coords points="787,1310 787,1311 762,1311 762,1347 882,1348 882,1314 874,1315 843,1313 840,1310 824,1310 822,1313 816,1313 813,1310"/>
          <TextEquiv conf="0.93176705">
            <Unicode>wuͤrden</Unicode>
          </TextEquiv>
        </Word>
        <Word id="region0010_line0001_word0002" custom="readingOrder {index:2;}">
          <Coords points="900,1313 900,1354 953,1355 953,1314 932,1314 930,1315 924,1314 923,1313"/>
          <TextEquiv conf="0.9279907">
            <Unicode>ſich</Unicode>
          </TextEquiv>
        </Word>
        <Word id="region0010_line0001_word0003" custom="readingOrder {index:3;}">
          <Coords points="988,1313 982,1318 974,1318 970,1317 970,1355 1031,1355 1031,1315 1029,1313"/>
          <TextEquiv conf="0.9317933">
            <Unicode>alſo</Unicode>
          </TextEquiv>
        </Word>
        <Word id="region0010_line0001_word0004" custom="readingOrder {index:4;}">
          <Coords points="1047,1357 1137,1358 1137,1308 1116,1308 1115,1308 1111,1319 1105,1313 1095,1313 1084,1320 1078,1314 1068,1314 1062,1321 1047,1320"/>
          <TextEquiv conf="0.9262319">
            <Unicode>nicht</Unicode>
          </TextEquiv>
        </Word>
        <Word id="region0010_line0001_word0005" custom="readingOrder {index:5;}">
          <Coords points="1149,1352 1201,1353 1201,1302 1173,1302 1170,1310 1166,1307 1151,1307 1149,1308"/>
          <TextEquiv conf="0.9238137">
            <Unicode>der</Unicode>
          </TextEquiv>
        </Word>
        <Word id="region0010_line0001_word0006" custom="readingOrder {index:6;}">
          <Coords points="1217,1364 1328,1365 1328,1314 1325,1318 1324,1326 1322,1316 1317,1311 1317,1303 1289,1302 1286,1309 1271,1309 1262,1316 1251,1313 1251,1302 1220,1303 1219,1314 1217,1314"/>
          <TextEquiv>
            <Unicode>Freude</Unicode>
          </TextEquiv>
        </Word>
        <Word id="region0010_line0001_word0007" custom="readingOrder {index:7;}">
          <Coords points="1342,1365 1399,1365 1399,1321 1375,1326 1373,1314 1369,1311 1360,1311 1353,1317 1350,1327 1351,1303 1342,1303"/>
          <TextEquiv conf="0.91592616">
            <Unicode>und</Unicode>
          </TextEquiv>
        </Word>
        <Word id="region0010_line0001_word0008" custom="readingOrder {index:8;}">
          <Coords points="1417,1302 1417,1354 1474,1355 1474,1330 1472,1330 1470,1321 1465,1317 1454,1317 1449,1321 1447,1329 1440,1328 1432,1322 1431,1314 1422,1309 1420,1302"/>
          <TextEquiv conf="0.93259704">
            <Unicode>der</Unicode>
          </TextEquiv>
        </Word>
        <TextEquiv>
          <Unicode>Sie wuͤrden ſich alſo nicht der Freude und der</Unicode>
        </TextEquiv>
      </TextLine>
      <TextLine id="region0010_line0002" custom="readingOrder {index:1;}">
        <Coords points="592,1350 591,1413 627,1412 653,1407 659,1413 669,1413 675,1407 711,1406 765,1408 779,1415 839,1410 915,1411 920,1415 930,1417 939,1417 944,1413 1006,1413 1011,1409 1013,1400 1020,1400 1026,1409 1035,1409 1050,1399 1085,1398 1089,1401 1098,1401 1110,1398 1117,1392 1115,1385 1118,1377 1118,1365 1114,1363 1097,1366 1090,1362 1015,1361 1005,1365 997,1360 991,1360 958,1361 953,1366 936,1362 926,1362 918,1368 903,1368 896,1363 889,1363 881,1368 858,1368 853,1358 845,1358 838,1362 833,1358 824,1358 818,1360 812,1368 806,1368 718,1365 693,1362 680,1356 667,1355 659,1360 654,1353 645,1351"/>
        <Baseline points="591,1402 659,1396 972,1403 1052,1380 1117,1379"/>
        <Word id="region0010_line0002_word0000" custom="readingOrder {index:0;}">
          <Coords points="607,1359 606,1404 797,1405 798,1368 718,1365 693,1362 687,1359 660,1359 659,1360 658,1359"/>
          <TextEquiv conf="0.9216178">
            <Unicode>Zerſtreuung</Unicode>
          </TextEquiv>
        </Word>
        <Word id="region0010_line0002_word0001" custom="readingOrder {index:1;}">
          <Coords points="818,1363 817,1404 1011,1404 1013,1400 1020,1400 1023,1404 1041,1404 1045,1402 1046,1364 1007,1363 1005,1365 1003,1363 955,1363 953,1366 942,1363 924,1363 918,1368 903,1368 896,1363 888,1363 881,1368 858,1368 855,1363"/>
          <TextEquiv>
            <Unicode>uͤberlafſen?</Unicode>
          </TextEquiv>
        </Word>
        <TextEquiv>
          <Unicode>Zerſtreuung uͤberlafſen?</Unicode>
        </TextEquiv>
      </TextLine>
      <TextEquiv>
        <Unicode>Sie wuͤrden ſich alſo nicht der Freude und der
Zerſtreuung uͤberlafſen?</Unicode>
      </TextEquiv>
    </TextRegion>
    <TextRegion orientation="-0.45220986" type="heading" readingDirection="left-to-right" id="TextRegion_1655192435123_1892" custom="readingOrder {index:6;} structure {type:heading;}">
      <Coords points="591,1418 1499,1418 1499,1484 591,1484"/>
      <TextLine id="line_1655192766511_2121" custom="readingOrder {index:0;}">
        <Coords points="882,1424 979,1424 992,1428 997,1425 1033,1423 1037,1420 1098,1426 1103,1431 1104,1439 1135,1439 1140,1429 1150,1428 1155,1434 1155,1486 1113,1486 1084,1491 1073,1489 1067,1492 1057,1491 1051,1494 1045,1493 1039,1497 1033,1496 1030,1488 1005,1488 987,1493 958,1493 949,1488 924,1485 916,1480 915,1466 893,1466 880,1461 877,1457 877,1429"/>
        <Baseline points="877,1455 960,1459 1037,1443 1112,1444 1155,1451"/>
        <Word id="region0010_line0004_word0000" custom="readingOrder {index:0;}">
          <Coords points="927,1441 1034,1442 1035,1479 928,1478"/>
          <TextEquiv>
            <Unicode>Jgfr.</Unicode>
          </TextEquiv>
        </Word>
        <Word id="word_1655192435161_1895" custom="readingOrder {index:1;}">
          <Coords points="1053,1434 1103,1434 1104,1439 1135,1439 1137,1434 1153,1435 1152,1484 1052,1484"/>
          <TextEquiv conf="0.0">
            <Unicode>Zina.</Unicode>
          </TextEquiv>
        </Word>
        <TextEquiv>
          <Unicode>Jgfr. Zina.</Unicode>
        </TextEquiv>
      </TextLine>
      <TextEquiv>
        <Unicode>Jgfr. Zina. Zina. i</Unicode>
      </TextEquiv>
    </TextRegion>
    <TextRegion orientation="-0.45220986" readingDirection="left-to-right" id="TextRegion_1655192439125_1901" custom="readingOrder {index:7;}">
      <Coords points="591,1484 1499,1484 1499,1748 591,1748"/>
      <TextLine id="region0010_line0005" custom="readingOrder {index:0;}">
        <Coords points="625,1475 620,1480 620,1506 624,1509 642,1510 644,1526 657,1536 676,1537 687,1533 701,1537 728,1536 742,1529 785,1529 943,1536 945,1539 965,1542 972,1535 1016,1535 1025,1538 1149,1536 1155,1539 1232,1541 1236,1546 1253,1542 1307,1540 1361,1547 1365,1550 1404,1545 1416,1545 1418,1548 1436,1549 1440,1546 1499,1547 1498,1502 1453,1502 1447,1495 1437,1493 1427,1492 1417,1500 1370,1501 1365,1497 1357,1497 1352,1501 1324,1501 1316,1500 1311,1493 1301,1492 1293,1498 1275,1497 1272,1484 1260,1482 1254,1489 1242,1487 1227,1497 1206,1496 1201,1488 1184,1487 1170,1493 1161,1487 1153,1487 1146,1495 1103,1494 1098,1489 1084,1492 1073,1490 1036,1498 1030,1489 986,1494 957,1494 949,1489 924,1486 916,1481 882,1481 868,1488 855,1489 845,1484 835,1484 829,1488 821,1486 814,1479 803,1479 793,1488 789,1488 747,1484 737,1477"/>
        <Baseline points="644,1525 885,1520 1499,1535"/>
        <Word id="region0010_line0005_word0000" custom="readingOrder {index:0;}">
          <Coords points="740,1487 681,1487 680,1531 738,1531 739,1530"/>
          <TextEquiv conf="0.49967873">
            <Unicode>Jch</Unicode>
          </TextEquiv>
        </Word>
        <Word id="region0010_line0005_word0001" custom="readingOrder {index:1;}">
          <Coords points="768,1488 767,1523 866,1524 867,1489 856,1489 855,1489 855,1489"/>
          <TextEquiv conf="0.9277661">
            <Unicode>wuͤrde</Unicode>
          </TextEquiv>
        </Word>
        <Word id="region0010_line0005_word0002" custom="readingOrder {index:2;}">
          <Coords points="902,1488 901,1532 1097,1534 1098,1490 1093,1489 1084,1492 1073,1490 1036,1498 1030,1489 1027,1489 986,1494 957,1494 949,1489 944,1488"/>
          <TextEquiv conf="0.9282439">
            <Unicode>Gegentheils</Unicode>
          </TextEquiv>
        </Word>
        <Word id="word_1655192435161_1896" custom="readingOrder {index:3;}">
          <Coords points="1131,1494 1146,1495 1153,1487 1161,1487 1170,1493 1184,1487 1201,1488 1206,1496 1227,1497 1242,1487 1254,1489 1257,1484 1272,1484 1271,1533 1131,1532"/>
          <TextEquiv conf="0.92116284">
            <Unicode>vielmehr</Unicode>
          </TextEquiv>
        </Word>
        <Word id="region0010_line0005_word0004" custom="readingOrder {index:4;}">
          <Coords points="1299,1493 1293,1498 1290,1497 1290,1526 1330,1527 1330,1501 1324,1501 1316,1500 1311,1493"/>
          <TextEquiv conf="0.91413385">
            <Unicode>in</Unicode>
          </TextEquiv>
        </Word>
        <Word id="region0010_line0005_word0005" custom="readingOrder {index:5;}">
          <Coords points="1426,1492 1417,1500 1370,1501 1365,1497 1358,1497 1358,1534 1471,1535 1471,1502 1453,1502 1447,1495 1437,1493 1433,1492"/>
          <TextEquiv conf="0.9302942">
            <Unicode>großer</Unicode>
          </TextEquiv>
        </Word>
        <TextEquiv conf="0.8535466">
          <Unicode>Jch wuͤrde Gegentheils vielmehr in großer</Unicode>
        </TextEquiv>
      </TextLine>
      <TextLine id="region0010_line0006" custom="readingOrder {index:1;}">
        <Coords points="591,1525 592,1583 626,1585 633,1581 676,1580 680,1587 691,1588 698,1581 719,1582 726,1579 732,1582 740,1579 750,1583 753,1589 762,1589 774,1584 813,1590 824,1582 834,1582 841,1586 893,1585 940,1588 949,1591 959,1588 1014,1588 1193,1594 1200,1587 1205,1587 1216,1601 1225,1595 1229,1604 1245,1602 1251,1595 1275,1595 1282,1588 1287,1588 1297,1596 1325,1595 1329,1598 1338,1598 1351,1595 1368,1598 1375,1605 1384,1605 1390,1599 1404,1605 1411,1604 1416,1599 1446,1601 1451,1604 1499,1603 1499,1548 1458,1548 1443,1552 1432,1548 1416,1550 1412,1547 1384,1547 1376,1551 1362,1552 1338,1545 1313,1546 1307,1541 1299,1541 1293,1543 1290,1550 1285,1552 1265,1551 1253,1544 1237,1547 1234,1551 1223,1545 1211,1545 1203,1552 1174,1551 1158,1549 1157,1541 1149,1537 1142,1537 1136,1542 1130,1542 1123,1537 1111,1537 1107,1540 1106,1549 1066,1547 1061,1543 1040,1546 1035,1538 1017,1538 1012,1546 989,1546 987,1538 983,1536 972,1536 965,1543 943,1540 936,1544 930,1538 920,1537 914,1543 895,1542 890,1538 860,1543 813,1543 756,1540 752,1533 746,1531 737,1531 728,1537 701,1538 687,1534 676,1538 657,1537 643,1526"/>
        <Baseline points="592,1571 1499,1592"/>
        <Word id="region0010_line0006_word0000" custom="readingOrder {index:0;}">
          <Coords points="605,1536 605,1578 713,1579 713,1538 701,1538 697,1537 680,1537 676,1538 657,1537 656,1536"/>
          <TextEquiv conf="0.9283786">
            <Unicode>Furcht</Unicode>
          </TextEquiv>
        </Word>
        <Word id="region0010_line0006_word0001" custom="readingOrder {index:1;}">
          <Coords points="729,1538 729,1580 730,1581 734,1581 740,1579 745,1581 815,1582 815,1543 813,1543 756,1540 755,1538"/>
          <TextEquiv conf="0.9183774">
            <Unicode>ſeyn;</Unicode>
          </TextEquiv>
        </Word>
        <Word id="region0010_line0006_word0002" custom="readingOrder {index:2;}">
          <Coords points="866,1542 860,1543 838,1543 838,1572 898,1572 898,1542 895,1542"/>
          <TextEquiv conf="0.93193024">
            <Unicode>und</Unicode>
          </TextEquiv>
        </Word>
        <Word id="region0010_line0006_word0003" custom="readingOrder {index:3;}">
          <Coords points="921,1539 921,1577 960,1578 960,1542 943,1540 936,1544 931,1539"/>
          <TextEquiv conf="0.9223342">
            <Unicode>ich</Unicode>
          </TextEquiv>
        </Word>
        <Word id="region0010_line0006_word0004" custom="readingOrder {index:4;}">
          <Coords points="975,1538 975,1575 1085,1576 1085,1547 1066,1547 1061,1543 1040,1546 1035,1538 1016,1538 1012,1546 989,1546 987,1538"/>
          <TextEquiv conf="0.9072699">
            <Unicode>wuͤrde</Unicode>
          </TextEquiv>
        </Word>
        <Word id="region0010_line0006_word0005" custom="readingOrder {index:5;}">
          <Coords points="1109,1576 1190,1577 1190,1551 1174,1551 1158,1549 1157,1541 1149,1537 1142,1537 1136,1542 1130,1542 1123,1537 1111,1537 1109,1538"/>
          <TextEquiv conf="0.92827356">
            <Unicode>einen</Unicode>
          </TextEquiv>
        </Word>
        <Word id="region0010_line0006_word0006" custom="readingOrder {index:6;}">
          <Coords points="1305,1591 1305,1541 1299,1541 1293,1543 1290,1550 1285,1552 1265,1551 1253,1544 1237,1547 1234,1551 1223,1545 1211,1545 1207,1548 1207,1589 1208,1591 1279,1591 1282,1588 1287,1588 1290,1591"/>
          <TextEquiv>
            <Unicode>feſten</Unicode>
          </TextEquiv>
        </Word>
        <Word id="region0010_line0006_word0007" custom="readingOrder {index:7;}">
          <Coords points="1323,1592 1472,1593 1472,1548 1458,1548 1443,1552 1432,1548 1416,1550 1412,1547 1384,1547 1376,1551 1362,1552 1338,1545 1323,1545"/>
          <TextEquiv conf="0.8325282">
            <Unicode>Entſchluß</Unicode>
          </TextEquiv>
        </Word>
        <TextEquiv>
          <Unicode>Furcht ſeyn; und ich wuͤrde einen feſten Entſchluß</Unicode>
        </TextEquiv>
      </TextLine>
      <TextLine id="region0010_line0007" custom="readingOrder {index:2;}">
        <Coords points="724,1580 719,1583 719,1593 679,1592 664,1582 644,1582 627,1586 605,1584 602,1587 592,1587 591,1633 603,1636 629,1632 647,1636 667,1633 694,1639 744,1635 882,1638 892,1639 899,1644 915,1640 1013,1642 1029,1649 1036,1643 1107,1645 1120,1650 1134,1651 1141,1648 1164,1651 1174,1647 1187,1650 1255,1647 1262,1648 1268,1655 1273,1655 1283,1648 1368,1652 1372,1657 1386,1652 1498,1653 1499,1612 1466,1611 1428,1604 1385,1605 1359,1609 1358,1599 1351,1596 1339,1598 1335,1608 1330,1606 1330,1599 1325,1596 1313,1596 1306,1605 1298,1605 1297,1597 1287,1589 1282,1589 1276,1598 1269,1602 1213,1605 1215,1600 1205,1588 1200,1588 1193,1595 1180,1594 1175,1603 1143,1603 1141,1595 1134,1592 1123,1594 1119,1603 1110,1603 1091,1601 1084,1594 1074,1593 1066,1593 1058,1598 1049,1597 1044,1593 1027,1593 1020,1598 1014,1598 1002,1591 966,1589 950,1592 938,1590 916,1596 910,1590 899,1592 892,1586 877,1588 872,1597 841,1597 841,1587 834,1583 822,1584 818,1588 819,1596 784,1592 778,1586 745,1592 745,1584 742,1581 732,1583"/>
        <Baseline points="591,1622 1498,1643"/>
        <Word id="region0010_line0007_word0000" custom="readingOrder {index:0;}">
          <Coords points="604,1590 603,1631 710,1632 710,1592 679,1592 677,1590"/>
          <TextEquiv conf="0.9248838">
            <Unicode>faſſen,</Unicode>
          </TextEquiv>
        </Word>
        <Word id="region0010_line0007_word0001" custom="readingOrder {index:1;}">
          <Coords points="728,1582 727,1625 790,1625 790,1592 784,1592 778,1586 745,1592 745,1584 743,1582 737,1582 732,1583 729,1582"/>
          <TextEquiv conf="0.930727">
            <Unicode>alle</Unicode>
          </TextEquiv>
        </Word>
        <Word id="region0010_line0007_word0002" custom="readingOrder {index:2;}">
          <Coords points="832,1583 822,1584 818,1588 819,1596 813,1595 813,1634 931,1635 931,1591 916,1596 910,1590 899,1592 892,1586 877,1588 872,1597 841,1597 841,1587 834,1583"/>
          <TextEquiv conf="0.9178197">
            <Unicode>unnuͤtze</Unicode>
          </TextEquiv>
        </Word>
        <Word id="region0010_line0007_word0003" custom="readingOrder {index:3;}">
          <Coords points="960,1590 953,1591 953,1636 1140,1637 1140,1594 1134,1592 1123,1594 1119,1603 1110,1603 1091,1601 1084,1594 1074,1593 1066,1593 1058,1598 1049,1597 1044,1593 1027,1593 1020,1598 1014,1598 1002,1591 987,1590"/>
          <TextEquiv conf="0.88180536">
            <Unicode>Vorſtellung</Unicode>
          </TextEquiv>
        </Word>
        <Word id="region0010_line0007_word0004" custom="readingOrder {index:4;}">
          <Coords points="1164,1635 1196,1636 1197,1592 1196,1592 1193,1595 1180,1594 1175,1603 1165,1603"/>
          <TextEquiv conf="0.9184418">
            <Unicode>zu</Unicode>
          </TextEquiv>
        </Word>
        <Word id="region0010_line0007_word0005" custom="readingOrder {index:5;}">
          <Coords points="1206,1636 1387,1637 1387,1604 1385,1605 1359,1609 1358,1599 1351,1596 1339,1598 1335,1608 1330,1606 1330,1599 1325,1596 1313,1596 1306,1605 1298,1605 1297,1597 1287,1589 1282,1589 1276,1598 1269,1602 1213,1605 1215,1600 1206,1590"/>
          <TextEquiv conf="0.92070395">
            <Unicode>entfernen,</Unicode>
          </TextEquiv>
        </Word>
        <Word id="region0010_line0007_word0006" custom="readingOrder {index:6;}">
          <Coords points="1414,1629 1470,1630 1470,1611 1466,1611 1428,1604 1414,1604"/>
          <TextEquiv>
            <Unicode>da⸗</Unicode>
          </TextEquiv>
        </Word>
        <TextEquiv>
          <Unicode>faſſen, alle unnuͤtze Vorſtellung zu entfernen, da⸗</Unicode>
        </TextEquiv>
      </TextLine>
      <TextLine id="region0010_line0008" custom="readingOrder {index:3;}">
        <Coords points="634,1636 628,1641 591,1641 592,1681 693,1688 698,1693 706,1693 712,1688 768,1689 779,1690 784,1694 794,1694 799,1690 884,1692 896,1693 902,1698 928,1695 934,1702 944,1702 953,1696 959,1703 968,1703 976,1696 991,1697 997,1703 1016,1703 1022,1698 1037,1698 1048,1705 1056,1706 1067,1699 1157,1699 1158,1706 1164,1713 1174,1712 1179,1700 1212,1703 1223,1705 1230,1710 1248,1707 1283,1710 1293,1703 1319,1704 1321,1713 1326,1718 1336,1717 1341,1711 1342,1704 1447,1708 1499,1705 1499,1669 1472,1668 1455,1654 1386,1653 1369,1661 1358,1662 1316,1661 1310,1654 1298,1654 1294,1651 1281,1651 1270,1659 1215,1658 1211,1655 1193,1658 1189,1652 1181,1649 1164,1652 1141,1649 1135,1652 1120,1651 1115,1655 1076,1657 1051,1654 1043,1647 1029,1650 1013,1643 999,1646 996,1643 984,1643 975,1648 969,1644 939,1644 932,1650 922,1649 915,1641 903,1645 895,1643 890,1647 824,1649 800,1646 793,1638 785,1638 774,1646 767,1639 758,1639 752,1646 734,1646 715,1645 711,1639 694,1640 687,1644 681,1638 672,1637 666,1642 661,1642 657,1639 647,1640 642,1636"/>
        <Baseline points="592,1671 1236,1695 1499,1696"/>
        <Word id="region0010_line0008_word0000" custom="readingOrder {index:0;}">
          <Coords points="600,1649 656,1649 656,1680 600,1680"/>
          <TextEquiv conf="0.929047">
            <Unicode>mit</Unicode>
          </TextEquiv>
        </Word>
        <Word id="region0010_line0008_word0001" custom="readingOrder {index:1;}">
          <Coords points="712,1649 671,1648 671,1686 682,1687 712,1688"/>
          <TextEquiv conf="0.9287519">
            <Unicode>ich</Unicode>
          </TextEquiv>
        </Word>
        <Word id="region0010_line0008_word0002" custom="readingOrder {index:2;}">
          <Coords points="728,1648 799,1648 799,1687 728,1687"/>
          <TextEquiv conf="0.9286117">
            <Unicode>mich</Unicode>
          </TextEquiv>
        </Word>
        <Word id="region0010_line0008_word0003" custom="readingOrder {index:3;}">
          <Coords points="817,1656 868,1656 868,1684 817,1684"/>
          <TextEquiv conf="0.9282825">
            <Unicode>nur</Unicode>
          </TextEquiv>
        </Word>
        <Word id="region0010_line0008_word0004" custom="readingOrder {index:4;}">
          <Coords points="883,1648 883,1692 884,1692 896,1693 896,1693 1098,1695 1098,1656 1076,1657 1051,1654 1046,1650 1032,1649 1029,1650 1028,1649 934,1648 932,1650 922,1649 921,1648"/>
          <TextEquiv>
            <Unicode>beſchaͤfftigen</Unicode>
          </TextEquiv>
        </Word>
        <Word id="region0010_line0008_word0005" custom="readingOrder {index:5;}">
          <Coords points="1244,1700 1244,1659 1215,1658 1211,1655 1193,1658 1189,1652 1181,1649 1164,1652 1141,1649 1135,1652 1122,1651 1122,1699 1157,1699 1157,1699"/>
          <TextEquiv>
            <Unicode>koͤnnte,</Unicode>
          </TextEquiv>
        </Word>
        <Word id="region0010_line0008_word0006" custom="readingOrder {index:6;}">
          <Coords points="1279,1652 1274,1656 1274,1701 1377,1702 1377,1657 1369,1661 1358,1662 1316,1661 1310,1654 1298,1654 1295,1652"/>
          <TextEquiv conf="0.90734464">
            <Unicode>ſeinem</Unicode>
          </TextEquiv>
        </Word>
        <Word id="region0010_line0008_word0007" custom="readingOrder {index:7;}">
          <Coords points="1403,1697 1495,1698 1495,1668 1472,1668 1455,1654 1403,1653"/>
          <TextEquiv>
            <Unicode>Ra⸗</Unicode>
          </TextEquiv>
        </Word>
        <TextEquiv>
          <Unicode>mit ich mich nur beſchaͤfftigen koͤnnte, ſeinem Ra⸗</Unicode>
        </TextEquiv>
      </TextLine>
      <TextLine id="region0010_line0009" custom="readingOrder {index:4;}">
        <Coords points="620,1684 613,1688 592,1689 592,1734 612,1735 618,1741 627,1741 634,1737 659,1741 664,1745 675,1746 681,1742 704,1742 709,1748 719,1748 726,1741 740,1742 747,1743 756,1750 770,1749 778,1744 873,1745 878,1740 877,1717 873,1714 856,1714 855,1707 850,1702 769,1701 763,1700 757,1690 749,1690 737,1698 724,1692 715,1692 708,1698 675,1697 636,1691 631,1685"/>
        <Baseline points="592,1724 877,1736"/>
        <Word id="region0010_line0009_word0000" custom="readingOrder {index:0;}">
          <Coords points="602,1692 602,1732 649,1732 649,1693 642,1692"/>
          <TextEquiv conf="0.93216634">
            <Unicode>the</Unicode>
          </TextEquiv>
        </Word>
        <Word id="region0010_line0009_word0001" custom="readingOrder {index:1;}">
          <Coords points="665,1702 698,1703 698,1735 665,1734"/>
          <TextEquiv conf="0.9313833">
            <Unicode>zu</Unicode>
          </TextEquiv>
        </Word>
        <Word id="region0010_line0009_word0002" custom="readingOrder {index:2;}">
          <Coords points="712,1694 710,1696 710,1737 821,1738 821,1701 769,1701 763,1700 759,1694 742,1694 737,1698 728,1694"/>
          <TextEquiv conf="0.9318902">
            <Unicode>folgen.</Unicode>
          </TextEquiv>
        </Word>
        <TextEquiv conf="0.9318133">
          <Unicode>the zu folgen.</Unicode>
        </TextEquiv>
      </TextLine>
      <TextEquiv>
        <Unicode>Jch wuͤrde Gegentheils vielmehr in großer
Furcht ſeyn; und ich wuͤrde einen feſten Entſchluß
faſſen, alle unnuͤtze Vorſtellung zu entfernen, da⸗
mit ich mich nur beſchaͤfftigen koͤnnte, ſeinem Ra⸗
the zu folgen.</Unicode>
      </TextEquiv>
    </TextRegion>
    <TextRegion orientation="-0.45220986" type="heading" readingDirection="left-to-right" id="TextRegion_1655192443914_1908" custom="readingOrder {index:8;} structure {type:heading;}">
      <Coords points="591,1748 1499,1748 1499,1816 591,1816"/>
      <TextLine id="region0010_line0010" custom="readingOrder {index:0;}">
        <Coords points="942,1739 929,1746 927,1760 846,1762 843,1766 843,1794 846,1798 855,1800 856,1817 866,1820 878,1814 885,1814 893,1820 915,1821 1056,1821 1083,1822 1094,1826 1154,1822 1189,1824 1195,1820 1209,1820 1210,1813 1218,1807 1218,1779 1204,1766 1189,1768 1183,1774 1161,1774 1157,1771 1146,1771 1141,1774 1136,1766 1129,1764 1062,1764 1054,1767 1049,1772 1026,1773 1017,1771 1019,1756 1014,1751 997,1753 989,1763 967,1763 956,1756 958,1747 952,1740"/>
        <Baseline points="856,1809 1210,1813"/>
        <Word id="word_1655192439169_1903" custom="readingOrder {index:0;}">
          <Coords points="888,1772 939,1771 940,1759 969,1759 968,1767 979,1774 1001,1774 1009,1764 1026,1762 1031,1767 1029,1782 1038,1784 1061,1783 1061,1814 887,1813"/>
          <TextEquiv>
            <Unicode>Madem.</Unicode>
          </TextEquiv>
        </Word>
        <Word id="region0010_line0010_word0001" custom="readingOrder {index:1;}">
          <Coords points="1078,1804 1201,1805 1201,1766 1189,1768 1183,1774 1161,1774 1157,1771 1146,1771 1141,1774 1136,1766 1129,1764 1078,1764"/>
          <TextEquiv conf="0.9206042">
            <Unicode>Gut.</Unicode>
          </TextEquiv>
        </Word>
        <TextEquiv>
          <Unicode>Madem. Gut.</Unicode>
        </TextEquiv>
      </TextLine>
      <TextEquiv>
        <Unicode>Madem. Gut.</Unicode>
      </TextEquiv>
    </TextRegion>
    <TextRegion orientation="-0.45220986" readingDirection="left-to-right" id="TextRegion_1655192443914_1907" custom="readingOrder {index:9;}">
      <Coords points="591,1816 1499,1816 1499,2098 591,2098"/>
      <TextLine id="region0010_line0011" custom="readingOrder {index:0;}">
        <Coords points="1287,1804 1282,1809 1280,1831 1239,1832 1213,1831 1209,1821 1195,1821 1189,1825 1132,1824 1116,1829 1111,1826 1090,1829 1083,1823 1066,1823 1061,1829 979,1829 943,1827 937,1821 927,1821 921,1825 894,1824 885,1815 870,1818 864,1824 821,1822 807,1820 796,1811 782,1814 771,1813 766,1809 747,1813 695,1807 621,1806 616,1811 616,1837 621,1842 631,1843 632,1862 669,1868 706,1869 732,1861 807,1864 813,1860 827,1865 917,1867 926,1866 932,1861 940,1859 944,1868 968,1873 978,1862 990,1870 998,1870 1004,1864 1010,1864 1018,1870 1115,1872 1123,1880 1133,1882 1159,1879 1178,1883 1184,1877 1201,1879 1218,1866 1238,1872 1245,1865 1251,1866 1257,1873 1269,1875 1278,1875 1286,1866 1297,1875 1320,1877 1326,1883 1334,1883 1340,1878 1355,1880 1363,1877 1370,1877 1377,1885 1383,1885 1388,1881 1419,1880 1453,1885 1498,1883 1499,1840 1477,1840 1476,1833 1471,1828 1437,1826 1433,1822 1424,1822 1420,1825 1415,1820 1406,1820 1399,1825 1382,1827 1373,1835 1345,1833 1339,1825 1328,1825 1312,1832 1303,1831 1302,1808 1295,1804"/>
        <Baseline points="631,1857 768,1851 1124,1862 1152,1869 1220,1863 1499,1872"/>
        <Word id="word_1655192443958_1910" custom="readingOrder {index:0;}">
          <Coords points="675,1816 734,1816 734,1855 675,1855"/>
          <TextEquiv conf="0.4997053">
            <Unicode>Jch</Unicode>
          </TextEquiv>
        </Word>
        <Word id="word_1655192443958_1912" custom="readingOrder {index:1;}">
          <Coords points="751,1816 801,1816 807,1820 821,1822 827,1822 827,1849 751,1848"/>
          <TextEquiv conf="0.928611">
            <Unicode>bilde</Unicode>
          </TextEquiv>
        </Word>
        <Word id="word_1655192443958_1914" custom="readingOrder {index:2;}">
          <Coords points="842,1822 864,1824 870,1818 880,1816 886,1816 894,1824 897,1824 897,1848 842,1848"/>
          <TextEquiv conf="0.9308293">
            <Unicode>mir</Unicode>
          </TextEquiv>
        </Word>
        <Word id="region0010_line0011_word0003" custom="readingOrder {index:3;}">
          <Coords points="912,1853 974,1854 974,1828 943,1827 937,1821 927,1821 921,1825 912,1824"/>
          <TextEquiv conf="0.9262914">
            <Unicode>ein,</Unicode>
          </TextEquiv>
        </Word>
        <Word id="region0010_line0011_word0004" custom="readingOrder {index:4;}">
          <Coords points="990,1850 1020,1850 1020,1829 990,1829"/>
          <TextEquiv conf="0.9290406">
            <Unicode>er</Unicode>
          </TextEquiv>
        </Word>
        <Word id="region0010_line0011_word0005" custom="readingOrder {index:5;}">
          <Coords points="1045,1865 1144,1866 1144,1824 1132,1824 1116,1829 1111,1826 1090,1829 1083,1823 1066,1823 1061,1829 1045,1829"/>
          <TextEquiv conf="0.9266704">
            <Unicode>wuͤrde</Unicode>
          </TextEquiv>
        </Word>
        <Word id="region0010_line0011_word0006" custom="readingOrder {index:6;}">
          <Coords points="1163,1862 1254,1863 1254,1831 1239,1832 1213,1831 1209,1821 1195,1821 1189,1825 1163,1824"/>
          <TextEquiv conf="0.9266704">
            <Unicode>Jhnen</Unicode>
          </TextEquiv>
        </Word>
        <Word id="word_1655192443959_1916" custom="readingOrder {index:7;}">
          <Coords points="1281,1816 1302,1816 1303,1831 1312,1832 1328,1825 1339,1825 1345,1833 1373,1835 1382,1827 1389,1826 1389,1861 1270,1860 1270,1831 1280,1831"/>
          <TextEquiv conf="0.88920724">
            <Unicode>rathen,</Unicode>
          </TextEquiv>
        </Word>
        <Word id="region0010_line0011_word0008" custom="readingOrder {index:8;}">
          <Coords points="1404,1859 1469,1860 1469,1827 1437,1826 1433,1822 1424,1822 1420,1825 1415,1820 1406,1820 1404,1821"/>
          <TextEquiv conf="0.68020934">
            <Unicode>Sie</Unicode>
          </TextEquiv>
        </Word>
        <TextEquiv conf="0.8485817">
          <Unicode>Jch bilde mir ein, er wuͤrde Jhnen rathen, Sie</Unicode>
        </TextEquiv>
      </TextLine>
      <TextLine id="region0010_line0012" custom="readingOrder {index:1;}">
        <Coords points="938,1860 926,1867 900,1867 872,1875 865,1875 860,1867 852,1867 837,1875 833,1869 817,1861 807,1865 806,1873 782,1871 778,1868 768,1868 763,1864 755,1864 747,1871 712,1872 659,1868 633,1863 592,1863 591,1911 599,1919 609,1919 615,1913 732,1913 858,1914 862,1920 873,1921 880,1915 888,1915 894,1920 911,1920 919,1924 929,1915 940,1920 949,1912 953,1912 959,1918 973,1918 986,1913 994,1922 1008,1919 1021,1927 1037,1924 1046,1919 1060,1924 1068,1930 1087,1927 1096,1932 1110,1926 1130,1926 1144,1919 1153,1927 1163,1930 1173,1924 1190,1925 1196,1931 1220,1931 1227,1924 1245,1926 1256,1931 1294,1929 1296,1936 1305,1940 1312,1940 1316,1931 1327,1931 1335,1923 1339,1923 1350,1936 1362,1936 1365,1931 1446,1934 1453,1928 1459,1928 1469,1935 1499,1935 1498,1888 1470,1889 1443,1884 1435,1890 1433,1884 1419,1881 1405,1889 1378,1889 1370,1878 1363,1878 1349,1886 1320,1887 1316,1878 1297,1876 1286,1867 1278,1876 1269,1876 1257,1874 1249,1866 1245,1866 1238,1873 1218,1867 1206,1881 1197,1882 1191,1878 1184,1878 1178,1884 1159,1880 1126,1882 1118,1875 1110,1875 1100,1882 1094,1874 1084,1874 1071,1882 1066,1881 1060,1873 1051,1872 1045,1877 1035,1879 1030,1871 1019,1872 1013,1866 1004,1865 999,1871 1005,1881 998,1886 984,1888 981,1884 990,1871 980,1864 975,1864 967,1874 944,1869"/>
        <Baseline points="591,1903 952,1912 953,1912 1499,1925"/>
        <Word id="region0010_line0012_word0000" custom="readingOrder {index:0;}">
          <Coords points="600,1870 599,1911 698,1912 699,1871 699,1871"/>
          <TextEquiv conf="0.92835563">
            <Unicode>ſollten</Unicode>
          </TextEquiv>
        </Word>
        <Word id="region0010_line0012_word0001" custom="readingOrder {index:1;}">
          <Coords points="724,1872 776,1872 775,1905 723,1905"/>
          <TextEquiv conf="0.9321954">
            <Unicode>mit</Unicode>
          </TextEquiv>
        </Word>
        <Word id="region0010_line0012_word0002" custom="readingOrder {index:2;}">
          <Coords points="807,1865 806,1873 801,1872 801,1913 858,1914 888,1914 888,1870 872,1875 865,1875 860,1867 852,1867 837,1875 833,1869 825,1865"/>
          <TextEquiv conf="0.92441785">
            <Unicode>vieler</Unicode>
          </TextEquiv>
        </Word>
        <Word id="region0010_line0012_word0003" custom="readingOrder {index:3;}">
          <Coords points="1131,1916 1131,1881 1126,1882 1118,1875 1110,1875 1100,1882 1094,1874 1084,1874 1071,1882 1066,1881 1060,1873 1051,1872 1045,1877 1035,1879 1030,1871 1019,1872 1013,1866 1004,1865 999,1871 1005,1881 998,1886 984,1888 981,1884 990,1871 980,1864 975,1864 967,1874 944,1869 938,1860 926,1867 911,1867 911,1914 946,1914 949,1912 953,1912 955,1914 981,1914 986,1913 987,1914"/>
          <TextEquiv>
            <Unicode>Vorſichtigkeit</Unicode>
          </TextEquiv>
        </Word>
        <Word id="region0010_line0012_word0004" custom="readingOrder {index:4;}">
          <Coords points="1154,1918 1219,1919 1219,1867 1218,1867 1206,1881 1197,1882 1191,1878 1184,1878 1178,1884 1154,1882"/>
          <TextEquiv>
            <Unicode>und</Unicode>
          </TextEquiv>
        </Word>
        <Word id="region0010_line0012_word0005" custom="readingOrder {index:5;}">
          <Coords points="1228,1922 1466,1924 1466,1888 1443,1884 1435,1890 1433,1884 1419,1881 1405,1889 1378,1889 1370,1878 1363,1878 1349,1886 1320,1887 1316,1878 1297,1876 1286,1867 1278,1876 1269,1876 1257,1874 1249,1866 1245,1866 1238,1873 1228,1870"/>
          <TextEquiv>
            <Unicode>Behutſamkeit</Unicode>
          </TextEquiv>
        </Word>
        <TextEquiv>
          <Unicode>ſollten mit vieler Vorſichtigkeit und Behutſamkeit</Unicode>
        </TextEquiv>
      </TextLine>
      <TextLine id="region0010_line0013" custom="readingOrder {index:2;}">
        <Coords points="949,1913 940,1921 929,1916 919,1925 905,1928 896,1927 888,1916 880,1916 873,1922 862,1921 858,1915 806,1917 800,1919 793,1926 753,1925 747,1916 730,1917 723,1926 670,1924 664,1915 651,1916 641,1924 592,1924 592,1965 647,1966 652,1971 661,1971 666,1966 695,1968 697,1973 712,1972 719,1968 770,1968 816,1979 874,1978 892,1969 916,1972 974,1973 984,1976 991,1974 997,1980 1008,1978 1012,1973 1263,1983 1284,1978 1293,1985 1309,1985 1322,1977 1331,1985 1346,1987 1355,1984 1379,1984 1385,1990 1393,1990 1399,1985 1406,1990 1414,1990 1419,1985 1440,1987 1448,1983 1465,1991 1499,1990 1497,1948 1493,1945 1465,1944 1466,1935 1459,1929 1453,1929 1446,1935 1447,1944 1429,1943 1425,1937 1419,1935 1411,1935 1401,1943 1368,1943 1363,1937 1347,1936 1346,1931 1339,1924 1335,1924 1327,1934 1338,1942 1305,1941 1256,1938 1254,1930 1236,1928 1233,1925 1227,1925 1219,1933 1208,1933 1204,1930 1196,1932 1190,1926 1173,1925 1163,1931 1153,1928 1144,1920 1129,1927 1128,1932 1117,1930 1112,1933 1096,1933 1081,1928 1075,1934 1069,1933 1060,1925 1044,1920 1036,1925 1034,1932 1023,1931 1008,1920 994,1923 986,1914 973,1919 959,1919 953,1913"/>
        <Baseline points="592,1955 776,1958 826,1967 918,1960 1498,1980"/>
        <Word id="region0010_line0013_word0000" custom="readingOrder {index:0;}">
          <Coords points="642,1922 641,1924 600,1924 600,1965 805,1967 805,1924 795,1923 793,1926 753,1925 751,1923 725,1923 723,1926 670,1924 669,1922"/>
          <TextEquiv conf="0.9281406">
            <Unicode>einhergehen,</Unicode>
          </TextEquiv>
        </Word>
        <Word id="region0010_line0013_word0001" custom="readingOrder {index:1;}">
          <Coords points="844,1918 844,1969 890,1969 892,1969 896,1969 931,1970 931,1919 925,1918 919,1925 905,1928 896,1927 889,1918 877,1918 873,1922 862,1921 860,1918"/>
          <TextEquiv>
            <Unicode>Jhre</Unicode>
          </TextEquiv>
        </Word>
        <Word id="region0010_line0013_word0002" custom="readingOrder {index:2;}">
          <Coords points="950,1914 950,1971 1042,1971 1042,1921 1036,1925 1034,1932 1023,1931 1008,1920 994,1923 986,1914 973,1919 959,1919 954,1914"/>
          <TextEquiv>
            <Unicode>Naſen</Unicode>
          </TextEquiv>
        </Word>
        <Word id="region0010_line0013_word0003" custom="readingOrder {index:3;}">
          <Coords points="1076,1964 1145,1964 1145,1920 1144,1920 1129,1927 1128,1932 1117,1930 1112,1933 1096,1933 1081,1928 1076,1933"/>
          <TextEquiv>
            <Unicode>und</Unicode>
          </TextEquiv>
        </Word>
        <Word id="region0010_line0013_word0004" custom="readingOrder {index:4;}">
          <Coords points="1159,1965 1263,1966 1263,1938 1256,1938 1254,1930 1236,1928 1233,1925 1227,1925 1219,1933 1208,1933 1204,1930 1196,1932 1190,1926 1173,1925 1163,1931 1159,1929"/>
          <TextEquiv>
            <Unicode>Ohren</Unicode>
          </TextEquiv>
        </Word>
        <Word id="region0010_line0013_word0005" custom="readingOrder {index:5;}">
          <Coords points="1289,1969 1467,1971 1467,1944 1465,1944 1466,1935 1459,1929 1453,1929 1446,1935 1447,1944 1429,1943 1425,1937 1419,1935 1411,1935 1401,1943 1368,1943 1363,1937 1347,1936 1346,1931 1339,1924 1335,1924 1327,1934 1338,1942 1305,1941 1289,1940"/>
          <TextEquiv>
            <Unicode>verſtopfen,</Unicode>
          </TextEquiv>
        </Word>
        <TextEquiv>
          <Unicode>einhergehen, Jhre Naſen und Ohren verſtopfen,</Unicode>
        </TextEquiv>
      </TextLine>
      <TextLine id="region0010_line0014" custom="readingOrder {index:3;}">
        <Coords points="719,1969 707,1974 657,1977 608,1970 592,1972 591,2017 631,2018 642,2011 654,2020 692,2023 698,2023 705,2015 709,2015 717,2024 772,2023 781,2017 804,2026 824,2023 865,2023 874,2029 880,2029 886,2023 929,2027 946,2025 964,2026 981,2035 983,2024 993,2018 1002,2026 1028,2027 1037,2020 1043,2020 1053,2022 1064,2030 1097,2030 1110,2033 1141,2030 1148,2039 1158,2038 1163,2031 1168,2031 1174,2037 1182,2038 1186,2033 1192,2033 1197,2029 1204,2030 1208,2026 1221,2035 1253,2033 1271,2041 1275,2036 1294,2033 1303,2033 1309,2038 1331,2038 1338,2033 1346,2033 1352,2038 1499,2039 1499,1996 1465,1995 1464,1991 1452,1984 1441,1987 1438,1994 1429,1987 1421,1987 1412,1993 1376,1994 1362,1986 1331,1986 1322,1978 1315,1980 1306,1988 1293,1991 1288,1981 1277,1979 1262,1987 1257,1993 1238,1993 1223,1988 1191,1988 1185,1982 1177,1981 1166,1987 1136,1987 1130,1979 1122,1977 1065,1977 1041,1984 1019,1983 1011,1979 989,1981 986,1977 977,1975 952,1982 920,1980 910,1975 902,1975 896,1979 779,1980 761,1979 755,1969"/>
        <Baseline points="591,2007 1499,2028"/>
        <Word id="region0010_line0014_word0000" custom="readingOrder {index:0;}">
          <Coords points="691,2014 692,1982 598,1981 597,2013 638,2013 642,2011 645,2013"/>
          <TextEquiv conf="0.1839505">
            <Unicode>damit</Unicode>
          </TextEquiv>
        </Word>
        <Word id="region0010_line0014_word0001" custom="readingOrder {index:1;}">
          <Coords points="711,1978 710,2016 710,2017 773,2017 773,1979 761,1979 760,1978"/>
          <TextEquiv conf="0.91716254">
            <Unicode>Sie</Unicode>
          </TextEquiv>
        </Word>
        <Word id="region0010_line0014_word0002" custom="readingOrder {index:2;}">
          <Coords points="790,1984 883,1985 882,2020 789,2019"/>
          <TextEquiv conf="0.9299205">
            <Unicode>weder</Unicode>
          </TextEquiv>
        </Word>
        <Word id="region0010_line0014_word0003" custom="readingOrder {index:3;}">
          <Coords points="902,1981 901,2024 908,2025 941,2025 946,2025 958,2025 982,2025 983,2024 985,2022 986,1982 953,1981 952,1982 944,1981"/>
          <TextEquiv conf="0.92881036">
            <Unicode>durch</Unicode>
          </TextEquiv>
        </Word>
        <Word id="region0010_line0014_word0004" custom="readingOrder {index:4;}">
          <Coords points="1003,1986 1056,1987 1055,2019 1002,2018"/>
          <TextEquiv conf="0.9283646">
            <Unicode>den</Unicode>
          </TextEquiv>
        </Word>
        <Word id="region0010_line0014_word0005" custom="readingOrder {index:5;}">
          <Coords points="1074,1982 1073,2026 1197,2027 1197,1988 1191,1988 1185,1982 1173,1982 1166,1987 1136,1987 1132,1982"/>
          <TextEquiv>
            <Unicode>Geruch</Unicode>
          </TextEquiv>
        </Word>
        <Word id="region0010_line0014_word0006" custom="readingOrder {index:6;}">
          <Coords points="1316,2033 1317,1979 1315,1980 1306,1988 1293,1991 1288,1981 1277,1979 1262,1987 1257,1993 1238,1993 1223,1988 1217,1988 1216,2032 1217,2032"/>
          <TextEquiv>
            <Unicode>dieſer</Unicode>
          </TextEquiv>
        </Word>
        <Word id="region0010_line0014_word0007" custom="readingOrder {index:7;}">
          <Coords points="1463,2034 1464,1991 1452,1984 1441,1987 1438,1994 1429,1987 1421,1987 1412,1993 1376,1994 1362,1986 1331,1986 1331,1986 1330,2033 1338,2033 1338,2033 1346,2033 1346,2033"/>
          <TextEquiv conf="0.35281083">
            <Unicode>Gerichte</Unicode>
          </TextEquiv>
        </Word>
        <TextEquiv>
          <Unicode>damit Sie weder durch den Geruch dieſer Gerichte</Unicode>
        </TextEquiv>
      </TextLine>
      <TextLine id="region0010_line0015" custom="readingOrder {index:4;}">
        <Coords points="639,2012 631,2019 636,2030 591,2030 594,2076 605,2077 610,2073 617,2073 630,2075 636,2080 652,2080 658,2075 723,2075 758,2078 763,2083 772,2083 778,2078 837,2078 850,2079 857,2087 866,2087 875,2079 904,2078 954,2081 961,2088 969,2088 977,2081 1073,2084 1072,2096 1079,2103 1099,2102 1104,2096 1104,2085 1110,2084 1121,2087 1120,2098 1124,2103 1139,2105 1151,2102 1164,2104 1172,2098 1175,2087 1215,2090 1216,2100 1222,2106 1257,2106 1260,2085 1268,2085 1274,2081 1279,2087 1280,2096 1286,2096 1291,2085 1300,2090 1299,2095 1307,2099 1319,2089 1345,2093 1389,2086 1395,2090 1410,2090 1421,2096 1429,2087 1433,2088 1438,2091 1441,2103 1499,2103 1499,2050 1444,2050 1442,2043 1433,2039 1423,2041 1415,2038 1353,2040 1346,2034 1338,2034 1331,2039 1333,2047 1330,2049 1307,2049 1309,2039 1303,2034 1294,2034 1286,2037 1285,2048 1270,2047 1270,2041 1253,2034 1249,2036 1248,2046 1218,2045 1221,2036 1210,2027 1204,2031 1197,2030 1192,2034 1186,2034 1181,2043 1146,2042 1123,2040 1118,2035 1109,2035 1105,2032 1064,2031 1053,2023 1037,2021 1029,2027 1032,2035 1029,2037 1023,2030 1013,2030 1007,2035 1000,2031 1002,2027 995,2020 990,2019 984,2024 985,2036 978,2036 964,2027 954,2036 903,2034 899,2031 876,2034 873,2029 860,2026 845,2035 812,2036 792,2032 794,2024 786,2018 776,2020 771,2030 762,2030 737,2028 731,2023 717,2025 709,2016 705,2016 699,2022 702,2029 690,2030 684,2023 675,2023 663,2031 655,2031 645,2029 652,2019 646,2013"/>
        <Baseline points="593,2063 1426,2080 1461,2087"/>
        <Word id="region0010_line0015_word0000" custom="readingOrder {index:0;}">
          <Coords points="638,2012 631,2019 636,2030 597,2030 597,2074 608,2074 610,2073 617,2073 624,2074 779,2076 779,2030 737,2028 731,2023 717,2025 709,2016 705,2016 699,2022 702,2029 690,2030 684,2023 675,2023 663,2031 655,2031 645,2029 652,2019 646,2013 640,2012"/>
          <TextEquiv>
            <Unicode>angelocket,</Unicode>
          </TextEquiv>
        </Word>
        <Word id="region0010_line0015_word0001" custom="readingOrder {index:1;}">
          <Coords points="797,2071 875,2073 875,2032 873,2029 860,2026 845,2035 812,2036 792,2032 794,2024 786,2018 776,2020 771,2030 797,2029"/>
          <TextEquiv>
            <Unicode>noch</Unicode>
          </TextEquiv>
        </Word>
        <Word id="region0010_line0015_word0002" custom="readingOrder {index:2;}">
          <Coords points="963,2027 954,2036 903,2034 899,2031 892,2031 892,2072 977,2073 977,2035 965,2027"/>
          <TextEquiv conf="0.9305904">
            <Unicode>durch</Unicode>
          </TextEquiv>
        </Word>
        <Word id="region0010_line0015_word0003" custom="readingOrder {index:3;}">
          <Coords points="990,2065 1042,2065 1042,2021 1037,2021 1029,2027 1032,2035 1029,2037 1023,2030 1013,2030 1007,2035 1000,2031 1002,2027 995,2020 990,2019"/>
          <TextEquiv conf="0.9298856">
            <Unicode>die</Unicode>
          </TextEquiv>
        </Word>
        <Word id="region0010_line0015_word0004" custom="readingOrder {index:4;}">
          <Coords points="1166,2085 1166,2042 1146,2042 1123,2040 1118,2035 1109,2035 1105,2032 1067,2031 1067,2083 1073,2084 1072,2085 1104,2085 1110,2084 1113,2085"/>
          <TextEquiv conf="0.88457644">
            <Unicode>Reden</Unicode>
          </TextEquiv>
        </Word>
        <Word id="region0010_line0015_word0005" custom="readingOrder {index:5;}">
          <Coords points="1351,2084 1351,2038 1346,2034 1338,2034 1331,2039 1333,2047 1330,2049 1307,2049 1309,2039 1303,2034 1294,2034 1286,2037 1285,2048 1270,2047 1270,2041 1253,2034 1249,2036 1248,2046 1218,2045 1221,2036 1210,2027 1204,2031 1197,2030 1192,2034 1187,2034 1187,2083 1270,2083 1274,2081 1276,2083"/>
          <TextEquiv>
            <Unicode>derjenigen</Unicode>
          </TextEquiv>
        </Word>
        <Word id="region0010_line0015_word0006" custom="readingOrder {index:6;}">
          <Coords points="1474,2087 1474,2050 1444,2050 1442,2043 1433,2039 1423,2041 1415,2038 1377,2039 1377,2086 1388,2086 1389,2086 1389,2086"/>
          <TextEquiv conf="0.9233892">
            <Unicode>boͤſen</Unicode>
          </TextEquiv>
        </Word>
        <TextEquiv>
          <Unicode>angelocket, noch durch die Reden derjenigen boͤſen</Unicode>
        </TextEquiv>
      </TextLine>
      <TextEquiv>
        <Unicode>Jch bilde mir ein, er wuͤrde Jhnen rathen, Sie
ſollten mit vieler Vorſichtigkeit und Behutſamkeit
einhergehen, Jhre Naſen und Ohren verſtopfen,
damit Sie weder durch den Geruch dieſer Gerichte
angelocket, noch durch die Reden derjenigen boͤſen</Unicode>
      </TextEquiv>
    </TextRegion>
  </Page>
</PcGts>