1460 2157
488 448 576 483 darin
600 445 647 481 ein
676 445 881 491 franzoͤſiſcher
910 448 1105 484 Windbeutel
1134 447 1209 488 ſitzt,

486 495 578 538 luftig
603 501 719 536 genug,
743 504 795 529 um
817 489 879 529 von
903 498 952 528 der
975 495 1043 536 Luft
1067 500 1209 536 getragen

487 558 523 592 zu
541 551 670 586 werden.
709 552 803 591 Mehr
821 552 892 591 noch
911 552 1004 593 lachte
1021 552 1073 591 ich,
1100 553 1149 584 als
1166 553 1208 594 ich

489 603 619 639 daruͤber
639 604 670 637 in
692 605 809 639 meinen
842 602 982 644 Buͤchern
1011 603 1210 645 nachſchlug,

489 660 551 691 und
574 658 605 690 in
630 657 754 688 Sturmii
771 658 879 696 colleg.
901 657 1006 688 curioſ.
1031 657 1124 698 fand,
1149 657 1220 698 daß

487 710 598 743 bereits
612 709 652 742 im
668 709 767 747 Jahre
784 711 865 752 1670
886 709 933 741 ein
958 710 1072 748 Jeſuite
1089 710 1119 742 in
1138 710 1208 746 Chi⸗

487 769 542 800 na,
565 763 606 801 P.
620 760 713 796 Lana,
731 765 791 794 und
807 763 853 794 ein
871 760 1001 801 gewiſſer
1015 764 1055 801 P.
1073 762 1211 801 Bartho⸗

487 814 585 848 lomeo
600 813 630 846 in
642 814 801 855 Spanien,
817 808 869 857 die
884 814 968 851 Kunſt
986 815 1015 848 in
1034 819 1083 847 der
1092 814 1160 852 Luft
1172 823 1210 855 zu

487 862 603 903 ſchiffen
629 864 689 895 ans
717 861 793 903 Licht
816 860 970 905 gebracht,
1001 851 1062 895 und
1081 862 1141 902 daß
1167 872 1211 896 er⸗

486 920 575 964 ſterer
598 919 685 963 ſogar
708 920 753 954 ein
779 920 871 959 Werk
896 927 985 955 unter
1015 924 1079 956 dem
1105 920 1210 959 Titel:

486 972 654 1004 Prodromo
679 967 755 1003 della
777 980 838 1003 arte
864 969 1006 1009 maeſtra,
1044 968 1114 1005 uͤber
1138 972 1212 1011 dieſe

486 1028 601 1066 Kunſt,
642 1030 703 1059 und
728 1026 800 1061 uͤber
828 1027 871 1062 die
905 1028 1100 1068 Einrichtung
1125 1025 1211 1067 dieſer

487 1078 666 1121 Maſchinen
690 1078 932 1121 herausgegeben
950 1078 1043 1116 habe,
1067 1078 1162 1111 worin
1180 1090 1211 1113 er

484 1133 617 1178 bewieß,
648 1134 704 1168 wie
729 1142 803 1169 man
832 1128 878 1168 ein
902 1135 1007 1177 Schiff
1019 1136 1049 1169 in
1072 1138 1121 1168 der
1142 1135 1211 1179 Luft

482 1183 608 1225 ſteuern
627 1187 689 1218 und
719 1186 819 1221 lenken
848 1183 977 1223 koͤnnte,
1016 1182 1116 1226 wohin
1137 1192 1211 1221 man

488 1244 604 1277 wollte.

547 1343 743 1382 Abermal—
759 1341 834 1387 ſagt'
854 1337 893 1393 ich
921 1363 939 1372 —
959 1347 1024 1382 eine
1040 1343 1211 1389 Erfindung

484 1402 546 1432 aus
572 1403 640 1433 dem
664 1399 875 1437 Alterthume,
904 1399 950 1434 die
976 1397 1061 1438 unſer
1081 1398 1211 1438 praleri⸗

485 1445 566 1487 ſches
591 1436 807 1486 Jahrhundert
834 1446 886 1480 als
910 1446 987 1486 ſeine
1016 1446 1116 1487 eigene
1138 1451 1212 1479 aus⸗

484 1502 585 1544 giebt,
607 1506 675 1538 und
694 1505 769 1548 auch
785 1503 857 1546 dieſe
876 1504 949 1546 noch
969 1506 1046 1546 dazu
1068 1502 1212 1547 verſtuͤm⸗

481 1560 586 1596 melt!

546 1668 607 1710 Jch
625 1668 728 1711 dachte
744 1667 832 1712 indeß
845 1671 896 1704 der
910 1668 1082 1711 Erfindung
1099 1669 1153 1703 des
1168 1671 1212 1711 P.

481 1718 567 1755 Lana
580 1720 674 1762 nach,
697 1721 764 1756 und
777 1721 853 1765 ſann
869 1717 930 1763 auf
942 1719 1069 1767 Mittel,
1082 1717 1123 1762 ſie
1134 1723 1213 1755 aus⸗
