1869 2726
657 510 735 555 lung
745 509 778 548 in
799 512 848 548 den
870 511 1032 554 Lungen⁶.
1063 512 1285 559 Verſchiedene
1301 515 1400 560 dieſer
1418 509 1614 566 Erſcheinun⸗

655 580 715 616 gen
733 573 828 618 laſſen
843 574 896 619 ſich
910 573 1011 618 jedoch
1028 574 1101 621 auch
1118 575 1205 623 leicht
1217 572 1341 615 anders
1358 574 1508 616 erklaͤren.

1444 658 1611 708 Fuͤnfter,

689 793 721 826 4)
740 793 834 821 Seine
855 794 1020 828 Verletzung
1042 794 1070 823 in
1090 793 1212 831 Hunden
1235 796 1319 832 macht
1342 796 1385 825 die
1411 796 1608 834 ſchrecklichſten

724 833 840 871 Zufaͤlle.
876 835 1078 867 Arnemann
1094 837 1136 868 S.
1154 846 1214 872 190.
1251 837 1331 872 Reizt
1348 844 1413 870 man
1433 840 1511 869 einen
1535 841 1608 870 Ner⸗

722 889 795 917 ven,
820 884 845 916 ſo
867 884 932 921 ſieht
955 892 1017 914 man
1039 886 1111 920 meiſt
1131 887 1175 924 ſich
1198 889 1249 918 den
1273 893 1381 924 ganzen
1395 888 1608 927 Zwerchmuskel

723 931 789 960 oder
804 932 879 961 beide
899 931 1014 973 Haͤlften
1036 933 1087 967 auf
1107 933 1209 963 einmal
1228 935 1369 970 bewegen,
1396 935 1458 969 doch
1476 936 1606 971 zuweilen

721 988 775 1012 nur
789 981 923 1020 diejenige
940 982 1054 1021 Haͤlfte,
1073 986 1155 1016 deren
1170 985 1284 1017 Nerven
1306 991 1368 1017 man
1390 985 1465 1023 reizt.
1503 986 1605 1019 Tere⸗

723 1024 853 1063 chofski
871 1028 926 1060 und
942 1026 1210 1066 Schumlanski.
