1426 2207
550 261 624 310 17

212 360 330 404 §.VII.
370 346 436 404 Die
443 352 810 406 Abſichten,
687 351 789 399 warum
821 355 882 392 alle
894 350 976 399 dieſe
986 355 1035 393 im

161 414 222 457 IV,
233 407 269 460 V,
289 402 411 456 und,VI
445 410 483 452 §.
488 409 667 455 gemeldete
679 404 851 454 Pflichten
863 415 895 442 in
906 407 967 447 den
979 402 1034 449 oͤf⸗

163 459 341 509 fentlichen
355 458 500 505 Kirchen
510 461 549 499 in
561 449 700 506 Obacht
711 468 750 506 zu
761 459 910 504 nehmen,
936 456 1033 504 ſind:

161 510 254 570 Daß
246 507 601 567 GOtt|oͤffentlich
612 513 764 564 geehret
785 514 865 553 und
886 514 1034 561 geprie⸗

163 564 239 611 ſen,
257 562 315 600 die
326 558 532 605 innerliche
566 555 795 608 Erbauung
827 546 1034 608 befoͤrdert,

165 618 249 656 und
259 617 395 656 andere
405 624 491 660 zum
510 612 649 655 Guten
669 620 843 663 gereitzet
873 613 1034 654 werden

166 670 294 722 ſollen.
317 674 435 718 (§1.)
465 668 536 713 Die
554 667 868 718 Haupt⸗Abſicht
894 671 933 715 iſt
952 665 1035 714 alſo,

164 726 293 766 damit
303 723 425 767 GOtt
433 719 626 770 oͤffentlich
637 719 787 772 geehret
796 722 877 760 und
888 721 1036 772 geprie⸗

166 775 229 827 ſen
239 778 382 818 werde.
433 774 515 820 Die
533 775 621 824 Ehre
632 779 710 815 oder
722 770 1030 820 Ehrerbietung,
985 766 1032 822 ſo

168 836 251 868 man
259 836 350 869 einer
363 823 497 872 Perſon
506 824 666 873 erweiſet,
690 823 830 875 beſtehet
839 833 872 863 in
883 831 970 863 einer
981 831 1036 861 in⸗

170 873 350 932 nerlichen
370 868 593 931 Hochachtung
605 885 708 923 gegen
749 877 916 922 derſelben
958 880 1035 923 gute

169 930 451 981 Eigenſchafften,
473 929 597 979 welche
619 939 690 975 zum
712 928 795 971 Lobe
811 933 879 970 und
905 927 1034 977 Preiße

168 978 291 1035 ſolcher
324 976 449 1035 Perſon
468 977 693 1028 ausſchlaͤgt,
722 987 820 1019 wenn
856 969 937 1017 man
972 983 1036 1018 mit

168 1035 328 1080 Worten
337 1039 406 1075 nnd
415 1033 585 1078 Wercken
596 1033 698 1081 ſolche
716 1029 961 1078 Hochachtung
972 1027 1036 1076 aͤu⸗

168 1082 282 1140 ſerlich
303 1093 340 1131 zu
369 1079 523 1133 erkennen
544 1077 676 1136 giebt.
696 1077 746 1129 Je
779 1068 1036 1123 vollkommener

168 1145 222 1185 die
233 1138 499 1192 Eigenſchafften
511 1141 600 1183 einer
611 1139 746 1189 Perſon
760 1140 842 1185 ſind,
888 1133 928 1179 je
942 1139 1034 1184 mehr

168 1193 258 1244 Ehre
268 1196 336 1233 und
346 1190 458 1244 Preiß
467 1180 638 1233 verdienet
649 1187 740 1237 ſie.
756 1189 820 1239 Ja
836 1188 951 1233 GOtt
965 1188 1036 1236 ſind

169 1247 235 1283 alle
249 1236 518 1291 vollkommenſte
537 1238 817 1287 Eigenſchafften,
830 1244 928 1279 denn
965 1239 1034 1284 ſein

166 1289 279 1349 Weſen
309 1289 362 1345 iſt
386 1288 600 1340 vollkommen,
623 1287 767 1339 Matthaͤi
783 1298 823 1332 V.
834 1306 867 1331 v.
877 1298 935 1337 48;
945 1290 1036 1338 folg⸗

169 1345 233 1396 lich
243 1343 409 1397 gebiehret
418 1343 549 1391 GOtte
562 1347 615 1386 die
627 1343 834 1394 allerhoͤchſte
845 1343 949 1390 Ehre,
965 1346 1035 1384 und

170 1402 228 1441 der
243 1391 542 1453 allererſinlichſte
565 1391 690 1447 Preiß.
708 1397 799 1447 Moſes
824 1390 903 1448 ſaget
930 1406 964 1435 in
973 1393 1036 1442 ſei⸗

170 1452 252 1499 nem
252 1442 490 1498 Lob⸗Geſang
490 1438 630 1497 davon:
642 1445 736 1496 gebt
759 1446 894 1497 unſern
907 1445 1037 1490 GOtt

167 1496 286 1544 allein
298 1505 358 1543 die
369 1498 496 1554 Ehre,
513 1500 565 1548 im
565 1500 594 1549 5
600 1498 703 1547 Buch
715 1500 816 1544 Moſe
826 1502 999 1540 XXXII.
975 1494 1002 1545 v.
1004 1509 1035 1544 3.

169 1552 300 1597 David
309 1557 495 1594 ermuntert
502 1550 612 1598 hierzu
623 1554 673 1590 die
682 1548 1036 1600 Menſchen⸗Kinder:

169 1604 341 1657 Bringet
349 1605 415 1654 her
423 1608 511 1647 dem
522 1603 683 1650 HErrn,
694 1602 755 1647 ihr
764 1603 1036 1646 Gewaltigen;

169 1656 326 1705 bringet
339 1657 405 1702 her
411 1655 505 1694 dem
516 1650 667 1698 HErrn
688 1650 799 1702 Ehre
810 1658 892 1693 und
910 1642 1036 1693 Staͤr⸗

170 1710 244 1750 cke.
290 1706 459 1762 Bringet
474 1704 553 1748 dem
603 1704 736 1752 HErrn
768 1706 881 1757 Ehre
916 1702 1038 1751 ſeines

169 1763 382 1811 Namens;
415 1763 459 1801 im
494 1763 591 1803 XXIX.
603 1758 731 1807 Pſalm
742 1772 780 1798 v.
793 1771 864 1806 1,2.
904 1757 1037 1807 Selbſt

170 1814 223 1853 die
233 1807 370 1858 ſeeligen
382 1807 573 1856 Schaaren
581 1800 630 1847 im
640 1804 797 1853 Himmel
807 1806 922 1856 ſuchen
940 1815 1037 1846 einen

168 1867 278 1914 Theil
289 1867 375 1915 ihrer
385 1857 583 1910 Seeligkeit
605 1857 641 1906 in
645 1867 703 1907 der
715 1863 815 1910 Ehre
815 1863 889 1909 und
906 1862 1036 1913 Preiße

172 1912 353 1961 GOttes,
379 1903 507 1961 dahero
517 1915 559 1961 ſie
565 1916 650 1956 dort
662 1911 851 1961 ſprachen:
863 1904 1039 1961 Hallelu⸗

591 1968 646 2017 B

978 1971 1037 2015 ja!
