1596 2386
514 392 597 442 156

513 490 560 527 les
589 485 696 527 andre
713 484 914 533 unertraͤglich
938 491 1059 535 machte.
1110 489 1200 533 Doch
1222 496 1348 530 warum

510 546 565 590 ſoll
580 545 621 588 ich
640 547 671 582 in
688 550 738 583 der
755 547 864 584 dritten
886 549 999 593 Perſon
1022 550 1120 585 reden.
1171 549 1283 591 Mache
1299 552 1342 592 ich

511 593 585 635 mich
610 593 688 636 nicht
714 593 785 630 eben
809 594 940 636 dadurch
963 596 1044 633 eines
1064 595 1190 639 falſchen
1213 587 1347 642 Stolzes

509 649 660 695 ſchuldig,
682 654 736 687 den
762 651 804 694 ich
827 654 987 696 verwerfe?
1016 672 1069 684 —
1101 655 1170 698 Alſo
1194 655 1236 696 ich
1257 656 1345 693 liebte

509 706 589 750 Lady
603 705 728 748 Helena,
748 705 797 747 ehe
813 707 854 747 ich
871 707 942 749 noch
963 707 1107 751 England
1128 708 1245 749 verließ,
1272 714 1347 751 trug

511 758 583 799 dieſe
597 754 809 800 Leidenſchaft,
835 758 940 798 welche
954 760 1028 799 auch
1044 759 1088 795 die
1103 759 1248 802 wildeſten
1264 761 1343 797 See⸗

509 805 557 840 len
584 801 704 840 laͤutern
725 806 787 839 und
817 804 982 847 verfeinern
1010 804 1106 846 kann,
1141 798 1343 849 allenthalben

509 863 566 897 mit
583 860 639 896 mir
657 862 772 905 herum,
797 863 860 897 und
876 866 963 898 ward
978 864 1066 900 leider
1080 864 1213 906 gewahr,
1228 864 1287 905 daß
1305 865 1342 907 ſie

509 913 572 957 jede
595 911 724 948 Stunde
750 912 861 954 immer
874 910 980 955 ſtaͤrker
1002 916 1067 952 und
1091 914 1215 957 heftiger
1245 916 1344 950 ward.

508 962 571 1006 Jch
592 960 656 994 kam
671 958 784 1001 zuruͤck,
805 951 874 998 und
888 961 961 1001 mich
976 959 1131 1000 erwartete
1147 966 1196 998 der
1212 962 1346 1005 heftigſte

509 1010 630 1050 Kampf
640 1009 775 1051 zwiſchen
795 1007 906 1044 meiner
927 1005 1127 1053 Leidenſchaft
1153 1012 1212 1058 und
1233 1013 1342 1046 meiner

508 1053 688 1108 Vernunft.
731 1067 792 1111 Jch
807 1066 860 1110 ſah
877 1067 921 1102 die
936 1064 1208 1111 liebenswuͤrdigſte
1223 1068 1348 1111 Geſtalt,

509 1120 540 1156 in
558 1120 635 1164 ihrer
653 1116 797 1164 ſchoͤnſten
810 1115 926 1164 Bluͤthe
942 1127 998 1157 vor
1012 1119 1068 1159 mir
1084 1120 1348 1166 herumſchweben,

509 1177 574 1213 und
591 1176 684 1221 fand,
712 1176 771 1219 daß
787 1175 842 1225 ſich
865 1176 912 1220 ihr
929 1175 1131 1222 Wohlwollen
1155 1175 1207 1223 fuͤr
1221 1177 1295 1221 mich
1309 1178 1349 1215 in

508 1227 619 1267 meiner
632 1229 834 1273 Abweſenheit
852 1238 904 1266 um
919 1229 984 1272 ſehr
997 1229 1091 1268 vieles
1111 1231 1261 1275 vermehrt
1275 1232 1348 1276 hat⸗

505 1290 548 1321 te.
601 1284 682 1330 Jhre
698 1283 881 1331 Hoͤflichkeit,
902 1285 1005 1328 welche
1018 1285 1061 1330 ſie
1073 1285 1131 1322 mir
1146 1287 1262 1328 erwies,
1276 1285 1347 1330 gab

508 1332 582 1365 bald
612 1331 841 1373 zugeſtandenen
872 1329 999 1373 Vorzug
1022 1337 1059 1374 zu
1086 1329 1245 1372 erkennen,
1276 1334 1347 1367 und

510 1391 573 1427 aus
589 1388 692 1435 dieſem
706 1391 757 1433 ſah
773 1390 814 1433 ich
830 1389 875 1427 die
889 1391 989 1433 reinſte
1002 1391 1082 1432 Liebe
1096 1392 1205 1434 hervor
1221 1391 1346 1430 keimen.

506 1444 572 1481 Auf
592 1444 622 1488 ſo
648 1443 732 1479 einen
755 1444 852 1488 hohen
874 1444 982 1491 Gipfel
996 1448 1052 1483 des
1067 1444 1185 1485 Gluͤcks
1206 1447 1248 1491 ich
1262 1446 1347 1489 auch

503 1494 587 1541 ſelbſt
600 1493 675 1537 nach
689 1494 812 1531 meinem
834 1494 938 1539 eignen
960 1492 1079 1541 Gefuͤhl
1103 1497 1233 1540 dadurch
1255 1498 1346 1540 erho⸗

506 1550 563 1585 ben
584 1553 689 1590 ward,
721 1551 751 1594 ſo
778 1550 863 1596 beſaß
894 1551 936 1594 ich
962 1552 1032 1595 doch
1053 1551 1130 1592 noch
1153 1553 1253 1595 Muth
1273 1555 1346 1590 und

505 1599 802 1652 Rechtſchaffenheit
816 1612 925 1647 genug,
959 1605 1008 1647 ihr
1029 1607 1086 1642 alle
1106 1606 1154 1642 die
1180 1609 1346 1649 Gefahren

505 1655 712 1698 vorzuſtellen,
736 1656 841 1698 welche
863 1658 925 1699 auf
942 1658 979 1699 ſie
998 1662 1161 1697 warteten,
1193 1658 1235 1692 im
1259 1659 1345 1703 Fall,

505 1704 565 1747 daß
581 1705 669 1745 unſre
684 1705 762 1743 Liebe
777 1706 855 1749 ihrer
869 1707 994 1750 Familie
1008 1706 1135 1744 bekannt
1149 1703 1269 1748 wuͤrde;
1294 1698 1344 1750 ich

505 1759 601 1803 ſuchte
619 1758 665 1800 ihr
680 1761 740 1798 das
757 1756 1037 1805 Romanenmaͤßige
1056 1764 1119 1796 und
1143 1754 1345 1811 Schwaͤrme⸗

506 1814 593 1855 riſche
611 1813 645 1849 in
660 1814 714 1848 den
732 1813 834 1857 Jdeen
853 1820 915 1849 von
937 1817 989 1850 der
1002 1812 1081 1853 Liebe
1103 1821 1140 1857 zu
1160 1814 1344 1856 entwickeln,

501 1866 565 1894 und
585 1869 633 1895 wo
652 1858 775 1902 moͤglich
792 1869 828 1905 zu
844 1860 1010 1903 benehmen,
1036 1863 1090 1896 und
1109 1859 1241 1906 bemuͤhte
1255 1863 1342 1905 mich,

504 1917 552 1962 ihr
574 1918 628 1959 alle
653 1918 699 1959 die
718 1920 843 1967 tauſend
865 1918 1113 1968 unangenehmen
1133 1921 1340 1970 Empfindun⸗
