1444 2005
187 83 251 137 des
275 89 324 135 18.
338 87 546 136 Sonntags
564 88 654 142 nach
669 87 857 128 Trinitatis.

926 88 999 131 615

59 178 180 229 meine
187 174 480 231 Wegweiſerin,
494 176 616 223 meine
624 173 906 227 Rathgeberin,
913 176 998 219 und

59 233 179 284 meine
204 232 331 297 ſtetige
353 231 596 286 Begleiterin
617 229 723 283 ſeyn,
746 230 872 274 damit
887 231 937 276 ich
953 232 999 273 in

57 290 161 339 ihrer
185 285 345 341 heiligen
363 284 597 340 Geſellſchaft
619 285 695 336 auf
713 287 801 331 dem
816 281 999 333 ſchmalen

58 343 196 406 Wege,
211 345 293 393 und
307 340 420 393 durch
430 342 486 388 die
494 351 585 396 enge
594 339 745 393 Pforte
778 334 846 386 zum
864 339 1000 385 ewigen

57 393 178 443 Leben
196 388 374 449 eingehen
383 392 507 450 moͤge.
561 394 655 446 Gib
655 394 751 446 auch
759 393 894 441 deinen
903 390 1002 442 goͤtt⸗

59 449 174 502 lichen
189 448 341 504 Segen,
355 447 453 500 ohne
461 446 634 500 welchem
642 441 827 494 niemand
833 441 1001 497 geſegnet

58 505 145 563 ſeyn
173 502 259 562 kan,
283 509 332 557 zu
349 505 421 549 den
446 503 632 554 Wercken
653 504 801 549 meines
826 498 1005 551 Berufs,

59 556 126 618 und
141 556 220 617 hilf
236 558 319 617 mir,
328 558 445 612 durch
454 561 559 605 deine
568 557 762 611 holdſelige
770 558 854 603 und
871 556 1005 602 erbar⸗

59 616 191 665 mende
218 613 350 665 Liebe,
373 614 430 660 die
447 611 534 667 Laſt
556 614 640 659 und
663 611 766 665 Hitze
786 610 901 662 dieſes
915 611 1004 656 und

57 670 149 717 aller
156 662 324 722 uͤbrigen
339 665 453 721 Tage
466 666 613 715 meines
620 664 767 713 Lebens
783 670 929 716 tragen,
944 663 1007 709 bis

57 723 110 773 du
125 721 230 772 mich
240 723 320 767 aus
334 723 401 768 der
416 719 633 776 Finſternis
650 719 762 773 dieſer
784 716 1007 771 vergaͤngli⸗

58 777 142 833 chen
153 776 282 829 Welt,
296 780 340 825 in
357 778 416 823 die
432 775 551 829 ewige
573 774 819 830 Herrlichkeit
834 772 1008 823 verſetzen

57 832 184 888 wirſt,
192 827 310 880 allwo
327 834 408 881 kein
424 832 591 886 Wechſel
605 834 669 879 der
676 831 777 886 Zeit,
789 832 871 875 und
879 839 943 872 wo
951 832 1008 872 du

57 887 203 940 ſammt
216 883 353 932 Vater
366 887 451 929 und
464 885 557 929 dem
558 876 738 941 Heiligen
758 872 882 936 Geiſte
899 878 1006 934 lebeſt

57 943 129 1002 und
149 942 347 1003 regiereſt
371 941 414 996 in
408 945 614 1001 Ewigkeit.
642 946 787 990 Amen.

212 1026 386 1078 Spruͤche
413 1028 475 1068 der
503 1026 659 1075 heiligen
684 1020 850 1075 Schrift.

258 1079 350 1117 Jm
364 1087 390 1119 5.
411 1079 454 1113 B.
453 1066 541 1118 Moſ.
548 1085 597 1110 am
606 1076 636 1109 6.
653 1085 680 1107 v.
698 1076 723 1121 4.
733 1080 764 1112 5.

102 1127 195 1163 Hoͤre
213 1094 341 1162 Jſrael,
365 1130 418 1145 der
437 1115 540 1160 HErr
559 1113 646 1161 unſer
667 1121 766 1147 GOtt
780 1119 815 1152 iſt
829 1118 879 1144 ein
893 1112 1008 1151 einiger

61 1181 176 1229 HErr,
199 1186 263 1218 und
280 1185 321 1218 du
336 1179 456 1228 ſolt
417 1179 474 1228 den
471 1180 595 1227 HErrn
609 1181 716 1220 deinen
729 1180 827 1220 GOtt
840 1177 899 1217 lieb
907 1178 1007 1223 haben

60 1237 126 1263 von
133 1232 264 1272 gantzem
272 1228 409 1274 Hertzen,
421 1230 484 1278 von
484 1228 604 1278 gantzer
616 1222 753 1269 Seelen,
760 1231 821 1262 von
828 1224 917 1264 allem
924 1223 1009 1263 Ver⸗

62 1284 188 1332 moͤgen.

296 1337 356 1376 Jm
364 1343 393 1377 5.
411 1334 451 1369 B.
451 1334 539 1376 Moſ.
553 1342 603 1368 am
616 1341 702 1366 10.
679 1328 713 1368 v.
720 1332 772 1364 11.

75 1366 202 1417 Nun,
208 1357 330 1418 Jſrael,
338 1376 406 1407 was
414 1372 531 1416 fordert
554 1366 604 1420 der
619 1365 689 1417 HErr
699 1372 769 1407 dein
776 1367 875 1408 GOtt
881 1375 942 1404 von
949 1367 1007 1408 dir,

61 1425 141 1460 denn
147 1426 254 1470 daß
228 1427 268 1473 du
271 1426 332 1459 den
339 1420 468 1469 HErrn
481 1423 589 1460 deinen
605 1420 706 1462 GOtt
718 1419 877 1466 fuͤrchteſt,
889 1419 951 1465 daß
964 1422 1010 1455 du

63 1474 95 1506 in
109 1474 188 1516 allen
201 1472 299 1516 ſeinen
329 1468 422 1521 Wegen
440 1465 582 1519 wandelſt
601 1465 650 1515 und
666 1461 780 1517 liebeſt
795 1467 858 1513 ihn,
871 1471 936 1503 und
950 1469 1008 1503 die⸗

63 1522 130 1572 neſt
149 1524 209 1571 dem
211 1519 335 1571 HErrn
348 1518 471 1558 deinem
477 1511 586 1557 GOtt
595 1522 658 1554 von
671 1519 803 1561 gantzem
811 1512 937 1562 Hertzen
943 1516 1008 1551 und

62 1576 121 1613 von
134 1580 251 1617 gantzer
263 1576 440 1619 Seelen?

277 1618 459 1658 Sirach
468 1617 519 1646 am
524 1617 558 1652 1.
571 1617 597 1644 v.
620 1621 664 1649 13.
683 1606 732 1649 14.

104 1665 205 1706 GOtt
218 1664 315 1704 lieben
325 1665 370 1710 iſt
380 1666 428 1701 die
435 1661 633 1711 allerſchoͤnſte
641 1662 806 1710 Weisheit,
823 1662 887 1699 und
896 1667 959 1698 wer
966 1661 1026 1709 ſie

64 1717 195 1764 erſiehet,
212 1716 254 1755 der
256 1709 351 1755 liebet
363 1716 418 1764 ſie.
460 1709 562 1755 Denn
569 1724 602 1751 er
607 1713 711 1763 ſiehet,
736 1704 819 1758 welch
835 1701 910 1763 groß
903 1712 1019 1753 Wun⸗

60 1772 117 1805 der
122 1768 169 1805 ſie
184 1768 254 1805 thut.

479 1821 544 1864 Qq
569 1826 596 1863 4

935 1816 1026 1865 Zun
