1310 1899
488 320 573 366 Wo
581 320 637 363 der
647 320 747 369 Geift
755 322 815 361 des
821 321 955 372 HErrn
967 314 1104 374 kraͤfftig
1120 322 1153 366 in
1164 317 1209 365 ei⸗

436 384 495 415 ner
505 374 638 418 Seelen
656 374 812 422 wuͤrcket,
820 379 865 418 da
873 373 950 422 haͤlt
978 370 1018 421 er
1009 380 1082 419 dem
1093 377 1207 424 Suͤn⸗

438 426 495 467 der
523 427 585 466 den
604 425 759 472 Spiegel
782 427 842 467 des
860 427 1010 476 Geſetzes
1032 427 1209 480 dergeſtalt

435 475 491 524 fuͤr
506 480 557 518 die
576 476 709 524 Augen,
730 479 797 518 und
816 475 920 527 oͤffnet
939 480 1008 527 ihm
1022 480 1073 520 die
1086 480 1206 526 Augen

435 527 505 572 alſo
516 528 550 567 in
559 528 621 567 den
631 525 784 574 Spiegel
795 538 832 576 zu
842 528 949 576 ſehen,
965 529 1032 576 daß
1040 539 1074 571 er
1082 533 1145 573 alle
1154 531 1206 570 die

436 578 625 625 Ungeſtalt,
646 579 874 627 Unreinigkeit
894 580 961 621 und
980 580 1108 625 Greuel
1124 581 1206 630 ſehe,

437 629 489 669 die
499 638 533 668 in
546 625 663 677 ſeinem
673 628 814 679 Hertzen
831 629 898 669 und
918 629 951 669 in
967 623 1084 685 ſeiner
1103 630 1207 677 Natur

437 682 541 719 ſteckt.

494 729 580 774 Der
597 730 736 782 Apoſtel
749 731 892 779 Paulus
906 728 1003 780 ſagt:
1028 730 1108 781 Jch
1123 742 1207 771 wu⸗

434 770 485 824 ſte
501 774 630 822 nichts
646 785 728 815 von
738 778 804 814 der
815 774 971 821 Suͤnde,
997 779 1051 817 die
1079 777 1205 821 Suͤnde

434 828 619 869 erkannte
644 828 701 875 ich
725 830 831 874 nicht
853 830 956 872 ohne
984 833 1101 876 durch
1127 834 1205 871 das

436 881 592 932 Geſetze,
601 879 822 930 Roͤm.7,17.
849 885 942 930 Wie
954 886 1017 927 kan
1029 887 1096 928 das
1104 883 1206 936 ſeyn?

437 933 535 981 Daß
558 946 591 976 er
612 936 663 976 die
689 932 826 979 Suͤnde
853 936 941 984 nicht
964 937 1104 979 erkannt
1120 937 1206 982 ohne

436 986 536 1033 durch
552 989 619 1027 das
637 986 788 1033 Geſetze,
808 989 852 1028 da
870 988 949 1034 doch
968 990 1034 1029 das
1050 990 1135 1036 Licht
1151 993 1205 1028 der

435 1036 564 1081 Natur
572 1037 622 1077 die
634 1032 768 1081 Suͤnde
779 1036 1009 1086 offenbahret?
1036 1040 1132 1081 Von
1142 1042 1203 1080 den

435 1085 593 1137 Heyden
602 1086 700 1139 ſtehet
707 1086 925 1137 geſchrieben:
952 1088 1056 1132 Weil
1073 1090 1119 1139 ſie
1128 1093 1203 1131 das

435 1135 585 1186 Geſetze
607 1136 715 1182 nicht
738 1137 888 1188 haben,
909 1136 994 1191 ſind
1014 1139 1064 1192 ſie
1086 1140 1204 1191 ihnen

435 1189 541 1242 ſelbſt
549 1192 609 1230 ein
618 1190 753 1240 Geſetz,
765 1186 986 1235 Roͤm.2,14.

484 1235 674 1284 Demnach
691 1236 770 1286 muß
788 1237 887 1287 durch
904 1239 956 1280 die
973 1235 1123 1286 Suͤnde,
1141 1239 1204 1280 da⸗

417 1293 503 1333 von
528 1292 584 1332 der
600 1291 737 1342 Apoſtel
759 1294 867 1337 redet,
894 1290 982 1337 nicht
1005 1293 1202 1342 verſtanden

434 1339 568 1379 werden
606 1340 659 1379 die
698 1335 910 1391 wuͤrckliche⸗
946 1340 1084 1390 ſondern
1113 1340 1201 1385 Erb⸗

433 1392 593 1440 Suͤnde;
618 1393 688 1442 Jch
714 1396 817 1445 wuſte
840 1395 927 1443 nicht
944 1403 1013 1438 von
1032 1397 1087 1439 der
1101 1399 1200 1438 Ver⸗

432 1439 569 1486 derbniß
580 1443 635 1482 der
645 1442 785 1489 Natur,
800 1444 856 1483 der
867 1442 1064 1491 innerlichen
1077 1444 1201 1490 Qvelle

433 1495 489 1535 der
498 1490 679 1544 Suͤnden;
706 1495 758 1535 die
772 1496 928 1537 erkannte
946 1492 994 1544 ich
1004 1495 1102 1541 nicht,
1120 1499 1203 1540 ohne

433 1541 532 1587 durch
544 1542 609 1581 das
620 1539 752 1594 Geſetz;
762 1544 839 1585 Und
851 1542 923 1593 dieß
933 1544 971 1592 iſt
979 1542 1151 1592 gewißlich
1161 1540 1203 1582 ei⸗

431 1607 471 1634 ne
481 1589 688 1634 Eroͤffnung,
707 1596 998 1634 welche
841 1592 899 1634 das
918 1597 998 1634 Licht
1011 1600 1068 1634 der
1076 1599 1201 1634 Natur

430 1643 517 1702 nicht
536 1648 623 1699 geben
639 1650 715 1694 kan.
