1476 2239
836 342 943 397 284

518 428 608 460 „dieſe
623 426 816 465 Einfoͤrmigkeit
833 431 930 466 ſicherte
942 430 981 462 die
991 430 1083 462 Dauer
1094 434 1161 469 ihres
1169 434 1268 468 Werks.

520 487 603 520 „Das
629 487 700 519 Gute
732 484 798 520 waͤre
826 488 947 523 vielleicht
973 497 1023 521 von
1048 490 1155 526 weniger
1180 499 1268 525 reinen

519 541 649 581 „Haͤnden
676 546 778 578 bewirkt
799 550 914 580 worden,
927 550 1002 580 aber
1028 553 1057 581 es
1079 551 1132 581 kam
1157 550 1214 582 doch
1230 560 1268 586 zu

515 610 648 643 „Stand,
671 613 723 642 und
745 612 815 647 mehr
838 613 929 646 konnte
948 616 991 646 die
1002 615 1165 651 Philoſophie
1185 616 1267 648 einem

515 664 624 689 „Staat
643 667 710 690 nicht
725 667 899 694 verſprechen,
920 663 963 692 der
972 667 1021 695 ſich
1037 667 1110 697 durch
1128 666 1266 700 zwoͤlfhun⸗

513 730 685 768 „dertjaͤhrige
697 730 848 770 Jrrthuͤmer
862 735 916 765 und
923 733 1075 772 Fehltritte,
1092 736 1183 770 beinah
1190 733 1265 773 gaͤnz⸗

512 792 579 826 „lich
592 801 642 825 von
657 799 699 826 der
714 797 805 828 Moral
822 800 864 827 der
878 799 966 829 Natur
977 798 1092 830 entfernt
1108 799 1187 832 hatte.

506 852 641 883 „Der
656 850 742 888 groͤßte
753 854 895 888 Vortheil,
918 858 966 887 der
980 860 1028 888 aus
1042 858 1135 894 dieſem
1148 859 1263 894 Verlauf

507 913 576 945 „der
588 912 691 951 Sizung
713 913 878 950 entſprungen
897 913 985 950 waͤre,
1009 913 1083 951 haͤtte
1104 919 1196 951 darinn
1215 920 1262 952 be⸗

503 977 645 1013 ſtanden,
664 979 712 1014 daß
730 983 773 1013 die
787 980 955 1017 Erneuerung
975 983 1029 1015 des
1041 978 1135 1025 Staats
1155 985 1259 1019 bewirkt

503 1040 627 1074 „wurde,
651 1041 717 1077 ohne
735 1044 777 1075 die
796 1043 968 1083 Hauptſtadt,
993 1047 1034 1078 als
1054 1048 1103 1079 das
1122 1047 1256 1084 Werkzeug

503 1099 670 1134 „derſelben,
692 1109 750 1139 zum
764 1103 877 1138 Aufruhr
892 1111 930 1140 zu
937 1105 1033 1140 reizen;
1046 1108 1127 1140 ohne
1140 1107 1191 1141 daß
1202 1111 1257 1141 we⸗

499 1160 568 1191 „der
580 1162 617 1190 im
632 1162 814 1195 Mutterland,
835 1160 898 1204 noch
911 1168 944 1195 in
961 1160 1010 1204 den
1007 1166 1166 1201 Kolonien,
1183 1168 1254 1201 Blut

497 1221 648 1256 „vergoſſen
673 1225 775 1256 wurde;
796 1224 862 1260 ohne
881 1222 929 1258 daß
945 1224 1004 1257 eine
1018 1225 1116 1264 Menge
1131 1226 1252 1264 Vorneh⸗

501 1292 577 1320 „mer
596 1289 644 1319 ins
662 1287 779 1321 Ausland
799 1290 965 1324 wanderten,
992 1298 1047 1323 von
1070 1293 1146 1325 deren
1166 1294 1250 1328 Luxus

501 1352 577 1375 „eine
597 1347 665 1381 groſe
682 1348 781 1385 Anzahl
803 1344 908 1384 Buͤrger
920 1348 1011 1390 lebte;
1039 1351 1092 1383 und
1115 1352 1180 1384 ohne
1199 1353 1249 1386 daß

497 1413 578 1441 „man
588 1409 640 1439 den
655 1407 741 1445 Koͤnig
753 1411 829 1445 durch
842 1411 926 1444 ſeinen
938 1411 1036 1448 Einzug
1050 1416 1078 1445 in
1092 1415 1131 1446 die
1145 1415 1248 1453 Haupt⸗

497 1469 580 1504 „ſtadt
593 1469 754 1505 erniedrigte.
786 1470 933 1507 Frankreich
942 1471 1015 1506 haͤtte
1028 1473 1071 1508 ſich
1085 1474 1162 1511 gleich
1178 1477 1248 1507 einer

497 1525 597 1556 „hohen
614 1526 710 1558 Ceder,
729 1526 768 1556 die
785 1533 842 1557 vom
859 1519 958 1559 Sturm
975 1528 1049 1564 lange
1063 1536 1104 1564 zur
1119 1530 1188 1560 Erde
1202 1538 1245 1565 ge⸗

495 1589 590 1623 „beugt
602 1590 723 1623 worden,
747 1593 838 1625 wieder
852 1600 902 1625 von
924 1593 993 1629 ſelbſt
1005 1602 1083 1632 gegen
1105 1598 1146 1627 die
1165 1597 1243 1632 wohl⸗

490 1650 628 1688 „thaͤtigen
643 1651 775 1688 Strahlen
793 1656 840 1685 des
853 1656 935 1689 Lichts
946 1656 1166 1693 emporgerichtet,
1189 1660 1243 1690 und

491 1710 580 1746 „waͤre
589 1716 636 1743 nie
649 1713 725 1748 durch
740 1715 781 1745 die
796 1715 894 1748 Greuel
916 1716 986 1755 einer
1000 1715 1177 1753 Jnſurrektion
1203 1726 1241 1750 er⸗

488 1766 625 1808 „ſchuͤttert
642 1773 751 1805 worden.

1137 1851 1239 1883 „Statt
