1521 2489
149 426 253 459 bringen.
281 429 348 456 †Jch
362 431 401 452 der
415 428 488 458 HErr
503 433 560 456 habs
571 429 656 456 geſagt.

257 467 270 482 *
281 468 329 488 cap.
349 466 392 483 14,
409 466 449 483 21.
478 464 567 492 Offenb.
584 465 615 488 6,
632 464 656 486 8.

311 492 327 516 †
336 494 385 514 cap.
393 493 434 514 21,
445 495 483 516 17.

245 530 337 568 Das
357 529 392 565 6.
414 527 564 572 Capitel.

148 563 297 593 Weiſſagung
313 567 359 587 von
375 564 517 594 verheerung
543 568 583 590 des
597 565 656 592 jüdi⸗

176 594 236 619 ſchen
246 595 340 619 landes,
355 597 433 620 wegen
451 597 490 619 der
506 597 657 623 abgötterey,

174 623 234 648 nebſt
249 619 404 646 verheiſſung,
421 620 464 646 daß
482 624 557 650 etliche
567 621 657 647 wenige

176 649 245 671 ſollen
258 649 360 673 erhalten
371 650 472 671 werden.

146 671 193 722 U

193 673 229 708 Nd
240 675 277 698 des
288 674 376 702 HErrn
387 674 448 697 wort
457 674 546 702 geſchah
556 680 584 702 zu
593 673 656 698 mir,

205 709 252 722 und
262 705 351 722 ſprach:

219 726 242 742 2.
259 724 302 743 Du
313 722 511 744 menſchen ⸗ kind,
530 725 594 747 kehre
604 724 656 744 dein

148 752 256 777 angeſicht
267 755 278 767 *
290 751 361 774 wider
372 751 406 773 die
416 751 482 776 berge
496 754 591 777 Jſrael,
609 760 658 775 und

146 779 247 806 weiſſage
256 781 325 803 wider
333 779 378 801 ſie,
461 781 473 794 *
482 783 529 803 cap.
540 785 599 802 36,1.

175 808 196 830 3.
213 808 263 829 Und
271 805 357 829 ſprich:
373 805 420 829 Jhr
429 805 496 830 berge
506 807 604 831 Jſrael,
618 807 656 831 hö⸗

146 834 182 853 ret
198 833 239 854 das
254 833 315 854 wort
331 831 370 853 des
385 831 476 857 HErrn
490 831 597 859 HErrn:
615 837 655 857 So

145 858 227 884 ſpricht
236 861 277 883 der
285 859 358 885 HErr
370 857 486 884 HERR,
500 860 567 884 beyde
577 862 604 883 zu
614 863 656 884 den

146 884 229 913 bergen
238 887 286 908 und
296 884 394 910 hügeln,
411 885 478 911 beyde
485 890 512 913 zu
521 887 564 911 den
575 887 656 912 bächen

144 915 192 935 und
203 914 297 939 thalen:
313 912 396 938 Siehe,
406 911 437 938 ich
445 913 486 939 wil
499 915 541 940 das
550 914 656 939 ſchwerdt

143 939 200 963 über
208 940 259 963 euch
271 939 384 965 bringen,
398 939 445 966 und
456 943 509 969 eure
520 940 593 969 höhen
605 945 653 964 um⸗

143 968 250 994 bringen.

171 995 194 1015 4.
211 987 267 1013 Daß
282 992 338 1012 eure
351 987 426 1014 altäre
446 989 585 1018 verwüſtet,
606 994 652 1015 und

142 1021 198 1043 eure
212 1020 284 1043 götzen
307 1018 439 1044 zerbrochen
460 1024 530 1045 ſollen
554 1027 645 1045 werden.

143 1050 194 1072 Und
210 1048 252 1072 wil
263 1053 315 1072 eure
327 1047 437 1076 leichnam
452 1050 495 1077 vor
510 1051 553 1076 den
564 1041 653 1083 bildern

143 1077 295 1106 todtſchlagen
305 1078 382 1104 laſſen.

174 1108 196 1129 5.
213 1103 263 1129 Ja,
281 1104 312 1128 ich
327 1105 370 1129 wil
385 1104 420 1129 die
434 1103 543 1134 leichnach
552 1107 592 1132 der
609 1105 653 1129 kin⸗

142 1124 182 1148 der
193 1127 272 1152 Jſrael
280 1131 323 1148 vor
331 1132 401 1148 euren
408 1131 497 1151 bildern
505 1135 592 1152 fällen,
607 1136 654 1149 und

142 1159 185 1182 wil
196 1164 249 1183 eure
257 1158 349 1186 gebeine
360 1163 401 1185 um
411 1164 465 1186 eure
476 1162 551 1186 altäre
562 1163 602 1188 her
611 1164 655 1189 zer⸗

142 1185 241 1216 ſtreuen.

170 1212 194 1232 6.
210 1209 259 1233 Wo
268 1208 306 1233 ihr
315 1209 424 1234 wohnet,
427 1206 451 1241 da
476 1209 546 1235 ſollen
547 1208 578 1242 die
593 1209 656 1242 ſtäd.

140 1235 164 1258 te
173 1235 259 1263 wüſte,
274 1236 322 1259 und
331 1236 368 1260 die
375 1236 448 1262 höhen
462 1244 502 1262 zur
511 1242 590 1264 einöde
596 1244 652 1262 wer⸗

140 1268 193 1294 den.
222 1270 294 1294 Denn
304 1272 359 1291 man
374 1269 434 1293 wird
449 1273 505 1295 eure
511 1268 595 1299 altäre
608 1269 650 1294 wü.

141 1295 172 1321 ſte
180 1296 226 1320 und
236 1299 276 1321 zur
284 1294 363 1319 einöde
372 1294 479 1321 machen,
495 1297 543 1320 und
551 1301 607 1326 eure
615 1295 651 1322 gö⸗

142 1319 188 1347 tzen
202 1320 331 1347 zerbrechen
353 1321 402 1344 und
417 1325 443 1345 zu
459 1319 530 1345 nichte
545 1316 656 1353 machen,

141 1351 189 1372 und
208 1354 261 1372 eure
276 1348 350 1372 bilder
365 1346 518 1378 zerſchlagen,
536 1349 584 1376 und
599 1353 653 1376 eure

140 1379 200 1410 ſtifte
210 1378 333 1405 vertilgen.

169 1406 192 1430 7.
209 1402 258 1426 und
276 1401 346 1429 ſollen
363 1399 502 1430 erſchlagene
517 1402 589 1427 unter
602 1400 653 1428 euch

142 1424 171 1450 da
179 1429 270 1456 liegen;
286 1429 328 1453 daß
337 1429 396 1458 ihr*
406 1431 517 1456 erfahret,
528 1434 559 1457 ich
568 1434 605 1455 ſey
615 1435 653 1455 der

142 1459 223 1487 HErr.
315 1467 327 1482 *
338 1469 457 1492 cap.7,27.
473 1461 523 1490 Jeſ.
525 1467 610 1493 37,20.

144 1487 170 1515 8.
179 1490 220 1537 J

220 1490 244 1515 ch
254 1489 296 1515 wil
304 1490 379 1515 aber*
388 1490 467 1515 etliche
473 1494 519 1515 von
529 1492 582 1515 euch
590 1490 653 1514 über⸗

236 1519 324 1543 bleiben
338 1518 423 1544 laſſen,
437 1517 472 1543 die
488 1520 538 1546 dem
546 1519 653 1547 ſchwerdt

142 1541 252 1572 entgehen
267 1554 337 1574 unter
354 1551 397 1574 den
411 1551 514 1576 heyden;
535 1554 606 1578 wenn
621 1550 652 1577 ich

143 1566 193 1594 euch
204 1569 230 1594 in
239 1571 273 1592 die
284 1577 360 1596 länder
375 1573 494 1596 zerſtreuet
504 1574 569 1595 habe.

251 1611 263 1621 *
272 1604 322 1630 Jeſ.
331 1609 403 1632 1,8.9.

170 1627 195 1650 9.
209 1625 355 1653 Dieſelbigen
371 1630 425 1650 eure
442 1623 541 1654 übrigen
560 1626 651 1652 werden

143 1640 200 1667 denn
214 1654 245 1667 an
260 1656 315 1669 mich
332 1656 451 1671 gedencken
461 1661 531 1669 unter
548 1659 590 1670 den
602 1659 653 1671 hey⸗

143 1675 193 1704 den,
209 1681 236 1703 da
245 1681 272 1705 ſie
288 1685 399 1705 gefangen
408 1686 460 1704 ſeyn
470 1687 571 1707 müſſen,
584 1690 652 1704 wenn

145 1700 175 1729 ich
185 1706 222 1733 ihr
233 1709 319 1732 huriſch
335 1713 406 1733 hertz,
422 1714 446 1730 ſo
463 1715 510 1732 von
521 1720 567 1730 mir
586 1715 651 1732 gewi⸗

135 1729 210 1760 chen,
225 1739 273 1758 und
281 1739 332 1761 ihre
341 1741 440 1759 huriſche
456 1745 547 1760 augen,
564 1744 588 1760 ſo
599 1743 652 1759 nach

144 1755 207 1784 ihren
216 1764 289 1789 götzen
307 1769 414 1788 geſehen,
430 1770 567 1788 zerſchlagen
579 1771 652 1787 habe;

143 1787 189 1810 und
197 1791 256 1815 wird
265 1794 293 1815 ſie
303 1799 401 1815 gereuen
410 1799 446 1812 die
456 1798 562 1817 bosheit,
578 1799 612 1813 die
625 1798 651 1816 ſie

143 1806 207 1841 durch
217 1819 313 1842 allerley
327 1824 377 1841 ihre
392 1825 473 1842 greuel
483 1827 601 1843 begangen
614 1826 651 1841 ha⸗

143 1840 193 1867 ben.

172 1873 209 1895 10.
223 1875 274 1899 Und
283 1875 354 1901 ſollen
368 1874 492 1901 erfahren,
506 1875 550 1900 daß
566 1875 598 1901 ich
612 1875 652 1898 der

145 1882 215 1917 HErr
229 1902 278 1930 ſey,
302 1906 349 1931 und
370 1906 429 1933 nicht
449 1910 550 1937 umſonſt
564 1909 653 1941 geredet

146 1922 208 1950 habe,
220 1927 301 1951 ſolches
310 1932 406 1950 unglück
416 1935 486 1951 ihnen
495 1942 522 1951 zu
532 1939 600 1949 thun.

145 1951 182 1988 11.
199 1962 245 1998 S

246 1962 272 1991 o
272 1962 365 1991 ſpricht
387 1963 435 1991 der
435 1963 526 1991 HErr
526 1963 651 1991 HERR:

262 1991 363 2016 Schlage
384 1993 452 2018 deine
475 1994 551 2019 hände
566 1992 653 2024 zuſam⸗

145 1997 211 2026 men,
226 2011 272 2025 und
287 2016 394 2043 ſtrampel
407 2018 453 2041 mit
467 2020 549 2046 deinen
565 2021 652 2050 füſſen,

144 2032 188 2055 und
204 2036 287 2060 ſprich:
302 2042 375 2059 Wehe
389 2042 447 2058 über
462 2047 506 2060 alle
522 2051 601 2061 greuel
613 2049 652 2058 der

144 2054 230 2086 bosheit
245 2068 277 2086 im
293 2070 360 2085 hauſe
382 2071 477 2086 Jſrael;
497 2078 580 2086 darum
596 2077 651 2085 ſie*

144 2080 222 2113 durchs
237 2094 357 2114 ſchwerdt,
379 2100 467 2129 hunger
483 2106 529 2113 und
543 2102 652 2138 peſtilentz

145 2109 212 2140 fallen
223 2122 318 2141 müſſen.
427 2139 497 2160 *cap.
505 2143 525 2163 5,
534 2142 568 2162 17.

174 2148 211 2169 12.
227 2149 284 2174 Wer
299 2152 362 2174 ferne
378 2148 420 2173 iſt,
442 2158 502 2173 wird
516 2164 547 2176 an
562 2158 602 2174 der
618 2158 653 2186 pe⸗

145 2156 222 2192 ſtilentz
246 2177 350 2205 ſterben:
379 2182 423 2207 und
449 2188 502 2211 wer
521 2188 584 2214 nahe
609 2187 652 2216 iſt,

144 2193 201 2220 wird
232 2202 312 2224 durchs
342 2210 448 2223 ſchwerdt
482 2214 575 2241 fallen;
603 2217 653 2241 wer

144 2224 196 2252 aber
210 2226 368 2254 überbleibet,
393 2239 441 2252 und
463 2239 536 2257 davor
560 2242 652 2256 behütet

675 434 716 459 iſt,
732 435 791 460 wird
803 435 904 462 hungers
916 435 1010 460 ſterben.
1039 436 1093 459 Alſo
1104 436 1145 459 wil
1156 435 1188 461 ich

675 464 766 489 meinen
774 466 835 489 grim
845 467 913 487 unter
921 464 992 487 ihnen
1000 464 1129 489 vollenden.

705 496 743 515 13.
759 492 815 516 Daß
830 492 868 517 ihr
883 492 988 516 erfahren
1005 492 1083 518 ſollet,
1105 493 1137 517 ich
1153 494 1188 519 ſey

674 512 712 534 der
724 513 813 540 HErr,
829 518 897 534 wenn
908 517 958 537 ihre
970 517 1107 538 erſchlagene
1118 522 1188 535 unter

674 543 739 567 ihren
756 545 829 570 götzen
841 543 915 570 liegen
932 546 1024 570 werden
1040 550 1080 567 um
1091 547 1139 569 ihre
1155 546 1190 566 al⸗

673 570 725 595 täre
736 572 791 595 her;
808 573 865 594 oben
883 572 927 596 auf
942 574 1002 595 allen
1022 575 1124 598 hügeln,
1140 575 1188 595 und

674 600 754 624 oben*
766 600 810 623 auf
823 600 884 622 allen
899 602 998 625 bergen,
1016 604 1061 625 und
1074 603 1143 623 unter
1153 603 1188 624 al⸗

674 627 709 650 len
721 631 811 653 grünen
821 627 931 649 bäumen,
943 629 990 649 und
1002 631 1071 650 unter
1083 630 1142 651 allen
1155 630 1189 651 di⸗

674 654 722 678 cken
731 654 812 678 eichen,
826 657 856 674 an
866 654 964 677 welchen
979 657 1045 679 orten
1054 657 1081 678 ſie
1092 658 1187 681 allerley

673 684 748 709 götzen
758 682 823 706 ſüſſes
832 681 993 707 räuch ⸗ opffer
1005 685 1094 706 thäten.

783 706 880 725 *1Kön.
891 711 968 734 14,23.
990 709 1061 733 2Kön.
1069 710 1132 741 16,4.

703 735 741 756 14.
757 730 800 757 Jch
824 730 865 754 wil
889 731 964 753 meine
986 733 1046 755 hand
1071 739 1142 756 wider
1158 732 1189 758 ſie

673 761 824 786 ausſtrecken,
841 761 886 784 und
894 762 937 784 das
947 762 1002 784 land
1011 763 1080 787 wüſte
1090 765 1136 787 und
1146 766 1188 787 öde

674 789 781 813 machen,
796 792 841 812 von
850 789 888 811 der
897 788 983 813 wüſten
991 794 1021 811 an
1030 790 1064 811 bis
1075 796 1117 814 gen
1127 794 1187 813 Dib⸗

673 817 740 843 lath,
755 822 793 841 wo
801 818 828 843 ſie
842 817 956 840 wohnen:
972 818 1019 842 und
1031 819 1103 846 ſoſlen
1111 820 1188 847 erfah⸗

674 850 725 873 ren,
736 845 780 873 daß
789 846 820 873 ich
829 847 869 872 der
878 846 951 877 HErr
963 846 1008 873 ſey.

775 887 871 928 Das
885 896 923 929 7.
937 885 1091 929 Capitel.

674 924 824 953 Weiſſagung
845 920 890 957 von
904 927 955 952 dem
970 926 1086 953 endlichen
1107 928 1188 951 unter⸗

701 961 762 981 gang
771 959 810 981 des
821 957 957 984 königreichs
968 958 1045 985 Juda.

674 978 716 1041 U

722 985 755 1009 Nd
772 986 811 1008 des
825 984 944 1010 HERRN
966 984 1030 1013 wort
1043 982 1134 1014 geſchah
1158 988 1188 1013 zu

731 1011 787 1038 mir,
798 1011 844 1039 und
854 1012 945 1039 ſprach:

745 1040 770 1059 2.
788 1039 832 1063 Du
848 1039 1051 1063 menſchen ⸗ kind,
1067 1039 1090 1066 ſo
1106 1039 1188 1063 ſpricht

672 1064 713 1087 der
725 1063 799 1095 HErr
820 1065 917 1095 HERR
937 1067 991 1087 vom
1007 1064 1074 1088 lande
1090 1067 1186 1092 Jſrael:

671 1093 727 1117 Das
736 1095 792 1119 ende
803 1093 883 1121 komt,
898 1092 934 1126 das
944 1093 998 1120 ende
1016 1093 1072 1121 über
1082 1097 1126 1120 alle
1135 1097 1186 1119 vier

672 1117 737 1143 örter
743 1120 782 1143 des
791 1121 880 1144 landes.

701 1147 723 1170 3.
739 1145 797 1172 Nun
805 1146 866 1172 komt
873 1147 915 1171 das
923 1147 980 1170 ende
986 1144 1042 1171 über
1051 1147 1115 1171 dich:
1125 1149 1187 1172 denn

672 1163 703 1189 ich
721 1170 763 1188 wil
779 1173 870 1188 meinen
886 1175 948 1191 grim
962 1174 1018 1190 über
1034 1176 1079 1194 dich
1089 1179 1186 1193 ſenden,

672 1201 718 1222 und
734 1200 776 1225 wil
785 1200 833 1227 dich
841 1200 944 1227 richten,
962 1203 1007 1225 wie
1023 1205 1052 1225 du
1068 1206 1187 1226 verdienet

672 1225 733 1250 haſt;
749 1227 795 1250 und
807 1225 851 1251 wil
859 1227 896 1248 dir
906 1230 993 1253 geben,
1011 1234 1062 1251 was
1062 1234 1123 1258 allen
1138 1235 1188 1253 dei⸗

672 1259 715 1277 nen
726 1256 824 1277 greueln
833 1255 954 1282 gebühret.

698 1285 723 1304 4.
743 1276 829 1303 Mein*
843 1285 905 1308 auge
912 1280 946 1306 ſol
953 1281 1006 1304 dein
1015 1281 1075 1310 nicht
1082 1287 1187 1318 ſchonen,

670 1304 724 1331 noch
733 1303 874 1330 überſehen;
888 1304 985 1329 ſondern
996 1309 1028 1330 ich
1039 1315 1082 1330 wil
1096 1317 1133 1340 dir
1150 1321 1187 1346 ge⸗

672 1333 731 1358 ben,
746 1333 792 1357 wie
807 1333 839 1358 du
854 1334 972 1359 verdienet
981 1335 1044 1359 haſt,
1063 1343 1109 1360 und
1121 1343 1186 1359 deine

671 1362 751 1373 greuel
765 1362 834 1373 ſollen
850 1367 919 1383 unter
934 1366 979 1373 dich
998 1367 1111 1388 kommen,
1141 1376 1186 1398 daß

671 1385 709 1417 ihr
720 1383 821 1419 erfahren
829 1378 888 1418 ſolt,
898 1389 931 1417 ich
940 1390 976 1416 ſey
983 1390 1021 1416 der
1031 1379 1116 1425 HErr.

783 1423 795 1438 *
807 1425 883 1445 cap.5,
894 1425 924 1446 11.
941 1424 981 1445 cap.
993 1423 1059 1448 8,18.

700 1446 723 1470 5.
739 1443 780 1469 So
788 1443 916 1473 ſpricht
893 1444 939 1476 der
930 1443 1005 1473 HErr
1021 1445 1111 1475 HErr:
1128 1446 1186 1472 Sie⸗

672 1472 711 1500 he,
720 1473 744 1497 es
754 1473 814 1499 komt
823 1473 859 1497 ein
870 1472 965 1500 unglück
975 1474 1030 1497 über
1040 1477 1083 1498 das
1090 1479 1170 1500 ander.

700 1508 723 1524 6.
740 1506 796 1529 Das
805 1505 859 1528 ende
867 1505 936 1531 komt,
952 1504 978 1529 es
986 1505 1047 1531 komt
1062 1507 1105 1530 das
1112 1508 1185 1533 ende,

671 1529 695 1554 er
703 1529 729 1556 iſt
738 1528 836 1554 erwacht
844 1529 899 1556 über
907 1529 968 1556 dich:
984 1529 1050 1556 ſiehe,
1061 1534 1084 1555 es
1092 1534 1162 1558 komt.

698 1563 721 1583 7.
738 1559 773 1583 Es
783 1560 850 1585 gehet
859 1559 920 1584 ſchon
931 1558 988 1584 auf,
1003 1561 1050 1584 und
1065 1561 1135 1586 bricht
1145 1564 1187 1585 da⸗

670 1581 709 1608 her
718 1581 775 1607 über
783 1582 838 1608 dich,
851 1584 881 1607 du
890 1584 1023 1609 einwohner
1035 1588 1073 1607 des
1085 1589 1184 1608 landes:

669 1613 705 1636 die
720 1613 763 1638 zeit
778 1613 858 1638 komt,
872 1614 911 1639 der
926 1616 964 1640 tag
979 1613 1017 1637 des
1032 1614 1147 1640 iammers
1157 1617 1186 1642 iſt

670 1642 745 1666 nahe,
770 1642 800 1666 da
815 1641 864 1667 kein
881 1641 961 1670 ſingen
976 1641 1020 1670 auf
1040 1645 1083 1669 den
1098 1645 1184 1670 bergen

671 1670 722 1695 ſeyn
732 1668 801 1692 wird.

698 1694 722 1717 8.
738 1691 794 1716 Nun
803 1691 845 1715 wil
853 1690 883 1716 ich
892 1690 945 1715 bald
954 1690 1045 1715 meinen
1056 1693 1118 1718 grim
1127 1692 1186 1718 über

670 1723 718 1748 dich
731 1719 846 1748 ſchütten,
862 1722 909 1745 und
925 1721 1018 1746 meinen
1034 1728 1089 1748 zorn
1101 1728 1131 1746 an
1147 1728 1184 1749 dir

670 1753 807 1777 vollenden;
822 1754 868 1776 und
878 1758 908 1776 wil
924 1747 972 1779 dich
981 1752 1082 1780 richten,
1097 1754 1141 1778 wie
1153 1758 1183 1780 du

671 1781 787 1803 verdienet
797 1781 861 1806 haſt;
876 1782 922 1804 und
933 1780 968 1804 dir
978 1780 1062 1807 geben,
1078 1782 1129 1808 was
1140 1784 1184 1809 dei⸗

678 1813 716 1831 nen
726 1809 821 1831 greueln
832 1808 891 1832 allen
902 1807 1021 1837 gebühret.

698 1840 722 1857 9.
738 1834 829 1858 Mein*
838 1839 896 1861 auge
910 1834 942 1860 ſol
951 1835 1001 1858 dein
1012 1834 1071 1860 nicht
1082 1834 1184 1862 ſchonen,

670 1863 718 1885 und
727 1860 768 1884 wil
780 1861 839 1886 nicht
850 1861 934 1889 gnädig
951 1862 1019 1887 ſeyn;
1038 1864 1133 1887 ſondern
1151 1868 1183 1889 ich

670 1890 710 1911 wil
721 1890 757 1911 dir
765 1889 843 1913 geben,
855 1888 899 1912 wie
905 1889 936 1913 du
945 1889 1062 1914 verdienet
1070 1893 1125 1915 haſt,
1135 1896 1184 1913 und

669 1917 734 1940 deine
750 1918 828 1940 greuel
839 1917 906 1942 ſollen
919 1920 987 1942 unter
998 1917 1044 1942 dich
1061 1918 1188 1949 kommen;

669 1942 712 1969 daß
724 1944 761 1967 ihr
769 1943 875 1968 erfahren
884 1944 956 1971 ſollet,
966 1943 997 1967 ich
1006 1944 1040 1971 ſey
1049 1947 1086 1968 der
1098 1947 1182 1974 HErr,

668 1972 706 1997 der
717 1967 768 1994 euch
777 1968 867 1996 ſchlägt.
919 1972 988 1984 *cap.
1007 1973 1059 1994 5,11.
1076 1976 1092 1993 c.
1098 1977 1182 1996 20,17.

700 2005 738 2021 10.
755 1999 870 2024 Siehe,*
885 2000 923 2023 der
935 2002 983 2023 tag,
1002 1999 1066 2024 ſiehe,
1086 2006 1110 2023 er
1122 2004 1186 2026 komt

670 2024 756 2051 daher;
774 2027 797 2045 er
807 2024 876 2049 bricht
886 2028 933 2046 an,
952 2023 987 2048 die
1002 2027 1071 2050 ruthe
1086 2030 1183 2051 blühet,

671 2055 717 2081 und
726 2055 764 2075 der
774 2054 841 2081 ſtoltze
851 2053 944 2080 grünet.
1028 2058 1139 2086 *vers7.

701 2086 739 2105 11.
755 2079 806 2104 Der
823 2084 892 2107 tyran
907 2080 948 2105 hat
963 2079 1003 2105 ſich
1023 2077 1183 2108 aufgemacht,

671 2115 710 2135 zur
720 2110 804 2133 ruthen
813 2109 868 2133 über
877 2109 911 2131 die
919 2109 1046 2137 gottloſen;
1059 2114 1101 2134 daß
1111 2116 1186 2135 nichts

670 2140 715 2159 von
725 2134 811 2158 ihnen,
830 2129 878 2160 noch
893 2138 934 2157 von
948 2134 1022 2159 ihrem
1038 2141 1112 2160 volck,
1129 2143 1184 2161 noch

670 2169 716 2188 von
725 2164 799 2187 ihrem
810 2164 899 2187 hauffen
909 2164 964 2189 troſt
975 2164 1046 2190 haben
1057 2169 1124 2189 wird.

701 2197 738 2214 12.
756 2191 852 2214 Darum
873 2190 933 2214 komt
956 2191 990 2214 die
1005 2194 1062 2217 zeit,
1090 2197 1128 2215 der
1144 2194 1184 2217 tag

677 2219 740 2243 nahet
758 2218 831 2243 herzu.
876 2220 928 2243 Der
953 2219 1037 2247 käuffer
1059 2223 1124 2244 freue
1144 2224 1185 2244 ſich

678 2248 744 2274 nicht,
761 2249 806 2273 und
818 2249 856 2273 der
866 2247 993 2275 verkäuffer
1010 2252 1089 2274 traure
1107 2252 1183 2273 nicht:
