1563 2422
562 463 633 502 Kan
633 463 674 502 ich
685 468 785 505 davor,
796 466 860 511 daß
856 462 902 512 ich
905 471 1054 509 entzundet
1063 469 1138 505 bin?

519 504 599 541 Dein
611 506 704 547 heiſſer
716 506 781 538 blick
797 507 848 545 hat
857 509 945 545 dieſen
955 510 1047 542 brand
1056 509 1212 550 erwecket;

561 553 626 588 Mit
634 561 720 587 einem
731 555 797 588 blick
806 563 869 588 war
878 556 945 595 auch
954 564 1025 590 mein
1037 557 1120 598 hertze
1129 557 1190 596 hin,

559 598 634 632 Wer
643 596 727 635 weiß,
738 598 793 636 daß
804 600 866 638 feur
881 600 939 633 und
949 600 1042 641 ſchnee
1050 603 1108 636 und
1114 602 1235 639 marmel
1243 602 1362 647 ſtecket?

559 641 616 684 Jch
626 641 703 679 hatte
713 644 794 676 kaum
804 652 848 676 ein
863 651 920 683 aug
934 644 991 684 auf
996 645 1053 687 dich
1062 647 1209 689 gewandt,

729 691 792 724 Und
800 698 864 723 war
875 691 1043 725 entbrannt.

560 746 617 780 Ach
627 746 755 782 Sylvia!
771 752 879 785 erwege
887 748 956 780 was
965 749 999 781 es
1008 749 1062 789 ſey,

515 779 558 823 Zu
558 779 651 824 ſeiner
660 784 724 822 luſt,
739 783 912 825 unſchuld'ge
928 785 1012 824 ſeelen
1034 791 1157 833 brennen,

557 829 615 870 Jch
625 837 687 863 war
697 831 799 870 vorhin
810 830 870 872 von
864 823 969 871 dieſen
980 833 1067 874 zuͤgen
1076 833 1147 875 frey,

515 872 582 909 Mit
593 876 636 905 dir
646 872 707 911 hab
707 872 751 912 ich
758 872 793 913 ſie
803 873 908 915 erſtlich
916 875 1013 909 lernen
1024 875 1141 915 kennen,

559 920 613 957 So
624 921 698 962 haſſe
707 925 780 956 denn
792 923 876 962 nicht,
893 926 962 958 was
971 924 1009 960 du
1018 925 1077 965 haſt
1092 925 1230 969 gemacht,

725 965 790 999 Und
798 956 992 1007 aufgebracht.

553 1021 619 1057 Der
626 1021 740 1062 himmel
747 1021 821 1060 weiß
832 1031 891 1058 von
898 1024 989 1058 keiner
997 1021 1160 1067 haͤrtigkeit,

511 1061 558 1099 Er
564 1061 669 1102 ſchlaͤgt
680 1069 756 1103 zwar
766 1060 821 1102 ein,
835 1067 901 1102 doch
910 1064 995 1105 loͤſcht
1002 1073 1030 1097 er
1036 1067 1111 1115 auch
1122 1068 1161 1112 mit
1183 1066 1283 1109 regen,

555 1108 609 1142 Du
618 1108 668 1141 biſt
679 1110 736 1142 ihm
745 1107 845 1147 gleich,
870 1110 908 1142 du
919 1111 1061 1144 ausbund
1068 1110 1152 1150 dieſer
1163 1112 1221 1153 zeit,

512 1146 570 1186 Laß
578 1149 636 1187 dich
645 1148 711 1186 doch
719 1148 789 1188 auch
798 1155 831 1189 zu
840 1148 957 1190 gleicher
965 1150 1018 1190 luſt
1025 1153 1164 1192 bewegen,

553 1194 613 1230 Die
622 1194 695 1236 hoͤlle
705 1194 788 1235 lehrt,
807 1186 875 1231 was
884 1197 974 1233 wuͤtet
990 1199 1048 1233 und
1057 1197 1202 1243 zerbricht,

723 1242 790 1280 Der
798 1243 914 1284 himmel
921 1245 1005 1288 nicht.

556 1299 616 1338 Die
624 1302 709 1341 ſonne
720 1302 798 1344 ſelbſt
805 1303 898 1345 miſcht
905 1304 957 1346 ſich
966 1306 1017 1339 den
1026 1304 1139 1348 thaͤlern
1147 1306 1204 1353 ein,

511 1342 576 1385 Jhr
585 1344 674 1383 weſen
684 1345 756 1379 wird
764 1341 928 1385 beruͤhmter
935 1346 990 1387 auf
996 1349 1045 1381 der
1053 1349 1150 1388 erden,

557 1391 617 1428 Die
624 1391 704 1432 kohle
712 1395 788 1432 giebt
796 1395 857 1429 dem
864 1393 965 1434 ſpiegel
979 1394 1069 1438 glantz
1077 1396 1136 1431 und
1146 1396 1248 1439 ſchein,

509 1428 614 1467 Durch
620 1430 691 1468 mich
699 1431 750 1463 kan
760 1429 833 1468 nicht
841 1432 908 1465 dein
918 1434 1010 1472 werth
1019 1435 1176 1474 gemindert
1183 1440 1350 1479 werden,

553 1479 614 1517 Die
622 1480 697 1521 ſeele,
716 1481 758 1512 die
766 1483 817 1514 den
826 1481 947 1522 irdſchen
956 1482 1056 1522 coͤrper
1064 1483 1155 1529 ſpeiſt,

721 1525 825 1563 Bleibt
832 1527 900 1567 doch
910 1526 973 1562 dein
986 1527 1066 1569 geiſt.

550 1580 640 1621 Zwar
648 1582 700 1620 iſts
706 1590 739 1624 zu
748 1582 813 1622 viel,
829 1583 873 1617 ein
883 1584 982 1624 bloſſer
991 1585 1097 1626 menſch
1103 1592 1137 1629 zu
1145 1585 1222 1627 ſeyn,

509 1616 576 1661 Und
586 1623 683 1664 ſich
652 1620 688 1665 an
695 1625 768 1665 dem,
784 1625 853 1658 was
863 1623 978 1668 goͤttlich
988 1627 1029 1667 iſt,
1047 1629 1202 1663 verlieben.

552 1672 610 1711 Ach
619 1673 687 1705 aber
696 1673 759 1709 ach!
779 1673 855 1709 Gott
873 1673 949 1713 giebt
959 1675 1015 1708 das
1025 1676 1116 1710 lieben
1123 1676 1180 1715 ein,

508 1712 585 1751 Wer
593 1711 753 1754 widerſteht
765 1716 817 1748 den
826 1711 1018 1755 uͤberirdſchen
1029 1716 1162 1753 trieben?

551 1758 610 1797 Ein
620 1769 714 1795 armer
724 1761 830 1801 menſch
844 1761 895 1801 hat
912 1769 968 1797 nur
978 1769 1035 1799 von
1045 1762 1134 1808 fleiſch
1142 1763 1186 1800 ein
1195 1763 1275 1810 hertz,

717 1806 782 1841 Und
781 1800 858 1848 nicht
872 1801 909 1843 von
939 1809 1000 1848 ertz.

550 1859 610 1896 Die
619 1860 687 1894 liebe
696 1861 765 1902 ſieht
774 1860 843 1900 auch
852 1859 925 1895 keine
932 1862 1077 1903 gleichheit
1086 1871 1137 1904 an,

505 1903 567 1940 Sie
576 1901 685 1941 miſchet
693 1904 772 1945 greiß
780 1905 838 1938 und
847 1905 1076 1946 perlen⸗ſchmuck
1083 1906 1256 1950 zuſammen,

549 1949 609 1985 Die
619 1949 722 1984 Emma
739 1950 803 1988 kuͤßt
817 1949 877 1991 hier
888 1949 968 1990 ihren
978 1950 1154 1993 unterthan;

503 1987 563 2024 Ein
572 1987 663 2025 ſclave
672 1989 777 2023 brennt
790 1990 820 2025 in
829 1988 998 2032 koͤniglichen
1006 1993 1164 2033 flammen;

546 2036 611 2073 Und
619 2034 729 2072 Veneri
738 2037 769 2072 iſt
778 2038 860 2072 Adon
874 2045 930 2072 nur
940 2039 983 2071 ein
993 2038 1098 2082 knecht,

717 2080 802 2123 Doch
816 2081 891 2124 nicht
901 2090 934 2125 zu
943 2083 1064 2127 ſchlecht.
