2370 2891
678 629 777 669 vielen
796 628 910 676 Haren
930 634 995 667 und
1013 630 1113 667 einem
1132 631 1251 677 ſtarken
1267 628 1365 676 Kopf
1377 633 1443 665 und
1470 628 1662 668 Kinnladen
1680 621 1845 674 verſehen,
1872 622 1903 660 ia
1928 624 1977 662 die
1992 625 2078 673 groͤſ⸗

680 685 744 732 ſere
764 683 964 730 Gattungen
984 683 1138 728 derſelben
1159 681 1261 729 haben
1285 681 1348 725 auf
1379 685 1435 719 dem
1459 676 1524 732 Kopf
1553 675 1618 732 zwei
1646 680 1796 728 ſchwarze
1807 676 1989 724 Hoͤrnchen,
2002 681 2076 717 wel⸗

680 736 730 776 che
753 745 828 772 man
859 737 940 781 ſonſt
967 736 1016 772 bei
1049 735 1157 771 keinen
1180 737 1301 771 andern
1326 733 1461 772 Bienen
1487 732 1614 778 antrift.
1669 728 1761 779 Jhre
1778 730 1859 770 viele
1881 728 1956 774 Hare
1977 730 2075 776 aber,

678 790 760 827 dikke
774 789 899 835 Koͤpfe,
928 787 1024 834 ſtarke
1045 785 1269 832 Freßzangen,
1295 784 1469 829 Hoͤrnchen
1483 794 1521 822 ꝛc.
1538 787 1603 829 ſind
1619 783 1714 831 ihnen
1733 793 1789 821 um
1785 778 1825 835 ſo
1861 782 1921 820 viel
1939 781 2077 829 noͤtiger,

682 846 721 878 da
744 843 783 887 ſie
806 841 839 878 in
860 846 911 878 der
929 850 1030 877 rauen
1055 839 1188 877 Mauer
1210 838 1355 885 zwiſchen
1375 837 1483 878 Sand
1502 844 1567 875 und
1584 836 1732 877 Steinen
1755 832 1992 887 handthieren,
2020 833 2080 873 mit

680 890 770 931 Erde
792 891 897 930 bauen
914 894 980 928 und
1001 890 1096 937 ſolche
1111 888 1179 939 ſehr
1198 887 1261 937 fein
1287 887 1487 928 verarbeiten
1506 887 1638 937 muͤſſen.

756 993 855 1036 Die
871 991 1131 1033 Maurerbienen
1150 991 1216 1039 ſind
1234 989 1313 1032 auch
1328 989 1382 1027 wie
1396 986 1546 1037 mehrere
1568 986 1815 1036 einſamlebende
1830 985 1988 1036 Jnſekten
2006 991 2080 1027 das,

679 1051 754 1085 was
777 1043 820 1083 im
837 1043 1079 1090 Pflanzenreich
1105 1042 1152 1081 die
1176 1040 1489 1089 Sommerpflanzen
1512 1042 1607 1088 ſind:
1642 1046 1723 1078 denn
1748 1037 1809 1077 wie
1830 1047 1865 1078 es
1891 1038 2021 1087 ſcheint,
2049 1039 2081 1085 ſo

681 1098 773 1140 hoͤret
794 1098 882 1141 meiſt
896 1097 946 1145 ihr
962 1096 1056 1136 Leben
1083 1097 1142 1136 mit
1160 1102 1229 1136 dem
1245 1093 1411 1135 Sommer
1437 1094 1516 1139 auf,
1542 1100 1608 1131 und
1629 1095 1717 1132 leben
1738 1104 1801 1132 nur
1820 1092 1853 1131 in
1869 1093 1954 1144 ihrer
1970 1093 2082 1134 Nach⸗

682 1150 943 1192 kommenſchaft,
972 1149 1020 1183 die
1035 1149 1074 1190 ſie
1095 1153 1157 1183 das
1171 1146 1316 1191 Fruͤiahr
1332 1146 1485 1189 hindurch
1504 1147 1626 1189 emſigſt
1647 1144 1817 1188 beſorgen,
1844 1146 1922 1187 fort.
1975 1144 2085 1180 Denn

683 1195 730 1237 ich
758 1195 837 1239 habe
862 1196 937 1233 noch
962 1195 1013 1229 nie
1037 1195 1123 1231 keine
1143 1196 1208 1227 alte
1232 1194 1425 1238 dergleichen
1452 1191 1556 1231 Biene
1576 1194 1608 1226 in
1628 1188 1749 1236 Rizzen
1766 1195 1818 1231 der
1836 1190 1995 1232 Mauren
2010 1193 2085 1226 oder

682 1246 766 1291 ſonſt
795 1245 840 1282 im
865 1244 1101 1290 Winterſchlaf
1121 1243 1243 1290 liegend
1265 1244 1429 1280 entdekken
1453 1243 1595 1282 koͤnnen:
1623 1240 1752 1287 ſondern
1777 1249 1840 1276 nur
1855 1238 1922 1287 ihre
1938 1237 2085 1285 Jungen

680 1297 826 1342 befinden
847 1296 902 1343 ſich
913 1295 955 1333 im
967 1294 1202 1342 Winterſchlaf
1217 1292 1248 1331 in
1264 1292 1349 1342 ihrer
1357 1290 1614 1341 Nimphenhaut
1627 1289 1862 1338 eingeſchloſſen
1875 1302 1950 1330 vom
1965 1285 2084 1337 Herbſt

681 1347 735 1387 bis
757 1356 794 1393 zu
818 1351 886 1384 dem
905 1344 1062 1395 Fruͤling,
1092 1346 1186 1391 da
1148 1340 1199 1398 ſie
1202 1344 1339 1384 alsdenn
1355 1346 1413 1390 erſt
1429 1356 1492 1381 von
1521 1350 1574 1381 der
1602 1344 1788 1383 belebenden
1808 1344 1950 1382 Waͤrme
1967 1353 2005 1388 zu
2035 1341 2087 1387 ih⸗

682 1415 735 1441 rer
754 1400 994 1448 Auferſtehung
1011 1400 1143 1447 gerufen
1161 1404 1318 1440 werden.
1353 1399 1451 1443 Doch
1469 1400 1536 1437 will
1555 1399 1599 1442 ich
1618 1399 1702 1440 nicht
1723 1407 1801 1444 ganz
1818 1397 1851 1433 in
1868 1396 1994 1436 Abrede
2007 1395 2086 1443 ſein,

684 1452 724 1490 ob
750 1451 832 1493 nicht
853 1452 933 1496 auch
962 1454 1025 1489 alte
1050 1449 1312 1490 Maurerbienen
1340 1449 1418 1488 uͤber
1440 1448 1577 1488 Winter
1596 1449 1708 1491 leben;
1745 1447 1818 1484 weil
1841 1447 1887 1490 ich
1916 1458 1959 1485 an
1983 1447 2087 1485 vielen

682 1505 763 1548 nach
785 1502 886 1550 ihrem
913 1504 1011 1548 erſten
1031 1502 1181 1549 Ausflug
1206 1501 1252 1538 im
1277 1500 1421 1546 Fruͤiahr
1444 1500 1510 1542 eine
1533 1501 1665 1546 Menge
1687 1499 1801 1546 Laͤuſe,
1831 1505 1907 1538 oder
1928 1497 2085 1549 vielmehr

682 1552 822 1591 Milben
840 1551 903 1593 auf
915 1550 1012 1593 ihnen
1032 1557 1142 1593 gewar
1167 1551 1314 1584 worden.
1365 1547 1437 1591 Jch
1466 1545 1569 1591 zaͤhlte
1589 1537 1709 1581 einmal
1729 1548 1792 1589 auf
1804 1546 1891 1581 einer
1911 1545 1991 1581 uͤber
2000 1553 2088 1587 150

685 1599 781 1642 Laͤuſe
800 1602 866 1634 und
891 1599 1005 1632 konnte
1022 1596 1124 1632 damit
1141 1597 1218 1635 noch
1234 1594 1329 1640 lange
1355 1594 1437 1636 nicht
1457 1593 1550 1639 fertig
1579 1597 1725 1633 werden,
1766 1593 1881 1638 welche
1899 1595 1952 1631 der
1973 1591 2089 1632 Biene

686 1647 865 1697 ſaͤmmtlich
889 1658 943 1685 am
960 1647 1133 1694 Bruſtſtuͤk
1149 1644 1256 1691 ſaßen.
1302 1638 1322 1687 —
1342 1638 1402 1688 Man
1443 1643 1535 1698 ſiehet
1553 1643 1600 1685 die
1623 1641 1887 1687 Maurerbienen
1905 1640 2087 1695 uͤberhaupt

687 1712 753 1742 nur
768 1699 812 1741 im
835 1698 982 1752 Fruͤiahr
1002 1704 1069 1743 und
1084 1697 1138 1740 bis
1162 1695 1361 1752 Johannis.

786 1811 881 1852 Was
875 1804 949 1860 ihre
951 1807 1234 1858 Fortpflanzung
1253 1806 1381 1856 betrift,
1410 1808 1440 1856 ſo
1462 1806 1624 1856 erwaͤhlen
1640 1807 1679 1852 ſie
1696 1807 1753 1847 mit
1770 1806 1904 1855 Anfang
1925 1809 1981 1846 des
1993 1804 2088 1854 May

682 1869 721 1914 zu
750 1859 932 1913 Bereitung
961 1863 1022 1897 der
1058 1857 1169 1906 Zellen
1201 1858 1255 1906 fuͤr
1280 1857 1347 1905 ihre
1367 1854 1513 1904 Jungen
1532 1858 1596 1904 die
1617 1855 1854 1904 Voͤrdergiebel
1883 1860 1936 1893 der
1957 1847 2100 1907 Haͤuſer

685 1920 760 1953 oder
785 1914 939 1954 Mauren
966 1920 1066 1959 gegen
1090 1912 1225 1958 Mittag
1243 1910 1417 1958 liegend.
1447 1911 1514 1949 An
1533 1910 1664 1959 dieſelbe
1689 1911 1793 1949 bauen
1819 1910 1858 1957 ſie
1879 1916 1944 1947 von
1966 1907 2086 1950 Sand,

685 1964 745 1995 den
765 1958 804 2000 ſie
822 1967 887 1993 von
907 1956 1078 2000 Koͤrnchen
1104 1965 1145 2002 zu
1172 1945 1346 1997 Koͤrnchen
1370 1952 1571 1999 ausſuchen,
1600 1959 1666 1991 und
1689 1952 1748 1992 mit
1767 1952 1851 1993 einer
1867 1952 1932 1993 Art
1955 1954 2090 1993 Moͤrtel

686 2011 857 2050 verbinden
877 2012 1011 2047 eirunde
1035 2009 1224 2057 Huͤgelchen
1246 2009 1457 2054 beiſammen,
1484 2014 1551 2046 und
1572 2008 1720 2055 ſchließen
1741 2009 1780 2054 ſie
1804 2007 1861 2044 mit
1876 2006 1963 2046 einer
1989 2007 2089 2052 allge⸗

684 2060 810 2101 meinen
829 2060 1065 2104 Umkleidung,
1095 2060 1155 2095 wie
1179 2060 1238 2096 mit
1260 2059 1347 2098 einer
1366 2056 1610 2106 Kloſtermauer
1625 2058 1688 2095 ein.
1742 2056 1799 2101 Jn
1820 2057 1932 2101 dieſem
1951 2052 2088 2103 ziemlich

684 2113 792 2159 veſten
817 2113 885 2148 und
915 2109 1089 2157 bequemen
1112 2109 1276 2148 Gebaͤude
1298 2117 1411 2151 tragen
1433 2110 1473 2152 ſie
1494 2108 1528 2146 in
1548 2102 1634 2145 iedes
1658 2106 1745 2146 darin
1762 2107 1945 2152 enthaltene
1961 2106 2088 2152 Huͤgel⸗

685 2166 783 2209 chen,
812 2161 860 2204 die
884 2163 945 2203 alle
971 2160 1039 2210 ihre
1063 2162 1231 2211 beſondere
1246 2159 1467 2207 Abteilungen
1484 2165 1549 2203 und
1568 2158 1750 2207 Kammern
1768 2159 1888 2206 haben,
1918 2152 2088 2199 Blumen⸗

686 2213 779 2255 ſtaub
802 2212 857 2248 mit
878 2209 975 2257 Honig
995 2207 1181 2257 vermiſcht,
1210 2198 1360 2256 legen
1322 2213 1363 2262 zu
1382 2203 1478 2246 iedem
1494 2208 1544 2248 ein
1564 2207 1610 2248 Ei
1637 2204 1704 2254 und
1699 2198 1928 2256 verſchließen
1948 2208 2091 2246 alsdenn

687 2271 748 2300 den
765 2263 920 2310 Eingang
937 2266 995 2301 mit
1015 2263 1117 2301 einem
1139 2263 1394 2308 zerbrechlichern
1422 2262 1556 2303 Moͤrtel
1584 2271 1648 2298 von
1678 2261 1757 2305 loſer
1785 2257 1889 2302 Erde,
1918 2261 2014 2305 damit
2032 2262 2089 2303 die

686 2312 833 2360 Jungen
849 2324 886 2352 zu
904 2315 1002 2359 ſeiner
1017 2314 1089 2357 Zeit
1101 2312 1276 2357 ſaͤmmtlich
1295 2315 1352 2356 ſich
1368 2314 1454 2350 allda
1470 2309 1678 2359 durchbeißen
1696 2311 1865 2352 koͤnnen.
1890 2311 1983 2361 Wenn
2004 2309 2088 2349 man

684 2370 794 2411 genau
812 2353 879 2397 und
892 2363 994 2409 ſcharf
1006 2361 1118 2407 ſiehet,
1147 2362 1178 2407 ſo
1193 2361 1316 2398 entdekt
1328 2366 1395 2397 und
1411 2356 1635 2405 unterſcheidet
1651 2367 1726 2395 man
1747 2360 1824 2404 dieſe
1835 2361 1954 2404 Huͤgel
1968 2369 2009 2408 an
2022 2365 2090 2394 den

685 2417 847 2458 Waͤnden
875 2417 970 2458 durch
994 2414 1063 2459 ihre
1086 2423 1188 2460 graue
1211 2412 1330 2462 Farbe.
1383 2412 1511 2457 Solche
1532 2411 1694 2452 Gebaͤude
1717 2413 1793 2452 aber
1813 2413 2003 2457 verfertigen
2024 2421 2092 2451 nur

686 2463 924 2514 hauptſaͤchlich
943 2464 992 2501 die
1009 2464 1162 2511 groͤßeren
1181 2465 1284 2505 Arten
1296 2460 1562 2502 Maurerbienen
1582 2458 1646 2510 fig.
1656 2471 1701 2511 9.
1722 2467 1789 2498 und
1813 2471 1871 2498 10.
1896 2479 1947 2491 —
1960 2462 2089 2502 Andere

686 2519 766 2567 aber
784 2518 894 2573 ſuchen
910 2515 1012 2562 kleine
1024 2514 1133 2570 Loͤcher
1152 2523 1220 2561 und
1243 2515 1365 2571 Rizzen
1402 2508 1445 2567 an
1465 2507 1591 2571 Mauren
1636 2522 1696 2561 und
1704 2515 1861 2565 Waͤnden
1879 2516 1985 2573 gegen
1998 2515 2089 2555 Mit⸗
