1457 2302
469 374 530 420 38

477 435 581 475 chende
603 435 791 477 Dunkelheit
819 432 1025 479 beguͤnſtigten
1056 437 1118 476 ſein
1142 437 1253 470 Unter⸗

477 489 603 530 nehmen
625 501 662 508 —
685 497 715 524 er
736 490 849 531 entfloh
867 487 1003 534 gluͤcklich
1022 490 1090 525 dem
1108 490 1256 526 Gedraͤn⸗

477 551 532 583 ge,
558 545 619 578 und
641 544 710 578 eilte
723 554 786 578 nun
806 545 874 580 dem
886 545 977 586 tiefen
995 545 1153 589 Geſtrippe
1167 554 1209 587 zu
1209 555 1260 589 —

479 604 528 636 ein
557 602 694 642 ſchmaler
724 604 807 643 Pfad
841 601 944 644 fuͤhrte
975 600 1119 638 abwaͤrts
1135 602 1257 637 immer

478 658 565 697 tiefer
588 659 619 693 in
638 658 695 692 den
716 658 822 700 Forſt,
837 659 946 692 immer
959 658 1042 699 mehr
1055 660 1172 701 hinweg
1185 667 1257 692 vom

475 711 572 753 Lager
592 713 643 746 der
664 710 850 751 Schweden.
894 712 978 752 Dieß
996 722 1062 748 war
1082 715 1151 747 dem
1164 712 1256 747 Alten

476 769 648 810 gleichviel,
675 778 762 803 wenn
794 778 825 803 er
854 777 913 803 nur
935 768 1046 811 irgend
1076 771 1161 804 einen
1188 770 1256 806 Ort

476 827 529 861 der
548 826 724 868 Sicherheit
739 826 841 868 faͤnde.

565 881 624 914 Als
643 888 673 913 er
695 879 776 917 ferne
794 885 891 920 genug
916 885 987 912 vom
1008 877 1195 916 Getuͤmmel
1194 875 1257 924 des

478 936 630 977 Kampfes
653 944 741 975 war,
764 937 804 969 da
825 937 902 979 legte
927 944 957 970 er
978 936 1026 972 die
1049 936 1134 981 Laſt,
1158 937 1207 971 die
1223 946 1256 972 er

478 991 570 1027 trug,
596 988 653 1027 auf
670 989 726 1022 den
749 989 883 1024 Boden;
906 1002 936 1026 er
960 1004 1026 1030 war
1046 990 1130 1029 ſelbſt
1149 1001 1257 1037 matt,

477 1046 542 1080 und
564 1045 670 1080 konnte
694 1044 782 1079 kaum
797 1046 879 1085 mehr
900 1045 1003 1079 weiter
1023 1048 1172 1087 ſchreiten.
1195 1049 1255 1086 Ach

479 1101 521 1140 ich
543 1092 605 1140 will
626 1097 661 1145 ja
675 1109 764 1140 gerne
786 1100 920 1141 ſterben,
944 1098 1005 1139 rief
1023 1109 1074 1140 er,
1099 1108 1187 1135 wenn
1212 1102 1255 1142 ich

479 1169 538 1194 nur
560 1160 645 1203 Hilfe
665 1158 715 1200 fuͤr
737 1162 833 1199 dieſen
854 1160 1002 1202 geliebten
1006 1156 1142 1208 jungen
1153 1160 1257 1195 Mann

478 1213 573 1254 finde.
618 1214 662 1248 Er
693 1213 859 1255 beſichtigte
890 1212 1089 1253 Herrmanns
1112 1203 1257 1256 Wunde,

478 1274 552 1313 fand
567 1273 603 1315 ſie
614 1272 672 1311 tief
679 1273 740 1306 und
754 1273 936 1315 gefaͤhrlich,
958 1272 1030 1308 aber
1042 1273 1114 1313 noch
1127 1272 1255 1315 herrſch⸗

479 1332 508 1361 te
529 1322 659 1361 Waͤrme
682 1325 723 1359 im
743 1324 873 1367 Koͤrper.
894 1337 937 1353 —
969 1325 1003 1364 O
1025 1327 1128 1366 Gott,
1151 1327 1254 1367 ſprach

480 1387 531 1417 er,
556 1387 588 1420 er
604 1375 689 1419 waͤre
712 1376 782 1417 noch
802 1385 837 1420 zu
856 1389 973 1422 retten,
998 1392 1087 1420 wenn
1102 1393 1166 1421 nur
1183 1379 1256 1419 Hil⸗

479 1442 507 1482 fe
524 1442 601 1480 nicht
621 1440 702 1483 allzu
724 1434 813 1487 lange
832 1434 917 1487 mehr
940 1438 1069 1484 zoͤgerte.
1086 1442 1253 1484 Aengſtlich

478 1496 568 1537 gleich
587 1497 652 1529 dem
677 1495 805 1537 Kinde,
817 1497 877 1531 das
896 1496 945 1529 die
965 1490 1118 1539 verlorne
1125 1490 1255 1541 Mutter

481 1551 600 1591 ſuchet,
625 1550 725 1584 blickte
751 1561 781 1583 er
800 1549 904 1591 umher
928 1563 971 1575 —
993 1549 1032 1585 da
1054 1550 1207 1592 gewahrte
1223 1560 1255 1585 er

480 1611 527 1644 ein
551 1610 665 1643 kleines
685 1609 839 1649 Lichtchen
845 1609 888 1649 —
898 1609 960 1643 und
982 1609 1013 1650 ſo
1031 1611 1146 1652 ſchnell
1146 1611 1184 1652 es
1202 1611 1254 1650 ſei⸗

478 1673 515 1699 ne
537 1662 636 1705 eigene
680 1657 831 1712 Schwaͤche
852 1662 971 1708 zuließ,
996 1665 1065 1702 eilte
1089 1675 1120 1701 er
1138 1665 1257 1704 darauf

479 1721 542 1755 los.
589 1717 634 1754 Er
657 1717 729 1757 fand
749 1720 812 1755 eine
821 1714 958 1763 Huͤtte,
960 1717 1070 1764 welche
1087 1720 1197 1755 mitten
1209 1719 1253 1756 im

478 1775 676 1819 Buſchwerke
694 1777 777 1817 ſtand
797 1792 829 1813 —
840 1778 931 1818 heftig
945 1774 1055 1819 oͤffnete
1069 1788 1099 1813 er
1111 1778 1160 1811 die
1168 1777 1254 1817 Thuͤ⸗

478 1839 529 1871 re,
542 1833 604 1869 und
625 1832 673 1871 ein
687 1832 765 1870 alter
778 1832 888 1871 Bauer
901 1834 958 1867 mit
970 1832 1065 1873 einem
1086 1832 1253 1875 eisgrauen
