1506 2351
187 459 320 503 Baͤume
337 462 511 513 unmoͤglich
528 467 706 508 ausſtehen.
767 465 818 513 Zu
836 470 1056 518 geſchweigen,

184 507 266 556 daß,
292 514 349 547 wie
368 513 409 546 im
420 523 451 547 2.
463 509 489 559 §.
501 510 656 562 erinnert,
683 526 736 553 am
745 507 842 555 Ende
860 521 916 554 des
927 520 1053 566 Julius

185 567 247 600 und
263 565 403 611 Auguſt,
440 570 489 606 die
506 568 642 610 Blaͤtter
656 570 704 617 oft
716 570 782 616 ſehr
796 572 895 617 fleckig
912 578 1052 618 werden,

182 607 257 652 uͤber
272 617 324 651 dis
337 612 411 657 auch
427 614 488 653 viel
504 626 537 661 zu
549 614 620 663 hart
636 615 689 664 fuͤr
699 623 747 657 die
758 618 876 657 kleinen
893 625 957 657 und
969 626 1051 659 mitt⸗

180 659 246 701 lern
277 663 408 705 Wuͤrmer
429 667 600 712 ausfallen.
651 667 721 714 Fuͤr
739 673 788 707 ein
797 670 894 714 Paar
911 675 1050 718 hundert

180 710 282 752 klaubt
292 723 365 751 man
375 716 449 757 noch
460 715 543 762 wohl
552 719 613 754 das
624 715 754 764 noͤthige
772 717 969 767 zuſammen;
996 733 1045 758 wo

179 759 263 807 ſollte
278 774 311 802 es
331 764 404 803 aber
416 766 468 815 fuͤr
478 778 534 816 30.
544 766 596 806 bis
605 770 663 805 60.
678 767 809 819 tauſend
823 771 1048 820 herkommen?

543 830 576 879 §.
647 841 684 877 4.

245 880 303 922 Ob
313 885 377 920 nun
387 880 482 931 gleich
497 883 559 929 auf
564 888 621 921 vor
636 886 795 934 erwehnte
803 888 912 935 Weiſe
930 893 996 927 eine
1004 894 1047 927 ei⸗

178 934 307 977 gentlich
324 934 470 980 doppelte
480 933 749 977 Seiden ⸗ Ernte
765 939 846 984 nicht
859 938 988 987 moͤglich
1005 951 1044 986 zu

177 984 319 1027 machen,
346 986 421 1021 oder
435 980 532 1029 voͤllig
542 985 691 1030 zweymal
705 987 780 1030 nach
791 991 943 1026 einander
958 991 1043 1030 Sei⸗

157 1022 374 1071 denwuͤrmer
383 1032 530 1080 gehalten
540 1037 667 1072 werden
677 1035 815 1074 koͤnnen:
839 1038 870 1084 ſo
879 1039 959 1075 kann
968 1033 1045 1079 man

175 1080 248 1127 doch
255 1093 331 1121 vom
339 1082 554 1126 Seidenbau,
575 1093 666 1124 wenn
675 1097 748 1123 man
758 1087 916 1134 denſelben
924 1091 1045 1128 bereits

174 1134 305 1179 ziemlich
323 1135 399 1179 ſtark
411 1124 540 1182 treibet,
565 1135 624 1183 auf
637 1136 783 1186 folgende
794 1139 901 1189 Weiſe
918 1140 1045 1190 groſſen

173 1182 328 1234 Vortheil
345 1183 471 1233 ziehen,
494 1196 588 1225 wenn
601 1198 676 1226 man
692 1193 739 1228 die
747 1190 866 1230 Graͤns
881 1203 912 1229 in
924 1205 955 1230 2.
967 1196 1044 1229 oder

177 1246 208 1280 3.
218 1237 398 1285 Portiones
417 1238 583 1289 abtheilet,
608 1242 673 1291 daß
689 1243 728 1290 ſie
747 1243 828 1288 nicht
843 1244 905 1293 auf
915 1244 1043 1293 einmal,

174 1284 306 1331 ſondern
321 1296 356 1334 zu
372 1288 605 1339 verſchiedenen
616 1289 726 1340 Zeiten
744 1294 948 1335 auskommen
966 1295 1043 1347 muͤſ⸗

176 1336 244 1383 ſen,
270 1345 335 1378 und
346 1342 534 1386 vornemlich
550 1335 677 1395 bemuͤhet
700 1339 752 1394 iſt,
778 1349 828 1384 die
845 1343 919 1399 erſte
944 1351 1043 1396 Porti⸗

176 1398 233 1434 on,
258 1389 287 1438 ſo
298 1389 371 1438 fruͤh
382 1391 431 1427 als
443 1399 536 1429 mans
546 1402 658 1437 wagen
669 1394 759 1440 darf,
777 1398 817 1432 die
823 1400 942 1449 zweyte
953 1400 1042 1444 Por⸗

175 1440 240 1473 tion
255 1448 288 1484 7.
305 1442 337 1480 8.
357 1441 433 1476 oder
447 1449 481 1483 9.
496 1438 587 1486 Tage
601 1440 734 1489 hernach
749 1441 963 1491 auszulegen,
990 1449 1041 1481 die

143 1484 246 1536 lezte
264 1492 330 1529 aber
344 1491 405 1540 fein
420 1490 487 1537 lang
504 1501 534 1537 zu
551 1492 760 1543 verwahren,
788 1499 855 1545 daß
871 1499 910 1544 ſie
923 1499 947 1544 ſo
959 1495 1036 1544 ſpaͤt,

143 1536 222 1571 als
235 1542 328 1574 mans
347 1538 517 1585 erzwingen
532 1536 631 1581 kann,
657 1539 813 1582 Wuͤrmer
828 1544 950 1587 liefert,
975 1554 1037 1579 wo⸗

174 1581 235 1618 von
246 1585 363 1621 bereits
379 1589 414 1620 im
422 1584 555 1631 zweyten
567 1583 658 1634 Theil
667 1590 708 1625 im
722 1599 751 1625 1.
762 1591 844 1633 Cap.
856 1590 885 1635 §.
899 1600 949 1633 11.
941 1592 1038 1635 eini⸗

163 1651 215 1681 ge
224 1640 355 1688 Anzeige
371 1635 557 1694 geſchehen.
578 1644 711 1688 Solcher
721 1642 844 1697 Geſtalt
858 1649 967 1691 theilt
976 1660 1038 1687 man

143 1679 225 1734 ſich
236 1695 285 1728 die
301 1694 429 1740 einzige
437 1691 563 1732 Arbeit
576 1698 634 1731 des
644 1694 879 1737 Seidenbaues
897 1703 953 1736 der
963 1698 1035 1740 Be⸗

143 1742 380 1789 quemlichkeit
396 1753 506 1792 wegen
520 1746 552 1780 in
569 1757 601 1782 2.
611 1749 689 1786 oder
702 1763 733 1799 3.
748 1749 941 1797 Abſchnitte,
964 1756 1032 1790 und

143 1774 245 1823 man
260 1789 339 1826 kann
353 1788 450 1837 theils
464 1791 512 1825 die
523 1787 663 1829 Baͤume
682 1797 747 1831 und
763 1795 824 1828 das
839 1789 920 1831 Laub
936 1793 1033 1844 beſſer

143 1840 293 1886 nutzen,
316 1841 412 1890 theils
423 1842 497 1887 auch
523 1851 564 1879 mit
588 1847 639 1884 dem
650 1850 780 1890 Raume
787 1845 880 1894 beſſer
888 1855 1032 1889 auskom⸗

143 1873 259 1927 men,
279 1893 354 1929 auch
372 1890 453 1924 wird
470 1895 547 1922 man
560 1898 603 1927 an
618 1890 892 1936 Blaͤtterpfluͤcken
905 1904 988 1939 nicht
1002 1901 1033 1942 ſo

147 1926 255 1981 leicht
264 1941 407 1988 Mangel
418 1941 534 1982 leiden,
559 1943 611 1980 als
619 1946 696 1990 ſonſt
704 1941 788 1989 wohl
798 1943 846 1988 oft
853 1948 1034 1994 geſchiehet,

168 1983 198 2024 ja
205 1990 255 2025 die
264 1988 537 2039 Haupt⸗Perſon,
561 1995 612 2029 die
621 1998 683 2029 das
693 2000 789 2038 ganze
799 1994 967 2045 Geſchaͤfte
976 2010 1031 2032 an⸗
