2501 3850
392 3172 475 3213 Gal.
499 3175 539 3222 I,
567 3180 589 3217 8.

591 503 838 563 ausfallen/
854 508 938 552 und
949 509 1023 551 den
1041 502 1239 554 Glauben
1257 501 1511 556 verliehren/
1537 500 1624 548 weil
1638 497 1712 557 ſie
1688 496 1729 556 ja
1747 498 1820 545 mit
1845 490 1941 556 Paulo
1967 493 2080 552 gewiß
2101 491 2191 550 ſeyn

590 563 780 618 koͤnnen/
809 563 891 620 daß
907 564 954 620 ſie
970 563 1097 618 nichts
1119 570 1202 611 von
1217 567 1286 610 der
1301 560 1413 610 Liebe
1429 559 1604 611 GOttes
1620 557 1846 616 abſondern
1863 553 2000 604 koͤnne.
2060 555 2193 604 Allein

586 629 643 672 da
652 630 720 672 der
740 618 891 679 Apoſtel
911 617 1004 678 nicht
1008 617 1094 674 von
1105 625 1231 668 denen
1239 617 1633 674 Wiedergebohrnen
1643 614 1959 671 ſchlechterdings
1978 617 2092 668 weg/
2108 613 2194 666 ſon⸗

588 685 688 729 dern
705 680 917 736 beſonders
931 686 1014 726 von
1028 682 1154 727 denen
1169 673 1487 731 Auserwaͤhlten
1503 675 1702 730 handelt/
1731 673 1868 726 welche
1884 666 1987 731 nicht
2015 667 2102 725 nach
2105 673 2196 716 dem

590 738 773 793 Fleiſch/
798 736 966 791 ſondern
981 737 1080 791 nach
1095 739 1185 784 dem
1203 735 1319 790 Geiſt
1337 731 1483 786 leben/
1511 737 1566 778 da
1582 732 1641 777 die
1659 734 1813 779 andern
1832 733 1874 775 in
1892 731 1966 773 den
1983 725 2197 784 geiſtlichen

591 800 688 847 Tod
707 794 937 849 verfallen/
963 798 1049 842 und
1066 798 1147 842 das
1161 792 1345 851 geiſtliche
1360 790 1486 840 Leben
1501 788 1756 845 verliehren/
1783 792 1868 835 und
1878 787 1995 843 ſolche
2004 783 2197 845 Ungluͤck⸗

594 857 756 912 ſeligkeit
772 856 875 908 ihrer
884 854 1043 910 eigenen
1052 849 1400 909 Unbeſtaͤndigkeit
1423 857 1463 906 zu
1470 850 1659 906 zueignen
1676 845 1836 898 haben/
1856 846 1922 893 als
1938 845 2013 893 kan
2032 844 2130 897 auch
2148 844 2198 896 je⸗

593 923 643 958 ne
658 911 869 963 Meinung
886 913 970 952 aus
988 909 1159 954 meinem
1174 907 1278 961 Text
1292 906 1420 952 keines
1429 909 1544 961 wegs
1561 899 1745 962 erwieſen
1773 901 1949 958 werden:
1978 901 2096 953 Dieſe
2112 901 2199 945 und

592 969 704 1019 mehr
714 974 860 1015 andere
875 965 1094 1021 Jrrlehren
1113 976 1200 1010 nun
1216 962 1359 1011 koͤnten
1369 968 1453 1008 ans
1463 960 1679 1015 demſelben
1697 963 1771 1005 mit
1779 960 1961 1010 mehrern
1972 956 2199 1012 widerleget

591 1028 780 1073 werden/
798 1031 918 1069 wenn
934 1026 989 1075 ich
1005 1022 1105 1073 mich
1121 1024 1274 1075 nicht
1228 1017 1266 1072 in
1283 1023 1344 1067 die
1357 1020 1441 1077 Zeit
1458 1018 1644 1075 ſchicken/
1673 1022 1757 1062 und
1771 1017 1917 1065 endlich
1926 1027 1982 1062 an
1992 1020 2072 1062 das
2082 1003 2201 1061 Ende

590 1084 741 1128 meiner
766 1079 948 1139 Predigt
973 1085 1181 1141 gedencken
1197 1081 1338 1137 muͤſte.
1395 1083 1520 1137 Unſer
1538 1071 1842 1144 wohlſeeliger
1859 1073 1980 1140 Herr
1989 1071 2201 1138 Kirchen⸗

596 1138 1090 1210 Viſitations - Rath
1122 1145 1219 1197 und
1253 1129 1709 1205 Superintendens
1739 1138 1852 1189 konte
1875 1144 1957 1188 das
1983 1144 2200 1195 SEMPER

597 1213 709 1270 wohl
721 1210 999 1270 gebrauchen/
1015 1217 1101 1258 und
1109 1210 1315 1267 gleichfals
1325 1209 1465 1266 ſagen:

850 1326 1119 1381 JESUS
1137 1327 1216 1383 ſoll
1232 1329 1281 1374 in
1297 1324 1440 1382 Noth
1456 1327 1551 1375 und
1567 1321 1695 1386 Pein

842 1388 1011 1455 Allzeit
1033 1387 1333 1451 ungetrennet
1355 1384 1500 1452 ſeyn.

701 1498 839 1549 Seine
853 1493 1159 1549 Freundſchafft
1176 1496 1250 1544 mit
1266 1493 1395 1544 GOtt
1412 1495 1497 1542 und
1513 1490 1687 1553 JESU
1704 1498 1796 1538 war
1801 1478 1840 1546 ſo
1860 1483 2098 1545 beſtaͤndig/
2120 1485 2203 1543 daß

599 1561 641 1601 er
665 1552 736 1608 ſich
761 1551 956 1608 derſelben
981 1549 1081 1605 auch
1100 1550 1142 1597 in
1157 1549 1225 1595 der
1241 1542 1400 1605 groͤſten
1418 1545 1522 1602 ihme
1538 1540 1822 1603 zugeſtoſſenen
1842 1539 2204 1601 Widerwaͤrtigkeit

599 1615 770 1675 glaͤubig
783 1615 996 1675 verſichern
1016 1615 1166 1666 konte/
1189 1613 1340 1672 dahero
1358 1612 1479 1672 dieſes
1493 1619 1589 1660 VIII.
1599 1611 1762 1673 Capitel
1778 1617 1847 1662 der
1866 1600 2039 1673 Epiſtel
2057 1615 2120 1659 an
2134 1602 2205 1657 die

599 1675 784 1737 Roͤmer
803 1678 931 1739 allzeit
954 1678 1121 1735 ſonders
1144 1676 1218 1725 lieb
1244 1678 1392 1731 hatte/
1427 1680 1511 1722 und
1529 1682 1574 1722 es
1593 1679 1669 1721 mit
1693 1674 1930 1728 Nachdruck
1945 1672 2025 1728 auf
2037 1669 2206 1728 oͤffentli⸗

598 1752 684 1808 cher
704 1750 861 1810 Cantzel
888 1742 976 1812 ſein
990 1739 1185 1811 Capitel
1202 1750 1402 1804 nennete;
1430 1749 1484 1794 da
1498 1744 1558 1792 bei
1576 1742 1697 1799 ſeiner
1707 1744 1858 1800 großen
1868 1741 2155 1796 Schwachheit
2165 1748 2208 1785 er

595 1820 762 1873 manche
779 1815 985 1875 Abkraͤffte
994 1814 1169 1872 fuͤhlete/
1184 1813 1338 1870 richtete
1361 1813 1432 1868 ihn
1458 1813 1553 1867 doch
1570 1815 1631 1859 die
1646 1800 1756 1862 Liebe
1765 1810 1888 1863 ſeines
1901 1809 2073 1866 JESU
2089 1807 2206 1863 kraͤff⸗

594 1877 654 1934 tig
679 1877 792 1935 auf/
822 1880 907 1924 und
923 1886 964 1923 er
980 1873 1078 1934 ſetzte
1095 1873 1309 1931 demſelben
1326 1872 1423 1931 ſeine
1442 1868 1681 1930 Gegenliebe
1697 1868 1854 1917 entbei/
1871 1871 2022 1914 darum
2038 1878 2080 1912 er
2095 1868 2207 1920 ſelbſt

596 1939 674 1985 mit
686 1932 897 1991 freudigen
912 1932 1049 1987 Muth
1064 1941 1115 1990 zu
1141 1928 1280 1988 ſingen
1297 1929 1481 1987 anfing:
1518 1921 1731 1989 Hertzlich
1747 1922 1838 1978 lieb
1856 1920 1949 1989 hab
1971 1916 2037 1983 ich
2053 1910 2147 1983 dich
2169 1918 2209 1976 o

598 1999 812 2068 HERR
848 2007 906 2053 ꝛc.
944 2001 1057 2048 konte
1080 1998 1164 2056 alſo
1186 2006 1270 2047 von
1294 1998 1412 2053 dieſer
1438 1996 1552 2043 Liebe
1579 1996 1649 2047 ihn
1674 1995 1777 2046 nicht
1803 1991 2015 2046 abwendig
2044 1989 2211 2044 machen

599 2068 679 2121 der
693 2059 843 2122 Tod/
876 2070 947 2114 der
963 2063 1034 2118 ihn
1044 2064 1240 2116 vielmehr
1240 2063 1317 2114 ein
1331 2058 1598 2115 angenehmer
1631 2058 1754 2113 Bothe
1779 2056 1891 2105 war/
1908 2060 1992 2102 und
1991 2049 2071 2115 ihn
2075 2063 2134 2111 zu
2136 2053 2210 2109 ſei⸗

600 2140 694 2176 nem
711 2125 1030 2184 aufrichtig⸗und
1055 2125 1291 2181 holdſeligen
1300 2122 1518 2177 Liebhaber
1535 2123 1649 2169 leiten
1665 2120 1806 2173 muſte.
1865 2118 1989 2172 Nicht
2006 2117 2118 2166 konte
2137 2117 2208 2172 ihn

604 2196 689 2234 von
706 2185 883 2251 JESU
901 2187 1069 2239 ſcheiden
1089 2182 1182 2233 das
1198 2175 1374 2236 Leben;
1408 2178 1562 2238 Zwar/
1581 2186 1699 2225 wenn
1711 2182 1754 2224 es
1773 2179 1860 2225 dem
1875 2171 2070 2234 Hoͤchſten
2087 2178 2213 2232 gefal⸗

605 2253 670 2297 len
688 2241 827 2297 haͤtte/
852 2250 915 2291 ein
932 2251 1083 2292 anders
1099 2241 1374 2297 zuverfuͤgen/
1396 2239 1536 2290 wuͤrde
1549 2246 1619 2289 der
1635 2240 1765 2296 ſeelige
1782 2239 1930 2287 Mann
1947 2237 2017 2294 ſich
2028 2240 2132 2289 nicht
2146 2248 2211 2292 ge⸗

605 2295 766 2359 weigert
786 2299 946 2351 haben/
968 2299 1066 2350 noch
1090 2295 1232 2352 laͤnger
1250 2296 1390 2346 allhier
1415 2304 1464 2349 zu
1488 2293 1636 2347 leben/
1663 2294 1793 2341 damit
1808 2303 1849 2338 er
1867 2290 1997 2347 ferner
2014 2296 2072 2338 die
2098 2296 2209 2345 Ehre

605 2360 728 2416 ſeines
744 2358 918 2409 GOttes
937 2351 1186 2410 befoͤrdern/
1215 2357 1273 2403 die
1288 2352 1397 2402 Liebe
1410 2351 1584 2412 JESU
1599 2350 1723 2408 ſeinen
1743 2347 1953 2408 Zuhoͤrern
1969 2353 2212 2405 einpraͤgen/

606 2411 802 2469 derſelben
821 2413 996 2464 mehrere
1012 2407 1247 2462 Erbauung
1267 2410 1351 2453 und
1370 2411 1438 2453 der
1447 2406 1614 2460 Kirchen
1629 2406 1777 2459 Beſtes
1794 2408 1958 2460 ſuchen/
1977 2413 2074 2450 auch
2086 2416 2212 2463 denen

604 2475 731 2522 lieben
747 2472 952 2528 Seinigen
962 2477 1010 2523 zu
1027 2468 1153 2520 ihrem
1168 2468 1298 2519 Wohl
1316 2467 1413 2521 noch
1430 2465 1560 2522 ferner
1575 2462 1773 2526 vorſtehen
1783 2462 1891 2518 haͤtte
1900 2461 2079 2510 koͤnnen:
2092 2467 2228 2512 nach⸗

608 2534 700 2576 dem
717 2527 813 2575 aber
829 2531 919 2576 dem
936 2523 1099 2581 heiligen
1114 2523 1293 2576 GOTT
1309 2525 1369 2571 ein
1386 2525 1538 2570 anders
1553 2522 1752 2579 gefallen/
1781 2529 1872 2564 war
1881 2527 1922 2563 er
1938 2522 2035 2570 auch
2054 2524 2208 2573 willig/

610 2591 680 2637 der
695 2585 805 2637 Liebe
827 2584 950 2641 ſeines
976 2580 1198 2639 Heilandes
1223 2583 1298 2641 ſein
1321 2579 1446 2631 Leben
1468 2578 1780 2637 aufzuopffern:
1794 2577 1900 2626 Und
1916 2574 2059 2623 konten
2076 2574 2133 2627 ihn
2175 2576 2207 2630 ſo

606 2648 773 2699 manche
787 2641 1084 2701 Trangſalen/
1108 2643 1167 2688 die
1183 2652 1223 2690 er
1240 2642 1298 2690 bei
1308 2641 1448 2698 ſeinem
1463 2636 1590 2688 Leben
1606 2644 1648 2686 in
1658 2639 1797 2696 ſeinem
1814 2636 1871 2692 H.
1900 2633 1998 2696 Amt
1994 2640 2085 2684 und
2105 2638 2209 2693 ſonſt

604 2703 794 2754 erdulden
812 2700 989 2762 muͤſſen/
1006 2698 1137 2749 keines
1147 2702 1277 2756 weges
1295 2697 1366 2756 von
1383 2696 1454 2761 der
1455 2693 1755 2756 Freundſchafft
1767 2687 1838 2750 mit
1854 2692 1980 2744 GOtt
1991 2701 2229 2741 abwendig

606 2767 802 2819 machen/
816 2764 985 2822 ſondern
994 2767 1040 2810 es
1056 2760 1144 2817 hieß
1164 2760 1223 2808 bei
1238 2761 1343 2816 ihm:
1367 2768 1553 2808 SEMPER
1569 2765 1692 2803 idem:
1721 2748 1867 2818 allzeit
1883 2749 2017 2808 einer.
2084 2759 2210 2808 Nicht

607 2833 789 2887 mochten
804 2836 873 2890 ihn
897 2820 1080 2893 Engel/
1114 2819 1433 2892 Fuͤrſtenthum
1449 2826 1558 2880 oder
1571 2815 1768 2878 Gewalt
1784 2831 1874 2875 von
1890 2824 2206 2885 CHRJSTO

611 2903 853 2955 abtreiben:
886 2902 1016 2956 Denn
1030 2907 1150 2949 wenn
1168 2900 1266 2952 auch
1276 2892 1347 2952 ein
1361 2892 1513 2964 Engel
1527 2896 1637 2948 waͤre
1652 2885 1766 2944 vom
1783 2888 1984 2959 Himmel
1998 2894 2211 2947 kommen/

611 2975 697 3017 und
721 2958 819 3028 ihm
839 2961 911 3018 ein
929 2962 1125 3018 anderes
1134 2953 1445 3024 Evangelium
1460 2951 1720 3023 geprediget
1736 2951 1897 3019 haͤtte/
1931 2965 2036 3006 denn
2061 2973 2102 3002 er
2126 2965 2231 3004 aus

613 3035 704 3080 dem
720 3031 771 3087 H.
778 3029 934 3084 Gottes
947 3031 1076 3079 Wort
1089 3020 1295 3087 gruͤndlich
1309 3025 1470 3085 gefaſſet
1484 3027 1570 3072 und
1592 3021 1765 3080 gelernet
1781 3022 1933 3078 hatte/
1970 3022 2068 3073 auch
2086 3023 2236 3070 ſeinen

610 3095 824 3156 Zuhoͤrern
845 3100 930 3145 rein
954 3098 1040 3144 und
1063 3092 1196 3142 lauter
1221 3093 1365 3144 wieder
1387 3079 1597 3153 fuͤrtrug/
1637 3087 1677 3141 ſo
1692 3084 1799 3139 haͤtte
1825 3103 1866 3138 er
1883 3091 1951 3146 ihn
1979 3080 2212 3150 verflucht.

613 3165 695 3210 Gal.
712 3167 740 3206 I.
766 3161 958 3221 Lehneten
973 3164 1022 3222 ſie
1029 3160 1147 3221 gleich
1165 3157 1226 3208 ein
1244 3148 1327 3212 und
1336 3167 1481 3228 andere
1496 3148 1863 3223 Fuͤrſtenthuͤmer
1882 3156 1960 3216 (ich
1978 3159 2060 3202 will
2070 3157 2212 3211 ſagen/
