1470 2186
494 325 609 374 „chen
629 327 873 369 Landmaͤnnern
899 329 1012 377 haͤtten
1045 323 1145 383 deſſen
1180 324 1252 383 noch
1273 333 1336 371 im⸗

497 400 608 439 „mer
629 393 660 440 ſo
677 397 750 439 viel,
779 395 841 442 daß
867 397 906 442 ſie
931 393 1024 443 mehr
1046 400 1099 434 als
1118 393 1194 436 Ein
1213 397 1336 441 Erfurt

495 455 641 505 „damit
656 460 825 506 verſorgen
845 460 988 499 koͤnnten.
1049 457 1225 507 Zweytens
1244 462 1334 501 kaͤme

494 519 630 571 „durch
649 526 698 563 die
714 522 871 573 Ausfuhr
893 525 951 564 des
969 526 1083 566 Korns
1101 525 1192 566 Geld
1217 529 1250 563 in
1270 529 1333 566 das

492 581 634 634 „Land,
658 588 794 633 welches
818 589 878 625 wir
900 591 934 626 in
959 590 1056 635 dieſer
1080 588 1233 635 ſchweren
1258 589 1335 637 Zeit

494 652 605 701 „ſehr
626 653 848 703 nothwendig,
859 653 1052 700 brauchten;
1085 659 1144 692 wir
1168 658 1276 699 ſollten
1294 662 1332 695 es

492 717 598 763 „alſo
619 718 718 756 lieber
736 717 880 763 machen,
907 722 968 757 wie
994 721 1043 755 die
1058 709 1261 767 Englaͤnder,
1282 725 1334 760 die

488 776 607 823 „noch
632 774 807 814 obendrein
833 781 903 815 eine
921 779 1063 822 Praͤmie
1087 777 1212 820 darauf
1226 787 1334 826 geſetzt

488 843 656 904 „haͤtten,
672 857 738 888 wer
756 848 817 887 das
835 852 942 897 meiſte
963 850 1125 891 Getraide
1143 842 1334 899 ausfuͤhrte.

489 908 693 951 „Drittens
717 898 830 944 wuͤrde
854 916 920 943 uns
948 912 999 942 die
1019 912 1229 950 Sperrung,
1257 919 1335 947 oder

487 969 592 1028 „das
611 975 745 1019 Verbot
767 979 822 1017 der
838 977 1012 1025 Ausfuhre
1040 979 1210 1027 deßwegen
1228 980 1333 1024 nichts

485 1038 648 1101 „helfen,
663 1042 737 1072 weil
754 1036 817 1080 auf
830 1037 933 1080 dieſen
942 1033 1016 1082 Fall
1033 1041 1082 1074 die
1099 1042 1249 1079 Sachſen
1269 1048 1332 1074 das

485 1107 577 1158 „ius
595 1108 729 1146 talionis
751 1109 915 1161 ausuͤben,
925 1111 992 1149 und
1008 1107 1191 1158 gleichfalls
1205 1113 1334 1157 ſperren

483 1175 683 1222 „wuͤrden,
708 1177 861 1219 wodurch
883 1180 945 1213 wir
970 1175 1061 1225 dann
1080 1175 1132 1229 in
1149 1173 1201 1229 die
1217 1178 1335 1224 groͤßte

487 1231 771 1286 „Verlegenheit
789 1232 943 1285 gerathen
962 1235 1112 1275 wuͤrden.
1164 1225 1262 1284 Ergo
1280 1232 1337 1293 ſey

482 1299 577 1353 „die
599 1299 775 1353 Ausfuhre
803 1303 860 1344 des
886 1302 1070 1348 Getraides
1094 1306 1178 1355 nicht
1192 1317 1260 1342 nur
1274 1316 1334 1344 uns

479 1351 690 1418 „ſchaͤdlich,
714 1364 850 1409 ſondern
873 1367 965 1408 ſogar
998 1362 1237 1413 vortheilhaft,
1249 1374 1359 1413 nuͤtz⸗

487 1432 596 1478 „lich,
607 1433 644 1486 ja
657 1436 734 1482 nach
752 1436 867 1480 unſern
880 1436 1079 1481 Umſtaͤnden
1098 1425 1332 1485 nothwendig;

486 1501 596 1547 „und
613 1505 674 1542 das
694 1502 782 1543 waͤre
800 1512 836 1550 zu
844 1501 1009 1550 beweiſen
1024 1501 1218 1553 geweſen.„

562 1632 665 1675 Dieſe
693 1643 892 1679 argumenta
923 1632 1049 1679 klingen
1091 1643 1161 1672 nun
1200 1626 1331 1680 freylich

484 1704 567 1737 ganz
580 1692 725 1748 gelehrt,
751 1697 813 1731 und
843 1688 1015 1742 politiſch;
1040 1698 1121 1741 auch
1139 1697 1262 1740 glaube
1282 1688 1331 1738 ich

1244 1753 1328 1811 gern
