1533 2299
670 411 752 436 117

258 462 311 500 „in
332 465 389 498 den
412 467 535 509 Federn.
584 470 649 505 Sie
667 472 726 513 ſind
747 474 829 513 ſchon
851 475 902 513 ſeit
918 478 999 510 einer
1016 480 1123 515 halben

260 510 392 548 Stunde
410 522 445 555 zu
471 513 574 557 Hauſe
592 522 781 559 gegangen.“
803 521 907 560 „Aber
925 525 1004 560 mein
1021 528 1123 565 Gott!

258 557 305 590 die
326 558 434 594 Braut
457 558 529 598 muß
541 559 574 600 ja
589 562 652 601 hier
673 565 830 606 ſchlafen.“
853 568 957 606 Wenn
979 570 1015 610 ſie
1038 572 1121 614 muß,

255 601 295 636 ich
319 601 381 638 will
402 606 438 645 ſie
461 602 569 639 wieder
591 608 699 643 wecken
717 611 841 651 laſſen.“
863 615 1121 658 „Meinetwegen,

255 654 343 680 wenn
364 649 399 686 ſie
420 649 552 684 kommen
576 653 709 688 wollen!
734 655 814 697 Herr
839 655 959 699 Sohn,
986 660 1027 699 ich
1049 660 1119 699 ſehe,

254 692 319 727 Sie
346 693 460 730 bleiben
490 695 539 727 bis
562 706 601 730 an
618 700 715 740 Jhren
735 701 822 739 Tod,
847 704 905 737 wie
931 706 995 741 Sie
1023 708 1120 750 ſind.“

249 734 351 776 „Das
380 739 450 783 gebe
470 737 575 778 Gott,
599 742 741 779 Mutter!
766 746 849 780 dann
877 748 973 783 bleibe
995 750 1035 791 ich
1072 752 1120 786 ein

255 783 391 818 ehrlicher
412 785 551 818 Mann.“

358 826 482 866 Endlich
509 836 612 863 waren
645 831 849 874 Burchhard,
875 838 954 876 ſeine
974 840 1119 878 Mutter,

250 871 329 912 ſeine
349 872 434 913 Frau
461 875 522 909 und
540 877 668 918 Ludwig
693 880 795 914 allein.
842 883 965 922 „Nun,
990 885 1118 929 Kinder⸗

250 916 374 957 chen,“
396 919 452 959 hob
476 920 657 961 Burchhard
687 924 756 962 doch
780 926 827 960 ein
851 927 949 968 wenig
980 932 1116 972 verlegen

247 970 317 997 an:
341 963 405 1003 „ich
425 964 474 1000 bin
491 975 552 1001 nun
569 975 649 1010 zwey
670 971 733 1005 und
751 970 860 1016 ſechzig
877 975 975 1016 Jahre
996 978 1078 1012 alt.
1100 997 1116 1004 —

245 1012 313 1049 Sie
330 1012 453 1050 Mutter
490 1022 571 1057 zwey
600 1015 663 1052 und
693 1018 819 1064 ſiebzig,
844 1024 906 1058 und
927 1024 1008 1063 Gott
1033 1026 1117 1066 Lob,

248 1055 289 1095 ich
309 1055 386 1093 kann
405 1056 531 1100 Jhnen,
556 1062 700 1103 Mutter,
726 1067 787 1101 und
809 1066 894 1107 Dir,
920 1062 1000 1105 mein
1019 1072 1115 1108 liebes

241 1096 349 1147 Weib,
368 1100 427 1144 mit
446 1106 617 1150 froͤhlichem
635 1110 753 1156 Herzen
775 1113 835 1148 das
849 1114 990 1158 Zeugniß
1008 1119 1114 1160 geben,

245 1149 307 1186 daß
328 1151 386 1183 wir
414 1153 472 1186 mit
493 1154 591 1192 jedem
613 1156 807 1198 Augenblicke
832 1162 941 1203 getroſt
960 1172 1014 1199 vor
1032 1164 1113 1201 Got⸗

244 1193 291 1224 tes
314 1190 466 1230 Angeſicht
482 1194 539 1228 mit
560 1197 678 1234 unſerm
687 1198 783 1233 Leben
803 1202 965 1242 erſcheinen
988 1204 1112 1240 koͤnnen.

243 1233 312 1269 Mir
329 1233 397 1273 faͤllt
413 1235 466 1270 der
479 1232 623 1273 Gedanke
643 1240 674 1278 ſo
692 1239 767 1280 bey,
791 1241 830 1275 da
852 1245 910 1277 wir
929 1245 1016 1287 heute
1039 1248 1110 1284 wie⸗

240 1278 293 1312 der
323 1277 401 1316 nicht
428 1279 519 1314 allein
546 1281 593 1315 ein
613 1281 789 1326 gluͤckliches
813 1288 921 1330 Paar,
946 1290 1023 1325 denn
1049 1293 1110 1328 das

242 1323 306 1359 will
324 1325 402 1363 nicht
425 1327 482 1360 viel
505 1328 613 1368 ſagen,
638 1330 765 1369 ſondern
790 1333 837 1367 ein
856 1335 999 1377 redliches
1021 1340 1110 1382 Paar

243 1368 402 1410 Menſchen
425 1372 558 1413 gemacht
589 1374 697 1416 haben.
759 1379 827 1414 Und
851 1383 933 1417 Gott
954 1385 1036 1422 Lob,
1066 1386 1109 1424 ich

250 1412 383 1456 glaube,
410 1414 467 1451 das
495 1414 596 1460 gehoͤrt
625 1420 696 1458 auch
727 1422 783 1463 auf
797 1425 900 1466 unſere
925 1427 1107 1471 Rechnung,

244 1462 304 1502 daß
325 1461 430 1500 Marie
454 1464 501 1499 ein
521 1466 552 1503 ſo
571 1470 660 1509 gutes
679 1467 771 1507 Weib
791 1473 835 1513 iſt.
883 1473 968 1510 Was
990 1472 1107 1512 meinen

238 1511 323 1549 Sie,
350 1511 526 1550 Mama?“
549 1524 578 1550 er
598 1515 703 1556 reichte
726 1518 773 1561 ihr
794 1518 843 1555 die
860 1519 981 1566 Hand:
1007 1532 1107 1564 „wer⸗

234 1555 292 1588 den
312 1555 369 1589 wir
387 1554 466 1596 nicht
487 1555 622 1602 einmahl
644 1559 766 1604 froͤhlich
794 1564 842 1599 die
864 1566 970 1607 Augen
995 1574 1104 1611 zuma⸗

233 1601 313 1638 chen,
330 1610 417 1636 wenn
440 1605 541 1645 unſere
567 1607 650 1649 beßte
660 1610 791 1646 Stunde
804 1612 968 1650 kommt?“
991 1616 1103 1658 „Gott

230 1648 311 1685 Lob,
335 1649 385 1687 ja,
410 1651 490 1693 Herr
505 1652 628 1695 Sohn!
651 1655 711 1692 das
729 1658 763 1698 iſt
784 1658 891 1700 wahr!
915 1662 981 1697 Sie
999 1663 1098 1705 haben

230 1690 410 1731 gehandelt,
435 1695 493 1729 wie
509 1698 557 1732 ein
584 1697 702 1743 Chriſt,
725 1702 759 1736 in
778 1702 888 1743 Jhrem
901 1705 1036 1742 Leben.“
1054 1726 1100 1736 —

229 1738 321 1776 „Und
349 1739 438 1779 Sie,
462 1741 577 1778 Mama
594 1744 673 1785 nicht
694 1745 820 1783 minder.
855 1764 898 1774 —
932 1749 987 1791 Jch
1017 1753 1098 1789 kann

231 1778 314 1820 wohl
330 1780 441 1821 ſagen,
466 1784 524 1818 wir
540 1785 605 1821 vier
625 1787 686 1829 ſind
710 1793 781 1829 gute
802 1791 972 1835 Menſchen.
1020 1797 1098 1832 Nun

229 1825 319 1864 aber,
345 1826 486 1865 Mama,
511 1831 648 1874 wodurch
669 1834 731 1874 ſind
752 1834 810 1870 wir
827 1842 899 1878 gute
915 1839 1096 1883 Menſchen?

232 1867 370 1907 wodurch
394 1868 507 1907 koͤnnen
528 1873 586 1908 wir
614 1876 676 1917 jetzt
707 1878 738 1915 ſo
768 1878 860 1921 heiter
887 1888 947 1915 von
976 1884 1096 1926 unſerm

228 1918 311 1953 Tode
327 1917 441 1953 reden?
464 1920 520 1960 Jch
544 1922 596 1958 bin
618 1922 692 1963 reich
717 1925 867 1967 geweſen,
892 1929 954 1963 und
982 1931 1022 1970 ich
1041 1931 1093 1972 ha⸗

228 1964 267 1997 be
289 1963 367 2004 nicht
388 1963 570 2009 geſchwelgt.
618 1972 730 2010 Unſern
746 1973 901 2018 Uiberfluß
923 1979 1018 2019 haben
1035 1979 1093 2012 wir

227 2016 268 2042 an
284 2009 382 2043 Arme
400 2008 462 2044 und
480 2008 681 2055 Ungluͤckliche
700 2015 851 2060 vertheilt,
870 2021 942 2056 weil
956 2022 1006 2063 ihn
1028 2023 1092 2058 uns
