1569 2313
177 390 308 437 haben?
339 389 453 435 Haben
475 391 551 434 dieſe
573 387 742 430 loͤblicher?
771 386 873 431 haben
890 387 929 429 ſie
949 386 1064 428 fuͤrſtli⸗

178 435 248 479 cher
260 431 436 480 gehandelt,
459 436 512 472 als
526 431 674 480 Julian?
698 432 786 472 Oder
804 435 962 467 verdienet
979 433 1063 467 denn

179 482 296 523 endlich
313 484 407 526 dieſes
420 483 550 529 Kaiſers
570 481 702 528 Nahme
717 481 803 526 mehr
817 479 992 525 Ahndung,
1012 481 1063 515 als

180 533 213 576 ſo
234 534 326 571 vieler
353 531 539 579 chriſtlichen
560 529 718 578 Koͤnige?
753 530 860 572 welche
884 530 931 565 die
951 526 1064 573 heilige

179 578 387 629 Inquiſition
418 580 635 627 gehandhabet
662 583 725 616 und
764 578 839 620 noch
869 575 1063 621 beibehalten

180 628 302 678 haben,
328 630 437 675 welche
459 633 508 667 die
529 629 751 675 Proteſtanten
779 624 969 668 verbannet,
1000 628 1064 661 und

181 683 244 717 mit
263 679 365 724 Feuer
380 684 447 716 und
463 677 637 724 Schwerdt
658 682 870 720 ausgerottet,
896 674 1002 718 welche
1017 678 1067 711 die

180 723 398 772 Vollziehung
427 725 457 770 ſo
485 725 579 761 vieler
610 712 804 765 Autodafees
830 717 1068 767 gerechtfertiget

182 778 250 809 und
273 775 333 810 mit
361 774 488 820 eigenen
512 770 627 817 Augen
652 768 820 816 angeſehen
831 760 967 814 haben,
1001 760 1066 803 und

185 824 297 869 welche
316 822 503 871 dergleichen
523 824 599 866 noch
615 812 720 868 thun?

257 924 355 973 Laſſet
370 931 435 962 uns
456 924 564 961 weiter
583 922 635 960 ein
656 920 978 966 uneingenommenes
1003 919 1068 960 Ge⸗

184 969 278 1015 muͤth
298 968 553 1015 herbeibringen,
578 972 645 1003 und
668 971 716 1002 die
738 958 869 1010 Sache,
902 967 930 1010 ſo
948 970 1006 1001 wie
1031 966 1070 1011 ſie

183 1021 317 1063 wirklich
343 1020 400 1064 ſich
425 1019 580 1062 verhielt,
616 1024 720 1054 etwas
750 1017 849 1059 naͤher
885 1015 1070 1057 beleuchten.

185 1067 308 1113 Julian
324 1057 402 1104 war
425 1069 474 1103 ein
495 1064 596 1109 Feind
623 1068 675 1102 der
702 1063 859 1107 Chriſten.
935 1060 1017 1098 Das
1035 1063 1073 1106 iſt

185 1115 286 1160 wahr.
337 1113 422 1155 Aber
437 1125 469 1152 er
486 1112 597 1152 konnte
612 1110 688 1154 auch
710 1112 748 1157 ſie
762 1110 845 1154 nicht
866 1113 995 1155 anders,
1021 1110 1072 1147 als

186 1168 240 1212 fuͤr
263 1167 340 1211 ſeine
362 1164 567 1212 geſchworene
599 1162 716 1211 Feinde
749 1161 890 1209 anſehen.
943 1160 997 1208 Jn
1022 1165 1074 1199 der

186 1217 296 1264 That:
332 1218 370 1262 ſie
393 1213 534 1258 machten
556 1222 591 1251 es
617 1212 761 1252 darnach.
812 1211 915 1252 Statt
937 1217 989 1249 der
1008 1212 1075 1252 Ge⸗

186 1269 274 1310 dult,
306 1264 512 1308 Sanftmuth
539 1267 604 1299 und
633 1261 897 1307 Unterwerfung,
925 1269 1015 1304 wozu
1035 1261 1074 1304 ſie

187 1319 280 1358 durch
295 1321 343 1355 die
364 1316 456 1361 Lehre
474 1314 560 1358 ihres
582 1312 746 1360 goͤttlichen
768 1312 918 1359 Hauptes
942 1312 1077 1346 verbun⸗

188 1363 249 1397 den
263 1368 395 1400 waren,
428 1352 541 1395 womit
560 1360 599 1403 ſie
634 1360 683 1403 ihr
705 1355 943 1400 Chriſtenthum
967 1355 1075 1393 haͤtten

179 1410 301 1453 zieren,
325 1413 392 1444 und
408 1407 555 1449 wodurch
576 1410 615 1451 ſie
630 1411 679 1444 die
703 1405 828 1449 Heiden
842 1404 952 1447 haͤtten
972 1413 1011 1446 zu
1027 1412 1077 1446 ge⸗

190 1456 318 1491 winnen
340 1452 446 1497 ſuchen
467 1452 584 1498 ſollen:
630 1453 772 1491 erwieſen
805 1451 861 1493 ſich
881 1451 962 1494 ihrer
1000 1450 1077 1485 viele

188 1507 269 1548 ganz
291 1500 512 1547 ungebuͤhrlich
540 1504 605 1536 und
630 1497 872 1543 wiederſpenſtig
894 1504 991 1542 gegen
1018 1497 1076 1534 den

188 1551 313 1597 Kaiſer.
364 1550 426 1592 So
441 1551 511 1588 bald
528 1560 559 1588 er
572 1554 619 1588 die
636 1548 787 1593 Religion
804 1547 968 1584 veraͤndert
980 1546 1078 1590 hatte,

189 1598 260 1646 ſahe
275 1607 376 1641 man,
407 1596 483 1641 nach
507 1599 574 1634 dem
606 1597 733 1641 eigenen
765 1592 967 1640 Geſtaͤndniß
988 1597 1076 1631 eines

192 1647 377 1692 chriſtlichen
416 1635 766 1692 Geſchichtſchreibers,
803 1643 856 1684 (b)
881 1648 930 1681 die
950 1642 1079 1681 Staͤdte

187 1698 254 1735 voll
269 1705 332 1734 von
348 1697 504 1743 Aufruhr.
559 1695 629 1734 Sie
650 1702 797 1738 entzogen
820 1694 873 1731 ſich
897 1698 965 1730 dem
989 1692 1079 1732 ſchul⸗

193 1749 286 1792 digen
309 1746 488 1791 Gehorſam
513 1749 578 1782 und
601 1749 652 1783 der
674 1742 942 1789 Pflichtmaͤßigen
964 1741 1080 1781 Ehrer⸗

193 1785 344 1835 biethung
359 1794 437 1835 auch
450 1795 486 1828 in
500 1792 614 1838 ſolchen
631 1790 788 1835 Dingen,
812 1793 853 1826 da
869 1794 923 1828 der
940 1790 1079 1830 Befehl:

587 1847 628 1885 B
655 1858 676 1882 2

971 1842 1081 1882 Man

217 1904 261 1951 (b)
276 1907 472 1942 THEODORIT.
485 1904 536 1941 III.
556 1906 585 1941 6.
