<?xml version="1.0" encoding="utf-8"?>
<PcGts xmlns="http://schema.primaresearch.org/PAGE/gts/pagecontent/2019-07-15" xmlns:xsi="http://www.w3.org/2001/XMLSchema-instance" pcGtsId="PAGE_01" xsi:schemaLocation="http://schema.primaresearch.org/PAGE/gts/pagecontent/2019-07-15 http://schema.primaresearch.org/PAGE/gts/pagecontent/2019-07-15/pagecontent.xsd">
  <Metadata>
    <Creator>OCR-D DFG Phase III</Creator>
    <Created>2024-01-19T13:09:52Z</Created>
    <LastChange>2024-01-19T13:09:52Z</LastChange>
    <Comments>ODEM: OCR-D extension for mass digitization (2021-2024)</Comments>
  </Metadata>
  <Page imageFilename="https://opendata.uni-halle.de/retrieve/a238281e-bd8c-4f53-8769-29fc777a499c/00000121.jpg" imageWidth="1839" imageHeight="2700" type="content" primaryLanguage="German">
    <Border>
      <Coords points="106,221 129,2558 1627,2541 1594,192"/>
    </Border>
    <ReadingOrder>
      <OrderedGroup id="ro_1675672360191" caption="Regions reading order">
        <RegionRefIndexed index="0" regionRef="TextRegion_1675671878696_2320"/>
        <RegionRefIndexed index="1" regionRef="TextRegion_1675671878696_2319"/>
        <RegionRefIndexed index="2" regionRef="TextRegion_1675671874065_2315"/>
        <RegionRefIndexed index="3" regionRef="region0008"/>
        <RegionRefIndexed index="4" regionRef="TextRegion_1675671900789_2330"/>
        <RegionRefIndexed index="5" regionRef="TextRegion_1675671951852_2358"/>
        <RegionRefIndexed index="6" regionRef="TextRegion_1675671951852_2357"/>
        <RegionRefIndexed index="7" regionRef="TextRegion_1675671947991_2351"/>
        <RegionRefIndexed index="8" regionRef="TextRegion_1675671930976_2341"/>
      </OrderedGroup>
    </ReadingOrder>
    <TextRegion orientation="0.61853874" type="header" readingDirection="left-to-right" id="TextRegion_1675671878696_2320" custom="readingOrder {index:0;} structure {type:header;}">
      <Coords points="540,435 1110,435 1110,500 540,500"/>
      <TextLine id="line_1675671878726_2323" custom="readingOrder {index:0;}">
        <Coords points="540,441 581,442 609,453 627,450 639,454 709,453 711,443 716,439 730,441 735,452 784,451 841,448 852,437 867,438 872,447 894,448 895,440 900,435 915,436 920,448 948,447 950,436 971,435 976,446 982,443 992,443 996,446 1110,444 1110,488 848,497 540,500"/>
        <Baseline points="540,491 1110,483"/>
        <Word id="word_1675671980725_2371" custom="readingOrder {index:0;} textStyle {offset:0; length:22;italic:true; fontSize:0.0; kerning:0;}">
          <Coords points="545,446 589,445 848,440 949,439 973,439 1047,445 1048,483 801,490 546,493"/>
          <TextEquiv>
            <Unicode>Communion - Andachten.</Unicode>
          </TextEquiv>
        </Word>
        <TextEquiv>
          <Unicode>Communion - Andachten.</Unicode>
        </TextEquiv>
      </TextLine>
      <TextEquiv>
        <Unicode>Communion - Andachten.</Unicode>
      </TextEquiv>
    </TextRegion>
    <TextRegion orientation="0.61853874" type="page-number" readingDirection="left-to-right" id="TextRegion_1675671878696_2319" custom="readingOrder {index:1;} structure {type:page-number;}">
      <Coords points="1110,435 1301,435 1301,500 1110,500"/>
      <TextLine id="line_1675671878726_2322" custom="readingOrder {index:0;}">
        <Coords points="1110,444 1154,444 1300,440 1301,494 1289,494 1283,499 1267,499 1263,493 1255,492 1141,492 1136,488 1110,488"/>
        <Baseline points="1110,483 1301,481"/>
        <Word id="region0000_line0001_word0002" custom="readingOrder {index:0;}">
          <Coords points="1219,450 1296,449 1297,490 1220,491"/>
          <TextEquiv conf="0.9277053">
            <Unicode>117</Unicode>
          </TextEquiv>
        </Word>
        <TextEquiv conf="0.8360365">
          <Unicode>117</Unicode>
        </TextEquiv>
      </TextLine>
      <TextEquiv>
        <Unicode>Communion- Andachten. 117</Unicode>
      </TextEquiv>
    </TextRegion>
    <TextRegion orientation="0.61853874" readingDirection="left-to-right" id="TextRegion_1675671874065_2315" custom="readingOrder {index:2;}">
      <Coords points="292,504 1311,504 1318,1108 1320,1349 1320,1651 1320,1750 307,1750 304,1583 300,1355 292,717"/>
      <TextLine id="region0001_line0001" custom="readingOrder {index:0;}">
        <Coords points="292,513 292,568 462,567 499,564 595,569 623,567 646,575 654,570 666,569 678,574 694,575 732,564 802,560 912,559 966,556 1031,563 1054,555 1077,557 1255,552 1282,555 1310,553 1310,517 1294,513 1287,504 1244,505 1242,510 1235,510 1225,509 1223,505 1218,504 1202,504 1199,509 1194,504 1169,505 1160,513 1115,515 1111,506 1098,505 1091,515 977,517 970,507 960,507 953,512 947,508 935,508 929,516 903,515 872,508 852,508 825,519 753,522 735,522 730,513 717,512 711,516 709,523 703,524 618,527 616,521 611,517 598,517 593,522 583,521 574,513 564,513 547,522 533,521 526,513 514,515 507,522 498,513 477,514 469,523 457,524 452,515 436,513 426,516 421,527 370,526 363,516"/>
        <Baseline points="292,558 675,560 822,550 1310,543"/>
        <Word id="region0001_line0001_word0000" custom="readingOrder {index:0;}">
          <Coords points="298,515 298,567 418,567 418,526 370,526 363,516 332,514"/>
          <TextEquiv conf="0.71093416">
            <Unicode>Deinen</Unicode>
          </TextEquiv>
        </Word>
        <Word id="region0001_line0001_word0001" custom="readingOrder {index:1;}">
          <Coords points="434,520 434,555 508,555 508,521 507,522 505,520 471,520 469,523 457,524 454,520"/>
          <TextEquiv conf="0.90896165">
            <Unicode>Leib</Unicode>
          </TextEquiv>
        </Word>
        <Word id="region0001_line0001_word0002" custom="readingOrder {index:2;}">
          <Coords points="517,519 517,555 581,554 581,519 579,518 553,518 547,522 533,521 531,518"/>
          <TextEquiv conf="0.9303441">
            <Unicode>haſt</Unicode>
          </TextEquiv>
        </Word>
        <Word id="region0001_line0001_word0003" custom="readingOrder {index:3;}">
          <Coords points="594,521 593,522 592,522 592,554 633,553 633,526 618,527 616,521 615,520"/>
          <TextEquiv conf="0.9322241">
            <Unicode>du</Unicode>
          </TextEquiv>
        </Word>
        <Word id="region0001_line0001_word0004" custom="readingOrder {index:4;}">
          <Coords points="712,515 711,516 709,523 703,524 642,526 642,562 779,561 779,521 753,522 735,522 731,515"/>
          <TextEquiv conf="0.92212844">
            <Unicode>gegeben</Unicode>
          </TextEquiv>
        </Word>
        <Word id="region0001_line0001_word0005" custom="readingOrder {index:5;}">
          <Coords points="787,529 845,528 845,549 787,550"/>
          <TextEquiv conf="0.8027581">
            <Unicode>zur</Unicode>
          </TextEquiv>
        </Word>
        <Word id="region0001_line0001_word0006" custom="readingOrder {index:6;}">
          <Coords points="854,516 854,558 948,556 966,556 972,556 1037,556 1037,515 977,517 975,514 929,515 929,516 912,515"/>
          <TextEquiv conf="0.9252328">
            <Unicode>Bezahlung</Unicode>
          </TextEquiv>
        </Word>
        <Word id="region0001_line0001_word0007" custom="readingOrder {index:7;}">
          <Coords points="1091,515 1091,515 1048,516 1048,549 1165,548 1165,514 1131,514 1115,515 1115,514"/>
          <TextEquiv conf="0.9259339">
            <Unicode>meiner</Unicode>
          </TextEquiv>
        </Word>
        <Word id="region0001_line0001_word0008" custom="readingOrder {index:8;}">
          <Coords points="1173,512 1173,551 1298,550 1298,514 1294,513 1292,511"/>
          <TextEquiv conf="0.9034859">
            <Unicode>Schuld,</Unicode>
          </TextEquiv>
        </Word>
        <TextEquiv conf="0.88466704">
          <Unicode>Deinen Leib haſt du gegeben zur Bezahlung meiner Schuld,</Unicode>
        </TextEquiv>
      </TextLine>
      <TextLine id="region0001_line0002" custom="readingOrder {index:1;}">
        <Coords points="960,557 940,558 937,559 935,566 917,568 835,570 831,561 802,561 798,563 792,572 694,576 671,575 666,570 654,571 647,576 632,574 623,568 608,569 600,575 580,575 574,568 559,568 555,573 548,573 527,566 499,565 463,567 448,572 438,566 429,567 417,575 409,568 395,569 390,575 382,575 378,569 362,569 359,572 348,568 292,569 292,619 482,615 570,619 714,614 750,618 756,623 777,623 787,617 820,612 979,610 1018,605 1084,604 1131,614 1143,609 1196,604 1311,601 1310,558 1191,559 1170,555 1149,555 1134,561 1108,563 1069,563 1065,557 1054,556 1043,563 977,565 973,559"/>
        <Baseline points="292,610 774,607 1311,591"/>
        <Word id="region0001_line0002_word0000" custom="readingOrder {index:0;}">
          <Coords points="300,575 377,574 378,608 301,609"/>
          <TextEquiv conf="0.9067419">
            <Unicode>Und</Unicode>
          </TextEquiv>
        </Word>
        <Word id="region0001_line0002_word0001" custom="readingOrder {index:1;}">
          <Coords points="391,572 391,573 392,607 463,606 462,572 420,572 417,575 414,572"/>
          <TextEquiv conf="0.91932845">
            <Unicode>dein</Unicode>
          </TextEquiv>
        </Word>
        <Word id="region0001_line0002_word0002" custom="readingOrder {index:2;}">
          <Coords points="477,571 478,606 552,605 551,573 548,573 539,570"/>
          <TextEquiv conf="0.92675406">
            <Unicode>Blut</Unicode>
          </TextEquiv>
        </Word>
        <Word id="region0001_line0002_word0003" custom="readingOrder {index:3;}">
          <Coords points="564,573 565,607 631,606 630,572 629,572 603,572 600,575 580,575 578,572"/>
          <TextEquiv conf="0.9313219">
            <Unicode>haſt</Unicode>
          </TextEquiv>
        </Word>
        <Word id="region0001_line0002_word0004" custom="readingOrder {index:4;}">
          <Coords points="652,572 647,576 645,575 646,603 687,603 686,575 671,575 668,572"/>
          <TextEquiv conf="0.93125474">
            <Unicode>du</Unicode>
          </TextEquiv>
        </Word>
        <Word id="region0001_line0002_word0005" custom="readingOrder {index:5;}">
          <Coords points="795,566 792,572 702,575 703,613 861,611 860,569 835,570 833,566"/>
          <TextEquiv conf="0.9224127">
            <Unicode>vergoſſen</Unicode>
          </TextEquiv>
        </Word>
        <Word id="region0001_line0002_word0006" custom="readingOrder {index:6;}">
          <Coords points="876,579 933,578 933,600 876,601"/>
          <TextEquiv conf="0.9275759">
            <Unicode>zur</Unicode>
          </TextEquiv>
        </Word>
        <Word id="region0001_line0002_word0007" custom="readingOrder {index:7;}">
          <Coords points="967,561 967,610 979,610 1018,605 1084,604 1127,613 1132,613 1143,609 1150,608 1150,559 1138,559 1134,561 1108,563 1069,563 1066,559 1047,560 1043,563 977,565 974,560"/>
          <TextEquiv conf="0.9159173">
            <Unicode>Erwerbung</Unicode>
          </TextEquiv>
        </Word>
        <Word id="region0001_line0002_word0008" custom="readingOrder {index:8;}">
          <Coords points="1166,565 1297,563 1298,598 1167,600"/>
          <TextEquiv>
            <Unicode>GOTTES</Unicode>
          </TextEquiv>
        </Word>
        <TextEquiv>
          <Unicode>Und dein Blut haſt du vergoſſen zur Erwerbung GOTTES</Unicode>
        </TextEquiv>
      </TextLine>
      <TextLine id="region0001_line0003" custom="readingOrder {index:2;}">
        <Coords points="429,617 416,619 411,624 411,656 421,667 465,667 470,664 499,664 506,668 566,667 576,663 617,662 623,657 623,628 617,622 537,617"/>
        <Baseline points="411,656 623,653"/>
        <Word id="region0001_line0003_word0000" custom="readingOrder {index:0;}">
          <Coords points="571,664 571,628 473,629 473,664 499,664 500,664"/>
          <TextEquiv conf="0.92772216">
            <Unicode>Huld.</Unicode>
          </TextEquiv>
        </Word>
        <TextEquiv conf="0.92772216">
          <Unicode>Huld.</Unicode>
        </TextEquiv>
      </TextLine>
      <TextLine id="region0001_line0004" custom="readingOrder {index:3;}">
        <Coords points="299,646 292,651 293,711 534,710 599,717 629,716 655,711 731,706 842,705 876,709 881,706 906,705 923,700 950,703 1052,702 1196,695 1311,696 1310,642 1285,643 1281,646 1279,655 1224,654 1217,644 1206,644 1196,652 1178,652 1172,645 1160,645 1151,653 1113,656 1084,656 1076,648 1064,650 1059,657 1051,657 1045,650 1033,650 1022,660 1014,659 1001,651 987,650 881,650 865,653 861,664 776,664 767,663 759,655 749,655 737,664 732,657 719,655 709,666 695,667 691,667 684,659 672,659 665,669 641,669 634,660 621,660 614,670 596,670 590,664 576,664 569,670 512,671 499,665 470,665 465,670 391,668 383,658 371,658 362,664 348,658 317,657 311,647"/>
        <Baseline points="293,702 637,703 1311,686"/>
        <Word id="region0001_line0004_word0000" custom="readingOrder {index:0;}">
          <Coords points="301,691 409,690 408,668 391,668 383,658 371,658 362,664 348,658 317,657 311,647 300,646"/>
          <TextEquiv conf="0.92800164">
            <Unicode>Dieſes</Unicode>
          </TextEquiv>
        </Word>
        <Word id="region0001_line0004_word0001" custom="readingOrder {index:1;}">
          <Coords points="424,690 509,689 508,669 499,665 470,665 465,670 423,668"/>
          <TextEquiv conf="0.92574966">
            <Unicode>weiſs</Unicode>
          </TextEquiv>
        </Word>
        <Word id="region0001_line0004_word0002" custom="readingOrder {index:2;}">
          <Coords points="526,685 590,685 589,664 576,664 569,670 525,670"/>
          <TextEquiv conf="0.92174864">
            <Unicode>und</Unicode>
          </TextEquiv>
        </Word>
        <Word id="region0001_line0004_word0003" custom="readingOrder {index:3;}">
          <Coords points="605,697 696,696 695,667 695,667 691,667 684,659 672,659 665,669 641,669 634,660 621,660 614,670 604,670"/>
          <TextEquiv conf="0.922579">
            <Unicode>glaub</Unicode>
          </TextEquiv>
        </Word>
        <Word id="region0001_line0004_word0004" custom="readingOrder {index:4;}">
          <Coords points="721,683 773,683 772,663 767,663 759,655 749,655 737,664 732,657 720,655"/>
          <TextEquiv conf="0.9238597">
            <Unicode>ich</Unicode>
          </TextEquiv>
        </Word>
        <Word id="region0001_line0004_word0005" custom="readingOrder {index:5;}">
          <Coords points="800,691 879,690 878,662 861,662 861,664 799,664"/>
          <TextEquiv conf="0.92574656">
            <Unicode>nun,</Unicode>
          </TextEquiv>
        </Word>
        <Word id="region0001_line0004_word0006" custom="readingOrder {index:6;}">
          <Coords points="901,651 985,651 986,684 902,684"/>
          <TextEquiv conf="0.8532219">
            <Unicode>Will</Unicode>
          </TextEquiv>
        </Word>
        <Word id="region0001_line0004_word0007" custom="readingOrder {index:7;}">
          <Coords points="1002,684 1090,683 1089,656 1084,656 1076,648 1064,650 1059,657 1051,657 1045,650 1033,650 1022,660 1014,659 1001,651"/>
          <TextEquiv conf="0.9141334">
            <Unicode>mich</Unicode>
          </TextEquiv>
        </Word>
        <Word id="region0001_line0004_word0008" custom="readingOrder {index:8;}">
          <Coords points="1159,645 1151,653 1113,656 1104,656 1105,681 1183,680 1182,652 1178,652 1172,645"/>
          <TextEquiv conf="0.9289069">
            <Unicode>auch</Unicode>
          </TextEquiv>
        </Word>
        <Word id="region0001_line0004_word0009" custom="readingOrder {index:9;}">
          <Coords points="1197,679 1308,678 1307,643 1284,643 1281,646 1279,655 1224,654 1217,644 1206,644 1196,651"/>
          <TextEquiv conf="0.5048063">
            <Unicode>darauf</Unicode>
          </TextEquiv>
        </Word>
        <TextEquiv conf="0.87487537">
          <Unicode>Dieſes weiſs und glaub ich nun, Will mich auch darauf</Unicode>
        </TextEquiv>
      </TextLine>
      <TextLine id="region0002_line0001" custom="readingOrder {index:4;}">
        <Coords points="522,708 519,714 407,714 402,719 402,745 408,750 456,753 480,751 497,756 542,755 547,752 585,755 591,752 624,751 630,756 635,756 676,754 686,748 685,726 680,721 597,715 591,708 557,707 544,710 542,707"/>
        <Baseline points="402,741 685,744"/>
        <Word id="region0002_line0001_word0000" custom="readingOrder {index:0;}">
          <Coords points="473,715 474,752 480,751 486,753 547,752 547,752 548,752 613,751 624,751 624,751 640,751 639,718 597,715 596,714"/>
          <TextEquiv conf="0.9195298">
            <Unicode>verlaſſen,</Unicode>
          </TextEquiv>
        </Word>
        <TextEquiv conf="0.9195298">
          <Unicode>verlaſſen,</Unicode>
        </TextEquiv>
      </TextLine>
      <TextLine id="region0002_line0002" custom="readingOrder {index:5;}">
        <Coords points="892,737 878,741 850,739 843,746 826,747 818,739 805,740 800,749 783,750 746,746 741,741 725,741 718,746 695,744 687,752 665,756 630,757 624,752 591,753 567,757 560,753 547,753 541,759 493,760 480,752 468,752 462,759 385,759 376,748 348,744 296,744 296,796 666,796 727,795 787,791 851,796 883,791 918,793 923,790 972,788 1311,784 1310,742 1218,743 1212,734 1195,733 1175,736 1169,745 1165,746 1126,746 1118,736 1105,736 1099,746 1067,747 999,745 990,737 982,737 972,745 966,745 946,737"/>
        <Baseline points="296,790 1311,775"/>
        <Word id="region0002_line0002_word0000" custom="readingOrder {index:0;}">
          <Coords points="302,752 377,751 377,785 302,786"/>
          <TextEquiv conf="0.9210229">
            <Unicode>Und</Unicode>
          </TextEquiv>
        </Word>
        <Word id="region0002_line0002_word0001" custom="readingOrder {index:1;}">
          <Coords points="390,762 451,761 451,784 390,785"/>
          <TextEquiv conf="0.923533">
            <Unicode>was</Unicode>
          </TextEquiv>
        </Word>
        <Word id="region0002_line0002_word0002" custom="readingOrder {index:2;}">
          <Coords points="462,783 503,783 503,759 493,760 480,752 468,752 462,759"/>
          <TextEquiv conf="0.9324193">
            <Unicode>du</Unicode>
          </TextEquiv>
        </Word>
        <Word id="region0002_line0002_word0003" custom="readingOrder {index:3;}">
          <Coords points="516,783 576,782 576,755 567,757 560,753 547,753 541,759 516,759"/>
          <TextEquiv conf="0.9261934">
            <Unicode>mir</Unicode>
          </TextEquiv>
        </Word>
        <Word id="region0002_line0002_word0004" custom="readingOrder {index:4;}">
          <Coords points="587,784 746,782 745,746 692,746 687,752 665,756 630,757 624,752 591,753 586,753"/>
          <TextEquiv conf="0.92021596">
            <Unicode>ſchenckſt</Unicode>
          </TextEquiv>
        </Word>
        <Word id="region0002_line0002_word0005" custom="readingOrder {index:5;}">
          <Coords points="757,779 820,778 819,746 801,746 800,749 783,750 756,747"/>
          <TextEquiv conf="0.9261823">
            <Unicode>und</Unicode>
          </TextEquiv>
        </Word>
        <Word id="region0002_line0002_word0006" custom="readingOrder {index:6;}">
          <Coords points="830,788 922,787 921,744 844,744 843,746 829,746"/>
          <TextEquiv conf="0.9283619">
            <Unicode>gibſt,</Unicode>
          </TextEquiv>
        </Word>
        <Word id="region0002_line0002_word0007" custom="readingOrder {index:7;}">
          <Coords points="931,745 932,778 1044,777 1043,746 999,745 998,744 972,745 972,745 966,745 965,745"/>
          <TextEquiv conf="0.9217375">
            <Unicode>ſuchen</Unicode>
          </TextEquiv>
        </Word>
        <Word id="region0002_line0002_word0008" custom="readingOrder {index:8;}">
          <Coords points="1055,776 1119,775 1118,743 1100,743 1099,746 1067,747 1054,746"/>
          <TextEquiv conf="0.92267394">
            <Unicode>und</Unicode>
          </TextEquiv>
        </Word>
        <Word id="region0002_line0002_word0009" custom="readingOrder {index:9;}">
          <Coords points="1132,755 1172,755 1172,776 1132,776"/>
          <TextEquiv conf="0.87881637">
            <Unicode>zu</Unicode>
          </TextEquiv>
        </Word>
        <Word id="region0002_line0002_word0010" custom="readingOrder {index:10;}">
          <Coords points="1178,740 1179,775 1307,774 1306,742 1218,743 1215,739"/>
          <TextEquiv conf="0.9162662">
            <Unicode>Herzen</Unicode>
          </TextEquiv>
        </Word>
        <TextEquiv conf="0.9197657">
          <Unicode>Und was du mir ſchenckſt und gibſt, ſuchen und zu Herzen</Unicode>
        </TextEquiv>
      </TextLine>
      <TextLine id="region0003_line0001" custom="readingOrder {index:6;}">
        <Coords points="455,795 421,797 415,801 414,831 421,839 430,844 532,843 547,838 556,842 590,840 596,844 603,839 622,842 634,833 633,814 629,811 602,812 587,804 546,803 544,795"/>
        <Baseline points="416,833 634,832"/>
        <Word id="region0003_line0001_word0000" custom="readingOrder {index:0;}">
          <Coords points="473,805 473,842 536,841 547,838 554,841 570,841 590,840 590,805 587,804"/>
          <TextEquiv conf="0.73516005">
            <Unicode>faſſen;</Unicode>
          </TextEquiv>
        </Word>
        <TextEquiv conf="0.73516005">
          <Unicode>faſſen;</Unicode>
        </TextEquiv>
      </TextLine>
      <TextLine id="region0003_line0002" custom="readingOrder {index:7;}">
        <Coords points="639,810 634,814 637,832 622,843 612,840 603,840 596,845 590,841 556,843 542,839 532,844 432,847 419,838 414,838 407,847 372,847 370,838 364,834 297,835 298,885 386,888 483,885 488,888 506,888 512,893 522,893 529,888 579,884 733,881 825,876 899,877 908,884 916,884 930,878 1007,875 1269,875 1274,869 1282,869 1292,873 1312,873 1312,831 1303,831 1295,822 1285,822 1276,831 1267,825 1242,825 1235,833 1216,832 1208,831 1200,823 1190,823 1182,831 1172,832 1166,826 1154,825 1146,832 1121,833 1112,831 1105,824 1095,824 1058,826 1049,834 1015,835 988,834 981,826 968,826 959,834 951,825 927,825 919,834 915,834 907,825 884,826 877,835 865,836 858,828 840,828 833,836 777,838 771,828 747,827 739,829 735,839 691,840 685,832 672,832 665,841 660,841 660,830 652,813 648,810"/>
        <Baseline points="297,877 1312,863"/>
        <Word id="region0003_line0002_word0000" custom="readingOrder {index:0;}">
          <Coords points="302,880 369,879 369,837 364,834 302,834"/>
          <TextEquiv conf="0.9294513">
            <Unicode>Gib</Unicode>
          </TextEquiv>
        </Word>
        <Word id="region0003_line0002_word0001" custom="readingOrder {index:1;}">
          <Coords points="379,874 439,873 441,846 432,847 419,838 414,838 407,847 381,847"/>
          <TextEquiv conf="0.9288362">
            <Unicode>mir</Unicode>
          </TextEquiv>
        </Word>
        <Word id="region0003_line0002_word0002" custom="readingOrder {index:2;}">
          <Coords points="452,877 525,877 525,844 452,846"/>
          <TextEquiv conf="0.9288362">
            <Unicode>nur,</Unicode>
          </TextEquiv>
        </Word>
        <Word id="region0003_line0002_word0003" custom="readingOrder {index:3;}">
          <Coords points="532,874 595,874 595,844 590,841 556,843 542,839 532,844"/>
          <TextEquiv conf="0.76181984">
            <Unicode>daſs</Unicode>
          </TextEquiv>
        </Word>
        <Word id="region0003_line0002_word0004" custom="readingOrder {index:4;}">
          <Coords points="638,810 634,814 637,832 622,843 612,840 604,840 604,874 655,873 655,819 652,813 648,810"/>
          <TextEquiv conf="0.92596346">
            <Unicode>ich</Unicode>
          </TextEquiv>
        </Word>
        <Word id="region0003_line0002_word0005" custom="readingOrder {index:5;}">
          <Coords points="668,870 720,869 718,839 691,840 685,832 672,832 666,839"/>
          <TextEquiv conf="0.9299381">
            <Unicode>das</Unicode>
          </TextEquiv>
        </Word>
        <Word id="region0003_line0002_word0006" custom="readingOrder {index:6;}">
          <Coords points="729,873 801,873 801,837 777,838 771,828 747,827 739,829 735,839 729,839"/>
          <TextEquiv conf="0.928013">
            <Unicode>alles</Unicode>
          </TextEquiv>
        </Word>
        <Word id="region0003_line0002_word0007" custom="readingOrder {index:7;}">
          <Coords points="809,862 992,860 992,834 988,834 981,826 968,826 959,834 951,825 927,825 919,834 915,834 907,825 884,826 877,835 865,836 858,828 840,828 833,836 809,836"/>
          <TextEquiv conf="0.9263567">
            <Unicode>würdiglich</Unicode>
          </TextEquiv>
        </Word>
        <Word id="region0003_line0002_word0008" custom="readingOrder {index:8;}">
          <Coords points="1008,867 1070,867 1070,825 1058,826 1049,834 1015,835 1008,834"/>
          <TextEquiv conf="0.929709">
            <Unicode>und</Unicode>
          </TextEquiv>
        </Word>
        <Word id="region0003_line0002_word0009" custom="readingOrder {index:9;}">
          <Coords points="1087,866 1307,864 1307,831 1303,831 1295,822 1285,822 1276,831 1267,825 1242,825 1235,833 1216,832 1208,831 1200,823 1190,823 1182,831 1172,832 1166,826 1154,825 1146,832 1121,833 1112,831 1105,824 1095,824 1087,824"/>
          <TextEquiv>
            <Unicode>fruchtbarlich</Unicode>
          </TextEquiv>
        </Word>
        <TextEquiv>
          <Unicode>Gib mir nur, daſs ich das alles würdiglich und fruchtbarlich</Unicode>
        </TextEquiv>
      </TextLine>
      <TextLine id="region0003_line0003" custom="readingOrder {index:8;}">
        <Coords points="1274,870 1269,880 1246,880 1244,876 1227,874 1217,881 1213,875 1197,874 1192,882 1163,883 1147,882 1142,876 1128,875 1119,882 1115,876 1100,875 1093,884 1083,885 1081,879 1075,876 1007,876 998,884 987,886 939,884 936,879 908,885 900,878 889,878 885,880 883,887 806,889 794,889 787,880 773,880 751,881 745,890 700,889 695,883 679,883 673,890 661,891 656,883 640,883 636,885 634,892 624,892 618,885 579,885 567,895 490,896 487,888 474,886 468,888 465,895 451,895 447,888 434,888 429,889 425,896 406,899 391,898 389,890 380,887 370,888 366,897 355,897 354,889 349,886 298,886 297,934 389,936 407,945 418,938 440,939 446,936 590,936 667,931 704,931 712,934 736,933 747,930 765,933 827,927 850,928 854,936 867,937 876,934 879,928 914,924 1179,924 1218,921 1274,921 1307,916 1307,884 1302,880 1294,880 1292,874 1288,871"/>
        <Baseline points="297,926 426,930 1307,909"/>
        <Word id="region0003_line0003_word0000" custom="readingOrder {index:0;}">
          <Coords points="304,892 304,933 416,932 416,897 406,899 391,898 389,891 368,891 366,897 355,897 354,891"/>
          <TextEquiv conf="0.92370224">
            <Unicode>Finde,</Unicode>
          </TextEquiv>
        </Word>
        <Word id="region0003_line0003_word0001" custom="readingOrder {index:1;}">
          <Coords points="434,889 434,924 511,923 511,895 490,896 487,888 467,888 465,895 451,895 447,888"/>
          <TextEquiv conf="0.9320392">
            <Unicode>habe</Unicode>
          </TextEquiv>
        </Word>
        <Word id="region0003_line0003_word0002" custom="readingOrder {index:2;}">
          <Coords points="528,923 590,922 590,889 573,889 567,895 528,895"/>
          <TextEquiv conf="0.93130565">
            <Unicode>und</Unicode>
          </TextEquiv>
        </Word>
        <Word id="region0003_line0003_word0003" custom="readingOrder {index:3;}">
          <Coords points="606,887 606,928 743,926 743,889 700,889 697,885 676,885 673,890 661,891 658,886 635,886 634,892 624,892 619,886"/>
          <TextEquiv conf="0.9304655">
            <Unicode>behalte,</Unicode>
          </TextEquiv>
        </Word>
        <Word id="region0003_line0003_word0004" custom="readingOrder {index:4;}">
          <Coords points="767,885 767,918 800,918 800,889 794,889 790,885"/>
          <TextEquiv conf="0.9297567">
            <Unicode>ſo</Unicode>
          </TextEquiv>
        </Word>
        <Word id="region0003_line0003_word0005" custom="readingOrder {index:5;}">
          <Coords points="884,883 883,887 815,888 815,928 816,927 827,927 844,927 883,927 914,924 943,924 943,884 939,884 938,883 916,883 908,885 906,883"/>
          <TextEquiv conf="0.92629915">
            <Unicode>erquick</Unicode>
          </TextEquiv>
        </Word>
        <Word id="region0003_line0003_word0006" custom="readingOrder {index:6;}">
          <Coords points="959,885 959,916 1021,915 1021,884 995,884 987,886 961,884"/>
          <TextEquiv conf="0.91991913">
            <Unicode>und</Unicode>
          </TextEquiv>
        </Word>
        <Word id="region0003_line0003_word0007" custom="readingOrder {index:7;}">
          <Coords points="1037,884 1037,917 1086,916 1086,884 1083,885 1082,883"/>
          <TextEquiv conf="0.9229333">
            <Unicode>lab</Unicode>
          </TextEquiv>
        </Word>
        <Word id="region0003_line0003_word0008" custom="readingOrder {index:8;}">
          <Coords points="1101,884 1150,884 1150,916 1101,916"/>
          <TextEquiv conf="0.9284229">
            <Unicode>ich</Unicode>
          </TextEquiv>
        </Word>
        <Word id="region0003_line0003_word0009" custom="readingOrder {index:9;}">
          <Coords points="1196,875 1192,882 1165,882 1166,916 1285,914 1284,874 1271,874 1269,880 1246,880 1244,876 1234,874 1225,874 1217,881 1213,875"/>
          <TextEquiv conf="0.9196718">
            <Unicode>mich.</Unicode>
          </TextEquiv>
        </Word>
        <TextEquiv conf="0.92645156">
          <Unicode>Finde, habe und behalte, ſo erquick und lab ich mich.</Unicode>
        </TextEquiv>
      </TextLine>
      <TextLine id="region0003_line0004" custom="readingOrder {index:9;}">
        <Coords points="1305,917 1275,921 1260,929 1243,923 1218,922 1186,923 1147,932 1088,932 1086,925 1079,924 1014,924 1007,926 1003,933 982,934 975,926 962,926 955,934 945,934 939,926 914,925 890,928 885,934 867,938 843,937 839,929 827,928 822,929 818,937 755,938 754,934 743,931 736,934 725,932 720,935 719,940 709,942 708,934 704,932 667,932 662,935 661,941 581,943 565,942 559,936 544,936 533,942 464,944 460,938 446,937 439,940 438,944 433,945 428,939 418,939 407,946 398,945 395,939 389,937 304,934 297,935 298,982 336,982 342,985 357,981 379,983 409,980 416,983 492,980 525,981 533,983 602,983 608,980 623,982 640,982 648,979 661,982 705,982 715,978 749,975 818,977 825,974 907,975 912,972 929,974 1028,970 1081,973 1118,979 1128,978 1138,972 1155,970 1191,969 1202,972 1305,970 1313,968 1312,917"/>
        <Baseline points="298,975 1135,964 1312,954"/>
        <Word id="region0003_line0004_word0000" custom="readingOrder {index:0;}">
          <Coords points="303,970 392,969 392,938 389,937 304,934 303,934"/>
          <TextEquiv conf="0.91360694">
            <Unicode>Laſſe</Unicode>
          </TextEquiv>
        </Word>
        <Word id="region0003_line0004_word0001" custom="readingOrder {index:1;}">
          <Coords points="408,967 520,966 520,942 464,944 460,938 446,937 439,940 438,944 433,945 428,939 418,939 408,945"/>
          <TextEquiv conf="0.92632973">
            <Unicode>deinen</Unicode>
          </TextEquiv>
        </Word>
        <Word id="region0003_line0004_word0002" custom="readingOrder {index:2;}">
          <Coords points="535,966 665,965 665,934 663,934 662,935 661,941 581,943 565,942 559,936 544,936 535,940"/>
          <TextEquiv conf="0.91990995">
            <Unicode>theuren</Unicode>
          </TextEquiv>
        </Word>
        <Word id="region0003_line0004_word0003" custom="readingOrder {index:3;}">
          <Coords points="742,931 736,934 725,932 720,935 719,940 709,942 708,934 704,932 680,932 680,965 759,964 759,937 755,938 754,934 743,931"/>
          <TextEquiv conf="0.9307357">
            <Unicode>Leib</Unicode>
          </TextEquiv>
        </Word>
        <Word id="region0003_line0004_word0004" custom="readingOrder {index:4;}">
          <Coords points="820,931 818,937 774,937 774,964 893,963 893,931 887,931 885,934 867,938 843,937 840,931"/>
          <TextEquiv conf="0.9230944">
            <Unicode>meiner</Unicode>
          </TextEquiv>
        </Word>
        <Word id="region0003_line0004_word0005" custom="readingOrder {index:5;}">
          <Coords points="909,929 909,963 1016,962 1016,928 1005,928 1003,933 982,934 977,928 959,928 955,934 945,934 941,928"/>
          <TextEquiv conf="0.79516983">
            <Unicode>Seelen</Unicode>
          </TextEquiv>
        </Word>
        <Word id="region0003_line0004_word0006" custom="readingOrder {index:6;}">
          <Coords points="1031,928 1032,970 1044,971 1154,970 1155,970 1163,970 1162,929 1147,932 1088,932 1087,928"/>
          <TextEquiv conf="0.926064">
            <Unicode>Hunger</Unicode>
          </TextEquiv>
        </Word>
        <Word id="region0003_line0004_word0007" custom="readingOrder {index:7;}">
          <Coords points="1182,926 1182,961 1305,960 1305,925 1266,925 1260,929 1249,925"/>
          <TextEquiv conf="0.86401427">
            <Unicode>ſtillen!</Unicode>
          </TextEquiv>
        </Word>
        <TextEquiv conf="0.8998656">
          <Unicode>Laſſe deinen theuren Leib meiner Seelen Hunger ſtillen!</Unicode>
        </TextEquiv>
      </TextLine>
      <TextLine id="region0003_line0005" custom="readingOrder {index:10;}">
        <Coords points="993,972 982,973 969,979 930,979 924,973 912,973 905,979 842,980 838,976 825,975 815,981 805,983 796,983 786,977 749,976 709,980 704,986 676,987 663,987 662,983 654,980 643,981 638,987 627,987 616,981 602,984 586,982 578,987 565,987 542,986 525,982 492,981 468,981 449,987 442,981 430,982 420,988 413,982 401,981 396,983 394,988 379,989 373,982 357,982 351,984 348,989 343,990 342,986 336,983 298,983 297,1031 431,1029 485,1024 534,1024 559,1028 587,1024 720,1025 919,1018 1312,1017 1313,977 1277,976 1245,971 1208,975 1191,970 1155,971 1138,973 1128,979 1118,980 1105,977 1047,977 1028,971"/>
        <Baseline points="297,1021 1312,1007"/>
        <Word id="region0003_line0005_word0000" custom="readingOrder {index:0;}">
          <Coords points="304,988 304,1022 378,1021 378,987 377,987 348,987 348,989 343,990 342,987"/>
          <TextEquiv conf="0.9108619">
            <Unicode>Laſs</Unicode>
          </TextEquiv>
        </Word>
        <Word id="region0003_line0005_word0001" custom="readingOrder {index:1;}">
          <Coords points="394,986 394,988 393,988 393,1019 465,1018 465,986 451,986 449,987 448,986 422,986 420,988 418,986"/>
          <TextEquiv conf="0.92921937">
            <Unicode>dein</Unicode>
          </TextEquiv>
        </Word>
        <Word id="region0003_line0005_word0002" custom="readingOrder {index:2;}">
          <Coords points="480,985 480,1017 556,1016 556,986 542,986 534,984"/>
          <TextEquiv conf="0.92921937">
            <Unicode>Blut</Unicode>
          </TextEquiv>
        </Word>
        <Word id="region0003_line0005_word0003" custom="readingOrder {index:3;}">
          <Coords points="582,984 578,987 569,987 569,1017 618,1017 618,984 602,984"/>
          <TextEquiv conf="0.9305534">
            <Unicode>als</Unicode>
          </TextEquiv>
        </Word>
        <Word id="region0003_line0005_word0004" custom="readingOrder {index:4;}">
          <Coords points="641,982 638,987 627,987 627,1015 720,1014 720,982 707,982 704,986 676,987 663,987 662,983 661,982"/>
          <TextEquiv conf="0.9157349">
            <Unicode>einen</Unicode>
          </TextEquiv>
        </Word>
        <Word id="region0003_line0005_word0005" custom="readingOrder {index:5;}">
          <Coords points="731,982 731,1014 845,1013 845,981 813,981 805,983 796,983 793,981"/>
          <TextEquiv conf="0.9212671">
            <Unicode>Trank</Unicode>
          </TextEquiv>
        </Word>
        <Word id="region0003_line0005_word0006" custom="readingOrder {index:6;}">
          <Coords points="859,982 978,981 978,1011 859,1012"/>
          <TextEquiv conf="0.9283741">
            <Unicode>meines</Unicode>
          </TextEquiv>
        </Word>
        <Word id="region0003_line0005_word0007" custom="readingOrder {index:7;}">
          <Coords points="993,981 993,1010 1135,1009 1135,979 1126,979 1118,980 1114,979"/>
          <TextEquiv conf="0.9206854">
            <Unicode>Herzens</Unicode>
          </TextEquiv>
        </Word>
        <Word id="region0003_line0005_word0008" custom="readingOrder {index:8;}">
          <Coords points="1150,979 1249,978 1249,1009 1150,1010"/>
          <TextEquiv conf="0.923721">
            <Unicode>Durſt</Unicode>
          </TextEquiv>
        </Word>
        <Word id="region0003_line0005_word0009" custom="readingOrder {index:9;}">
          <Coords points="1260,989 1309,988 1309,1008 1260,1009"/>
          <TextEquiv>
            <Unicode>er-</Unicode>
          </TextEquiv>
        </Word>
        <TextEquiv>
          <Unicode>Laſs dein Blut als einen Trank meines Herzens Durſt er-</Unicode>
        </TextEquiv>
      </TextLine>
      <TextLine id="region0003_line0006" custom="readingOrder {index:11;}">
        <Coords points="485,1025 425,1030 422,1034 423,1064 432,1070 451,1065 466,1070 476,1066 494,1070 507,1070 514,1066 524,1066 532,1069 556,1069 568,1064 593,1068 601,1062 644,1059 650,1053 650,1030 645,1026 587,1025 559,1029 534,1025"/>
        <Baseline points="423,1059 553,1058 650,1049"/>
        <Word id="region0003_line0006_word0000" custom="readingOrder {index:0;}">
          <Coords points="599,1026 480,1027 478,1066 489,1068 509,1068 514,1066 524,1066 530,1068 557,1068 568,1064 593,1068 597,1064"/>
          <TextEquiv>
            <Unicode>füllen!</Unicode>
          </TextEquiv>
        </Word>
        <TextEquiv>
          <Unicode>füllen!</Unicode>
        </TextEquiv>
      </TextLine>
      <TextLine id="region0003_line0007" custom="readingOrder {index:12;}">
        <Coords points="1134,1049 1129,1051 1124,1059 1100,1060 1086,1060 1080,1052 1067,1052 1061,1061 1057,1061 1051,1052 976,1055 972,1052 963,1052 953,1060 934,1065 914,1063 906,1053 884,1055 879,1064 850,1066 786,1065 779,1057 766,1057 760,1065 743,1066 734,1059 724,1056 654,1057 642,1060 634,1068 618,1069 612,1063 601,1063 592,1070 581,1065 569,1065 561,1071 533,1071 524,1067 514,1067 507,1071 476,1067 466,1071 457,1066 444,1068 440,1072 392,1073 388,1066 381,1064 297,1063 297,1112 629,1110 692,1106 903,1111 910,1105 927,1108 933,1105 963,1103 1115,1101 1187,1102 1192,1111 1208,1111 1215,1101 1313,1101 1312,1060 1252,1061 1244,1060 1237,1052 1225,1053 1218,1060 1188,1060 1187,1053 1182,1048"/>
        <Baseline points="297,1106 1313,1091"/>
        <Word id="region0003_line0007_word0000" custom="readingOrder {index:0;}">
          <Coords points="305,1070 305,1104 399,1103 399,1072 392,1073 389,1069"/>
          <TextEquiv conf="0.89499235">
            <Unicode>Hülle</Unicode>
          </TextEquiv>
        </Word>
        <Word id="region0003_line0007_word0001" custom="readingOrder {index:1;}">
          <Coords points="446,1067 444,1068 440,1072 413,1072 413,1100 499,1099 499,1069 477,1067 475,1067 466,1071 459,1067"/>
          <TextEquiv conf="0.92938006">
            <Unicode>mich</Unicode>
          </TextEquiv>
        </Word>
        <Word id="region0003_line0007_word0002" custom="readingOrder {index:2;}">
          <Coords points="514,1068 514,1098 547,1097 547,1071 533,1071 525,1067"/>
          <TextEquiv conf="0.9277946">
            <Unicode>in</Unicode>
          </TextEquiv>
        </Word>
        <Word id="region0003_line0007_word0003" custom="readingOrder {index:3;}">
          <Coords points="567,1065 562,1070 562,1099 652,1098 652,1065 636,1065 634,1068 618,1069 614,1065 597,1065 592,1070 582,1065"/>
          <TextEquiv conf="0.9221578">
            <Unicode>deine</Unicode>
          </TextEquiv>
        </Word>
        <Word id="region0003_line0007_word0004" custom="readingOrder {index:4;}">
          <Coords points="666,1064 666,1101 840,1099 839,1065 786,1065 783,1062 761,1062 760,1065 743,1066 739,1063"/>
          <TextEquiv conf="0.88406974">
            <Unicode>Wunden,</Unicode>
          </TextEquiv>
        </Word>
        <Word id="region0003_line0007_word0005" custom="readingOrder {index:5;}">
          <Coords points="881,1058 879,1064 864,1065 865,1104 931,1103 930,1064 914,1063 910,1058"/>
          <TextEquiv conf="0.9144488">
            <Unicode>gib,</Unicode>
          </TextEquiv>
        </Word>
        <Word id="region0003_line0007_word0006" custom="readingOrder {index:6;}">
          <Coords points="953,1060 1017,1059 1018,1092 954,1093"/>
          <TextEquiv conf="0.77700514">
            <Unicode>daſs</Unicode>
          </TextEquiv>
        </Word>
        <Word id="region0003_line0007_word0007" custom="readingOrder {index:7;}">
          <Coords points="1032,1060 1033,1093 1135,1092 1134,1059 1121,1059 1100,1060 1086,1060 1086,1059 1062,1060 1061,1061 1057,1061 1056,1060"/>
          <TextEquiv conf="0.9248873">
            <Unicode>deines</Unicode>
          </TextEquiv>
        </Word>
        <Word id="region0003_line0007_word0008" custom="readingOrder {index:8;}">
          <Coords points="1150,1057 1151,1101 1170,1102 1215,1101 1215,1101 1230,1101 1309,1100 1308,1060 1252,1061 1244,1060 1240,1056 1222,1056 1218,1060 1188,1060 1188,1057"/>
          <TextEquiv conf="0.91594386">
            <Unicode>Leydens-</Unicode>
          </TextEquiv>
        </Word>
        <TextEquiv conf="0.8989644">
          <Unicode>Hülle mich in deine Wunden, gib, daſs deines Leydens-</Unicode>
        </TextEquiv>
      </TextLine>
      <TextLine id="region0004_line0001" custom="readingOrder {index:13;}">
        <Coords points="412,1109 413,1142 421,1146 423,1152 439,1158 526,1158 557,1152 634,1150 639,1145 638,1114 633,1109 544,1108 533,1112 530,1109"/>
        <Baseline points="422,1147 639,1139"/>
        <Word id="region0004_line0001_word0000" custom="readingOrder {index:0;}">
          <Coords points="582,1116 460,1117 460,1152 537,1151 565,1146 582,1145"/>
          <TextEquiv conf="0.6262069">
            <Unicode>Kraft</Unicode>
          </TextEquiv>
        </Word>
        <TextEquiv conf="0.6262069">
          <Unicode>Kraft</Unicode>
        </TextEquiv>
      </TextLine>
      <TextLine id="region0004_line0002" custom="readingOrder {index:14;}">
        <Coords points="303,1131 300,1205 621,1204 1125,1194 1154,1197 1317,1197 1318,1190 1318,1150 1273,1152 1266,1145 1253,1145 1243,1153 1225,1152 1218,1144 1207,1144 1202,1149 1196,1144 1184,1144 1175,1153 1164,1154 1100,1154 1095,1145 1082,1144 1077,1148 1075,1155 1042,1155 1040,1146 1032,1142 969,1146 964,1141 915,1140 905,1144 903,1155 877,1156 873,1153 864,1153 860,1156 828,1156 823,1147 808,1147 803,1151 801,1158 783,1158 776,1149 764,1149 757,1158 711,1158 705,1157 697,1149 680,1149 671,1157 650,1159 636,1159 631,1151 541,1154 529,1157 522,1163 438,1161 437,1158 425,1153 416,1155 410,1162 382,1162 377,1153 363,1152 357,1156 354,1163 350,1155 344,1152 318,1151 318,1135 312,1131"/>
        <Baseline points="301,1196 1318,1186"/>
        <Word id="region0004_line0002_word0000" custom="readingOrder {index:0;}">
          <Coords points="306,1142 307,1196 344,1196 343,1151 318,1151 318,1142"/>
          <TextEquiv conf="0.91434014">
            <Unicode>In</Unicode>
          </TextEquiv>
        </Word>
        <Word id="region0004_line0002_word0001" custom="readingOrder {index:1;}">
          <Coords points="357,1199 410,1199 408,1162 382,1162 377,1153 363,1152 357,1156 355,1160"/>
          <TextEquiv conf="0.91434014">
            <Unicode>der</Unicode>
          </TextEquiv>
        </Word>
        <Word id="region0004_line0002_word0002" custom="readingOrder {index:2;}">
          <Coords points="420,1199 539,1197 540,1154 529,1157 522,1163 438,1161 437,1158 425,1153 421,1153"/>
          <TextEquiv conf="0.5846345">
            <Unicode>letzten</Unicode>
          </TextEquiv>
        </Word>
        <Word id="region0004_line0002_word0003" custom="readingOrder {index:3;}">
          <Coords points="555,1198 797,1196 795,1158 783,1158 776,1149 764,1149 757,1158 711,1158 705,1157 697,1149 680,1149 671,1157 650,1159 636,1159 631,1151 553,1153"/>
          <TextEquiv conf="0.91125757">
            <Unicode>Todes-Stunde</Unicode>
          </TextEquiv>
        </Word>
        <Word id="region0004_line0002_word0004" custom="readingOrder {index:4;}">
          <Coords points="810,1191 910,1190 910,1142 905,1144 903,1155 877,1156 873,1153 864,1153 860,1156 828,1156 823,1147 810,1147"/>
          <TextEquiv conf="0.9118149">
            <Unicode>lauter</Unicode>
          </TextEquiv>
        </Word>
        <Word id="region0004_line0002_word0005" custom="readingOrder {index:5;}">
          <Coords points="923,1187 1034,1186 1034,1143 1032,1142 969,1146 964,1141 923,1140"/>
          <TextEquiv conf="0.92794">
            <Unicode>Labſal</Unicode>
          </TextEquiv>
        </Word>
        <Word id="region0004_line0002_word0006" custom="readingOrder {index:6;}">
          <Coords points="1050,1188 1111,1187 1110,1154 1100,1154 1095,1145 1082,1144 1077,1148 1075,1155 1049,1155"/>
          <TextEquiv conf="0.92210627">
            <Unicode>mir</Unicode>
          </TextEquiv>
        </Word>
        <Word id="region0004_line0002_word0007" custom="readingOrder {index:7;}">
          <Coords points="1124,1191 1287,1189 1287,1151 1273,1152 1266,1145 1253,1145 1243,1153 1225,1152 1218,1144 1207,1144 1202,1149 1196,1144 1184,1144 1175,1153 1164,1154 1124,1154"/>
          <TextEquiv conf="0.9107857">
            <Unicode>verſchaft.</Unicode>
          </TextEquiv>
        </Word>
        <TextEquiv conf="0.8746524">
          <Unicode>In der letzten Todes-Stunde lauter Labſal mir verſchaft.</Unicode>
        </TextEquiv>
      </TextLine>
      <TextLine id="region0004_line0003" custom="readingOrder {index:15;}">
        <Coords points="300,1206 301,1256 513,1258 521,1264 534,1265 552,1257 815,1253 870,1249 1206,1244 1211,1247 1250,1246 1295,1251 1318,1250 1317,1208 1262,1207 1256,1198 1244,1198 1237,1207 1219,1207 1212,1199 1199,1200 1193,1197 1175,1198 1168,1207 1112,1207 1105,1197 1093,1198 1088,1207 1003,1207 997,1198 972,1199 965,1209 863,1210 857,1201 845,1200 839,1204 837,1210 795,1211 790,1203 777,1202 769,1212 766,1212 762,1203 748,1202 741,1212 729,1213 684,1214 680,1206 673,1204 663,1205 660,1214 571,1215 562,1205 550,1205 542,1211 535,1207 515,1206 433,1207 425,1216 412,1215 406,1208 395,1208 387,1215 370,1216 361,1215 352,1206"/>
        <Baseline points="301,1248 1318,1239"/>
        <Word id="region0004_line0003_word0000" custom="readingOrder {index:0;}">
          <Coords points="305,1213 306,1249 419,1248 418,1215 412,1215 409,1212 390,1212 387,1215 370,1216 361,1215 358,1212"/>
          <TextEquiv>
            <Unicode>Durch</Unicode>
          </TextEquiv>
        </Word>
        <Word id="region0004_line0003_word0001" custom="readingOrder {index:1;}">
          <Coords points="424,1248 485,1247 484,1213 426,1213 425,1216 423,1215"/>
          <TextEquiv conf="0.89515704">
            <Unicode>diſs</Unicode>
          </TextEquiv>
        </Word>
        <Word id="region0004_line0003_word0002" custom="readingOrder {index:2;}">
          <Coords points="489,1212 490,1256 592,1255 591,1214 571,1215 567,1211"/>
          <TextEquiv conf="0.9037935">
            <Unicode>Opfer</Unicode>
          </TextEquiv>
        </Word>
        <Word id="region0004_line0003_word0003" custom="readingOrder {index:3;}">
          <Coords points="661,1210 660,1214 598,1214 599,1245 708,1244 707,1213 684,1214 682,1210"/>
          <TextEquiv conf="0.9274924">
            <Unicode>mache</Unicode>
          </TextEquiv>
        </Word>
        <Word id="region0004_line0003_word0004" custom="readingOrder {index:4;}">
          <Coords points="743,1208 741,1212 729,1213 715,1213 716,1245 802,1244 801,1210 795,1211 793,1208 771,1208 769,1212 766,1212 764,1208"/>
          <TextEquiv conf="0.9256356">
            <Unicode>mich</Unicode>
          </TextEquiv>
        </Word>
        <Word id="region0004_line0003_word0005" custom="readingOrder {index:5;}">
          <Coords points="838,1207 837,1210 812,1210 813,1241 880,1241 879,1209 863,1210 861,1207"/>
          <TextEquiv conf="0.9235572">
            <Unicode>rein</Unicode>
          </TextEquiv>
        </Word>
        <Word id="region0004_line0003_word0006" custom="readingOrder {index:6;}">
          <Coords points="887,1218 950,1217 950,1240 887,1241"/>
          <TextEquiv conf="0.9281077">
            <Unicode>von</Unicode>
          </TextEquiv>
        </Word>
        <Word id="region0004_line0003_word0007" custom="readingOrder {index:7;}">
          <Coords points="966,1207 965,1209 958,1209 959,1239 1039,1238 1038,1207 1003,1207 1003,1206"/>
          <TextEquiv conf="0.92091215">
            <Unicode>allen</Unicode>
          </TextEquiv>
        </Word>
        <Word id="region0004_line0003_word0008" custom="readingOrder {index:8;}">
          <Coords points="1088,1205 1088,1207 1044,1207 1045,1238 1170,1237 1169,1205 1168,1207 1112,1207 1110,1205"/>
          <TextEquiv conf="0.9041255">
            <Unicode>meinen</Unicode>
          </TextEquiv>
        </Word>
        <Word id="region0004_line0003_word0009" custom="readingOrder {index:9;}">
          <Coords points="1175,1204 1176,1243 1313,1241 1312,1207 1262,1207 1259,1202 1240,1203 1237,1207 1219,1207 1215,1203"/>
          <TextEquiv conf="0.9041255">
            <Unicode>Sünden,</Unicode>
          </TextEquiv>
        </Word>
        <TextEquiv>
          <Unicode>Durch diſs Opfer mache mich rein von allen meinen Sünden,</Unicode>
        </TextEquiv>
      </TextLine>
      <TextLine id="region0004_line0004" custom="readingOrder {index:16;}">
        <Coords points="987,1248 975,1255 952,1255 941,1249 927,1249 922,1253 911,1249 850,1251 841,1257 821,1258 798,1259 792,1254 778,1254 768,1259 762,1254 748,1254 740,1261 704,1261 697,1255 669,1255 661,1261 652,1261 649,1256 636,1255 628,1257 625,1263 535,1266 521,1265 513,1259 500,1259 494,1264 468,1265 466,1260 460,1257 437,1258 428,1264 414,1263 408,1258 396,1258 390,1263 375,1263 353,1257 301,1257 300,1305 594,1301 598,1305 607,1305 616,1300 734,1300 775,1297 795,1301 807,1298 823,1305 841,1299 895,1297 903,1293 1120,1291 1262,1292 1280,1295 1317,1296 1318,1258 1309,1254 1258,1254 1250,1247 1235,1248 1231,1253 1219,1253 1206,1245 1192,1245 1182,1252 1167,1252 1160,1247 1147,1248 1143,1253 1137,1248 1097,1247 1090,1253 1078,1255 1063,1255 1057,1249 1047,1247 1037,1248 1030,1254 1020,1254 1014,1247"/>
        <Baseline points="301,1296 1318,1285"/>
        <Word id="region0004_line0004_word0000" custom="readingOrder {index:0;}">
          <Coords points="307,1263 307,1296 418,1295 418,1263 414,1263 412,1262 390,1262 390,1263 375,1263 372,1262"/>
          <TextEquiv conf="0.9134195">
            <Unicode>Durch</Unicode>
          </TextEquiv>
        </Word>
        <Word id="region0004_line0004_word0001" custom="readingOrder {index:1;}">
          <Coords points="431,1261 430,1262 430,1293 479,1292 479,1264 468,1265 466,1261"/>
          <TextEquiv conf="0.9252053">
            <Unicode>die</Unicode>
          </TextEquiv>
        </Word>
        <Word id="region0004_line0004_word0002" custom="readingOrder {index:2;}">
          <Coords points="496,1262 494,1264 490,1264 490,1301 616,1300 616,1300 622,1300 622,1263 535,1266 521,1265 517,1262"/>
          <TextEquiv conf="0.869011">
            <Unicode>Arzney</Unicode>
          </TextEquiv>
        </Word>
        <Word id="region0004_line0004_word0003" custom="readingOrder {index:3;}">
          <Coords points="634,1258 634,1290 707,1290 707,1261 704,1261 700,1258 665,1258 661,1261 652,1261 650,1258"/>
          <TextEquiv conf="0.8475784">
            <Unicode>laſſe</Unicode>
          </TextEquiv>
        </Word>
        <Word id="region0004_line0004_word0004" custom="readingOrder {index:4;}">
          <Coords points="715,1289 801,1288 801,1259 741,1259 740,1261 715,1261"/>
          <TextEquiv conf="0.9225352">
            <Unicode>mich</Unicode>
          </TextEquiv>
        </Word>
        <Word id="region0004_line0004_word0005" custom="readingOrder {index:5;}">
          <Coords points="968,1256 841,1257 841,1257 821,1258 812,1258 812,1296 898,1295 903,1293 968,1292"/>
          <TextEquiv conf="0.9183577">
            <Unicode>geiſtliche</Unicode>
          </TextEquiv>
        </Word>
        <Word id="region0004_line0004_word0006" custom="readingOrder {index:6;}">
          <Coords points="981,1255 981,1287 1175,1285 1175,1253 1084,1253 1078,1255 1063,1255 1062,1254"/>
          <TextEquiv conf="0.9227097">
            <Unicode>Geſundheit</Unicode>
          </TextEquiv>
        </Word>
        <Word id="region0004_line0004_word0007" custom="readingOrder {index:7;}">
          <Coords points="1185,1252 1185,1287 1312,1286 1312,1255 1309,1254 1258,1254 1255,1251 1232,1251 1231,1253 1219,1253 1216,1251"/>
          <TextEquiv conf="0.75555074">
            <Unicode>finden;</Unicode>
          </TextEquiv>
        </Word>
        <TextEquiv conf="0.88429594">
          <Unicode>Durch die Arzney laſſe mich geiſtliche Geſundheit finden;</Unicode>
        </TextEquiv>
      </TextLine>
      <TextLine id="region0004_line0005" custom="readingOrder {index:17;}">
        <Coords points="903,1294 891,1300 824,1306 807,1299 799,1300 795,1305 783,1305 775,1298 754,1298 749,1300 747,1306 718,1307 715,1302 710,1300 699,1300 691,1306 683,1306 674,1300 663,1300 656,1306 625,1305 616,1301 607,1306 589,1302 584,1306 570,1308 561,1308 552,1302 539,1302 532,1305 529,1310 522,1310 518,1305 512,1303 492,1303 485,1305 484,1310 471,1310 462,1303 448,1303 441,1310 433,1311 429,1305 412,1304 406,1312 396,1313 373,1313 370,1306 366,1304 300,1306 301,1354 1102,1339 1196,1341 1224,1350 1233,1350 1243,1345 1276,1339 1282,1339 1289,1348 1302,1348 1311,1338 1318,1337 1317,1299 1269,1299 1262,1293 1249,1293 1243,1298 1176,1300 1152,1298 1148,1293 1120,1292 1052,1294 1029,1300 984,1300 978,1294 965,1294 958,1300 949,1295 931,1295 924,1299 916,1294"/>
        <Baseline points="301,1344 1318,1330"/>
        <Word id="region0004_line0005_word0000" custom="readingOrder {index:0;}">
          <Coords points="309,1309 309,1349 391,1348 390,1313 373,1313 370,1308"/>
          <TextEquiv conf="0.91708446">
            <Unicode>Gib,</Unicode>
          </TextEquiv>
        </Word>
        <Word id="region0004_line0005_word0001" custom="readingOrder {index:1;}">
          <Coords points="409,1307 406,1311 407,1341 470,1340 469,1308 467,1307 443,1307 441,1310 433,1311 430,1307"/>
          <TextEquiv conf="0.92625016">
            <Unicode>daſs</Unicode>
          </TextEquiv>
        </Word>
        <Word id="region0004_line0005_word0002" custom="readingOrder {index:2;}">
          <Coords points="485,1308 485,1340 579,1339 578,1307 576,1307 570,1308 561,1308 559,1307 530,1307 529,1310 522,1310 520,1307"/>
          <TextEquiv conf="0.9169941">
            <Unicode>dieſes</Unicode>
          </TextEquiv>
        </Word>
        <Word id="region0004_line0005_word0003" custom="readingOrder {index:3;}">
          <Coords points="593,1307 677,1306 678,1338 594,1339"/>
          <TextEquiv conf="0.9259777">
            <Unicode>Brod</Unicode>
          </TextEquiv>
        </Word>
        <Word id="region0004_line0005_word0004" custom="readingOrder {index:4;}">
          <Coords points="691,1306 692,1338 744,1337 743,1306 718,1307 717,1305"/>
          <TextEquiv conf="0.92732984">
            <Unicode>des</Unicode>
          </TextEquiv>
        </Word>
        <Word id="region0004_line0005_word0005" custom="readingOrder {index:5;}">
          <Coords points="757,1304 758,1336 879,1335 878,1303 855,1303 824,1306 817,1303 796,1303 795,1305 783,1305 781,1303"/>
          <TextEquiv conf="0.9203979">
            <Unicode>Lebens</Unicode>
          </TextEquiv>
        </Word>
        <Word id="region0004_line0005_word0006" custom="readingOrder {index:6;}">
          <Coords points="899,1304 989,1303 990,1334 900,1335"/>
          <TextEquiv conf="0.7167275">
            <Unicode>Stärk</Unicode>
          </TextEquiv>
        </Word>
        <Word id="region0004_line0005_word0007" custom="readingOrder {index:7;}">
          <Coords points="1004,1304 1067,1304 1068,1333 1005,1333"/>
          <TextEquiv conf="0.92333746">
            <Unicode>und</Unicode>
          </TextEquiv>
        </Word>
        <Word id="region0004_line0005_word0008" custom="readingOrder {index:8;}">
          <Coords points="1239,1341 1238,1300 1083,1302 1083,1339 1102,1339 1196,1341 1197,1341"/>
          <TextEquiv conf="0.9190203">
            <Unicode>Nahrung</Unicode>
          </TextEquiv>
        </Word>
        <Word id="region0004_line0005_word0009" custom="readingOrder {index:9;}">
          <Coords points="1253,1298 1254,1339 1311,1338 1311,1338 1314,1338 1313,1299 1269,1299 1268,1298"/>
          <TextEquiv conf="0.919514">
            <Unicode>bey</Unicode>
          </TextEquiv>
        </Word>
        <TextEquiv conf="0.90126336">
          <Unicode>Gib, daſs dieſes Brod des Lebens Stärk und Nahrung bey</Unicode>
        </TextEquiv>
      </TextLine>
      <TextLine id="region0005_line0001" custom="readingOrder {index:18;}">
        <Coords points="510,1350 509,1355 423,1356 418,1361 418,1387 423,1392 446,1394 468,1395 472,1392 488,1392 492,1395 513,1395 523,1391 560,1393 566,1390 580,1390 587,1394 604,1394 612,1397 627,1390 646,1389 658,1384 657,1360 642,1354 612,1354 608,1351 573,1353 570,1349 549,1349 547,1353 534,1354 530,1350"/>
        <Baseline points="418,1384 658,1383"/>
        <Word id="region0005_line0001_word0000" custom="readingOrder {index:0;}">
          <Coords points="483,1357 544,1356 544,1388 483,1389"/>
          <TextEquiv conf="0.91107345">
            <Unicode>mir</Unicode>
          </TextEquiv>
        </Word>
        <Word id="region0005_line0001_word0001" custom="readingOrder {index:1;}">
          <Coords points="623,1356 557,1356 557,1392 560,1393 566,1390 580,1390 585,1393 620,1393 623,1391"/>
          <TextEquiv conf="0.9210464">
            <Unicode>hat,</Unicode>
          </TextEquiv>
        </Word>
        <TextEquiv conf="0.9160599">
          <Unicode>mir hat,</Unicode>
        </TextEquiv>
      </TextLine>
      <TextLine id="region0005_line0002" custom="readingOrder {index:19;}">
        <Coords points="1025,1379 1019,1383 1017,1389 935,1390 928,1381 915,1381 909,1390 848,1393 774,1394 754,1384 662,1384 646,1390 627,1391 615,1398 604,1395 588,1396 580,1391 566,1391 557,1396 530,1392 518,1393 512,1397 492,1396 488,1393 428,1398 421,1391 408,1391 402,1397 393,1397 386,1389 369,1391 351,1387 305,1388 304,1436 359,1438 380,1435 453,1434 474,1437 809,1434 999,1427 1069,1430 1192,1426 1253,1429 1307,1425 1312,1420 1312,1391 1307,1386 1209,1387 1202,1380 1189,1380 1180,1388 1160,1388 1154,1381 1141,1381 1133,1389 1114,1389 1109,1380 1092,1378 1086,1381 1079,1390 1060,1390 1042,1389 1036,1380"/>
        <Baseline points="304,1428 1312,1415"/>
        <Word id="region0005_line0002_word0000" custom="readingOrder {index:0;}">
          <Coords points="310,1397 386,1396 386,1429 310,1430"/>
          <TextEquiv conf="0.9206616">
            <Unicode>Und</Unicode>
          </TextEquiv>
        </Word>
        <Word id="region0005_line0002_word0001" custom="readingOrder {index:1;}">
          <Coords points="403,1395 402,1397 401,1397 401,1426 497,1425 497,1396 492,1396 490,1395 459,1395 428,1398 425,1395"/>
          <TextEquiv conf="0.92389154">
            <Unicode>durch</Unicode>
          </TextEquiv>
        </Word>
        <Word id="region0005_line0002_word0002" custom="readingOrder {index:2;}">
          <Coords points="516,1393 513,1396 513,1426 606,1425 606,1395 604,1395 588,1396 583,1393 561,1393 557,1396 541,1393"/>
          <TextEquiv conf="0.9146848">
            <Unicode>dieſes</Unicode>
          </TextEquiv>
        </Word>
        <Word id="region0005_line0002_word0003" custom="readingOrder {index:3;}">
          <Coords points="619,1426 695,1425 695,1392 623,1392 619,1395"/>
          <TextEquiv conf="0.9146269">
            <Unicode>ſüſſe</Unicode>
          </TextEquiv>
        </Word>
        <Word id="region0005_line0002_word0004" custom="readingOrder {index:4;}">
          <Coords points="710,1392 710,1423 833,1421 833,1393 774,1394 768,1391"/>
          <TextEquiv conf="0.9146269">
            <Unicode>Manna</Unicode>
          </TextEquiv>
        </Word>
        <Word id="region0005_line0002_word0005" custom="readingOrder {index:5;}">
          <Coords points="910,1387 909,1390 848,1393 847,1393 847,1420 957,1419 957,1389 935,1390 932,1387"/>
          <TextEquiv conf="0.9271747">
            <Unicode>mache</Unicode>
          </TextEquiv>
        </Word>
        <Word id="region0005_line0002_word0006" custom="readingOrder {index:6;}">
          <Coords points="1017,1386 1017,1389 973,1389 973,1420 1076,1419 1076,1390 1060,1390 1042,1389 1040,1386"/>
          <TextEquiv conf="0.904538">
            <Unicode>meine</Unicode>
          </TextEquiv>
        </Word>
        <Word id="region0005_line0002_word0007" custom="readingOrder {index:7;}">
          <Coords points="1087,1386 1087,1419 1170,1418 1170,1388 1160,1388 1157,1385 1136,1385 1133,1389 1114,1389 1112,1385"/>
          <TextEquiv conf="0.21013786">
            <Unicode>Seele</Unicode>
          </TextEquiv>
        </Word>
        <Word id="region0005_line0002_word0008" custom="readingOrder {index:8;}">
          <Coords points="1184,1387 1184,1418 1253,1417 1253,1387 1209,1387 1209,1387"/>
          <TextEquiv conf="0.87765175">
            <Unicode>ſatt.</Unicode>
          </TextEquiv>
        </Word>
        <TextEquiv conf="0.83422154">
          <Unicode>Und durch dieſes ſüſſe Manna mache meine Seele ſatt.</Unicode>
        </TextEquiv>
      </TextLine>
      <TextLine id="region0005_line0003" custom="readingOrder {index:20;}">
        <Coords points="954,1429 947,1431 945,1437 877,1437 870,1431 858,1431 851,1437 826,1438 810,1439 803,1433 790,1433 785,1435 783,1440 758,1439 751,1433 738,1433 732,1440 728,1440 726,1435 710,1434 705,1436 703,1442 661,1442 658,1436 653,1434 627,1435 620,1437 617,1445 611,1442 557,1443 541,1436 505,1437 496,1442 489,1436 480,1436 473,1438 472,1443 461,1444 458,1437 453,1435 431,1436 426,1439 427,1444 423,1445 402,1444 399,1439 393,1436 380,1436 371,1441 355,1437 304,1437 305,1490 320,1492 371,1486 520,1487 535,1484 550,1486 556,1483 569,1483 573,1486 643,1485 921,1478 1319,1479 1319,1435 1251,1433 1244,1428 1199,1432 1192,1427 1170,1428 1162,1434 1154,1435 1149,1435 1143,1429 1130,1429 1125,1436 1110,1436 1074,1435 1064,1429 1053,1430 1049,1435 1006,1436 1004,1430 989,1429 982,1431 980,1437 970,1437 968,1431"/>
        <Baseline points="305,1480 1319,1469"/>
        <Word id="region0005_line0003_word0000" custom="readingOrder {index:0;}">
          <Coords points="419,1486 419,1446 311,1447 311,1487 366,1486 371,1486 398,1486"/>
          <TextEquiv conf="0.9298193">
            <Unicode>Dieſes</Unicode>
          </TextEquiv>
        </Word>
        <Word id="region0005_line0003_word0001" custom="readingOrder {index:1;}">
          <Coords points="435,1445 543,1443 543,1478 435,1480"/>
          <TextEquiv conf="0.92715645">
            <Unicode>Labſal</Unicode>
          </TextEquiv>
        </Word>
        <Word id="region0005_line0003_word0002" custom="readingOrder {index:2;}">
          <Coords points="618,1441 617,1445 611,1442 567,1442 568,1477 663,1476 662,1442 661,1442 660,1441"/>
          <TextEquiv>
            <Unicode>müſſe</Unicode>
          </TextEquiv>
        </Word>
        <Word id="region0005_line0003_word0003" custom="readingOrder {index:3;}">
          <Coords points="678,1476 764,1475 763,1441 703,1442 703,1442 677,1442"/>
          <TextEquiv conf="0.9212492">
            <Unicode>mich</Unicode>
          </TextEquiv>
        </Word>
        <Word id="region0005_line0003_word0004" custom="readingOrder {index:4;}">
          <Coords points="784,1441 881,1440 882,1473 785,1474"/>
          <TextEquiv conf="0.92756605">
            <Unicode>durch</Unicode>
          </TextEquiv>
        </Word>
        <Word id="region0005_line0003_word0005" custom="readingOrder {index:5;}">
          <Coords points="902,1440 963,1439 964,1471 903,1472"/>
          <TextEquiv conf="0.92396873">
            <Unicode>und</Unicode>
          </TextEquiv>
        </Word>
        <Word id="region0005_line0003_word0006" custom="readingOrder {index:6;}">
          <Coords points="980,1439 1079,1438 1080,1471 981,1472"/>
          <TextEquiv conf="0.9316017">
            <Unicode>durch</Unicode>
          </TextEquiv>
        </Word>
        <Word id="region0005_line0003_word0007" custom="readingOrder {index:7;}">
          <Coords points="1099,1437 1158,1437 1159,1470 1100,1470"/>
          <TextEquiv conf="0.9095244">
            <Unicode>mit</Unicode>
          </TextEquiv>
        </Word>
        <Word id="region0005_line0003_word0008" custom="readingOrder {index:8;}">
          <Coords points="1173,1436 1249,1435 1250,1471 1174,1472"/>
          <TextEquiv conf="0.92429143">
            <Unicode>Luſt</Unicode>
          </TextEquiv>
        </Word>
        <Word id="region0005_line0003_word0009" custom="readingOrder {index:9;}">
          <Coords points="1265,1448 1314,1447 1314,1470 1265,1471"/>
          <TextEquiv conf="0.9014077">
            <Unicode>er-</Unicode>
          </TextEquiv>
        </Word>
        <TextEquiv>
          <Unicode>Dieſes Labſal müſſe mich durch und durch mit Luſt er-</Unicode>
        </TextEquiv>
      </TextLine>
      <TextLine id="region0005_line0004" custom="readingOrder {index:21;}">
        <Coords points="526,1485 519,1488 518,1492 512,1493 435,1494 429,1500 429,1523 432,1527 444,1529 461,1529 468,1533 484,1534 492,1540 504,1540 510,1531 522,1534 574,1533 626,1537 633,1529 669,1525 669,1502 661,1496 630,1491 574,1490 569,1484 556,1484 548,1490 543,1490 538,1485"/>
        <Baseline points="429,1522 669,1522"/>
        <Word id="region0005_line0004_word0000" custom="readingOrder {index:0;}">
          <Coords points="518,1489 518,1492 512,1493 484,1493 484,1534 485,1534 507,1534 510,1531 522,1534 574,1533 582,1533 629,1533 633,1529 633,1491 630,1491 574,1490 573,1488 549,1489 548,1490 543,1490 542,1489"/>
          <TextEquiv conf="0.9268646">
            <Unicode>quicken,</Unicode>
          </TextEquiv>
        </Word>
        <TextEquiv conf="0.9268646">
          <Unicode>quicken,</Unicode>
        </TextEquiv>
      </TextLine>
      <TextLine id="region0005_line0005" custom="readingOrder {index:22;}">
        <Coords points="304,1524 305,1579 319,1580 676,1578 714,1583 744,1582 782,1577 905,1574 1241,1570 1256,1571 1266,1579 1277,1579 1286,1570 1320,1569 1319,1519 1315,1516 1301,1516 1290,1524 1269,1528 1245,1527 1232,1517 1217,1515 1144,1517 1136,1522 1134,1530 1057,1531 1054,1522 1045,1518 990,1519 981,1523 979,1532 933,1532 931,1524 925,1520 913,1522 909,1531 835,1533 770,1533 765,1524 751,1523 739,1533 724,1533 717,1526 694,1525 681,1527 678,1535 671,1526 667,1526 633,1530 626,1538 525,1538 519,1533 510,1532 504,1541 492,1541 486,1538 470,1538 468,1534 461,1530 444,1530 437,1528 420,1528 393,1536 386,1527"/>
        <Baseline points="305,1570 1320,1559"/>
        <Word id="region0005_line0005_word0000" custom="readingOrder {index:0;}">
          <Coords points="310,1536 387,1535 388,1570 311,1571"/>
          <TextEquiv conf="0.90887815">
            <Unicode>Und</Unicode>
          </TextEquiv>
        </Word>
        <Word id="region0005_line0005_word0001" custom="readingOrder {index:1;}">
          <Coords points="412,1534 413,1568 470,1567 469,1536 468,1534 466,1533"/>
          <TextEquiv conf="0.92894393">
            <Unicode>diſs</Unicode>
          </TextEquiv>
        </Word>
        <Word id="region0005_line0005_word0002" custom="readingOrder {index:2;}">
          <Coords points="508,1533 504,1541 494,1541 495,1568 605,1567 604,1538 525,1538 519,1533"/>
          <TextEquiv conf="0.92054176">
            <Unicode>theure</Unicode>
          </TextEquiv>
        </Word>
        <Word id="region0005_line0005_word0003" custom="readingOrder {index:3;}">
          <Coords points="642,1528 633,1529 634,1575 832,1573 831,1533 770,1533 767,1527 745,1527 739,1533 724,1533 719,1528 680,1528 678,1535 673,1528"/>
          <TextEquiv conf="0.91676444">
            <Unicode>Heiligthum</Unicode>
          </TextEquiv>
        </Word>
        <Word id="region0005_line0005_word0004" custom="readingOrder {index:4;}">
          <Coords points="911,1527 909,1531 864,1532 865,1563 982,1562 981,1526 980,1526 979,1532 933,1532 932,1526"/>
          <TextEquiv conf="0.920557">
            <Unicode>meines</Unicode>
          </TextEquiv>
        </Word>
        <Word id="region0005_line0005_word0005" custom="readingOrder {index:5;}">
          <Coords points="1007,1526 1008,1561 1150,1560 1149,1525 1135,1525 1134,1530 1057,1531 1055,1525"/>
          <TextEquiv conf="0.9209513">
            <Unicode>Herzens</Unicode>
          </TextEquiv>
        </Word>
        <Word id="region0005_line0005_word0006" custom="readingOrder {index:6;}">
          <Coords points="1176,1525 1177,1571 1241,1570 1242,1570 1316,1569 1315,1523 1291,1523 1290,1524 1269,1528 1245,1527 1241,1524"/>
          <TextEquiv conf="0.9227744">
            <Unicode>Tempel</Unicode>
          </TextEquiv>
        </Word>
        <TextEquiv conf="0.91991585">
          <Unicode>Und diſs theure Heiligthum meines Herzens Tempel</Unicode>
        </TextEquiv>
      </TextLine>
      <TextLine id="region0006_line0001" custom="readingOrder {index:23;}">
        <Coords points="488,1574 420,1578 417,1582 417,1612 432,1609 440,1616 457,1614 463,1619 506,1619 513,1615 529,1619 550,1618 557,1614 599,1614 609,1617 636,1612 650,1617 679,1618 697,1612 721,1614 725,1608 725,1584 720,1580 626,1580 624,1575 602,1575 599,1581 592,1581 586,1575 577,1574 568,1574 562,1581 555,1581 532,1580 525,1575 507,1577"/>
        <Baseline points="417,1608 725,1604"/>
        <Word id="region0006_line0001_word0000" custom="readingOrder {index:0;}">
          <Coords points="462,1579 462,1611 683,1609 683,1580 626,1580 625,1577 600,1577 599,1581 592,1581 588,1577 564,1578 562,1581 555,1581 532,1580 529,1578"/>
          <TextEquiv>
            <Unicode>ſchmücken.</Unicode>
          </TextEquiv>
        </Word>
        <TextEquiv>
          <Unicode>ſchmücken.</Unicode>
        </TextEquiv>
      </TextLine>
      <TextLine id="region0006_line0002" custom="readingOrder {index:24;}">
        <Coords points="306,1611 306,1660 950,1653 1049,1655 1051,1660 1071,1660 1075,1655 1095,1653 1229,1653 1316,1656 1315,1617 1287,1613 1232,1613 1222,1604 1212,1604 1206,1612 1153,1613 1144,1604 1135,1604 1128,1612 1106,1612 1098,1604 1082,1606 1073,1603 1014,1603 1004,1611 974,1611 969,1614 939,1614 930,1604 918,1604 911,1613 862,1614 854,1605 843,1605 835,1614 824,1606 750,1607 729,1615 714,1617 706,1613 697,1613 688,1618 651,1619 644,1614 636,1613 609,1618 599,1615 557,1615 550,1619 529,1620 513,1616 506,1620 463,1620 457,1615 440,1617 432,1610 418,1613 419,1619 412,1619 404,1612 394,1612 386,1619 378,1619 357,1611"/>
        <Baseline points="306,1653 895,1644 1316,1646"/>
        <Word id="region0006_line0002_word0000" custom="readingOrder {index:0;}">
          <Coords points="415,1619 412,1619 404,1612 394,1612 386,1619 378,1619 357,1611 311,1611 311,1659 415,1658"/>
          <TextEquiv conf="0.9143287">
            <Unicode>Zünde</Unicode>
          </TextEquiv>
        </Word>
        <Word id="region0006_line0002_word0001" custom="readingOrder {index:1;}">
          <Coords points="436,1650 531,1649 530,1619 529,1620 513,1616 506,1620 463,1620 457,1615 440,1617 435,1612"/>
          <TextEquiv conf="0.9224864">
            <Unicode>durch</Unicode>
          </TextEquiv>
        </Word>
        <Word id="region0006_line0002_word0002" custom="readingOrder {index:2;}">
          <Coords points="618,1616 609,1618 599,1615 557,1615 550,1619 548,1619 548,1657 618,1656"/>
          <TextEquiv conf="0.899344">
            <Unicode>diſs</Unicode>
          </TextEquiv>
        </Word>
        <Word id="region0006_line0002_word0003" custom="readingOrder {index:3;}">
          <Coords points="614,1616 611,1617 611,1648 906,1645 906,1614 722,1615 714,1617 711,1615 691,1616 688,1618 651,1619 647,1616"/>
          <TextEquiv conf="0.8929427">
            <Unicode>Gnaden-Zeichen</Unicode>
          </TextEquiv>
        </Word>
        <Word id="region0006_line0002_word0004" custom="readingOrder {index:4;}">
          <Coords points="920,1612 920,1644 1019,1643 1019,1611 973,1611 969,1614 939,1614 937,1611"/>
          <TextEquiv conf="0.92393416">
            <Unicode>lauter</Unicode>
          </TextEquiv>
        </Word>
        <Word id="region0006_line0002_word0005" custom="readingOrder {index:5;}">
          <Coords points="1030,1611 1030,1654 1042,1654 1080,1654 1095,1653 1127,1653 1127,1612 1106,1612 1104,1610"/>
          <TextEquiv conf="0.9118785">
            <Unicode>Eyfer</Unicode>
          </TextEquiv>
        </Word>
        <Word id="region0006_line0002_word0006" custom="readingOrder {index:6;}">
          <Coords points="1137,1611 1137,1642 1169,1642 1169,1612 1153,1613 1151,1611"/>
          <TextEquiv conf="0.9167969">
            <Unicode>in</Unicode>
          </TextEquiv>
        </Word>
        <Word id="region0006_line0002_word0007" custom="readingOrder {index:7;}">
          <Coords points="1207,1609 1206,1612 1180,1612 1180,1641 1240,1640 1240,1613 1232,1613 1227,1609"/>
          <TextEquiv conf="0.9216183">
            <Unicode>mir</Unicode>
          </TextEquiv>
        </Word>
        <Word id="region0006_line0002_word0008" custom="readingOrder {index:8;}">
          <Coords points="1251,1619 1312,1618 1312,1643 1251,1644"/>
          <TextEquiv conf="0.92312807">
            <Unicode>an;</Unicode>
          </TextEquiv>
        </Word>
        <TextEquiv conf="0.9140509">
          <Unicode>Zünde durch diſs Gnaden-Zeichen lauter Eyfer in mir an;</Unicode>
        </TextEquiv>
      </TextLine>
      <TextLine id="region0007_line0001" custom="readingOrder {index:25;}">
        <Coords points="335,1655 307,1656 308,1708 375,1708 380,1712 389,1712 397,1708 481,1705 494,1702 505,1706 651,1706 669,1709 678,1716 697,1717 705,1710 762,1704 1207,1695 1248,1699 1260,1705 1275,1705 1282,1698 1319,1696 1319,1654 1252,1656 1227,1651 1160,1652 1145,1657 1109,1659 1086,1658 1080,1652 1034,1651 1029,1655 999,1661 934,1661 928,1652 917,1651 905,1662 898,1653 887,1653 879,1661 862,1661 846,1660 839,1652 826,1652 819,1659 812,1660 783,1653 754,1651 706,1654 692,1665 650,1664 641,1654 605,1658 588,1652 487,1656 478,1663 471,1663 463,1655 452,1655 441,1664 433,1664 425,1654"/>
        <Baseline points="307,1699 1319,1687"/>
        <Word id="region0007_line0001_word0000" custom="readingOrder {index:0;}">
          <Coords points="312,1666 393,1665 394,1705 313,1706"/>
          <TextEquiv conf="0.54966503">
            <Unicode>Hilf,</Unicode>
          </TextEquiv>
        </Word>
        <Word id="region0007_line0001_word0001" custom="readingOrder {index:1;}">
          <Coords points="407,1664 407,1698 471,1697 471,1663 442,1663 441,1664 433,1664 433,1664"/>
          <TextEquiv conf="0.91943383">
            <Unicode>daſs</Unicode>
          </TextEquiv>
        </Word>
        <Word id="region0007_line0001_word0002" custom="readingOrder {index:2;}">
          <Coords points="481,1666 538,1666 538,1698 481,1698"/>
          <TextEquiv conf="0.9275295">
            <Unicode>diſs</Unicode>
          </TextEquiv>
        </Word>
        <Word id="region0007_line0001_word0003" custom="readingOrder {index:3;}">
          <Coords points="546,1661 546,1706 651,1706 656,1706 743,1705 762,1704 839,1702 839,1658 819,1658 819,1659 812,1660 805,1658 699,1659 692,1665 650,1664 646,1659"/>
          <TextEquiv conf="0.5527063">
            <Unicode>Erlöſungs-Mittel</Unicode>
          </TextEquiv>
        </Word>
        <Word id="region0007_line0001_word0004" custom="readingOrder {index:4;}">
          <Coords points="880,1659 879,1661 862,1661 854,1660 854,1693 938,1692 938,1661 934,1661 932,1659 907,1659 905,1662 902,1659"/>
          <TextEquiv conf="0.9132938">
            <Unicode>mich</Unicode>
          </TextEquiv>
        </Word>
        <Word id="region0007_line0001_word0005" custom="readingOrder {index:5;}">
          <Coords points="950,1670 1025,1669 1025,1690 950,1691"/>
          <TextEquiv conf="0.8866667">
            <Unicode>zum</Unicode>
          </TextEquiv>
        </Word>
        <Word id="region0007_line0001_word0006" custom="readingOrder {index:6;}">
          <Coords points="1037,1658 1037,1690 1176,1689 1176,1657 1140,1657 1109,1659 1086,1658 1086,1658"/>
          <TextEquiv conf="0.9258107">
            <Unicode>Himmel</Unicode>
          </TextEquiv>
        </Word>
        <Word id="region0007_line0001_word0007" custom="readingOrder {index:7;}">
          <Coords points="1185,1657 1185,1695 1207,1695 1222,1696 1315,1695 1315,1655 1254,1656 1252,1656 1252,1656"/>
          <TextEquiv conf="0.9280165">
            <Unicode>bringen</Unicode>
          </TextEquiv>
        </Word>
        <TextEquiv conf="0.8253903">
          <Unicode>Hilf, daſs diſs Erlöſungs-Mittel mich zum Himmel bringen</Unicode>
        </TextEquiv>
      </TextLine>
      <TextLine id="region0007_line0002" custom="readingOrder {index:26;}">
        <Coords points="489,1703 480,1706 479,1712 422,1717 419,1721 419,1749 619,1750 622,1746 622,1717 617,1712 506,1711 500,1704"/>
        <Baseline points="419,1744 622,1742"/>
        <Word id="region0007_line0002_word0000" custom="readingOrder {index:0;}">
          <Coords points="487,1707 487,1745 564,1744 564,1711 506,1711 502,1706"/>
          <TextEquiv>
            <Unicode>kan.</Unicode>
          </TextEquiv>
        </Word>
        <TextEquiv>
          <Unicode>kan.</Unicode>
        </TextEquiv>
      </TextLine>
      <TextEquiv>
        <Unicode>Deinen Leib haſt du gegeben zur Bezahlung meiner Schuld,
Und dein Blut haſt du vergoſſen zur Erwerbung GOTTES
Huld.
Dieſes weiſs und glaub ich nun, Will mich auch darauf
verlaſſen,
Und was du mir ſchenckſt und gibſt, ſuchen und zu Herzen
faſſen;
Gib mir nur, daſs ich das alles würdiglich und fruchtbarlich
Finde, habe und behalte, ſo erquick und lab ich mich.
Laſſe deinen theuren Leib meiner Seelen Hunger ſtillen!
Laſs dein Blut als einen Trank meines Herzens Durſt er-
füllen!
Hülle mich in deine Wunden, gib, daſs deines Leydens-
Kraft
In der letzten Todes-Stunde lauter Labſal mir verſchaft.
Durch diſs Opfer mache mich rein von allen meinen Sünden,
Durch die Arzney laſſe mich geiſtliche Geſundheit finden;
Gib, daſs dieſes Brod des Lebens Stärk und Nahrung bey
mir hat,
Und durch dieſes ſüſſe Manna mache meine Seele ſatt.
Dieſes Labſal müſſe mich durch und durch mit Luſt er-
quicken,
Und diſs theure Heiligthum meines Herzens Tempel
ſchmücken.
Zünde durch diſs Gnaden-Zeichen lauter Eyfer in mir an;
Hilf, daſs diſs Erlöſungs-Mittel mich zum Himmel bringen
kan.</Unicode>
      </TextEquiv>
    </TextRegion>
    <TextRegion orientation="0.61853874" type="heading" readingDirection="left-to-right" id="region0008" custom="readingOrder {index:3;} structure {type:heading;}">
      <Coords points="694,1781 925,1781 925,1844 694,1844"/>
      <TextLine id="region0008_line0001" custom="readingOrder {index:0;}">
        <Coords points="737,1782 694,1785 694,1844 925,1843 924,1792 858,1791 854,1788 845,1788 841,1781 822,1782 817,1791 812,1792 808,1781 787,1781 783,1789 778,1790 773,1789 769,1781"/>
        <Baseline points="694,1831 925,1830"/>
        <Word id="region0008_line0001_word0000" custom="readingOrder {index:0;}">
          <Coords points="920,1795 699,1797 699,1843 920,1843"/>
          <TextEquiv conf="0.9033563">
            <Unicode>Fürbitte.</Unicode>
          </TextEquiv>
        </Word>
        <TextEquiv conf="0.9033563">
          <Unicode>Fürbitte.</Unicode>
        </TextEquiv>
      </TextLine>
      <TextEquiv conf="0.9033563">
        <Unicode>Fürbitte.</Unicode>
      </TextEquiv>
    </TextRegion>
    <TextRegion orientation="0.61853874" type="heading" readingDirection="left-to-right" id="TextRegion_1675671900789_2330" custom="readingOrder {index:4;} structure {type:heading;}">
      <Coords points="311,1859 1326,1859 1326,1982 311,1982"/>
      <TextLine id="region0009_line0001" custom="readingOrder {index:0;}">
        <Coords points="480,1860 471,1864 469,1876 451,1876 445,1863 431,1862 424,1867 423,1876 420,1878 385,1878 382,1870 373,1865 311,1865 312,1928 382,1923 664,1920 739,1922 833,1918 840,1921 888,1922 894,1927 903,1927 912,1922 930,1918 1066,1917 1148,1919 1248,1917 1249,1926 1254,1931 1319,1930 1326,1927 1325,1870 1284,1870 1282,1860 1146,1860 1144,1872 1133,1872 1129,1859 1110,1859 1106,1872 1040,1873 1036,1859 1017,1859 1012,1865 1012,1872 1008,1873 1004,1860 986,1860 981,1873 935,1873 934,1864 929,1859 652,1861 637,1864 630,1874 570,1876 569,1867 562,1860"/>
        <Baseline points="312,1918 660,1909 1326,1908"/>
        <Word id="region0009_line0001_word0000" custom="readingOrder {index:0;} textStyle {offset:0; length:3;italic:true; fontSize:0.0; kerning:0;}">
          <Coords points="396,1881 315,1882 316,1924 378,1923 382,1923 396,1922"/>
          <TextEquiv>
            <Unicode>Für</Unicode>
          </TextEquiv>
        </Word>
        <Word id="region0009_line0001_word0001" custom="readingOrder {index:1;} textStyle {offset:0; length:3;italic:true; fontSize:0.0; kerning:0;}">
          <Coords points="414,1920 480,1919 479,1876 421,1876 420,1878 413,1878"/>
          <TextEquiv conf="0.9270413">
            <Unicode>den</Unicode>
          </TextEquiv>
        </Word>
        <Word id="region0009_line0001_word0002" custom="readingOrder {index:2;} textStyle {offset:0; length:6;italic:true; fontSize:0.0; kerning:0;}">
          <Coords points="497,1876 498,1921 645,1919 644,1874 620,1874 570,1876 570,1875"/>
          <TextEquiv conf="0.90965873">
            <Unicode>Diener</Unicode>
          </TextEquiv>
        </Word>
        <Word id="region0009_line0001_word0003" custom="readingOrder {index:3;} textStyle {offset:0; length:7;italic:true; fontSize:0.0; kerning:0;}">
          <Coords points="908,1875 656,1877 656,1920 664,1920 739,1922 833,1918 840,1921 888,1922 891,1925 906,1925 908,1923"/>
          <TextEquiv conf="0.58704334">
            <Unicode>GOTTES,</Unicode>
          </TextEquiv>
        </Word>
        <Word id="region0009_line0001_word0004" custom="readingOrder {index:4;} textStyle {offset:0; length:7;italic:true; fontSize:0.0; kerning:0;}">
          <Coords points="928,1871 929,1915 1081,1914 1080,1872 1040,1873 1039,1870 1012,1870 1012,1872 1008,1873 1007,1870 981,1870 981,1873 935,1873 934,1870"/>
          <TextEquiv conf="0.614017">
            <Unicode>welcher</Unicode>
          </TextEquiv>
        </Word>
        <Word id="region0009_line0001_word0005" custom="readingOrder {index:5;} textStyle {offset:0; length:3;italic:true; fontSize:0.0; kerning:0;}">
          <Coords points="1106,1868 1106,1872 1097,1872 1098,1912 1161,1911 1160,1868 1144,1868 1144,1872 1133,1872 1131,1868"/>
          <TextEquiv conf="0.9062111">
            <Unicode>das</Unicode>
          </TextEquiv>
        </Word>
        <Word id="region0009_line0001_word0006" custom="readingOrder {index:6;} textStyle {offset:0; length:7;italic:true; fontSize:0.0; kerning:0;}">
          <Coords points="1171,1868 1171,1918 1248,1917 1248,1924 1319,1924 1318,1870 1284,1870 1283,1866"/>
          <TextEquiv conf="0.92333865">
            <Unicode>Heilige</Unicode>
          </TextEquiv>
        </Word>
        <TextEquiv>
          <Unicode>Für den Diener GOTTES, welcher das Heilige</Unicode>
        </TextEquiv>
      </TextLine>
      <TextLine id="line_1675671900815_2333" custom="readingOrder {index:1;}">
        <Coords points="594,1929 633,1926 646,1921 667,1922 671,1933 686,1935 716,1935 718,1923 736,1921 741,1923 743,1934 788,1934 789,1924 794,1921 819,1920 838,1921 840,1933 909,1931 915,1926 922,1926 930,1919 946,1920 951,1931 964,1931 970,1920 987,1919 1003,1921 1006,1930 1020,1926 1094,1927 1099,1931 1099,1963 1094,1969 1085,1969 1079,1976 1071,1977 745,1979 657,1982 535,1982 535,1957 538,1953 583,1949 585,1937"/>
        <Baseline points="536,1976 1098,1965"/>
        <Word id="region0009_line0002_word0000" custom="readingOrder {index:0;} textStyle {offset:0; length:9;italic:true; fontSize:0.0; kerning:0;}">
          <Coords points="603,1930 603,1975 831,1972 831,1927 788,1927 788,1934 743,1934 741,1928 717,1928 716,1935 686,1935 671,1933 669,1929"/>
          <TextEquiv>
            <Unicode>Abendmahl</Unicode>
          </TextEquiv>
        </Word>
        <Word id="region0009_line0002_word0001" custom="readingOrder {index:1;} textStyle {offset:0; length:11;italic:true; fontSize:0.0; kerning:0;}">
          <Coords points="913,1927 909,1931 843,1932 843,1971 1040,1969 1040,1926 1028,1926 1019,1926 1006,1930 1004,1926 966,1926 964,1931 951,1931 949,1926"/>
          <TextEquiv conf="0.92788404">
            <Unicode>austheilet.</Unicode>
          </TextEquiv>
        </Word>
        <TextEquiv>
          <Unicode>Abendmahl austheilet.</Unicode>
        </TextEquiv>
      </TextLine>
      <TextEquiv>
        <Unicode>Für den Diener GOTTES, welcher das Heilige
Abendmahl austheilet.</Unicode>
      </TextEquiv>
    </TextRegion>
    <TextRegion orientation="0.61853874" type="drop-capital" readingDirection="left-to-right" id="TextRegion_1675671951852_2358" custom="readingOrder {index:5;} structure {type:drop-capital;}">
      <Coords points="311,1982 358,1982 358,2089 311,2089"/>
      <TextLine id="line_1675672273255_2476" custom="readingOrder {index:0;}">
        <Coords points="311,1995 358,1989 358,2044 358,2095 317,2096 312,2095"/>
        <Baseline points="333,2028 353,2034 358,2034 312,2086 358,2085"/>
        <Word id="word_1675672276151_2480" custom="readingOrder {index:0;}">
          <Coords points="324,1999 358,1998 358,2037 350,2089 318,2089 318,2043"/>
          <TextEquiv>
            <Unicode>J</Unicode>
          </TextEquiv>
        </Word>
        <TextEquiv>
          <Unicode>J</Unicode>
        </TextEquiv>
      </TextLine>
      <TextEquiv>
        <Unicode>J J</Unicode>
      </TextEquiv>
    </TextRegion>
    <TextRegion orientation="0.61853874" readingDirection="left-to-right" id="TextRegion_1675671951852_2357" custom="readingOrder {index:6;}">
      <Coords points="358,1982 1326,1982 1326,2089 358,2089"/>
      <TextLine id="line_1675671951887_2360" custom="readingOrder {index:0;}">
        <Coords points="358,1989 371,1988 484,1989 502,1993 507,2001 544,2000 551,1991 564,1991 571,1999 603,1993 659,1995 676,1993 685,1999 703,2002 724,2002 733,1992 745,1993 755,1999 773,1997 779,1992 794,1992 800,1997 812,1997 817,1992 840,1991 849,1999 858,1999 870,1991 878,1991 884,1995 894,1991 939,1987 949,1987 973,1995 985,1989 994,1989 1001,1996 1055,1998 1063,1998 1069,1991 1082,1991 1086,1994 1092,1990 1104,1989 1112,1997 1126,2000 1133,1991 1146,1992 1152,2000 1202,1997 1210,1990 1225,1990 1233,1996 1301,1992 1326,1995 1326,2038 1262,2038 1186,2043 1170,2049 1159,2044 1089,2040 955,2038 664,2044 642,2041 635,2045 605,2045 525,2040 474,2043 469,2047 457,2047 452,2043 438,2043 358,2043"/>
        <Baseline points="358,2034 605,2034 1326,2028"/>
        <Word id="word_1675672281482_2484" custom="readingOrder {index:0;}">
          <Coords points="358,1998 388,1998 470,1999 471,2038 400,2039 358,2037"/>
          <TextEquiv>
            <Unicode>ESU,</Unicode>
          </TextEquiv>
        </Word>
        <Word id="region0009_line0003_word0002" custom="readingOrder {index:1;}">
          <Coords points="480,1998 481,2031 534,2031 533,2000 507,2001 505,1998"/>
          <TextEquiv conf="0.9100756">
            <Unicode>der</Unicode>
          </TextEquiv>
        </Word>
        <Word id="region0009_line0003_word0003" custom="readingOrder {index:2;}">
          <Coords points="546,1997 544,1999 545,2029 587,2029 586,1997 581,1997 571,1999 569,1997"/>
          <TextEquiv conf="0.9216996">
            <Unicode>du</Unicode>
          </TextEquiv>
        </Word>
        <Word id="region0009_line0003_word0004" custom="readingOrder {index:3;}">
          <Coords points="596,1998 597,2032 724,2031 723,2002 703,2002 685,1999 682,1997"/>
          <TextEquiv conf="0.930036">
            <Unicode>ſelbſten</Unicode>
          </TextEquiv>
        </Word>
        <Word id="region0009_line0003_word0005" custom="readingOrder {index:4;}">
          <Coords points="735,1996 736,2029 801,2029 800,1997 800,1997 799,1996 774,1996 773,1997 755,1999 750,1996"/>
          <TextEquiv conf="0.92365557">
            <Unicode>haſt</Unicode>
          </TextEquiv>
        </Word>
        <Word id="region0009_line0003_word0006" custom="readingOrder {index:5;}">
          <Coords points="813,1996 812,1997 811,1997 812,2029 906,2028 905,1995 863,1995 858,1999 849,1999 845,1996"/>
          <TextEquiv conf="0.9163876">
            <Unicode>dieſes</Unicode>
          </TextEquiv>
        </Word>
        <Word id="region0009_line0003_word0007" custom="readingOrder {index:6;}">
          <Coords points="912,1993 913,2026 1105,2023 1104,1990 1091,1990 1086,1994 1082,1991 1069,1991 1063,1998 1055,1998 1001,1996 996,1991 979,1991 973,1995 964,1992"/>
          <TextEquiv conf="0.9031171">
            <Unicode>Nachtmahl</Unicode>
          </TextEquiv>
        </Word>
        <Word id="region0009_line0003_word0008" custom="readingOrder {index:7;}">
          <Coords points="1209,1990 1202,1997 1152,2000 1146,1992 1133,1991 1126,2000 1116,1997 1117,2034 1317,2032 1316,1993 1301,1992 1233,1996 1225,1990 1216,1990"/>
          <TextEquiv conf="0.8958681">
            <Unicode>eingeſetzet,</Unicode>
          </TextEquiv>
        </Word>
        <TextEquiv>
          <Unicode>ESU, der du ſelbſten haſt dieſes Nachtmahl eingeſetzet,</Unicode>
        </TextEquiv>
      </TextLine>
      <TextLine id="line_1675671951888_2364" custom="readingOrder {index:1;}">
        <Coords points="358,2044 438,2044 446,2051 455,2051 518,2048 520,2043 525,2041 553,2041 561,2047 574,2049 583,2044 597,2044 606,2051 630,2051 633,2046 642,2042 663,2044 669,2050 677,2050 683,2044 698,2044 705,2048 742,2042 820,2042 829,2045 873,2048 897,2046 901,2041 917,2039 923,2045 1070,2048 1074,2042 1089,2041 1097,2048 1170,2050 1186,2044 1206,2045 1326,2040 1325,2083 1252,2083 1184,2089 1002,2090 974,2094 964,2099 898,2089 764,2088 738,2091 658,2092 512,2092 486,2089 482,2092 451,2095 358,2095"/>
        <Baseline points="358,2085 1326,2072"/>
        <Word id="region0009_line0004_word0001" custom="readingOrder {index:0;}">
          <Coords points="381,2050 381,2086 445,2086 445,2050 445,2050"/>
          <TextEquiv>
            <Unicode>Biſs</Unicode>
          </TextEquiv>
        </Word>
        <Word id="region0009_line0004_word0002" custom="readingOrder {index:1;}">
          <Coords points="460,2058 512,2058 512,2080 460,2080"/>
          <TextEquiv conf="0.9326497">
            <Unicode>ans</Unicode>
          </TextEquiv>
        </Word>
        <Word id="region0009_line0004_word0003" custom="readingOrder {index:2;}">
          <Coords points="528,2045 528,2082 615,2081 615,2051 606,2051 597,2044 582,2044 574,2049 561,2047 557,2044"/>
          <TextEquiv conf="0.9238432">
            <Unicode>Ende</Unicode>
          </TextEquiv>
        </Word>
        <Word id="region0009_line0004_word0004" custom="readingOrder {index:3;}">
          <Coords points="633,2046 633,2046 631,2049 631,2082 726,2081 726,2045 723,2045 705,2048 700,2045 682,2045 677,2050 669,2050 665,2046"/>
          <TextEquiv conf="0.92614424">
            <Unicode>dieſer</Unicode>
          </TextEquiv>
        </Word>
        <Word id="region0009_line0004_word0005" custom="readingOrder {index:4;}">
          <Coords points="741,2046 741,2079 835,2078 835,2045 829,2045"/>
          <TextEquiv conf="0.8993233">
            <Unicode>Welt</Unicode>
          </TextEquiv>
        </Word>
        <Word id="region0009_line0004_word0006" custom="readingOrder {index:5;}">
          <Coords points="906,2040 901,2041 897,2046 873,2048 849,2046 849,2074 928,2073 928,2045 923,2045 918,2040"/>
          <TextEquiv conf="0.9297251">
            <Unicode>auch</Unicode>
          </TextEquiv>
        </Word>
        <Word id="region0009_line0004_word0007" custom="readingOrder {index:6;}">
          <Coords points="948,2049 1030,2048 1030,2083 948,2084"/>
          <TextEquiv conf="0.9094844">
            <Unicode>ganz</Unicode>
          </TextEquiv>
        </Word>
        <Word id="region0009_line0004_word0008" custom="readingOrder {index:7;}">
          <Coords points="1045,2073 1112,2072 1112,2048 1097,2048 1089,2041 1074,2042 1070,2048 1045,2047"/>
          <TextEquiv conf="0.92555404">
            <Unicode>rein</Unicode>
          </TextEquiv>
        </Word>
        <Word id="region0009_line0004_word0009" custom="readingOrder {index:8;}">
          <Coords points="1127,2073 1190,2073 1190,2044 1186,2044 1170,2050 1127,2048"/>
          <TextEquiv conf="0.9269925">
            <Unicode>und</Unicode>
          </TextEquiv>
        </Word>
        <Word id="region0009_line0004_word0010" custom="readingOrder {index:9;}">
          <Coords points="1204,2047 1317,2046 1317,2068 1204,2069"/>
          <TextEquiv conf="0.9227036">
            <Unicode>unver-</Unicode>
          </TextEquiv>
        </Word>
        <TextEquiv>
          <Unicode>Biſs ans Ende dieſer Welt auch ganz rein und unver-</Unicode>
        </TextEquiv>
      </TextLine>
      <TextEquiv>
        <Unicode>ESU, der du ſelbſten haſt dieſes Nachtmahl eingeſetzet,
Biſs ans Ende dieſer Welt auch ganz rein und unver-</Unicode>
      </TextEquiv>
    </TextRegion>
    <TextRegion orientation="0.61853874" readingDirection="left-to-right" id="TextRegion_1675671947991_2351" custom="readingOrder {index:7;}">
      <Coords points="311,2089 1326,2089 1328,2233 1328,2264 1102,2267 456,2300 311,2232"/>
      <TextLine id="region0009_line0005" custom="readingOrder {index:0;}">
        <Coords points="486,2090 481,2095 454,2095 432,2100 429,2104 430,2132 442,2137 613,2136 624,2132 644,2132 649,2127 649,2100 641,2094 507,2095 501,2090"/>
        <Baseline points="430,2126 649,2123"/>
        <Word id="region0009_line0005_word0000" custom="readingOrder {index:0;}">
          <Coords points="490,2096 588,2095 588,2129 490,2130"/>
          <TextEquiv conf="0.92341495">
            <Unicode>letzet</Unicode>
          </TextEquiv>
        </Word>
        <TextEquiv conf="0.92341495">
          <Unicode>letzet</Unicode>
        </TextEquiv>
      </TextLine>
      <TextLine id="region0009_line0006" custom="readingOrder {index:1;}">
        <Coords points="312,2126 311,2178 359,2177 402,2184 417,2182 438,2186 645,2183 749,2178 775,2184 781,2180 803,2179 810,2176 897,2176 954,2179 958,2186 971,2189 980,2187 984,2180 1056,2180 1101,2174 1235,2172 1292,2174 1299,2168 1305,2168 1313,2174 1325,2174 1326,2128 1282,2130 1274,2129 1269,2124 1255,2124 1249,2131 1220,2131 1205,2130 1199,2122 1178,2122 1171,2125 1167,2131 1141,2132 1135,2126 1122,2126 1112,2134 1086,2137 1049,2137 1045,2134 1033,2137 986,2138 978,2128 968,2128 959,2136 948,2135 941,2126 928,2126 921,2135 880,2136 864,2135 855,2125 843,2127 838,2135 817,2137 735,2137 723,2128 714,2128 706,2133 700,2129 691,2129 684,2135 678,2130 664,2130 655,2139 637,2139 635,2134 624,2133 614,2136 611,2141 593,2142 518,2142 512,2136 498,2136 492,2142 478,2142 470,2136 457,2136 451,2143 417,2143 384,2141 381,2139 380,2131 375,2127"/>
        <Baseline points="312,2168 473,2175 1326,2163"/>
        <Word id="region0009_line0006_word0000" custom="readingOrder {index:0;}">
          <Coords points="319,2133 319,2167 389,2166 389,2141 384,2141 381,2139 380,2132"/>
          <TextEquiv conf="0.92425466">
            <Unicode>Uns</Unicode>
          </TextEquiv>
        </Word>
        <Word id="region0009_line0006_word0001" custom="readingOrder {index:1;}">
          <Coords points="404,2147 446,2147 446,2167 404,2167"/>
          <TextEquiv>
            <Unicode>zu</Unicode>
          </TextEquiv>
        </Word>
        <Word id="region0009_line0006_word0002" custom="readingOrder {index:2;}">
          <Coords points="461,2167 567,2166 567,2142 518,2142 512,2136 498,2136 492,2142 478,2142 470,2136 461,2136"/>
          <TextEquiv conf="0.92388505">
            <Unicode>halten</Unicode>
          </TextEquiv>
        </Word>
        <Word id="region0009_line0006_word0003" custom="readingOrder {index:3;}">
          <Coords points="712,2128 706,2133 700,2129 691,2129 684,2135 678,2130 664,2130 655,2139 637,2139 635,2134 624,2133 614,2136 611,2141 593,2142 582,2142 582,2170 778,2168 778,2137 735,2137 723,2128"/>
          <TextEquiv conf="0.9090257">
            <Unicode>anbefohlen,</Unicode>
          </TextEquiv>
        </Word>
        <Word id="region0009_line0006_word0004" custom="readingOrder {index:4;}">
          <Coords points="848,2126 843,2127 838,2135 817,2137 794,2137 794,2160 857,2159 857,2127 855,2126"/>
          <TextEquiv conf="0.92982596">
            <Unicode>und</Unicode>
          </TextEquiv>
        </Word>
        <Word id="region0009_line0006_word0005" custom="readingOrder {index:5;}">
          <Coords points="927,2126 921,2135 880,2136 873,2135 873,2160 952,2159 952,2135 948,2135 941,2126"/>
          <TextEquiv conf="0.9290234">
            <Unicode>auch</Unicode>
          </TextEquiv>
        </Word>
        <Word id="region0009_line0006_word0006" custom="readingOrder {index:6;}">
          <Coords points="964,2172 1049,2171 1049,2137 1045,2134 1033,2137 986,2138 978,2128 968,2128 964,2131"/>
          <TextEquiv conf="0.8595151">
            <Unicode>jetzt</Unicode>
          </TextEquiv>
        </Word>
        <Word id="region0009_line0006_word0007" custom="readingOrder {index:7;}">
          <Coords points="1120,2127 1112,2134 1086,2137 1063,2137 1063,2160 1145,2159 1145,2131 1141,2132 1136,2127"/>
          <TextEquiv conf="0.92594206">
            <Unicode>noch</Unicode>
          </TextEquiv>
        </Word>
        <Word id="region0009_line0006_word0008" custom="readingOrder {index:8;}">
          <Coords points="1173,2123 1171,2125 1167,2131 1159,2131 1159,2160 1284,2159 1284,2129 1282,2130 1274,2129 1269,2124 1255,2124 1249,2131 1220,2131 1205,2130 1200,2123"/>
          <TextEquiv conf="0.9257303">
            <Unicode>allezeit</Unicode>
          </TextEquiv>
        </Word>
        <TextEquiv>
          <Unicode>Uns zu halten anbefohlen, und auch jetzt noch allezeit</Unicode>
        </TextEquiv>
      </TextLine>
      <TextLine id="region0009_line0007" custom="readingOrder {index:2;}">
        <Coords points="311,2179 312,2230 320,2232 358,2230 404,2232 773,2232 900,2229 988,2232 1064,2231 1120,2226 1326,2225 1326,2183 1312,2183 1313,2175 1305,2169 1299,2169 1292,2175 1295,2183 1242,2183 1239,2175 1235,2173 1219,2174 1216,2182 1135,2181 1120,2175 1101,2175 1076,2178 1042,2187 971,2190 952,2186 904,2186 902,2180 897,2177 882,2178 878,2186 843,2186 840,2178 836,2176 810,2177 795,2186 757,2187 754,2181 739,2179 727,2181 722,2189 718,2189 712,2182 697,2182 692,2190 637,2193 618,2192 614,2185 598,2185 593,2191 584,2191 575,2184 560,2185 556,2191 549,2185 534,2186 528,2191 504,2185 444,2191 430,2190 417,2183 408,2183 402,2187 370,2179"/>
        <Baseline points="312,2220 585,2226 1326,2215"/>
        <Word id="region0009_line0007_word0000" custom="readingOrder {index:0;}">
          <Coords points="319,2188 387,2187 387,2226 319,2227"/>
          <TextEquiv conf="0.8974005">
            <Unicode>Mit</Unicode>
          </TextEquiv>
        </Word>
        <Word id="region0009_line0007_word0001" custom="readingOrder {index:1;}">
          <Coords points="401,2188 401,2224 472,2223 472,2188 444,2191 430,2190 425,2187"/>
          <TextEquiv conf="0.92591745">
            <Unicode>dem</Unicode>
          </TextEquiv>
        </Word>
        <Word id="region0009_line0007_word0002" custom="readingOrder {index:2;}">
          <Coords points="487,2187 487,2222 678,2220 678,2190 637,2193 618,2192 614,2185 597,2185 593,2191 584,2191 577,2186 559,2186 556,2191 550,2186 533,2186 528,2191 510,2186"/>
          <TextEquiv conf="0.9188945">
            <Unicode>Reichthum</Unicode>
          </TextEquiv>
        </Word>
        <Word id="region0009_line0007_word0003" custom="readingOrder {index:3;}">
          <Coords points="692,2227 797,2226 796,2185 795,2186 757,2187 754,2181 739,2179 727,2181 722,2189 718,2189 712,2182 697,2182 692,2190 691,2190"/>
          <TextEquiv conf="0.92892957">
            <Unicode>deiner</Unicode>
          </TextEquiv>
        </Word>
        <Word id="region0009_line0007_word0004" custom="readingOrder {index:4;}">
          <Coords points="824,2179 825,2216 917,2215 916,2186 904,2186 902,2180 898,2178 881,2178 878,2186 843,2186 840,2178"/>
          <TextEquiv conf="0.9259146">
            <Unicode>Gnade</Unicode>
          </TextEquiv>
        </Word>
        <Word id="region0009_line0007_word0005" custom="readingOrder {index:5;}">
          <Coords points="932,2189 932,2215 989,2215 989,2189 971,2190 966,2189"/>
          <TextEquiv conf="0.91675407">
            <Unicode>uns</Unicode>
          </TextEquiv>
        </Word>
        <Word id="region0009_line0007_word0006" custom="readingOrder {index:6;}">
          <Coords points="1013,2223 1073,2223 1072,2179 1042,2187 1012,2188"/>
          <TextEquiv conf="0.9040021">
            <Unicode>zum</Unicode>
          </TextEquiv>
        </Word>
        <Word id="region0009_line0007_word0007" custom="readingOrder {index:7;}">
          <Coords points="1091,2223 1206,2221 1205,2181 1135,2181 1120,2175 1101,2175 1090,2176"/>
          <TextEquiv conf="0.83311826">
            <Unicode>Nutzen</Unicode>
          </TextEquiv>
        </Word>
        <Word id="region0009_line0007_word0008" custom="readingOrder {index:8;}">
          <Coords points="1226,2213 1321,2212 1320,2183 1312,2183 1313,2175 1305,2169 1299,2169 1292,2175 1295,2183 1242,2183 1239,2175 1235,2173 1225,2173"/>
          <TextEquiv conf="0.92602587">
            <Unicode>bene-</Unicode>
          </TextEquiv>
        </Word>
        <TextEquiv conf="0.9085508">
          <Unicode>Mit dem Reichthum deiner Gnade uns zum Nutzen bene-</Unicode>
        </TextEquiv>
      </TextLine>
      <TextLine id="region0010_line0001" custom="readingOrder {index:3;}">
        <Coords points="492,2234 488,2237 489,2279 498,2289 510,2288 515,2280 523,2280 525,2287 531,2291 540,2290 550,2280 562,2280 568,2286 576,2286 582,2280 654,2278 659,2273 658,2240 653,2235 518,2237 516,2234"/>
        <Baseline points="489,2271 659,2271"/>
        <Word id="region0010_line0001_word0000" custom="readingOrder {index:0;}">
          <Coords points="576,2242 493,2243 493,2284 496,2286 510,2286 515,2280 523,2280 524,2286 543,2286 550,2280 562,2280 568,2286 576,2286 576,2285"/>
          <TextEquiv conf="0.9277238">
            <Unicode>deyt.</Unicode>
          </TextEquiv>
        </Word>
        <TextEquiv conf="0.9277238">
          <Unicode>deyt.</Unicode>
        </TextEquiv>
      </TextLine>
      <TextEquiv>
        <Unicode>letzet
Uns zu halten anbefohlen, und auch jetzt noch allezeit
Mit dem Reichthum deiner Gnade uns zum Nutzen bene-
deyt.</Unicode>
      </TextEquiv>
    </TextRegion>
    <TextRegion orientation="0.61853874" type="catch-word" readingDirection="left-to-right" id="TextRegion_1675671930976_2341" custom="readingOrder {index:8;} structure {type:catch-word;}">
      <Coords points="1192,2265 1328,2264 1328,2315 1192,2315"/>
      <TextLine id="line_1675671931010_2344" custom="readingOrder {index:0;}">
        <Coords points="1192,2265 1215,2265 1279,2268 1287,2262 1297,2261 1311,2262 1320,2269 1328,2269 1328,2314 1192,2314"/>
        <Baseline points="1192,2306 1328,2304"/>
        <Word id="region0010_line0002_word0000" custom="readingOrder {index:0;}">
          <Coords points="1235,2274 1324,2273 1324,2313 1235,2314"/>
          <TextEquiv>
            <Unicode>Laſſe</Unicode>
          </TextEquiv>
        </Word>
        <TextEquiv>
          <Unicode>Laſſe</Unicode>
        </TextEquiv>
      </TextLine>
      <TextEquiv>
        <Unicode>Laſſe</Unicode>
      </TextEquiv>
    </TextRegion>
  </Page>
</PcGts>
