1585 2219
532 376 704 424 zuſtellen.
757 380 834 419 Der
853 382 946 429 Poet
968 380 1030 426 hat
1052 381 1136 431 allſo
1158 382 1246 431 ſeine
1261 382 1386 431 Augen

533 426 602 470 auf
620 428 675 465 ein
698 430 826 467 anders
846 430 942 469 Volk
957 429 1137 480 gerichtet,
1162 433 1233 470 und
1257 433 1329 471 dies
1345 435 1385 481 iſt

532 482 597 521 das
612 482 787 532 chriſtliche
807 485 917 526 Volk.

584 558 715 606 Nichts
733 567 800 597 von
815 558 919 599 allem
939 561 1034 602 dem,
1061 562 1094 608 ſo
1117 561 1155 602 in
1181 560 1261 601 eben
1278 563 1386 613 dieſen

532 608 666 653 Verſen
698 606 832 654 geſaget
863 608 976 652 wird,
1021 612 1145 650 konnte
1182 615 1245 650 den
1274 615 1385 659 hohen

532 663 714 712 Prieſtern
744 666 802 702 der
831 663 1016 710 Thebaner
1043 666 1256 714 zukommen.
1314 669 1386 710 Die

530 715 662 763 Klage,
689 718 741 756 die
754 717 962 767 Philoktet
975 720 1081 759 wider
1100 723 1142 768 ſie
1153 721 1290 770 fuͤhret,
1318 724 1386 770 daß

532 772 574 810 ſie
618 770 695 810 den
727 767 897 820 Fuͤrſten
938 771 1000 824 oft
1038 771 1259 826 gefaͤhrlich
1296 777 1442 820 und

531 813 746 864 ſchreckbar
761 814 870 865 ſeyn,
887 827 961 855 war
977 816 1061 862 ohne
1070 820 1198 859 Grund
1216 825 1286 859 und
1298 824 1384 867 ohne

530 870 707 918 Beyſpiel.
762 871 834 911 Nie
851 883 926 911 war
947 879 984 911 es
1001 875 1062 912 den
1080 873 1175 921 hohen
1196 875 1384 925 Prieſtern

529 922 589 959 der
619 922 759 968 Heyden
789 924 825 961 in
846 926 909 963 den
940 924 1044 966 Sinn
1074 925 1294 974 gekommen,
1330 928 1384 965 die

528 972 675 1023 Fuͤrſten
689 981 759 1013 aus
773 977 847 1013 dem
856 976 1014 1023 Lande
977 980 1016 1029 zu
1028 977 1150 1025 jagen:
1171 978 1246 1024 ihre
1256 980 1384 1030 Macht

526 1034 604 1064 war
621 1025 709 1071 nicht
731 1026 763 1072 ſo
787 1032 893 1075 gros,
918 1029 999 1074 noch
1020 1030 1052 1077 ſo
1074 1029 1286 1081 anſehnlich,
1314 1033 1382 1079 daß

526 1079 570 1125 ſie
602 1078 824 1128 verderbliche
855 1080 1047 1124 Eindruͤcke
1084 1081 1204 1129 haͤtten
1245 1084 1383 1131 machen

523 1126 669 1168 koͤnnen.
723 1130 823 1170 Man
840 1129 993 1170 erlaubte
1009 1130 1125 1177 ihnen,
1145 1133 1206 1180 ſich
1221 1135 1288 1172 mit
1303 1137 1380 1173 dem

525 1183 640 1223 Volke
667 1192 709 1231 zu
731 1180 755 1230 b
777 1182 984 1233 ſchaͤftigen;
1019 1186 1055 1224 in
1079 1188 1155 1225 dem
1176 1187 1297 1234 Rathe
1320 1191 1379 1228 der

525 1228 665 1278 Koͤnige
688 1229 771 1270 aber
793 1234 891 1269 ward
914 1243 960 1271 an
982 1234 1026 1281 ſie
1054 1233 1141 1283 nicht
1170 1237 1298 1274 einmal
1321 1249 1379 1283 ge⸗

525 1285 636 1333 dacht.
687 1287 786 1335 Allſo
807 1286 922 1336 ſpuͤret
943 1297 1028 1327 man
1052 1288 1089 1328 in
1106 1290 1224 1337 dieſem
1245 1290 1378 1333 Stuͤcke

523 1338 636 1375 weder
674 1336 892 1385 Vernunft,
932 1339 1012 1387 noch
1050 1339 1266 1388 Wahrheit:
1306 1353 1378 1381 nur

522 1386 641 1435 falſche
659 1387 855 1436 Bosheiten
879 1389 966 1436 findt
983 1400 1067 1429 man
1088 1393 1271 1431 darinnen.

575 1470 676 1512 Eben
705 1471 788 1517 dieſe
808 1472 925 1523 Sache
947 1473 986 1519 iſt
1009 1484 1089 1513 vom
1109 1474 1376 1528 Sophokles,

520 1525 589 1555 von
622 1516 876 1561 Corneillen,
911 1521 982 1559 und
1014 1529 1079 1559 von
1110 1526 1243 1562 andern
1272 1526 1376 1571 abge⸗

520 1567 662 1616 handelt
679 1574 832 1611 worden.
860 1572 977 1616 Allein
993 1576 1034 1619 ſie
1049 1572 1157 1622 haben
1174 1577 1236 1615 den
1248 1577 1376 1621 Wohl⸗

518 1625 617 1672 ſtand
631 1624 840 1673 beobachtet;
867 1628 911 1675 ſie
925 1628 1007 1674 ſind,
1024 1634 1102 1668 was
1118 1630 1170 1668 die
1184 1628 1402 1680 Ehrfurcht

517 1681 624 1722 gegen
647 1676 698 1715 die
713 1676 883 1726 Religion
908 1677 1059 1728 betrifft,
1092 1679 1182 1729 nicht
1205 1686 1275 1721 aus
1297 1683 1376 1720 dem

517 1727 632 1778 Gleiſe
646 1735 812 1777 getreten.
859 1731 958 1775 Man
975 1730 1056 1783 ſieht
1072 1731 1132 1783 bey
1156 1732 1262 1785 ihnen
1280 1734 1374 1775 keine
