1485 2284
259 375 370 432 Gerſte
385 375 496 435 ſchickt
512 381 568 434 ſich
585 386 752 431 deswegen
770 381 854 429 nicht
867 382 1063 432 zuſammen,
1081 387 1155 424 weil

267 442 319 480 die
335 437 463 489 kleinen
468 442 598 483 Koͤrner
612 443 646 481 in
671 446 725 480 der
742 443 864 493 Muͤhle
880 442 971 487 beym
987 443 1153 488 Schroten

266 506 350 542 ganz
368 495 512 545 bleiben,
541 498 584 549 und
610 494 686 552 ſich
697 500 831 537 alsdenn
850 498 934 542 nicht
958 502 1155 542 auskochen:

262 558 367 606 dieſes
388 558 580 606 verurſachet
599 560 652 599 ein
675 559 800 598 duͤnnes
827 559 1024 608 unkraͤftiges
1051 562 1151 608 Bier,

266 613 345 656 auch
362 611 446 660 giebt
463 616 512 652 ein
531 617 792 661 unzermalmetes
809 617 922 661 Korn,
952 616 1002 654 die
1019 623 1078 661 auf
1097 627 1153 656 der

266 679 379 719 Darre
404 678 610 727 empfangene
638 676 742 723 Farbe
765 680 849 723 nicht
877 690 970 727 gerne
997 689 1058 717 von
1082 682 1150 729 ſich.

266 743 393 783 Stellet
415 753 492 781 man
511 744 561 780 die
579 742 700 792 Muͤhle
716 753 754 790 zu
775 743 850 790 tief,
882 735 984 782 damit
1009 747 1058 782 die
1079 746 1150 784 klei⸗

266 805 327 834 nen
343 795 472 835 Koͤrner
488 793 563 837 auch
581 796 642 834 mit
660 787 814 844 getroffen
832 789 955 834 werden
980 801 1090 844 ſollen,
1120 802 1150 844 ſo

266 850 399 895 werden
414 856 464 894 die
484 855 619 905 groͤßern
644 866 681 904 zu
703 856 767 904 ſehr
785 858 1055 904 mitgenommen,
1082 863 1149 897 und

265 919 471 964 verurſachen
483 922 533 958 ein
548 919 666 960 truͤbes
677 922 776 961 Bier.
818 920 924 967 Harte
945 924 1008 957 und
1024 920 1148 966 weiche,

263 979 344 1023 auch
363 978 488 1028 jaͤhrige
502 984 570 1019 und
595 980 804 1032 zweyjaͤhrige
826 983 937 1029 Gerſte
964 983 1066 1032 ſchickt
1091 985 1148 1034 ſich

262 1034 419 1084 ebenfalls
436 1036 550 1080 nicht
561 1035 762 1084 zuſammen,
798 1038 870 1076 weil
893 1038 943 1076 ein
962 1039 1061 1089 Theil
1087 1045 1147 1079 den

264 1098 388 1145 andern
388 1098 488 1145 beym
502 1099 640 1141 Quellen
653 1101 743 1147 leicht
758 1100 983 1149 uͤberwaͤchſet,
1006 1105 1070 1140 und
1086 1106 1150 1140 das

263 1157 366 1205 gruͤne
397 1160 502 1200 Blatt
527 1158 669 1206 treibet,
691 1161 798 1197 indem
820 1162 869 1197 ein
896 1164 1029 1199 anderer
1053 1162 1147 1212 Theil

262 1223 341 1264 noch
355 1223 430 1261 weit
447 1223 554 1273 zuruͤck
566 1224 620 1272 iſt.
675 1224 773 1272 Dieſe
787 1225 891 1265 Biere
913 1227 1045 1263 werden
1058 1226 1148 1271 leicht

261 1279 375 1327 ſauer,
397 1283 469 1319 weil
490 1287 554 1321 das
577 1275 675 1334 gruͤne
699 1276 796 1333 Blatt
818 1286 869 1322 ein
884 1284 1074 1324 Merkmaal
1093 1286 1147 1331 iſt,

260 1339 328 1386 daß
344 1342 521 1391 nunmehro
533 1341 570 1379 in
584 1338 634 1393 der
648 1335 769 1396 Frucht
784 1341 869 1390 ſelbſt
884 1342 943 1382 alle
957 1332 1145 1396 vegetabili-

264 1400 351 1448 ſchen
369 1398 490 1445 Kraͤfte
512 1387 703 1447 aufgeloͤſet,
733 1402 800 1437 und
823 1410 880 1447 zur
901 1400 1067 1449 Nahrung
1089 1407 1146 1439 des

262 1457 429 1504 kuͤnftigen
445 1446 568 1504 Halms
582 1465 745 1504 gegangen
762 1457 844 1502 ſeyn.
891 1458 974 1499 Das
996 1461 1147 1498 uͤberblei⸗

264 1516 362 1555 bende
380 1505 520 1565 mehlige
540 1513 640 1570 Weſen
658 1518 738 1556 kann
761 1518 825 1564 alſo
846 1522 916 1557 dem
933 1521 1038 1558 Biere
1058 1521 1145 1558 keine

265 1582 395 1625 Staͤrke
417 1580 533 1630 geben;
571 1582 687 1632 mithin
709 1582 825 1631 ſchlaͤgt
844 1590 879 1622 es
901 1584 947 1631 oft
970 1588 1013 1624 im
1035 1586 1144 1624 Keller

264 1636 339 1681 noch
361 1648 437 1683 um,
468 1649 559 1677 wenn
582 1645 617 1678 es
643 1639 726 1684 nicht
747 1640 833 1688 ſchon
853 1643 900 1679 im
920 1640 1144 1688 Braubottige

260 1698 438 1747 geſchiehet.
499 1691 597 1747 Mich
609 1701 667 1751 hat
681 1703 730 1739 die
742 1700 934 1748 Erfahrung
955 1704 1144 1748 wenigſtens

262 1755 338 1801 noch
353 1757 436 1801 nicht
455 1757 623 1804 betrogen,
650 1759 715 1805 daß
732 1764 796 1796 aus
816 1762 898 1796 einer
922 1761 1145 1808 gleichartigen

261 1818 378 1865 Gerſte
399 1818 508 1867 beſſere
527 1818 632 1864 Biere
657 1821 802 1863 werden,
835 1820 888 1856 als
910 1828 973 1858 aus
999 1822 1144 1865 vielerley

263 1885 355 1919 unter
374 1877 528 1918 einander
549 1884 733 1926 gemengten
750 1878 898 1929 Sorten,
929 1880 979 1917 die
999 1893 1076 1918 man
1100 1884 1146 1928 oͤf⸗

261 1947 328 1981 ters
348 1940 403 1989 bey
428 1938 521 1993 denen
514 1940 705 1992 Kornjuden
722 1950 785 1983 aus
799 1942 893 1994 Noth
907 1942 1039 1992 nehmen
1055 1944 1146 1987 muß.
