1398 2026
486 344 539 373 den
559 341 725 381 koͤniglichen
746 343 888 382 Leichnam
916 343 1018 382 darauf
1036 345 1125 383 gelegt
1146 347 1205 383 hat⸗

484 397 530 428 te,
549 388 672 436 brachte
674 401 742 427 man
761 395 832 433 ihn,
841 401 923 428 unter
951 391 1002 437 dem
1020 396 1136 437 Glanze
1149 399 1203 429 vie⸗

485 452 525 482 ler
545 450 668 489 Fackeln,
689 454 754 490 nach
776 454 918 486 Alkmaar.
959 454 1019 486 Die
1033 455 1203 493 Einwohner

483 504 597 544 daſelbſt
610 512 706 536 waren
719 505 830 545 ſogleich
840 504 971 544 bemuͤht,
980 507 1041 545 ihm
1054 510 1094 540 ein
1108 510 1203 542 Denk⸗

482 558 541 590 mal
563 567 595 598 zu
616 561 764 599 errichten,
785 569 829 591 wo
849 570 916 594 man
937 562 1005 600 ſeine
1026 563 1202 601 Eingeweide

480 617 659 658 aufbewahrt
672 620 713 656 *).
751 621 817 653 Der
856 620 968 658 Koͤrper
996 622 1104 652 wurde
1134 622 1200 659 nach

479 673 600 711 Utrecht
617 674 647 706 in
670 675 726 705 das
750 675 937 714 Mauſoleum
963 677 1010 708 der
1035 677 1201 717 Vorfahren

478 727 615 767 gebracht.

537 785 611 817 Nun
638 792 670 822 zu
699 785 802 824 Velſen
828 786 939 824 zuruͤck!
973 789 1015 822 Er
1040 789 1073 827 iſt
1098 789 1129 820 in
1149 791 1200 820 den

478 837 586 871 Armen
613 839 700 876 ſeiner
723 833 848 880 Gattin,
876 841 929 870 und
957 839 1027 878 hat,
1054 840 1144 873 indem
1171 850 1200 872 er

478 899 515 930 zu
537 891 582 930 ihr
610 893 789 932 hereintritt,
816 896 868 927 das
894 895 1066 934 Schwerdt,
1086 897 1199 935 welches

477 947 545 984 noch
565 954 631 979 vom
651 948 745 981 Blute
762 948 852 984 ſeines
861 948 980 986 Feindes
998 948 1108 987 gefaͤrbt
1126 956 1199 986 war,

479 1003 531 1040 auf
562 1005 626 1036 den
659 1004 737 1043 Tiſch
780 1004 885 1043 gelegt;
916 1004 1108 1043 Engisbertha
1140 1012 1198 1038 ver⸗

476 1057 552 1096 gießt
571 1056 833 1096 Freudenthraͤnen,
859 1061 894 1090 da
921 1060 955 1096 ſie
981 1066 1011 1092 es
1035 1060 1114 1099 ihren
1138 1062 1197 1100 Lip⸗

477 1118 529 1149 pen
557 1111 671 1150 naͤhert,
698 1116 754 1145 und
782 1114 885 1154 Velſen
914 1114 990 1152 ſagt,
1019 1114 1067 1152 ſich
1087 1122 1118 1153 zu
1146 1118 1198 1147 den

477 1166 688 1203 Verbuͤndeten
703 1169 852 1204 wendend:
880 1169 952 1208 „Ihr
977 1170 1034 1209 ſeht
1059 1178 1139 1209 nun,
1160 1171 1193 1203 ob

505 1355 530 1380 *)
546 1352 605 1378 Man
629 1354 681 1380 ſieht
699 1354 752 1381 noch
773 1354 808 1377 bis
828 1355 870 1382 auf
880 1356 920 1379 den
932 1355 1033 1384 heutigen
1051 1356 1101 1383 Tag
1116 1356 1140 1380 in
1153 1357 1192 1381 der

471 1390 555 1418 großen
569 1391 646 1415 Kirche
663 1396 688 1417 zu
707 1392 816 1416 Alkmaar
834 1393 901 1421 dieſes
918 1386 1033 1420 Grabmal
1051 1396 1091 1419 des
1102 1395 1192 1422 Graſen

470 1438 563 1464 Florenz
585 1438 623 1461 des
642 1438 756 1467 Fünften,
782 1439 819 1462 der
837 1439 902 1466 durch
925 1440 1028 1468 Gerhard
1048 1443 1091 1463 von
1111 1441 1191 1470 Velſen

471 1474 612 1498 umgebracht
626 1473 657 1498 iſt.
680 1472 739 1501 Man
755 1473 856 1502 bewahrt
869 1479 913 1498 nur
924 1474 977 1502 ſeine
992 1475 1130 1502 Eingeweide
1141 1475 1191 1502 auf,

470 1521 546 1548 beſage
559 1523 617 1546 einer
630 1522 674 1549 ſehr
691 1524 752 1548 alten
763 1523 931 1554 Jnnſchriſt.
898 1520 946 1556 —
956 1525 1004 1549 Und
1019 1526 1052 1550 die
1069 1525 1190 1555 Holländer

470 1558 555 1587 nennen
569 1563 607 1591 ſich
622 1564 677 1591 frei!
