2499 3015
618 544 744 596 ſolches
762 546 854 590 laute
863 546 1049 600 Schreyen
1064 553 1139 595 und
1150 553 1236 603 doch
1250 554 1558 609 unaußſprechliche
1567 556 1739 613 Seufftzen
1751 572 1792 613 zu
1801 563 1965 618 verſtehen
1973 565 2063 618 ſeye/
2074 566 2213 616 erklaͤret

618 609 649 641 er
657 601 780 650 ferner:
789 601 921 648 Solch
928 601 1100 659 ſeuffzen/
1113 607 1193 659 daß
1208 611 1281 651 wir
1294 608 1410 653 kaum
1421 609 1577 662 fuͤhlen/
1591 617 1669 658 und
1680 611 1853 668 naͤhrlich
1866 619 2026 674 gewahr
2037 622 2211 666 werden/

616 660 751 695 nennet
761 652 818 693 S.
828 655 988 708 Paulus
997 659 1058 698 ein
1072 657 1243 712 geſchrey
1251 665 1328 703 und
1340 660 1667 717 unaußſprechlich
1681 667 1871 723 ſeufftzen/
1886 677 2042 719 darvon
2053 674 2211 726 himmel

614 707 699 747 und
714 706 821 748 erden
834 706 985 762 erfuͤllet
994 714 1154 754 werden.
1193 716 1326 762 Bald:
1340 717 1465 762 Nach
1478 717 1621 767 unſerm
1634 719 1764 773 fuͤhlen
1782 723 1826 777 iſt
1843 724 1950 775 unſer
1962 726 2128 781 glaube/
2144 731 2209 771 der

616 760 657 799 in
670 758 904 815 anfechtung
923 760 962 808 ſo
975 773 1019 812 zu
1033 762 1191 818 Chriſto
1201 764 1370 819 ſeuſfzet/
1385 778 1460 810 aus
1477 770 1677 822 dermaſſen
1688 774 1875 827 ſchwach.
1900 779 2079 824 Darumb
2090 779 2209 831 hoͤren

614 810 692 849 wir
710 811 854 858 ſolches
871 810 1034 865 geſchrey
1063 814 1135 866 deß
1149 813 1326 867 Heiligen
1346 818 1504 869 Geiſtes
1521 820 1660 866 nicht/
1682 824 1835 875 ſondern
1848 827 1972 880 haben
1991 829 2105 875 allein
2127 835 2210 873 das

611 869 736 902 wort/
751 869 801 900 an
814 865 975 906 welches
987 866 1063 903 wir
1083 873 1160 907 uns
1176 868 1215 906 in
1232 864 1391 916 ſolchem
1403 866 1634 923 aͤngſtlichen
1647 872 1806 927 kampff
1814 875 1974 930 halten/
1983 883 2059 923 und
2073 888 2205 923 etwas

609 914 712 963 lufft
727 916 891 965 kriegen/
901 920 978 956 und
992 915 1162 959 alsdann
1176 915 1358 971 beginnen
1370 922 1445 962 wir
1456 928 1538 966 das
1552 923 1718 978 ſeuffzen
1730 928 1861 978 unſers
1870 931 2036 982 hertzens
2052 931 2207 980 etlicher

610 967 752 1017 maſſen
765 977 808 1016 zu
824 969 968 1022 fuͤhlen.
1007 971 1244 1018 Wiederumb
1263 973 1288 1011 f.
1300 981 1370 1020 765.
1384 990 1414 1013 a.
1432 980 1529 1025 Wir
1543 980 1682 1024 halten
1701 984 1781 1023 und
1790 985 1947 1029 dencken
1967 987 2103 1035 nicht/
2122 989 2202 1040 daß

608 1024 721 1066 wahr
742 1020 826 1066 ſey/
851 1022 934 1070 daß
949 1018 1054 1070 unſer
1076 1021 1252 1072 ſchwach
1267 1022 1437 1078 ſeufftzen
1462 1029 1501 1078 ſo
1531 1029 1649 1074 ſtarck
1667 1033 1761 1083 ſeye/
1782 1034 1862 1082 daß
1881 1046 1926 1077 es
1948 1040 2008 1080 die
2034 1037 2201 1085 wolcken

604 1074 884 1117 durchdringen
899 1072 985 1108 und
1002 1074 1058 1112 im
1071 1071 1226 1122 himmel
1236 1074 1272 1120 ſo
1286 1073 1474 1133 gewaltig
1485 1076 1690 1126 erſchallen
1703 1080 1862 1127 koͤnne/
1873 1088 1954 1137 daß
1970 1089 2103 1134 GOtt
2115 1092 2199 1133 und

605 1123 745 1167 Engel
759 1126 889 1160 nichts
905 1121 1045 1162 anders
1059 1119 1173 1172 hoͤren
1196 1124 1335 1177 ſollen/
1355 1130 1449 1171 denn
1471 1127 1568 1182 ſolch
1598 1132 1706 1180 unſer
1725 1130 1889 1187 ſeufftzen
1901 1134 2040 1182 allein:
2054 1141 2091 1195 ja
2107 1140 2199 1182 eben

604 1178 679 1210 das
694 1172 904 1224 widerſpiel
919 1172 1082 1217 dencken
1096 1178 1190 1218 wir/
1199 1176 1402 1230 ſonderlich
1416 1181 1506 1223 weil
1520 1184 1579 1225 die
1590 1182 1829 1240 anfechtung
1839 1184 2015 1239 waͤhret/
2035 1188 2203 1245 nemlich/

603 1225 683 1277 daß
694 1224 755 1264 der
769 1222 906 1280 teuffel
919 1227 1039 1270 wider
1052 1237 1126 1271 uns
1134 1226 1192 1280 mit
1218 1226 1314 1273 aller
1320 1233 1472 1287 gewalt
1482 1233 1625 1283 bruͤlle/
1641 1245 1703 1281 der
1714 1236 1872 1290 himmel
1883 1250 2001 1291 zetter
2015 1244 2102 1289 uͤber
2120 1255 2200 1289 uns

604 1279 768 1330 ſchreye/
779 1278 840 1320 der
857 1280 1045 1327 erdboden
1058 1283 1170 1328 bebe/
1185 1283 1249 1328 als
1262 1290 1381 1333 wolte
1395 1286 1493 1332 alles
1506 1290 1546 1332 in
1566 1293 1671 1336 einen
1687 1291 1852 1349 hauffen
1866 1295 2009 1348 fallen:
2038 1301 2081 1356 Jn
2101 1304 2198 1353 ſum⸗

603 1337 689 1377 ma/
697 1340 735 1373 es
750 1330 931 1385 ſcheinet/
945 1334 1008 1380 als
1023 1333 1155 1381 waͤren
1168 1347 1248 1382 uns
1261 1338 1336 1384 alle
1359 1342 1574 1389 Creaturen
1587 1352 1810 1400 entgegen/
1826 1349 2006 1396 draͤueten
2026 1356 2107 1397 und
2120 1367 2200 1397 ver⸗

599 1385 753 1442 klagten
774 1396 875 1431 uns/
889 1392 970 1432 und
983 1388 1101 1443 thaͤte
1118 1391 1192 1447 ſich
1206 1400 1270 1439 der
1289 1395 1418 1449 hoͤllen
1441 1397 1619 1453 abgrund
1635 1400 1765 1456 auff/
1789 1406 1867 1449 und
1880 1406 2003 1454 wolte
2015 1419 2089 1452 uns
2109 1421 2197 1452 ver⸗

596 1439 785 1497 ſchlingen.
817 1443 912 1495 Alſo
923 1444 1030 1499 fuͤhlt
1041 1447 1141 1500 ſichs
1153 1449 1353 1505 gewißlich
1367 1457 1410 1496 in
1423 1452 1566 1505 unſerm
1576 1456 1727 1508 hertzen.
1763 1459 1868 1504 Aber
1883 1472 2027 1506 wenns
2040 1476 2107 1508 um
2122 1474 2200 1508 uns

595 1493 634 1545 ſo
647 1494 786 1549 ſtehet/
796 1498 875 1551 daß
888 1498 961 1538 wir
982 1508 1101 1544 matt/
1107 1498 1363 1561 ohnmaͤchtig
1373 1508 1453 1549 und
1460 1508 1656 1563 krafftloß
1670 1511 1776 1564 ſind/
1782 1515 1863 1567 daß
1875 1518 1951 1559 wir
1960 1515 2063 1563 auch
2074 1517 2198 1562 kaum

589 1544 767 1601 ſeufftzen
778 1545 941 1595 koͤnnen/
950 1552 989 1600 ſo
1006 1550 1053 1605 iſt
1066 1551 1246 1606 Chriſtus
1263 1557 1368 1599 dann
1379 1549 1614 1611 allmaͤchtig
1626 1565 1669 1602 in
1680 1572 1777 1607 uns/
1790 1564 1978 1616 herrſchet
1987 1572 2065 1610 und
2084 1569 2199 1621 ſieget

593 1596 861 1649 wahrhafftig
877 1596 915 1637 in
930 1607 1020 1641 uns.
1041 1600 1277 1648 Wiederumb
1292 1610 1337 1643 T.
1345 1624 1379 1652 9.
1389 1608 1447 1645 Alt
1472 1608 1589 1658 f.940.
1610 1622 1641 1645 a.
1664 1611 1736 1653 Es
1748 1615 1826 1654 kan
1835 1618 1894 1656 ein
1900 1613 2106 1669 glaubiger
2115 1618 2197 1667 alſo

593 1655 802 1696 verzagen/
817 1647 895 1699 daß
913 1657 951 1690 er
963 1646 1196 1701 gleichwohl
1217 1654 1313 1699 noch
1326 1657 1384 1695 ein
1401 1658 1597 1702 fuͤncklein
1609 1666 1703 1699 vom
1720 1661 1887 1713 glauben
1905 1665 2071 1711 behaͤlt/
2086 1680 2123 1708 er
2133 1669 2195 1708 be⸗

592 1702 686 1740 haͤlt
709 1700 805 1740 noch
824 1702 863 1737 in
883 1701 948 1739 der
965 1698 1281 1756 verzweiffelung
1297 1708 1373 1744 das
1389 1704 1594 1757 ſeufftzen/
1608 1708 1769 1756 welches
1793 1714 1849 1756 S.
1865 1713 2024 1767 Paulus
2043 1716 2195 1771 unauß⸗

591 1755 790 1809 ſprechlich
809 1761 956 1797 nennet.
998 1754 1101 1801 Aber
1116 1756 1275 1812 daſſelbe
1288 1760 1335 1816 iſt
1357 1750 1397 1813 ſo
1409 1772 1469 1816 gar
1496 1761 1593 1818 tieff
1602 1763 1809 1819 begraben/
1820 1772 1898 1812 und
1910 1768 2194 1825 uͤberſchůttet/

588 1813 663 1842 mit
675 1813 737 1842 der
750 1806 1049 1861 unmuͤglichkeit
1066 1808 1145 1850 und
1159 1810 1313 1853 anderer
1326 1807 1636 1869 widerwaͤrtigen
1658 1816 1903 1872 bewertung/
1905 1813 1951 1869 ſo
1966 1834 2004 1864 er
2013 1826 2051 1866 in
2062 1823 2193 1876 ſeinem

585 1865 725 1902 Herzen
739 1862 887 1906 fuͤhlet/
900 1864 977 1910 daß
1000 1869 1039 1895 er
1053 1861 1152 1908 ſolch
1166 1862 1262 1913 tieff
1276 1860 1449 1917 ſeufftzen
1458 1864 1574 1906 kaum
1593 1859 1809 1923 empfindet.
1863 1876 1948 1909 Item
1963 1875 2094 1915 Tom.1.
2113 1879 2190 1915 Lat.

588 1921 665 1954 Jen.
680 1917 739 1949 fol.
760 1920 805 1962 91.
812 1917 845 1943 b.
885 1915 957 1949 Es
968 1915 1175 1965 geſchiehet
1188 1915 1297 1964 wohl
1309 1918 1379 1955 den
1398 1915 1726 1971 angefochtenen/
1746 1922 1823 1974 daß
1844 1922 1892 1973 ſie
1906 1924 2014 1970 nicht
2034 1927 2189 1981 wiſſen/

585 1968 637 1990 ob
657 1968 703 2003 ſie
716 1965 812 1995 noch
834 1965 1033 2007 hoffnung
1048 1967 1171 2006 haben
1187 1971 1282 2000 oder
1296 1976 1500 2017 verzagen/
1514 1973 1554 2014 ja
1569 1975 1609 2006 es
1627 1967 1764 2012 deucht
1757 1958 1841 2027 ſie/
1850 1969 1929 2024 daß
1940 1970 1988 2022 ſie
1999 1975 2191 2033 verzweif⸗

584 2021 689 2064 feln/
696 2029 771 2062 und
789 2016 836 2060 iſt
853 2023 925 2052 nur
938 2020 1037 2056 noch
1053 2022 1115 2056 der
1140 2017 1339 2069 Seufftzer
1357 2030 1424 2060 um
1454 2024 1513 2062 die
1526 2021 1654 2076 huͤlffe
1674 2023 1799 2071 uͤbrig.
1848 2026 1990 2072 Daran
2010 2020 2113 2077 nicht
2141 2044 2187 2078 ſie

582 2071 721 2115 ſelbſt/
735 2070 894 2114 ſondern
913 2068 1044 2105 andere
1063 2066 1279 2119 verſtehen/
1288 2072 1368 2122 daß
1381 2071 1429 2122 ſie
1448 2073 1543 2117 noch
1560 2074 1708 2128 hoffen.
1757 2067 1839 2123 Und
1856 2083 1991 2119 Tom.2.
2017 2083 2086 2131 Lat.
2108 2086 2180 2135 Jen.

582 2129 641 2173 fol.
648 2138 718 2185 149.
746 2139 776 2178 a.
826 2122 894 2160 Da
913 2128 1074 2170 verzagt
1090 2123 1149 2163 die
1161 2122 1399 2177 hoffnung/
1416 2128 1499 2169 und
1519 2127 1613 2174 doch
1631 2129 1744 2185 hofft
1761 2130 1862 2177 noch
1878 2135 1939 2177 die
1957 2133 2185 2193 verzweiffe⸗

576 2180 679 2240 Iung
695 2180 869 2233 zugleich.
900 2184 946 2215 m.
960 2174 982 2222 f.
1001 2169 1047 2219 w.
1070 2177 1257 2223 Niemand
1273 2179 1434 2229 verſtehet
1450 2179 1578 2230 dieſes/
1591 2187 1647 2227 der
1662 2192 1698 2228 es
1712 2186 1807 2234 nicht
1822 2187 2025 2240 geſchmecket
2038 2194 2111 2238 hat.
2129 2194 2183 2240 Er

579 2231 721 2284 handelt
735 2231 788 2285 die
804 2232 946 2280 materie
964 2228 1051 2269 auch
1071 2225 1158 2270 noch
1177 2226 1371 2274 mehrmal/
1387 2229 1428 2268 es
1445 2234 1531 2279 mag
1544 2228 1621 2274 aber
1637 2231 1706 2274 mit
1725 2220 1831 2282 dieſen
1850 2232 1956 2286 ſtellen
1975 2239 2025 2282 die
2041 2237 2126 2290 ſache
2139 2247 2181 2289 zu

577 2279 681 2336 faſſen
700 2305 794 2336 gnug
810 2298 898 2336 ſeyn.

675 2342 743 2383 VI.
766 2340 867 2399 Weil
885 2338 936 2371 die
951 2332 1191 2383 angefochtene
1207 2336 1325 2391 immer
1333 2344 1507 2384 meynen/
1512 2339 1685 2390 GOTT
1697 2340 1766 2391 ſeye
1779 2349 1849 2385 von
1864 2343 1964 2395 ihnen
1983 2347 2180 2399 gewichen/

575 2394 647 2438 und
658 2395 712 2443 der
723 2379 824 2432 ſatan
831 2394 932 2426 beſitze
948 2394 1016 2428 ihre
1027 2392 1165 2436 hertzen;
1174 2387 1206 2437 ſo
1219 2388 1259 2438 iſt
1266 2389 1373 2434 dieſes
1382 2393 1439 2434 ein
1448 2390 1548 2443 troſt/
1557 2385 1628 2445 daß
1638 2396 1778 2446 beydes
1792 2407 1862 2440 nur
1874 2402 1949 2442 eine
1958 2391 2097 2455 falſche
2105 2406 2183 2446 ein⸗

571 2446 743 2496 bildung
756 2447 839 2489 ſeye.
865 2442 949 2479 Der
960 2447 1062 2485 ſatan
1084 2440 1142 2478 hat
1152 2444 1202 2479 die
1211 2440 1391 2485 wohnung
1408 2440 1504 2487 nicht
1520 2444 1554 2484 in
1576 2443 1698 2489 ihnen/
1714 2443 1893 2496 deßwegen
1908 2447 2047 2503 ſtuͤrmet
2060 2464 2092 2495 er
2102 2447 2186 2501 auff

574 2506 614 2538 ſie
631 2498 720 2548 loß/
720 2500 937 2550 dahingegen
955 2507 1012 2535 wo
1033 2505 1066 2532 er
1082 2499 1118 2536 in
1131 2496 1249 2545 ſeinem
1261 2494 1383 2548 pallaſt
1388 2491 1465 2548 iſt/
1471 2494 1504 2548 er
1516 2499 1684 2551 denſelben
1698 2501 1896 2554 bewahret/
1915 2504 1971 2556 und
1986 2513 2043 2554 das
2054 2509 2178 2558 ſeinige

576 2549 625 2581 im
637 2544 762 2594 frieden
773 2550 918 2597 beſitzet/
931 2553 1115 2598 Luc.11/
1074 2553 1138 2601 21.
1146 2550 1274 2596 Daher
1290 2557 1346 2596 ers
1360 2554 1455 2599 nicht
1471 2552 1599 2609 noͤthig
1613 2557 1742 2608 findet/
1756 2557 1836 2608 dieſe
1859 2556 2098 2616 anzufechten/
2102 2565 2177 2608 ſon⸗

575 2598 655 2628 dern
671 2598 746 2636 laͤſſt
761 2602 802 2638 ſie
817 2605 916 2633 lieber
935 2611 969 2633 in
986 2609 1170 2644 ſicherheit/
1185 2596 1347 2646 hingegen
1362 2596 1440 2647 laͤſſt
1455 2601 1556 2644 Gott
1571 2606 1623 2644 die
1632 2600 1893 2657 angefochtenen
1910 2604 2111 2660 verſichern/
2127 2601 2185 2660 daß

577 2655 610 2683 er
622 2655 698 2693 gern
711 2653 757 2686 bey
780 2652 869 2707 ihnen
888 2657 975 2709 ſeye/
998 2659 1050 2693 und
1067 2658 1102 2693 in
1113 2657 1210 2696 ihnen
1228 2651 1365 2706 wohne.
1390 2655 1519 2709 Daher
1534 2658 1629 2713 heiſſt
1650 2650 1686 2704 es
1693 2652 1767 2714 Jeſ.
1784 2671 1897 2715 41/10.
1911 2665 2077 2723 Fuͤrchte
2090 2666 2174 2713 dich

577 2699 772 2751 nicht/ich
786 2702 850 2747 bin
861 2700 932 2758 bey
943 2709 1020 2753 dir;
1036 2707 1178 2763 weiche
1188 2709 1324 2761 nicht/
1331 2712 1433 2759 denn
1449 2712 1510 2765 ich
1522 2715 1590 2762 bin
1600 2717 1686 2764 dein
1694 2718 1840 2767 GOtt.
1850 2713 1936 2776 Jeſ.
1933 2722 2042 2775 57/15.
2052 2717 2176 2758 GOtt
