2413 2825
1601 522 1620 542 5

327 571 420 617 dens
436 569 530 622 nicht
544 571 670 628 noͤthig
685 571 805 630 haͤtte,
834 577 898 633 ſich
921 581 1020 626 eines
1045 587 1141 627 etwa
1162 585 1345 638 gravirten
1362 588 1494 643 Theils
1515 597 1622 643 anzu⸗

327 628 495 680 nehmen.
553 629 690 689 Dieſes
706 638 833 681 wurde
846 636 1042 693 gleichfalls
1050 640 1157 693 durch
1173 645 1229 687 die
1252 644 1453 701 Zeitungen
1468 647 1621 695 bekannt

325 685 501 743 gemacht.

469 748 548 794 Die
563 744 1041 810 Kaiſerlich ⸗ Koͤniglichen
1054 757 1249 811 Miniſtres
1257 764 1307 807 im
1316 762 1431 812 Reich
1445 765 1616 817 ſchrieben

322 806 397 843 von
419 801 499 856 Zeit
524 812 566 858 zu
586 804 690 858 Zeit,
719 810 804 851 was
824 807 868 861 ſie
890 818 966 865 von
981 816 1042 856 der
1054 812 1368 873 Unzufriedenheit
1386 824 1446 865 der
1460 821 1616 872 Reichs⸗

321 852 404 909 hoͤfe
420 860 642 913 vernehmen
655 859 825 915 muͤßten,
841 868 918 908 und
935 877 1060 912 waren
1081 875 1143 914 der
1151 871 1377 925 Meynung:
1406 879 1479 920 das
1496 876 1614 930 ſicher⸗

320 911 366 967 ſte
381 911 450 967 ſey,
466 924 575 960 wenn
591 927 678 963 man
694 917 760 973 ſich
782 923 850 967 mit
864 924 946 969 dem
959 919 1084 974 Reiche
1101 922 1319 974 vergleichen
1336 923 1466 974 koͤnne.

462 975 547 1029 Auf
554 977 642 1031 dieſe
663 978 877 1038 Preußiſche
898 987 974 1028 und
990 983 1230 1044 Franzoͤſiſche
1258 988 1466 1045 Erklaͤrung
1487 994 1611 1040 wollte

313 1029 380 1086 ſich
405 1035 478 1079 das
498 1034 670 1091 Erzhaus
693 1035 912 1093 Oeſterreich
934 1042 1023 1090 auch
1045 1053 1151 1097 gerne
1180 1048 1248 1093 mit
1276 1047 1478 1107 Churpfalz
1500 1051 1609 1103 durch

315 1088 596 1146 Vermittelung
615 1096 682 1139 des
712 1094 884 1151 Koͤniges
906 1107 980 1145 von
1004 1100 1178 1156 England
1202 1106 1239 1149 in
1261 1106 1468 1159 Hannover
1491 1107 1608 1164 ſetzen,

314 1148 400 1190 weil
420 1150 505 1195 aber
528 1147 732 1207 Churpfalz
755 1156 852 1206 ohne
873 1159 1198 1213 Genehmhaltung
1229 1164 1465 1218 Frankreichs
1488 1169 1607 1220 nichts

313 1203 482 1260 ſchließen
497 1208 637 1257 konnte,
660 1211 695 1259 ſo
711 1212 776 1262 lief
784 1212 873 1265 dieſe
886 1215 1130 1265 Negotiation
1146 1221 1272 1262 immer
1293 1223 1477 1272 fruchtlos
1493 1222 1550 1268 ab.

455 1257 684 1313 Unterdeſſen
708 1262 834 1306 wurde
855 1267 942 1309 vom
963 1265 1109 1319 Koͤnige
1134 1278 1207 1314 von
1229 1271 1405 1326 Preußen
1428 1277 1503 1319 eine
1526 1278 1604 1322 Ge⸗

311 1316 531 1367 gen ⸗ Ligue
545 1316 614 1359 mit
626 1321 739 1363 denen
756 1317 1007 1375 altfuͤrſtlichen
1023 1318 1191 1381 Haͤuſern
1206 1337 1317 1381 gegen
1333 1331 1388 1374 die
1404 1331 1604 1385 Oeſterrei⸗

312 1375 427 1428 chiſch,
437 1372 715 1431 Engliſch ⸗ und
722 1377 903 1435 Rußiſche
909 1382 1069 1430 Alliance
1077 1385 1228 1437 wirklich
1244 1399 1285 1444 zu
1296 1388 1416 1440 ſtande
1424 1388 1603 1447 gebracht.

263 1433 392 1487 Die
413 1433 673 1493 Hauptperſon
704 1442 831 1486 wurde
858 1440 1014 1494 dadurch
1043 1452 1148 1491 unter
1168 1451 1251 1493 dem
1271 1449 1392 1499 Titel:
1449 1453 1602 1507 Corpus

307 1495 585 1536 Germanicum
600 1493 815 1547 beſtimmet,
842 1502 920 1542 und
941 1491 1012 1545 das
1028 1502 1279 1554 Directorium
1294 1508 1381 1552 aller
1403 1508 1602 1561 Reichsge⸗

307 1548 448 1608 ſchaͤffte
463 1552 544 1597 dem
558 1550 711 1607 Koͤnige
732 1562 806 1601 von
827 1554 1003 1615 Preußen
1018 1561 1265 1618 aufgetragen,
1295 1568 1505 1616 Schweden
1522 1575 1641 1615 und

305 1607 555 1658 Daͤnnemark
566 1607 785 1660 vereinigten
797 1607 866 1659 ſich
887 1613 1115 1669 unverhofft,
1132 1618 1212 1661 alle
1226 1616 1495 1676 Reichsfuͤrſten
1512 1620 1597 1673 fien⸗

305 1676 375 1706 gen
390 1666 522 1710 an,
480 1666 525 1716 zu
537 1661 704 1714 werben,
731 1672 809 1706 und
823 1666 895 1717 ſich
910 1676 952 1720 zu
967 1674 1140 1721 armiren,
1171 1673 1309 1719 endlich
1319 1680 1446 1719 wurde
1462 1667 1597 1732 folgen⸗

251 1730 372 1766 der
386 1719 494 1767 neuer
509 1724 616 1779 Plan
635 1725 927 1784 vorgeſchlagen:
984 1733 1071 1782 Der
1090 1732 1368 1793 Weſtphaͤliſche
1390 1742 1518 1794 Friede
1539 1741 1596 1794 ſey

267 1783 359 1822 die
375 1781 511 1831 neueſte
526 1781 751 1839 Vorſchrift,
777 1788 866 1834 nach
881 1787 1036 1836 welcher
1049 1793 1104 1834 die
1119 1791 1471 1851 Reichsverfaſſung
1482 1797 1596 1846 einge⸗

304 1838 425 1881 richtet
438 1841 583 1879 werden
598 1838 725 1890 muͤſſe,
755 1842 802 1886 ob
817 1841 917 1895 ſchon
934 1841 995 1896 ſeit
1012 1849 1072 1890 der
1092 1845 1173 1901 Zeit
1196 1844 1288 1905 fuͤnf
1302 1851 1431 1906 Kaiſer
1446 1851 1593 1901 verſtor⸗

302 1898 371 1937 ben,
424 1892 483 1946 ſey
496 1888 609 1953 dieſer
630 1894 753 1954 Friede
768 1897 860 1946 doch
873 1901 910 1945 in
925 1900 999 1957 ſehr
1016 1904 1128 1950 vielen
1144 1902 1315 1958 Stuͤcken
1326 1911 1427 1960 noch
1449 1913 1508 1955 bis
1530 1913 1592 1963 itzo

302 1956 397 1996 nicht
419 1950 548 1995 einmal
570 1958 633 2003 zur
654 1950 849 2010 ſchuldigen
873 1956 1075 2016 Execution
1098 1963 1264 2018 gebracht
1277 1970 1437 2011 worden.
1496 1966 1592 2021 Hier

300 2016 443 2056 werden
467 2008 566 2058 wohl
590 2010 745 2062 hundert
761 2013 1009 2070 Gravamina,
1032 2022 1099 2063 wie
1123 2023 1221 2073 wohl
1245 2027 1314 2068 mit
1334 2027 1488 2079 Haaren
1513 2027 1590 2080 her⸗

259 2075 367 2117 bey
382 2075 545 2120 gezogen,
560 2069 617 2110 die
632 2070 717 2119 Jura
734 2074 903 2118 Statuum
920 2075 1073 2124 koͤnnten
1091 2079 1186 2136 nicht
1201 2078 1324 2135 laͤnger
1340 2084 1438 2138 mehr
1453 2091 1590 2132 darun⸗

298 2139 353 2168 ter
366 2132 490 2175 leiden,
504 2128 558 2168 die
576 2125 807 2177 Uebermacht
822 2131 1065 2189 Oeſterreichs
1080 2136 1134 2189 ſey
1150 2140 1205 2182 die
1220 2139 1348 2192 einzige
1365 2131 1514 2194 Urſache
1530 2152 1589 2196 ge⸗

298 2188 426 2233 weſen,
448 2190 592 2228 warum
608 2192 695 2227 man
709 2195 929 2242 gezwungen
944 2197 1105 2246 worden,
1134 2197 1217 2242 blos
1231 2200 1306 2240 aus
1321 2196 1447 2250 dieſem
1462 2197 1590 2257 Hauſe

295 2248 353 2289 die
368 2245 496 2297 Kaiſer
513 2255 555 2301 zu
569 2244 732 2303 waͤhlen,
753 2255 840 2297 eben
853 2258 1048 2309 deswegen
1063 2256 1186 2308 haͤtten
1206 2256 1272 2317 ſich
1289 2261 1344 2309 die
1365 2260 1587 2322 ſchwaͤchern

295 2304 559 2367 Reichsſtaͤnde
580 2312 670 2362 alles
684 2311 838 2370 gefallen
857 2319 965 2386 laſſen
979 2318 1128 2377 muͤſſen.

946 2435 1036 2483 A3

1494 2445 1575 2489 Jtz.
