<?xml version='1.0' encoding='utf-8'?>
<PcGts xmlns="http://schema.primaresearch.org/PAGE/gts/pagecontent/2019-07-15" xmlns:xsi="http://www.w3.org/2001/XMLSchema-instance" pcGtsId="PAGE_01" xsi:schemaLocation="http://schema.primaresearch.org/PAGE/gts/pagecontent/2019-07-15 http://schema.primaresearch.org/PAGE/gts/pagecontent/2019-07-15/pagecontent.xsd">
  <Metadata>
    <Creator>OCR-D DFG Phase III</Creator>
    <Created>2024-01-19T13:09:28Z</Created>
    <LastChange>2024-01-19T13:09:28Z</LastChange>
    <Comments>ODEM: OCR-D extension for mass digitization (2021-2024)</Comments>
  </Metadata>
  <Page imageFilename="urn+nbn+de+gbv+3+1-719128-p0173-9_ger.jpg" imageWidth="3116" imageHeight="3494" type="content" primaryLanguage="German">
    <Border>
      <Coords points="112,195 99,3329 2529,3349 2511,177"/>
    </Border>
    <ReadingOrder>
      <OrderedGroup id="ro_1656053091212" caption="Regions reading order">
        <RegionRefIndexed index="0" regionRef="region0003"/>
        <RegionRefIndexed index="1" regionRef="region0004"/>
        <RegionRefIndexed index="2" regionRef="region0005"/>
        <RegionRefIndexed index="3" regionRef="TextRegion_1654071259976_3915"/>
        <RegionRefIndexed index="4" regionRef="TextRegion_1654071264346_3920"/>
        <RegionRefIndexed index="5" regionRef="TextRegion_1654071268352_3927"/>
        <RegionRefIndexed index="6" regionRef="TextRegion_1654071271841_3940"/>
        <RegionRefIndexed index="7" regionRef="TextRegion_1654071274900_3963"/>
        <RegionRefIndexed index="8" regionRef="TextRegion_1654071274900_3962"/>
        <RegionRefIndexed index="9" regionRef="region0007"/>
        <RegionRefIndexed index="10" regionRef="TextRegion_1654071230942_3904"/>
      </OrderedGroup>
    </ReadingOrder>
    <TextRegion orientation="0.15968297" type="caption" readingDirection="left-to-right" id="region0003" custom="readingOrder {index:0;}">
      <Coords points="360,772 2034,761 2036,1083 362,1094"/>
      <TextLine id="region0003_line0001" custom="readingOrder {index:0;}">
        <Coords points="1075,768 1060,778 1008,781 991,778 981,782 913,786 910,786 902,776 891,776 883,787 876,787 849,784 842,775 832,775 814,785 787,785 765,782 760,778 750,778 745,782 706,783 685,774 655,774 614,781 608,771 474,772 473,804 478,809 486,809 487,824 496,827 561,825 611,830 748,829 754,832 782,829 786,832 824,831 829,836 842,831 863,832 868,829 899,831 958,823 1008,824 1018,821 1097,827 1232,828 1249,831 1255,838 1266,837 1276,830 1366,826 1455,828 1457,832 1466,835 1477,832 1478,828 1492,826 1510,826 1519,831 1529,826 1540,829 1573,827 1582,836 1594,833 1597,829 1652,825 1706,827 1708,830 1721,832 1735,824 1745,824 1759,832 1769,827 1804,827 1815,831 1817,827 1877,826 1922,817 1927,812 1927,782 1922,777 1865,778 1861,775 1852,775 1841,780 1820,779 1815,769 1804,767 1743,767 1738,772 1737,782 1694,782 1692,775 1687,771 1674,772 1668,782 1636,782 1628,777 1605,783 1596,781 1587,774 1456,770 1444,772 1439,781 1384,780 1382,773 1377,769 1363,770 1359,780 1344,780 1338,773 1328,773 1321,780 1296,782 1290,773 1276,776 1247,772 1180,772 1172,775 1167,782 1155,782 1134,780 1129,775 1102,778 1087,768"/>
        <Word id="region0003_line0001_word0000" custom="readingOrder {index:0;}">
          <Coords points="613,780 542,781 542,826 561,825 568,826 627,825 627,780 619,780 614,781"/>
          <TextEquiv conf="0.96663076">
            <Unicode>Nur</Unicode>
          </TextEquiv>
        </Word>
        <Word id="region0003_line0001_word0001" custom="readingOrder {index:1;}">
          <Coords points="650,783 725,783 725,824 650,824"/>
          <TextEquiv conf="0.9147617">
            <Unicode>blos</Unicode>
          </TextEquiv>
        </Word>
        <Word id="region0003_line0001_word0002" custom="readingOrder {index:2;}">
          <Coords points="763,781 750,781 750,828 849,828 849,784 846,781 821,781 814,785 787,785 765,782"/>
          <TextEquiv conf="0.70476806">
            <Unicode>durch</Unicode>
          </TextEquiv>
        </Word>
        <Word id="region0003_line0001_word0003" custom="readingOrder {index:3;}">
          <Coords points="907,782 885,782 883,787 876,787 876,822 967,821 967,782 913,786 910,786"/>
          <TextEquiv conf="0.96490896">
            <Unicode>einen</Unicode>
          </TextEquiv>
        </Word>
        <Word id="region0003_line0001_word0004" custom="readingOrder {index:4;}">
          <Coords points="1100,777 1061,777 1060,778 1008,781 991,778 991,822 1014,822 1018,821 1031,822 1170,822 1170,777 1167,782 1155,782 1134,780 1131,777 1111,777 1102,778"/>
          <TextEquiv conf="0.9330008">
            <Unicode>veralteten</Unicode>
          </TextEquiv>
        </Word>
        <Word id="region0003_line0001_word0005" custom="readingOrder {index:5;}">
          <Coords points="1294,779 1194,779 1194,828 1232,828 1249,831 1250,832 1274,832 1276,830 1366,826 1424,827 1424,781 1384,780 1383,778 1360,778 1359,780 1344,780 1343,778 1323,778 1321,780 1296,782"/>
          <TextEquiv conf="0.92700166">
            <Unicode>Schlendrian</Unicode>
          </TextEquiv>
        </Word>
        <Word id="region0003_line0001_word0006" custom="readingOrder {index:6;}">
          <Coords points="1488,826 1488,779 1449,779 1449,827 1455,828 1455,829 1477,829 1478,828"/>
          <TextEquiv conf="0.96480316">
            <Unicode>iſt</Unicode>
          </TextEquiv>
        </Word>
        <Word id="region0003_line0001_word0007" custom="readingOrder {index:7;}">
          <Coords points="1594,779 1515,780 1515,829 1515,829 1523,829 1529,826 1539,829 1544,829 1573,827 1574,828 1608,828 1634,826 1634,781 1631,779 1620,779 1605,783 1596,781"/>
          <TextEquiv conf="0.72094893">
            <Unicode>ſolches</Unicode>
          </TextEquiv>
        </Word>
        <Word id="region0003_line0001_word0008" custom="readingOrder {index:8;}">
          <Coords points="1692,775 1672,775 1668,782 1661,782 1661,825 1706,827 1729,827 1735,824 1745,824 1750,827 1769,827 1804,827 1817,827 1874,826 1874,777 1865,778 1861,775 1852,775 1841,780 1820,779 1818,775 1737,775 1737,782 1694,782"/>
          <TextEquiv>
            <Unicode>eingefuͤhret.</Unicode>
          </TextEquiv>
        </Word>
        <TextEquiv>
          <Unicode>Nur blos durch einen veralteten Schlendrian iſt ſolches eingefuͤhret.</Unicode>
        </TextEquiv>
      </TextLine>
      <TextLine id="region0003_line0002" custom="readingOrder {index:1;}">
        <Coords points="1932,816 1882,824 1873,832 1811,832 1800,828 1789,830 1788,833 1759,833 1752,831 1748,826 1735,825 1721,833 1652,826 1592,834 1586,837 1582,837 1573,828 1562,830 1560,835 1541,835 1536,827 1529,827 1521,832 1510,827 1492,827 1485,833 1466,836 1458,833 1383,833 1375,827 1366,827 1359,833 1320,834 1319,830 1312,828 1255,839 1249,837 1247,832 1232,829 1168,828 1156,834 1154,829 1149,827 1138,827 1133,830 1127,827 1097,830 1053,825 1048,828 1035,827 1028,822 1008,825 958,824 891,833 886,830 868,830 859,837 852,837 849,832 831,837 824,832 788,836 782,830 770,830 765,833 764,838 760,838 748,830 698,833 693,830 644,829 615,833 607,829 588,827 496,828 481,825 476,830 476,852 486,858 486,878 494,884 581,883 587,880 604,883 626,879 645,888 653,887 657,883 677,883 684,889 691,889 700,884 745,883 773,879 819,883 854,879 859,880 864,887 871,888 882,881 923,879 941,873 956,876 997,874 1010,870 1023,879 1030,878 1036,873 1127,875 1140,872 1162,878 1181,876 1193,882 1242,883 1247,886 1260,883 1314,880 1320,877 1344,879 1433,875 1497,876 1508,885 1528,884 1533,879 1599,879 1608,875 1621,877 1725,876 1733,882 1740,882 1748,873 1757,873 1761,876 1805,876 1819,881 1833,876 1856,877 1861,874 1873,874 1878,877 1930,877 1939,874 1967,874 1973,877 2034,874 2034,832 1977,830 1975,823 1969,819"/>
        <Word id="region0003_line0002_word0000" custom="readingOrder {index:0;}">
          <Coords points="540,832 607,831 607,872 540,873"/>
          <TextEquiv conf="0.9672672">
            <Unicode>Da</Unicode>
          </TextEquiv>
        </Word>
        <Word id="region0003_line0002_word0001" custom="readingOrder {index:1;}">
          <Coords points="641,833 698,833 698,881 641,881"/>
          <TextEquiv conf="0.96002614">
            <Unicode>ſich</Unicode>
          </TextEquiv>
        </Word>
        <Word id="region0003_line0002_word0002" custom="readingOrder {index:2;}">
          <Coords points="751,832 733,832 733,872 783,872 783,832 766,832 765,833 764,838 760,838"/>
          <TextEquiv conf="0.9614899">
            <Unicode>bei</Unicode>
          </TextEquiv>
        </Word>
        <Word id="region0003_line0002_word0003" custom="readingOrder {index:3;}">
          <Coords points="827,834 814,834 814,882 829,882 854,879 859,880 860,882 881,881 882,881 914,879 914,833 863,834 859,837 852,837 850,834 843,834 831,837"/>
          <TextEquiv conf="0.92311966">
            <Unicode>dieſer</Unicode>
          </TextEquiv>
        </Word>
        <Word id="region0003_line0002_word0004" custom="readingOrder {index:4;}">
          <Coords points="1094,874 1094,830 929,830 929,875 935,875 941,873 951,875 976,875 997,874 1010,870 1017,875 1033,875 1036,873"/>
          <TextEquiv conf="0.9302323">
            <Unicode>Methode</Unicode>
          </TextEquiv>
        </Word>
        <Word id="region0003_line0002_word0005" custom="readingOrder {index:5;}">
          <Coords points="1155,833 1116,833 1116,869 1166,869 1166,833 1158,833 1156,834"/>
          <TextEquiv conf="0.93297124">
            <Unicode>die</Unicode>
          </TextEquiv>
        </Word>
        <Word id="region0003_line0002_word0006" custom="readingOrder {index:6;}">
          <Coords points="1236,830 1192,830 1192,876 1423,875 1433,875 1457,875 1608,875 1608,875 1608,875 1618,875 1618,831 1592,834 1586,837 1582,837 1574,829 1567,829 1562,830 1560,835 1541,835 1537,829 1525,829 1521,832 1515,829 1489,829 1485,833 1466,836 1458,833 1383,833 1378,830 1363,830 1359,833 1320,834 1319,830 1318,830 1303,830 1255,839 1249,837 1247,832"/>
          <TextEquiv conf="0.92031777">
            <Unicode>Taxationscommiſſarien</Unicode>
          </TextEquiv>
        </Word>
        <Word id="region0003_line0002_word0007" custom="readingOrder {index:7;}">
          <Coords points="1661,827 1652,827 1652,874 1747,874 1748,873 1751,873 1751,829 1748,827 1731,827 1721,833"/>
          <TextEquiv conf="0.96394324">
            <Unicode>durch</Unicode>
          </TextEquiv>
        </Word>
        <Word id="region0003_line0002_word0008" custom="readingOrder {index:8;}">
          <Coords points="1781,833 1781,873 1887,873 1887,827 1878,827 1873,832 1811,832 1800,828 1789,830 1788,833"/>
          <TextEquiv conf="0.93286484">
            <Unicode>eigene</Unicode>
          </TextEquiv>
        </Word>
        <Word id="region0003_line0002_word0009" custom="readingOrder {index:9;}">
          <Coords points="1975,823 1913,824 1913,869 2027,868 2027,831 1977,830"/>
          <TextEquiv>
            <Unicode>Beur⸗</Unicode>
          </TextEquiv>
        </Word>
        <TextEquiv>
          <Unicode>Da ſich bei dieſer Methode die Taxationscommiſſarien durch eigene Beur⸗</Unicode>
        </TextEquiv>
      </TextLine>
      <TextLine id="region0003_line0003" custom="readingOrder {index:2;}">
        <Coords points="364,853 361,855 362,929 398,929 416,936 429,935 431,932 496,931 534,939 540,935 608,933 613,940 630,932 751,934 770,931 777,934 824,936 835,930 844,933 859,927 886,930 915,921 925,921 929,924 939,919 1003,923 1009,929 1021,929 1028,923 1125,927 1144,925 1165,931 1219,930 1225,936 1240,935 1242,930 1332,926 1337,923 1357,925 1378,920 1423,924 1435,929 1452,925 1493,925 1522,930 1555,928 1569,923 1583,926 1710,923 1715,926 1881,922 1905,929 1926,922 1932,932 1939,932 1945,927 1956,930 1974,923 1983,926 1993,926 2002,932 2014,930 2016,927 2035,927 2034,876 2020,874 1986,879 1978,880 1967,875 1939,875 1930,878 1909,876 1879,880 1873,875 1861,875 1854,881 1819,882 1805,877 1799,880 1762,880 1757,874 1748,874 1740,883 1727,880 1677,879 1673,876 1623,880 1618,877 1608,876 1596,883 1523,886 1504,885 1497,877 1483,877 1472,882 1433,876 1423,882 1391,884 1368,880 1320,878 1314,881 1260,884 1247,887 1193,884 1181,877 1153,882 1151,877 1140,873 1125,877 1104,874 1098,877 1033,877 1023,880 1010,871 998,877 976,878 958,878 950,874 941,874 930,879 881,884 871,889 864,888 859,881 854,880 843,881 835,887 773,880 717,889 684,890 677,884 645,889 623,880 613,881 605,886 596,881 587,881 577,888 555,888 476,887 475,880 470,875 443,875 436,882 420,874 387,878 381,866 380,856 376,853"/>
        <Word id="region0003_line0003_word0000" custom="readingOrder {index:0;}">
          <Coords points="376,853 370,853 371,917 536,917 535,887 476,887 475,880 470,875 443,875 436,882 420,874 387,878 381,866 380,856"/>
          <TextEquiv conf="0.9095916">
            <Unicode>theilung</Unicode>
          </TextEquiv>
        </Word>
        <Word id="region0003_line0003_word0001" custom="readingOrder {index:1;}">
          <Coords points="562,888 563,911 650,911 649,888 645,889 623,880 613,881 605,886 596,881 587,881 577,888"/>
          <TextEquiv conf="0.9547978">
            <Unicode>nicht</Unicode>
          </TextEquiv>
        </Word>
        <Word id="region0003_line0003_word0002" custom="readingOrder {index:2;}">
          <Coords points="672,884 673,903 735,903 734,886 717,889 684,890 677,884"/>
          <TextEquiv conf="0.9491997">
            <Unicode>den</Unicode>
          </TextEquiv>
        </Word>
        <Word id="region0003_line0003_word0003" custom="readingOrder {index:3;}">
          <Coords points="759,882 760,910 859,910 858,880 854,880 843,881 835,887 773,880"/>
          <TextEquiv conf="0.9613559">
            <Unicode>Kopf</Unicode>
          </TextEquiv>
        </Word>
        <Word id="region0003_line0003_word0004" custom="readingOrder {index:4;}">
          <Coords points="886,883 887,907 1068,906 1067,877 1033,877 1023,880 1010,871 998,877 976,878 958,878 950,874 941,874 930,879"/>
          <TextEquiv conf="0.9651651">
            <Unicode>zerbrechen</Unicode>
          </TextEquiv>
        </Word>
        <Word id="region0003_line0003_word0005" custom="readingOrder {index:5;}">
          <Coords points="1102,874 1103,910 1242,910 1241,886 1193,884 1181,877 1153,882 1151,877 1140,873 1125,877 1104,874"/>
          <TextEquiv>
            <Unicode>duͤrfen,</Unicode>
          </TextEquiv>
        </Word>
        <Word id="region0003_line0003_word0006" custom="readingOrder {index:6;}">
          <Coords points="1273,883 1273,898 1340,898 1340,878 1320,878 1314,881"/>
          <TextEquiv conf="0.96040267">
            <Unicode>und</Unicode>
          </TextEquiv>
        </Word>
        <Word id="region0003_line0003_word0007" custom="readingOrder {index:7;}">
          <Coords points="1373,880 1374,903 1452,903 1451,878 1433,876 1423,882 1391,884"/>
          <TextEquiv conf="0.96040267">
            <Unicode>auch</Unicode>
          </TextEquiv>
        </Word>
        <Word id="region0003_line0003_word0008" custom="readingOrder {index:8;}">
          <Coords points="1478,879 1479,903 1573,903 1572,883 1523,886 1504,885 1497,877 1483,877"/>
          <TextEquiv conf="0.96195555">
            <Unicode>ſogar</Unicode>
          </TextEquiv>
        </Word>
        <Word id="region0003_line0003_word0009" custom="readingOrder {index:9;}">
          <Coords points="1607,876 1607,899 1640,898 1640,878 1623,880 1618,877 1608,876"/>
          <TextEquiv conf="0.9606083">
            <Unicode>in</Unicode>
          </TextEquiv>
        </Word>
        <Word id="region0003_line0003_word0010" custom="readingOrder {index:10;}">
          <Coords points="1662,876 1662,897 1717,897 1717,879 1677,879 1673,876"/>
          <TextEquiv conf="0.961241">
            <Unicode>der</Unicode>
          </TextEquiv>
        </Word>
        <Word id="region0003_line0003_word0011" custom="readingOrder {index:11;}">
          <Coords points="1744,878 1745,907 2031,906 2030,875 2020,874 1986,879 1978,880 1967,875 1939,875 1930,878 1909,876 1879,880 1873,875 1861,875 1854,881 1819,882 1805,877 1799,880 1762,880 1757,874 1748,874"/>
          <TextEquiv conf="0.9607064">
            <Unicode>Landwirthſchaft</Unicode>
          </TextEquiv>
        </Word>
        <TextEquiv>
          <Unicode>theilung nicht den Kopf zerbrechen duͤrfen, und auch ſogar in der Landwirthſchaft</Unicode>
        </TextEquiv>
      </TextLine>
      <TextLine id="region0003_line0004" custom="readingOrder {index:3;}">
        <Coords points="939,920 929,925 925,922 915,922 886,931 859,928 844,934 835,931 824,937 810,935 786,939 779,939 778,935 770,932 754,933 746,939 740,939 735,933 721,933 716,937 710,934 677,936 672,933 658,933 648,936 630,933 615,941 534,940 510,936 503,939 501,934 496,932 478,932 470,939 456,939 432,935 416,937 398,930 362,930 362,980 405,979 430,984 470,985 476,990 486,990 491,986 509,986 510,990 517,993 531,993 539,986 551,985 561,981 576,984 612,984 617,989 627,989 634,984 650,983 665,988 675,980 692,984 745,984 747,988 757,991 766,988 768,984 803,983 838,976 876,977 881,973 894,974 903,970 923,975 931,972 948,972 950,976 958,979 969,977 971,973 1021,972 1062,972 1075,976 1111,975 1125,980 1130,980 1135,975 1163,976 1174,987 1184,986 1190,980 1219,980 1232,985 1238,981 1331,976 1360,982 1369,976 1381,977 1385,974 1392,976 1416,975 1423,972 1534,972 1565,977 1578,971 1607,969 1658,971 1727,969 1773,976 1847,972 1860,979 1876,978 1884,972 1925,975 1949,973 1958,981 1974,976 2035,975 2035,931 2002,933 1984,930 1982,926 1974,924 1960,930 1939,933 1932,933 1926,923 1909,928 1905,932 1894,932 1890,926 1881,923 1843,923 1838,926 1837,931 1774,932 1719,932 1717,927 1701,924 1691,932 1611,925 1583,927 1574,924 1555,929 1522,931 1493,926 1402,930 1398,923 1378,921 1369,924 1365,930 1356,931 1348,924 1337,924 1331,927 1330,932 1225,937 1186,935 1184,930 1160,930 1156,935 1150,935 1149,929 1144,926 1133,926 1126,932 1092,930 1081,925 1069,925 1065,929 1009,930 1004,927 988,927 973,921 955,923 950,920"/>
        <Word id="region0003_line0004_word0000" custom="readingOrder {index:0;}">
          <Coords points="405,933 385,933 385,979 405,979 419,982 561,981 561,981 562,981 594,981 594,941 534,940 510,936 503,939 501,934 497,932 477,933 470,939 456,939 432,935 416,937"/>
          <TextEquiv conf="0.92093843">
            <Unicode>Unerſahrne</Unicode>
          </TextEquiv>
        </Word>
        <Word id="region0003_line0004_word0001" custom="readingOrder {index:1;}">
          <Coords points="636,934 628,934 618,939 618,980 675,980 676,980 676,935 673,934 654,934 648,936"/>
          <TextEquiv conf="0.9586921">
            <Unicode>ſich</Unicode>
          </TextEquiv>
        </Word>
        <Word id="region0003_line0004_word0002" custom="readingOrder {index:2;}">
          <Coords points="712,935 701,935 701,981 813,981 814,980 814,935 810,935 786,939 779,939 778,935 751,935 746,939 740,939 736,935 718,935 716,937"/>
          <TextEquiv conf="0.96754164">
            <Unicode>dieſem</Unicode>
          </TextEquiv>
        </Word>
        <Word id="region0003_line0004_word0003" custom="readingOrder {index:3;}">
          <Coords points="866,929 857,929 844,934 835,931 829,934 829,977 833,977 838,976 867,977 876,977 881,973 894,974 903,970 923,975 931,972 948,972 950,976 951,976 969,976 971,973 1000,972 1000,928 894,929 886,931"/>
          <TextEquiv>
            <Unicode>Geſchaͤfte</Unicode>
          </TextEquiv>
        </Word>
        <Word id="region0003_line0004_word0004" custom="readingOrder {index:4;}">
          <Coords points="1092,930 1020,930 1020,972 1021,972 1062,972 1075,976 1111,975 1119,978 1132,978 1135,975 1163,976 1165,978 1237,978 1237,936 1225,937 1186,935 1184,930 1160,930 1156,935 1150,935 1149,930 1128,930 1126,932"/>
          <TextEquiv conf="0.9555168">
            <Unicode>unterziehen,</Unicode>
          </TextEquiv>
        </Word>
        <Word id="region0003_line0004_word0005" custom="readingOrder {index:5;}">
          <Coords points="1352,928 1331,928 1330,932 1262,935 1262,977 1318,977 1331,976 1334,977 1368,976 1369,976 1374,976 1382,976 1385,974 1392,976 1416,975 1423,972 1458,972 1458,928 1402,930 1400,927 1367,927 1365,930 1356,931"/>
          <TextEquiv conf="0.9615319">
            <Unicode>wenigſtens</Unicode>
          </TextEquiv>
        </Word>
        <Word id="region0003_line0004_word0006" custom="readingOrder {index:6;}">
          <Coords points="1520,930 1484,931 1484,972 1534,972 1565,977 1578,971 1607,969 1658,971 1659,970 1659,930 1525,930 1522,931"/>
          <TextEquiv conf="0.9534019">
            <Unicode>demſelben</Unicode>
          </TextEquiv>
        </Word>
        <Word id="region0003_line0004_word0007" custom="readingOrder {index:7;}">
          <Coords points="1686,932 1753,932 1753,964 1686,964"/>
          <TextEquiv conf="0.9626117">
            <Unicode>eine</Unicode>
          </TextEquiv>
        </Word>
        <Word id="region0003_line0004_word0008" custom="readingOrder {index:8;}">
          <Coords points="1892,929 1837,929 1837,931 1775,931 1775,975 1847,972 1854,976 1878,976 1884,972 1893,972 1893,930"/>
          <TextEquiv conf="0.9636625">
            <Unicode>gewiſſe</Unicode>
          </TextEquiv>
        </Word>
        <Word id="region0003_line0004_word0009" custom="readingOrder {index:9;}">
          <Coords points="1928,926 1912,926 1910,927 1910,973 1923,974 1926,974 1949,973 1950,974 2029,974 2029,931 2002,933 1984,930 1982,926 1968,926 1960,930 1939,933 1932,933"/>
          <TextEquiv>
            <Unicode>aͤußere</Unicode>
          </TextEquiv>
        </Word>
        <TextEquiv>
          <Unicode>Unerſahrne ſich dieſem Geſchaͤfte unterziehen, wenigſtens demſelben eine gewiſſe aͤußere</Unicode>
        </TextEquiv>
      </TextLine>
      <TextLine id="region0003_line0005" custom="readingOrder {index:4;}">
        <Coords points="903,971 894,975 881,974 876,978 838,977 827,981 797,984 785,989 765,989 757,992 748,989 695,989 680,981 673,982 665,989 650,984 634,985 627,990 577,990 575,984 561,982 547,990 517,994 504,990 435,988 427,983 405,980 362,981 362,1041 403,1041 419,1033 437,1031 443,1034 480,1033 508,1037 518,1042 533,1041 541,1036 563,1031 623,1035 754,1034 774,1035 780,1041 790,1041 796,1036 836,1036 847,1026 861,1024 889,1024 896,1031 908,1030 914,1023 971,1023 1072,1026 1100,1030 1227,1031 1269,1033 1276,1040 1285,1040 1291,1033 1326,1029 1358,1029 1365,1036 1375,1036 1381,1030 1412,1030 1419,1035 1429,1035 1439,1027 1450,1027 1457,1036 1469,1036 1477,1027 1546,1027 1553,1037 1566,1036 1570,1027 1652,1026 1659,1033 1668,1033 1675,1025 1804,1022 1872,1022 1878,1030 1892,1030 1899,1021 1959,1024 1990,1026 1996,1029 2035,1027 2035,981 1958,982 1949,974 1925,976 1884,973 1876,979 1860,980 1847,973 1732,977 1730,971 1715,970 1700,977 1664,977 1660,972 1650,970 1607,970 1578,972 1565,978 1551,976 1547,981 1540,980 1534,973 1522,973 1516,978 1510,974 1476,977 1470,973 1455,973 1448,977 1438,973 1423,973 1415,976 1412,982 1393,982 1391,976 1385,975 1381,978 1369,977 1360,983 1321,977 1315,980 1290,980 1274,984 1228,986 1213,981 1209,984 1189,984 1174,988 1163,977 1135,976 1130,981 1125,981 1111,976 1070,979 1062,973 1051,973 1045,977 1036,973 1021,973 981,974 958,980 940,975 916,975 909,970"/>
        <Word id="region0003_line0005_word0000" custom="readingOrder {index:0;}">
          <Coords points="428,984 385,984 385,1032 428,1032 437,1031 439,1032 491,1032 491,989 435,988"/>
          <TextEquiv conf="0.9619317">
            <Unicode>Form</Unicode>
          </TextEquiv>
        </Word>
        <Word id="region0003_line0005_word0001" custom="readingOrder {index:1;}">
          <Coords points="575,984 556,984 547,990 517,994 517,1032 560,1031 563,1031 570,1031 617,1031 617,990 577,990"/>
          <TextEquiv conf="0.9690061">
            <Unicode>geben</Unicode>
          </TextEquiv>
        </Word>
        <Word id="region0003_line0005_word0002" custom="readingOrder {index:2;}">
          <Coords points="681,982 673,982 665,989 650,984 648,984 648,1033 805,1033 805,983 797,984 785,989 765,989 757,992 748,989 695,989"/>
          <TextEquiv>
            <Unicode>koͤnnen,</Unicode>
          </TextEquiv>
        </Word>
        <Word id="region0003_line0005_word0003" custom="readingOrder {index:3;}">
          <Coords points="857,1024 857,985 826,985 826,1029 843,1029 847,1026"/>
          <TextEquiv conf="0.9608021">
            <Unicode>ſo</Unicode>
          </TextEquiv>
        </Word>
        <Word id="region0003_line0005_word0004" custom="readingOrder {index:4;}">
          <Coords points="923,1023 923,980 884,981 884,1024 889,1024 892,1027 910,1027 914,1023"/>
          <TextEquiv conf="0.9682985">
            <Unicode>iſt</Unicode>
          </TextEquiv>
        </Word>
        <Word id="region0003_line0005_word0005" custom="readingOrder {index:5;}">
          <Coords points="959,989 995,989 995,1023 959,1023"/>
          <TextEquiv conf="0.9677382">
            <Unicode>es</Unicode>
          </TextEquiv>
        </Word>
        <Word id="region0003_line0005_word0006" custom="readingOrder {index:6;}">
          <Coords points="1018,983 1086,983 1086,1023 1018,1023"/>
          <TextEquiv conf="0.96963966">
            <Unicode>kein</Unicode>
          </TextEquiv>
        </Word>
        <Word id="region0003_line0005_word0007" custom="readingOrder {index:7;}">
          <Coords points="1170,984 1113,984 1113,1030 1227,1031 1234,1031 1290,1031 1290,983 1278,983 1274,984 1228,986 1220,983 1210,983 1209,984 1189,984 1174,988"/>
          <TextEquiv conf="0.9556564">
            <Unicode>Wunder,</Unicode>
          </TextEquiv>
        </Word>
        <Word id="region0003_line0005_word0008" custom="readingOrder {index:8;}">
          <Coords points="1347,981 1320,981 1320,1029 1326,1029 1358,1029 1385,1029 1385,981 1363,981 1360,983"/>
          <TextEquiv conf="0.9658513">
            <Unicode>daß</Unicode>
          </TextEquiv>
        </Word>
        <Word id="region0003_line0005_word0009" custom="readingOrder {index:9;}">
          <Coords points="1475,1029 1475,981 1417,981 1417,1030 1435,1030 1439,1027 1450,1027 1452,1030 1474,1030"/>
          <TextEquiv conf="0.9573912">
            <Unicode>ſich</Unicode>
          </TextEquiv>
        </Word>
        <Word id="region0003_line0005_word0010" custom="readingOrder {index:10;}">
          <Coords points="1580,1026 1580,982 1501,982 1501,1027 1546,1027 1549,1032 1567,1032 1570,1027"/>
          <TextEquiv conf="0.9329312">
            <Unicode>dieſe</Unicode>
          </TextEquiv>
        </Word>
        <Word id="region0003_line0005_word0011" custom="readingOrder {index:11;}">
          <Coords points="1851,1022 1851,978 1603,979 1603,1026 1652,1026 1654,1028 1671,1028 1675,1025 1804,1022"/>
          <TextEquiv conf="0.8777408">
            <Unicode>Taxationsart</Unicode>
          </TextEquiv>
        </Word>
        <Word id="region0003_line0005_word0012" custom="readingOrder {index:12;}">
          <Coords points="1912,1021 1912,983 1880,983 1880,1026 1895,1026 1899,1021"/>
          <TextEquiv>
            <Unicode>ſo</Unicode>
          </TextEquiv>
        </Word>
        <Word id="region0003_line0005_word0013" custom="readingOrder {index:13;}">
          <Coords points="1938,1022 2030,1022 2030,982 1935,983 1935,1022"/>
          <TextEquiv conf="0.9627452">
            <Unicode>lange</Unicode>
          </TextEquiv>
        </Word>
        <TextEquiv>
          <Unicode>Form geben koͤnnen, ſo iſt es kein Wunder, daß ſich dieſe Taxationsart ſo lange</Unicode>
        </TextEquiv>
      </TextLine>
      <TextLine id="region0003_line0006" custom="readingOrder {index:5;}">
        <Coords points="427,1032 403,1042 362,1042 362,1084 409,1085 414,1087 415,1093 442,1093 446,1087 474,1087 480,1090 553,1087 557,1092 580,1092 583,1086 669,1085 680,1072 680,1042 670,1036 606,1035 580,1038 576,1033 563,1032 548,1039 518,1043 480,1034 445,1039 440,1033"/>
        <Word id="region0003_line0006_word0000" custom="readingOrder {index:0;}">
          <Coords points="518,1043 385,1043 385,1084 409,1085 414,1087 415,1093 442,1093 446,1087 474,1087 480,1090 534,1087 534,1043"/>
          <TextEquiv conf="0.9243757">
            <Unicode>erhalten</Unicode>
          </TextEquiv>
        </Word>
        <Word id="region0003_line0006_word0001" custom="readingOrder {index:1;}">
          <Coords points="630,1085 630,1042 558,1042 558,1092 580,1092 583,1086"/>
          <TextEquiv conf="0.91343737">
            <Unicode>hat.</Unicode>
          </TextEquiv>
        </Word>
        <TextEquiv conf="0.9189065">
          <Unicode>erhalten hat.</Unicode>
        </TextEquiv>
      </TextLine>
      <TextEquiv>
        <Unicode>Nur blos durch einen veralteten Schlendrian iſt ſolches eingefuͤhret.&#13;
Da ſich bei dieſer Methode die Taxationscommiſſarien durch eigene Beur⸗&#13;
theilung nicht den Kopf zerbrechen duͤrfen, und auch ſogar in der Landwirthſchaft&#13;
Unerſahrne ſich dieſem Geſchaͤfte unterziehen, wenigſtens demſelben eine gewiſſe aͤußere&#13;
Form geben koͤnnen, ſo iſt es kein Wunder, daß ſich dieſe Taxationsart ſo lange&#13;
erhalten hat.</Unicode>
      </TextEquiv>
    </TextRegion>
    <TextRegion orientation="0.15968297" type="heading" readingDirection="left-to-right" id="region0004" custom="readingOrder {index:1;} structure {type:heading;}">
      <Coords points="1128,1108 1289,1107 1290,1167 1129,1168"/>
      <TextLine id="region0004_line0001" custom="readingOrder {index:0;}">
        <Coords points="1134,1108 1128,1115 1128,1119 1131,1167 1156,1167 1159,1161 1179,1167 1289,1163 1288,1114 1278,1114 1273,1109 1262,1109 1248,1116 1198,1117 1160,1116 1157,1108"/>
        <Word id="region0004_line0001_word0000" custom="readingOrder {index:0;}">
          <Coords points="1166,1163 1166,1121 1134,1121 1134,1167 1156,1167 1159,1161"/>
          <TextEquiv>
            <Unicode>§.</Unicode>
          </TextEquiv>
        </Word>
        <Word id="region0004_line0001_word0001" custom="readingOrder {index:1;}">
          <Coords points="1285,1163 1285,1123 1225,1123 1226,1164 1261,1164"/>
          <TextEquiv conf="0.94911104">
            <Unicode>36.</Unicode>
          </TextEquiv>
        </Word>
        <TextEquiv>
          <Unicode>§. 36.</Unicode>
        </TextEquiv>
      </TextLine>
      <TextEquiv>
        <Unicode>§. 36.</Unicode>
      </TextEquiv>
    </TextRegion>
    <TextRegion orientation="0.15968297" type="heading" readingDirection="left-to-right" id="region0005" custom="readingOrder {index:2;} structure {type:heading;}">
      <Coords points="506,1168 1911,1159 1911,1260 506,1269"/>
      <TextLine id="region0005_line0001" custom="readingOrder {index:0;}">
        <Coords points="1070,1164 1016,1174 888,1172 884,1166 866,1166 863,1171 723,1167 684,1177 639,1181 620,1181 614,1175 598,1175 592,1179 564,1182 539,1175 506,1176 506,1231 532,1232 587,1226 594,1233 602,1233 616,1225 625,1230 636,1230 644,1224 682,1221 700,1223 749,1211 844,1213 877,1217 886,1221 924,1217 940,1219 945,1223 956,1223 966,1218 1042,1215 1049,1211 1068,1213 1077,1217 1109,1215 1206,1219 1220,1216 1225,1222 1233,1222 1241,1217 1256,1217 1265,1221 1321,1221 1329,1224 1342,1218 1355,1218 1362,1223 1380,1219 1413,1220 1444,1222 1451,1227 1463,1227 1473,1222 1536,1219 1544,1228 1553,1228 1562,1219 1591,1218 1697,1219 1848,1214 1873,1215 1885,1221 1895,1221 1901,1216 1910,1216 1910,1170 1906,1170 1900,1162 1877,1163 1871,1170 1850,1172 1783,1172 1777,1167 1767,1167 1759,1173 1747,1173 1740,1165 1725,1165 1720,1169 1705,1166 1656,1167 1630,1174 1590,1176 1561,1176 1554,1168 1543,1168 1535,1170 1530,1176 1476,1178 1392,1179 1381,1178 1375,1170 1360,1172 1356,1169 1329,1171 1322,1175 1301,1172 1241,1172 1236,1169 1224,1169 1213,1175 1194,1177 1160,1175 1155,1171 1147,1171 1140,1175 1109,1175 1088,1171 1082,1164"/>
        <Word id="region0005_line0001_word0000" custom="readingOrder {index:0;}">
          <Coords points="614,1175 598,1175 592,1179 564,1182 539,1175 512,1175 512,1217 708,1217 708,1175 691,1175 684,1177 639,1181 620,1181"/>
          <TextEquiv conf="0.90792495">
            <Unicode>Fortſetzung</Unicode>
          </TextEquiv>
        </Word>
        <Word id="region0005_line0001_word0001" custom="readingOrder {index:1;}">
          <Coords points="729,1171 784,1171 784,1204 729,1204"/>
          <TextEquiv conf="0.9638241">
            <Unicode>des</Unicode>
          </TextEquiv>
        </Word>
        <Word id="region0005_line0001_word0002" custom="readingOrder {index:2;}">
          <Coords points="888,1172 805,1172 805,1212 844,1213 852,1214 961,1214 961,1173"/>
          <TextEquiv conf="0.9638858">
            <Unicode>vorigen,</Unicode>
          </TextEquiv>
        </Word>
        <Word id="region0005_line0001_word0003" custom="readingOrder {index:3;}">
          <Coords points="1089,1171 1028,1171 1016,1174 990,1173 990,1213 1046,1212 1049,1211 1062,1212 1126,1212 1126,1175 1109,1175"/>
          <TextEquiv conf="0.9523969">
            <Unicode>welches</Unicode>
          </TextEquiv>
        </Word>
        <Word id="region0005_line0001_word0004" custom="readingOrder {index:4;}">
          <Coords points="1158,1174 1147,1174 1147,1213 1246,1213 1246,1174 1214,1174 1213,1175 1194,1177 1160,1175"/>
          <TextEquiv conf="0.9328692">
            <Unicode>durch</Unicode>
          </TextEquiv>
        </Word>
        <Word id="region0005_line0001_word0005" custom="readingOrder {index:5;}">
          <Coords points="1306,1172 1268,1173 1268,1214 1470,1213 1470,1178 1392,1179 1381,1178 1376,1172 1326,1172 1322,1175"/>
          <TextEquiv>
            <Unicode>Anfuͤhrung</Unicode>
          </TextEquiv>
        </Word>
        <Word id="region0005_line0001_word0006" custom="readingOrder {index:6;}">
          <Coords points="1556,1171 1534,1171 1530,1176 1490,1177 1490,1214 1645,1214 1645,1171 1641,1171 1630,1174 1590,1176 1561,1176"/>
          <TextEquiv conf="0.8286656">
            <Unicode>mehrerer</Unicode>
          </TextEquiv>
        </Word>
        <Word id="region0005_line0001_word0007" custom="readingOrder {index:7;}">
          <Coords points="1745,1171 1665,1172 1665,1208 1803,1207 1803,1172 1783,1172 1781,1171 1761,1171 1759,1173 1747,1173"/>
          <TextEquiv>
            <Unicode>Gruͤnde</Unicode>
          </TextEquiv>
        </Word>
        <Word id="region0005_line0001_word0008" custom="readingOrder {index:8;}">
          <Coords points="1906,1170 1871,1170 1850,1172 1821,1172 1821,1212 1907,1212 1907,1170"/>
          <TextEquiv conf="0.95832556">
            <Unicode>noch</Unicode>
          </TextEquiv>
        </Word>
        <TextEquiv>
          <Unicode>Fortſetzung des vorigen, welches durch Anfuͤhrung mehrerer Gruͤnde noch</Unicode>
        </TextEquiv>
      </TextLine>
      <TextLine id="region0005_line0002" custom="readingOrder {index:1;}">
        <Coords points="1049,1212 1042,1216 961,1220 957,1224 957,1250 962,1255 1053,1257 1065,1265 1076,1264 1084,1257 1208,1260 1250,1264 1430,1262 1441,1260 1446,1255 1446,1228 1441,1223 1431,1222 1380,1220 1362,1224 1355,1219 1342,1219 1329,1225 1321,1222 1265,1222 1256,1218 1241,1218 1233,1223 1225,1223 1220,1217 1206,1220 1109,1216 1077,1218 1068,1214"/>
        <Word id="region0005_line0002_word0000" custom="readingOrder {index:0;}">
          <Coords points="1074,1216 1023,1217 1018,1217 1018,1256 1053,1257 1054,1258 1084,1257 1084,1257 1094,1257 1120,1257 1120,1216 1111,1216 1107,1216 1077,1218"/>
          <TextEquiv conf="0.9052403">
            <Unicode>naͤher</Unicode>
          </TextEquiv>
        </Word>
        <Word id="region0005_line0002_word0001" custom="readingOrder {index:1;}">
          <Coords points="1181,1219 1142,1219 1142,1257 1287,1257 1287,1222 1265,1222 1258,1219 1239,1219 1233,1223 1225,1223 1221,1219 1210,1219 1206,1220"/>
          <TextEquiv conf="0.92148125">
            <Unicode>erwieſen</Unicode>
          </TextEquiv>
        </Word>
        <Word id="region0005_line0002_word0002" custom="readingOrder {index:2;}">
          <Coords points="1355,1219 1342,1219 1329,1225 1321,1222 1306,1222 1306,1251 1399,1251 1399,1220 1380,1220 1362,1224"/>
          <TextEquiv conf="0.91803896">
            <Unicode>wird.</Unicode>
          </TextEquiv>
        </Word>
        <TextEquiv conf="0.91492015">
          <Unicode>naͤher erwieſen wird.</Unicode>
        </TextEquiv>
      </TextLine>
      <TextEquiv>
        <Unicode>Fortſetzung des vorigen, welches durch Anfuͤhrung mehrerer Gruͤnde noch&#13;
naͤher erwieſen wird.</Unicode>
      </TextEquiv>
    </TextRegion>
    <TextRegion orientation="0.15968297" readingDirection="left-to-right" id="TextRegion_1654071259976_3915" custom="readingOrder {index:3;}">
      <Coords points="358,1271 2036,1260 2036,1383 358,1383"/>
      <TextLine id="region0006_line0001" custom="readingOrder {index:0;}">
        <Coords points="806,1269 804,1275 794,1271 773,1271 767,1275 750,1275 727,1280 677,1281 673,1278 663,1278 657,1281 595,1288 567,1284 477,1286 472,1291 473,1321 487,1336 558,1334 581,1330 600,1332 614,1327 640,1330 668,1325 748,1323 786,1325 797,1330 814,1321 826,1324 908,1322 935,1318 944,1322 972,1320 980,1324 1066,1323 1077,1327 1154,1331 1392,1336 1400,1344 1413,1343 1420,1336 1449,1335 1524,1337 1531,1345 1540,1345 1546,1339 1559,1339 1565,1344 1578,1344 1588,1338 1601,1337 1709,1336 1738,1345 1760,1346 1796,1344 1815,1336 1822,1336 1831,1343 1842,1343 1853,1336 1926,1334 1947,1335 1954,1343 1971,1343 1978,1335 2036,1334 2036,1298 2036,1287 1992,1287 1991,1279 1985,1273 1955,1277 1941,1287 1902,1288 1890,1285 1881,1289 1853,1290 1818,1288 1811,1280 1794,1277 1729,1278 1721,1283 1719,1290 1688,1287 1683,1282 1672,1282 1665,1287 1636,1286 1631,1281 1619,1282 1610,1289 1603,1280 1591,1281 1580,1289 1570,1289 1563,1282 1526,1279 1495,1281 1483,1290 1454,1291 1444,1286 1436,1286 1431,1290 1403,1289 1370,1280 1326,1281 1306,1289 1283,1288 1273,1283 1261,1284 1256,1288 1203,1288 1180,1284 1151,1286 1110,1283 1098,1277 1090,1277 1084,1281 1069,1281 1061,1272 1049,1272 1045,1275 1008,1269 968,1272 943,1279 901,1279 894,1270 882,1270 876,1279 827,1278 825,1269"/>
        <Word id="region0006_line0001_word0000" custom="readingOrder {index:0;}">
          <Coords points="591,1287 539,1288 540,1323 642,1322 641,1287 600,1287 595,1288"/>
          <TextEquiv conf="0.9222955">
            <Unicode>Unter</Unicode>
          </TextEquiv>
        </Word>
        <Word id="region0006_line0001_word0001" custom="readingOrder {index:1;}">
          <Coords points="662,1285 724,1285 725,1316 663,1316"/>
          <TextEquiv conf="0.95723104">
            <Unicode>den</Unicode>
          </TextEquiv>
        </Word>
        <Word id="region0006_line0001_word0002" custom="readingOrder {index:2;}">
          <Coords points="826,1275 749,1276 749,1323 783,1324 806,1324 814,1321 826,1324 908,1322 935,1318 944,1322 960,1320 960,1275 957,1275 943,1279 901,1279 898,1275 878,1275 876,1279 827,1278"/>
          <TextEquiv conf="0.96302634">
            <Unicode>allgemeinen</Unicode>
          </TextEquiv>
        </Word>
        <Word id="region0006_line0001_word0003" custom="readingOrder {index:3;}">
          <Coords points="1067,1279 983,1279 984,1318 1153,1318 1152,1285 1151,1286 1110,1283 1102,1279 1087,1279 1084,1281 1069,1281"/>
          <TextEquiv>
            <Unicode>Gruͤnden</Unicode>
          </TextEquiv>
        </Word>
        <Word id="region0006_line0001_word0004" custom="readingOrder {index:4;}">
          <Coords points="1197,1287 1171,1287 1172,1317 1239,1317 1238,1288 1203,1288"/>
          <TextEquiv conf="0.9665974">
            <Unicode>von</Unicode>
          </TextEquiv>
        </Word>
        <Word id="region0006_line0001_word0005" custom="readingOrder {index:5;}">
          <Coords points="1274,1283 1261,1284 1262,1318 1319,1317 1318,1284 1306,1289 1283,1288"/>
          <TextEquiv conf="0.9329486">
            <Unicode>der</Unicode>
          </TextEquiv>
        </Word>
        <Word id="region0006_line0001_word0006" custom="readingOrder {index:6;}">
          <Coords points="1343,1280 1344,1325 1647,1324 1646,1286 1636,1286 1631,1281 1619,1282 1610,1289 1603,1280 1591,1281 1580,1289 1570,1289 1563,1282 1526,1279 1495,1281 1483,1290 1454,1291 1444,1286 1436,1286 1431,1290 1403,1289 1370,1280"/>
          <TextEquiv>
            <Unicode>Unzuverlaͤßigkeit</Unicode>
          </TextEquiv>
        </Word>
        <Word id="region0006_line0001_word0007" custom="readingOrder {index:7;}">
          <Coords points="1672,1282 1673,1316 1728,1316 1727,1279 1721,1283 1719,1290 1688,1287 1683,1282"/>
          <TextEquiv conf="0.9063874">
            <Unicode>der</Unicode>
          </TextEquiv>
        </Word>
        <Word id="region0006_line0001_word0008" custom="readingOrder {index:8;}">
          <Coords points="1758,1277 1759,1326 2029,1325 2028,1287 1992,1287 1991,1279 1985,1273 1955,1277 1941,1287 1902,1288 1890,1285 1881,1289 1853,1290 1818,1288 1811,1280 1794,1277"/>
          <TextEquiv conf="0.9245316">
            <Unicode>Zeugenverhoͤre</Unicode>
          </TextEquiv>
        </Word>
        <TextEquiv>
          <Unicode>Unter den allgemeinen Gruͤnden von der Unzuverlaͤßigkeit der Zeugenverhoͤre</Unicode>
        </TextEquiv>
      </TextLine>
      <TextLine id="region0006_line0002" custom="readingOrder {index:1;}">
        <Coords points="421,1314 416,1319 416,1328 424,1336 434,1338 429,1341 406,1336 360,1338 360,1396 379,1396 384,1400 396,1400 403,1393 409,1392 528,1388 542,1391 551,1388 557,1380 569,1383 582,1376 606,1374 615,1378 622,1373 653,1373 661,1376 802,1377 807,1381 824,1380 829,1374 866,1374 872,1381 886,1382 890,1376 908,1374 913,1378 920,1378 926,1372 932,1371 958,1373 970,1379 977,1372 986,1371 992,1374 1017,1373 1022,1383 1028,1384 1036,1381 1054,1382 1067,1375 1172,1373 1177,1368 1177,1339 1171,1333 1089,1331 1074,1329 1066,1324 1010,1326 1004,1323 980,1325 972,1321 962,1321 954,1326 947,1326 939,1320 929,1319 899,1324 894,1328 870,1329 827,1329 825,1324 814,1322 797,1331 767,1331 766,1326 762,1324 748,1324 743,1329 738,1325 728,1325 721,1329 701,1330 684,1330 679,1326 668,1326 660,1330 645,1331 629,1332 623,1328 614,1328 600,1333 581,1331 558,1335 541,1335 507,1343 478,1345 449,1343 444,1338 436,1338 440,1332 439,1321 429,1314"/>
        <Word id="region0006_line0002_word0000" custom="readingOrder {index:0;}">
          <Coords points="439,1330 418,1330 424,1336 434,1338 429,1341 406,1336 382,1337 382,1377 453,1377 453,1343 449,1343 444,1338 436,1338 440,1332"/>
          <TextEquiv>
            <Unicode>ſind</Unicode>
          </TextEquiv>
        </Word>
        <Word id="region0006_line0002_word0001" custom="readingOrder {index:1;}">
          <Coords points="654,1373 705,1373 705,1330 701,1330 684,1330 679,1326 668,1326 660,1330 645,1331 629,1332 623,1328 614,1328 600,1333 581,1331 558,1335 541,1335 507,1343 480,1345 480,1374 621,1373 622,1373 653,1373"/>
          <TextEquiv conf="0.94464076">
            <Unicode>nachſtehende</Unicode>
          </TextEquiv>
        </Word>
        <Word id="region0006_line0002_word0002" custom="readingOrder {index:2;}">
          <Coords points="739,1326 729,1326 729,1365 778,1365 778,1331 767,1331 766,1326 746,1326 743,1329"/>
          <TextEquiv conf="0.93283796">
            <Unicode>die</Unicode>
          </TextEquiv>
        </Word>
        <Word id="region0006_line0002_word0003" custom="readingOrder {index:3;}">
          <Coords points="819,1322 812,1322 805,1326 805,1375 828,1374 829,1374 866,1374 866,1374 901,1374 908,1374 908,1374 923,1374 926,1372 932,1371 958,1373 961,1374 974,1374 977,1372 986,1371 992,1374 1017,1373 1017,1374 1119,1374 1122,1373 1122,1331 1089,1331 1074,1329 1066,1324 1010,1326 1004,1323 980,1325 974,1322 959,1322 954,1326 947,1326 942,1322 906,1322 899,1324 894,1328 870,1329 827,1329 825,1324"/>
          <TextEquiv>
            <Unicode>hauptſaͤchlichſten.</Unicode>
          </TextEquiv>
        </Word>
        <TextEquiv>
          <Unicode>ſind nachſtehende die hauptſaͤchlichſten.</Unicode>
        </TextEquiv>
      </TextLine>
      <TextEquiv>
        <Unicode>Unter den allgemeinen Gruͤnden von der Unzuverlaͤßigkeit der Zeugenverhoͤre&#13;
ſind nachſtehende die hauptſaͤchlichſten.</Unicode>
      </TextEquiv>
    </TextRegion>
    <TextRegion orientation="0.15968297" readingDirection="left-to-right" id="TextRegion_1654071264346_3920" custom="readingOrder {index:4;}">
      <Coords points="358,1383 2036,1383 2038,1693 360,1693"/>
      <TextLine id="region0006_line0003" custom="readingOrder {index:0;}">
        <Coords points="932,1372 926,1373 920,1379 900,1376 891,1383 875,1383 866,1375 847,1376 842,1380 836,1375 829,1375 824,1381 800,1380 754,1385 739,1384 738,1379 733,1376 716,1378 714,1385 672,1383 653,1374 622,1374 615,1379 606,1375 589,1376 575,1379 569,1384 557,1381 551,1389 542,1392 477,1392 472,1397 472,1422 480,1428 698,1426 711,1430 729,1428 740,1438 773,1428 847,1429 849,1435 863,1437 873,1429 894,1426 905,1428 927,1426 932,1429 987,1428 990,1434 1003,1435 1015,1428 1045,1423 1169,1427 1213,1424 1220,1428 1304,1427 1314,1432 1325,1426 1342,1425 1374,1433 1392,1430 1512,1427 1521,1430 1562,1432 1571,1437 1580,1436 1585,1432 1602,1436 1613,1429 1621,1432 1760,1431 1767,1435 1833,1431 1852,1435 1873,1434 1879,1440 1895,1433 1906,1440 1919,1435 1920,1438 1930,1441 1944,1434 1962,1434 1972,1438 1983,1431 2037,1431 2037,1413 2036,1388 2014,1384 2001,1386 1984,1378 1973,1379 1963,1387 1955,1387 1938,1380 1925,1380 1879,1381 1861,1388 1852,1388 1844,1382 1835,1380 1773,1379 1750,1381 1735,1389 1710,1390 1663,1387 1656,1380 1647,1380 1635,1387 1626,1378 1613,1381 1607,1378 1593,1381 1575,1378 1565,1386 1547,1388 1524,1387 1520,1384 1455,1386 1438,1384 1432,1379 1423,1379 1415,1384 1348,1385 1337,1384 1328,1374 1313,1374 1304,1383 1283,1377 1252,1375 1223,1377 1204,1382 1178,1380 1172,1375 1162,1375 1156,1379 1127,1379 1123,1375 1112,1375 1099,1380 1036,1382 1028,1385 1022,1384 1017,1374 993,1376 979,1372 969,1380 958,1374"/>
        <Word id="region0006_line0003_word0000" custom="readingOrder {index:0;}">
          <Coords points="537,1392 537,1425 573,1424 573,1388 551,1389 551,1389 542,1392"/>
          <TextEquiv conf="0.9618835">
            <Unicode>a)</Unicode>
          </TextEquiv>
        </Word>
        <Word id="region0006_line0003_word0001" custom="readingOrder {index:1;}">
          <Coords points="598,1384 672,1384 672,1424 598,1424"/>
          <TextEquiv conf="0.96145004">
            <Unicode>Die</Unicode>
          </TextEquiv>
        </Word>
        <Word id="region0006_line0003_word0002" custom="readingOrder {index:2;}">
          <Coords points="739,1384 714,1384 714,1385 706,1384 706,1428 711,1430 729,1428 735,1434 753,1434 773,1428 847,1429 848,1434 866,1434 873,1429 888,1426 888,1384 763,1384 754,1385"/>
          <TextEquiv conf="0.9416744">
            <Unicode>eigentliche</Unicode>
          </TextEquiv>
        </Word>
        <Word id="region0006_line0003_word0003" custom="readingOrder {index:3;}">
          <Coords points="1020,1381 914,1381 914,1427 927,1426 932,1429 987,1428 988,1431 1009,1431 1015,1428 1031,1425 1031,1383 1028,1385 1022,1384"/>
          <TextEquiv>
            <Unicode>Groͤße</Unicode>
          </TextEquiv>
        </Word>
        <Word id="region0006_line0003_word0004" custom="readingOrder {index:4;}">
          <Coords points="1063,1386 1131,1386 1131,1421 1063,1421"/>
          <TextEquiv conf="0.96255374">
            <Unicode>und</Unicode>
          </TextEquiv>
        </Word>
        <Word id="region0006_line0003_word0005" custom="readingOrder {index:5;}">
          <Coords points="1161,1386 1218,1386 1218,1421 1161,1421"/>
          <TextEquiv conf="0.96255374">
            <Unicode>der</Unicode>
          </TextEquiv>
        </Word>
        <Word id="region0006_line0003_word0006" custom="readingOrder {index:6;}">
          <Coords points="1336,1383 1242,1384 1242,1427 1324,1426 1325,1426 1342,1425 1347,1426 1390,1426 1390,1384 1348,1385 1337,1384"/>
          <TextEquiv conf="0.9581166">
            <Unicode>Umfang</Unicode>
          </TextEquiv>
        </Word>
        <Word id="region0006_line0003_word0007" custom="readingOrder {index:7;}">
          <Coords points="1421,1386 1478,1386 1478,1419 1421,1419"/>
          <TextEquiv conf="0.9581166">
            <Unicode>der</Unicode>
          </TextEquiv>
        </Word>
        <Word id="region0006_line0003_word0008" custom="readingOrder {index:8;}">
          <Coords points="1630,1382 1569,1382 1565,1386 1547,1388 1524,1387 1520,1384 1510,1384 1510,1427 1512,1427 1514,1427 1748,1427 1748,1382 1735,1389 1710,1390 1663,1387 1658,1382 1642,1382 1635,1387"/>
          <TextEquiv conf="0.9315918">
            <Unicode>verſchiedenen</Unicode>
          </TextEquiv>
        </Word>
        <Word id="region0006_line0003_word0009" custom="readingOrder {index:9;}">
          <Coords points="1838,1380 1774,1381 1774,1430 2033,1429 2033,1387 2014,1384 2001,1386 1988,1380 1971,1380 1963,1387 1955,1387 1938,1380 1901,1380 1879,1381 1861,1388 1852,1388 1844,1382"/>
          <TextEquiv>
            <Unicode>Wirthſchafts⸗</Unicode>
          </TextEquiv>
        </Word>
        <TextEquiv>
          <Unicode>a) Die eigentliche Groͤße und der Umfang der verſchiedenen Wirthſchafts⸗</Unicode>
        </TextEquiv>
      </TextLine>
      <TextLine id="region0006_line0004" custom="readingOrder {index:1;}">
        <Coords points="1045,1424 1027,1426 1020,1429 1019,1434 1003,1436 974,1435 966,1428 953,1428 935,1433 927,1427 918,1427 908,1433 900,1427 885,1430 883,1435 863,1438 792,1438 790,1431 786,1429 773,1429 767,1438 740,1439 729,1429 719,1429 714,1435 709,1435 698,1427 646,1427 638,1431 615,1433 498,1435 479,1440 471,1440 466,1433 456,1432 439,1433 431,1443 422,1442 416,1435 407,1435 395,1441 360,1442 360,1485 401,1484 409,1490 424,1486 451,1485 478,1485 489,1488 577,1475 582,1478 636,1479 638,1484 643,1486 654,1483 658,1478 682,1482 898,1482 919,1477 933,1483 942,1479 961,1480 972,1488 982,1487 993,1480 1016,1481 1022,1478 1038,1481 1089,1478 1102,1481 1105,1486 1110,1487 1122,1478 1441,1478 1453,1475 1459,1479 1467,1474 1515,1473 1555,1477 1662,1477 1677,1478 1680,1482 1733,1476 1780,1480 1809,1478 1824,1481 1874,1481 1882,1487 1892,1486 1898,1481 1929,1485 1939,1478 1952,1477 1970,1481 2037,1481 2037,1437 1991,1436 1985,1432 1972,1439 1945,1437 1930,1442 1922,1439 1906,1441 1896,1434 1879,1441 1873,1435 1859,1437 1833,1432 1768,1437 1760,1432 1745,1435 1737,1432 1703,1433 1698,1430 1683,1430 1675,1433 1642,1434 1622,1433 1613,1430 1602,1437 1584,1434 1571,1438 1512,1428 1440,1429 1374,1434 1366,1431 1347,1431 1342,1426 1325,1427 1314,1433 1229,1431 1213,1425 1149,1435 1114,1435 1112,1427 1106,1425"/>
        <Word id="region0006_line0004_word0000" custom="readingOrder {index:0;}">
          <Coords points="418,1438 401,1438 395,1441 384,1441 384,1484 401,1484 498,1484 498,1438 486,1438 479,1440 471,1440 469,1438 435,1438 431,1443 422,1442"/>
          <TextEquiv conf="0.91983294">
            <Unicode>theile,</Unicode>
          </TextEquiv>
        </Word>
        <Word id="region0006_line0004_word0001" custom="readingOrder {index:1;}">
          <Coords points="659,1478 659,1435 522,1436 522,1483 523,1483 577,1475 582,1478 636,1479 637,1482 655,1482 658,1478"/>
          <TextEquiv conf="0.91983294">
            <Unicode>worauf</Unicode>
          </TextEquiv>
        </Word>
        <Word id="region0006_line0004_word0002" custom="readingOrder {index:2;}">
          <Coords points="707,1434 682,1434 682,1475 732,1475 732,1434 714,1434 714,1435 709,1435"/>
          <TextEquiv conf="0.9313174">
            <Unicode>bei</Unicode>
          </TextEquiv>
        </Word>
        <Word id="region0006_line0004_word0003" custom="readingOrder {index:3;}">
          <Coords points="790,1434 769,1434 767,1438 759,1438 759,1475 845,1475 845,1438 792,1438"/>
          <TextEquiv conf="0.9258984">
            <Unicode>einer</Unicode>
          </TextEquiv>
        </Word>
        <Word id="region0006_line0004_word0004" custom="readingOrder {index:4;}">
          <Coords points="908,1433 884,1433 883,1435 872,1437 872,1482 899,1482 919,1477 930,1482 936,1482 942,1479 961,1480 963,1481 991,1481 993,1480 1016,1481 1022,1478 1026,1479 1026,1432 1019,1432 1019,1434 1003,1436 974,1435 971,1432 937,1433 935,1433 934,1433 908,1433 908,1433"/>
          <TextEquiv conf="0.92018074">
            <Unicode>richtigen</Unicode>
          </TextEquiv>
        </Word>
        <Word id="region0006_line0004_word0005" custom="readingOrder {index:5;}">
          <Coords points="1113,1431 1052,1431 1052,1480 1089,1478 1102,1481 1103,1483 1115,1483 1122,1478 1144,1478 1144,1435 1114,1435"/>
          <TextEquiv conf="0.8994813">
            <Unicode>Taxe</Unicode>
          </TextEquiv>
        </Word>
        <Word id="region0006_line0004_word0006" custom="readingOrder {index:6;}">
          <Coords points="1172,1432 1250,1432 1250,1472 1172,1472"/>
          <TextEquiv conf="0.9239035">
            <Unicode>alles</Unicode>
          </TextEquiv>
        </Word>
        <Word id="region0006_line0004_word0007" custom="readingOrder {index:7;}">
          <Coords points="1374,1434 1277,1434 1277,1478 1441,1478 1453,1475 1459,1479 1467,1474 1469,1473 1469,1434"/>
          <TextEquiv conf="0.91938806">
            <Unicode>ankommt,</Unicode>
          </TextEquiv>
        </Word>
        <Word id="region0006_line0004_word0008" custom="readingOrder {index:8;}">
          <Coords points="1559,1436 1493,1436 1493,1470 1578,1470 1578,1436 1578,1436 1571,1438"/>
          <TextEquiv conf="0.9251739">
            <Unicode>kann</Unicode>
          </TextEquiv>
        </Word>
        <Word id="region0006_line0004_word0009" custom="readingOrder {index:9;}">
          <Coords points="1677,1479 1702,1479 1702,1435 1605,1436 1605,1477 1662,1477 1677,1478"/>
          <TextEquiv conf="0.91636693">
            <Unicode>durch</Unicode>
          </TextEquiv>
        </Word>
        <Word id="region0006_line0004_word0010" custom="readingOrder {index:10;}">
          <Coords points="1766,1436 1729,1436 1729,1469 1779,1469 1779,1436 1768,1437"/>
          <TextEquiv conf="0.9306262">
            <Unicode>die</Unicode>
          </TextEquiv>
        </Word>
        <Word id="region0006_line0004_word0011" custom="readingOrder {index:11;}">
          <Coords points="1843,1434 1807,1434 1801,1434 1801,1478 1809,1478 1939,1478 1952,1477 1953,1477 1953,1437 1945,1437 1930,1442 1922,1439 1906,1441 1896,1434 1879,1441 1873,1435 1859,1437"/>
          <TextEquiv conf="0.9112623">
            <Unicode>Ausſage</Unicode>
          </TextEquiv>
        </Word>
        <Word id="region0006_line0004_word0012" custom="readingOrder {index:12;}">
          <Coords points="1989,1434 1979,1434 1975,1437 1975,1469 2032,1468 2032,1436 1991,1436"/>
          <TextEquiv conf="0.93006116">
            <Unicode>der</Unicode>
          </TextEquiv>
        </Word>
        <TextEquiv conf="0.92102504">
          <Unicode>theile, worauf bei einer richtigen Taxe alles ankommt, kann durch die Ausſage der</Unicode>
        </TextEquiv>
      </TextLine>
      <TextLine id="region0006_line0005" custom="readingOrder {index:2;}">
        <Coords points="565,1476 560,1479 559,1484 506,1485 489,1489 424,1487 409,1491 401,1485 360,1486 360,1529 373,1531 383,1524 394,1523 400,1527 400,1535 415,1530 419,1533 447,1533 466,1537 482,1532 596,1527 603,1531 619,1532 641,1530 663,1534 742,1533 782,1536 789,1543 799,1539 813,1542 831,1534 917,1530 930,1530 937,1536 961,1533 971,1540 983,1539 998,1532 1109,1532 1123,1541 1129,1534 1299,1533 1381,1529 1428,1531 1544,1526 1570,1528 1573,1535 1585,1536 1593,1528 1679,1523 1726,1525 1731,1531 1738,1533 1745,1532 1749,1525 1813,1522 1826,1525 1848,1523 1856,1526 1909,1524 1928,1528 1935,1533 1945,1533 1951,1529 1981,1532 2000,1527 2037,1526 2037,1483 1963,1484 1955,1478 1939,1479 1929,1486 1896,1484 1882,1488 1875,1484 1809,1479 1763,1482 1753,1477 1733,1477 1726,1482 1597,1483 1515,1474 1467,1475 1459,1480 1447,1476 1441,1479 1440,1485 1371,1483 1367,1477 1354,1477 1347,1483 1311,1486 1261,1486 1256,1482 1246,1482 1241,1486 1157,1487 1155,1481 1150,1479 1122,1479 1115,1486 1107,1488 1096,1486 1089,1479 1077,1479 1065,1484 1022,1479 1017,1481 1015,1486 1008,1481 993,1481 982,1488 972,1489 961,1481 942,1480 933,1484 919,1478 895,1483 889,1488 875,1489 853,1489 848,1485 819,1481 775,1481 754,1484 734,1481 729,1483 727,1488 702,1488 675,1484 667,1479 658,1479 648,1487 584,1484 577,1476"/>
        <Word id="region0006_line0005_word0000" custom="readingOrder {index:0;}">
          <Coords points="515,1530 515,1492 381,1492 381,1525 383,1524 394,1523 400,1527 400,1535 415,1530 419,1533 447,1533 456,1535 472,1535 482,1532"/>
          <TextEquiv conf="0.92145234">
            <Unicode>Zeugen</Unicode>
          </TextEquiv>
        </Word>
        <Word id="region0006_line0005_word0001" custom="readingOrder {index:1;}">
          <Coords points="596,1484 542,1485 542,1527 666,1526 666,1484 651,1484 648,1487"/>
          <TextEquiv conf="0.9124423">
            <Unicode>niemal</Unicode>
          </TextEquiv>
        </Word>
        <Word id="region0006_line0005_word0002" custom="readingOrder {index:2;}">
          <Coords points="699,1488 761,1488 761,1527 699,1527"/>
          <TextEquiv conf="0.90840346">
            <Unicode>mit</Unicode>
          </TextEquiv>
        </Word>
        <Word id="region0006_line0005_word0003" custom="readingOrder {index:3;}">
          <Coords points="832,1482 786,1483 786,1539 820,1538 831,1534 917,1530 930,1530 937,1536 961,1533 968,1538 984,1538 998,1532 1051,1532 1051,1482 1047,1482 1016,1482 1015,1486 1009,1482 991,1482 982,1488 972,1489 962,1482 936,1482 933,1484 929,1482 897,1482 895,1483 889,1488 875,1489 853,1489 848,1485"/>
          <TextEquiv conf="0.9098638">
            <Unicode>Zuverlaͤßigkeit</Unicode>
          </TextEquiv>
        </Word>
        <Word id="region0006_line0005_word0004" custom="readingOrder {index:4;}">
          <Coords points="1094,1484 1073,1484 1073,1532 1109,1532 1113,1535 1128,1535 1129,1534 1256,1533 1256,1484 1243,1484 1241,1486 1157,1487 1156,1484 1117,1484 1115,1486 1107,1488 1096,1486"/>
          <TextEquiv conf="0.92851484">
            <Unicode>beſtimmet</Unicode>
          </TextEquiv>
        </Word>
        <Word id="region0006_line0005_word0005" custom="readingOrder {index:5;}">
          <Coords points="1288,1486 1428,1486 1428,1526 1288,1526"/>
          <TextEquiv conf="0.92808676">
            <Unicode>werden.</Unicode>
          </TextEquiv>
        </Word>
        <Word id="region0006_line0005_word0006" custom="readingOrder {index:6;}">
          <Coords points="1591,1530 1591,1486 1479,1486 1479,1528 1544,1526 1570,1528 1572,1533 1588,1533"/>
          <TextEquiv conf="0.9268603">
            <Unicode>Alles,</Unicode>
          </TextEquiv>
        </Word>
        <Word id="region0006_line0005_word0007" custom="readingOrder {index:7;}">
          <Coords points="1624,1489 1698,1489 1698,1522 1624,1522"/>
          <TextEquiv conf="0.92853636">
            <Unicode>was</Unicode>
          </TextEquiv>
        </Word>
        <Word id="region0006_line0005_word0008" custom="readingOrder {index:8;}">
          <Coords points="1771,1523 1771,1486 1731,1486 1731,1529 1746,1529 1749,1525"/>
          <TextEquiv conf="0.92971647">
            <Unicode>ſie</Unicode>
          </TextEquiv>
        </Word>
        <Word id="region0006_line0005_word0009" custom="readingOrder {index:9;}">
          <Coords points="1799,1488 1909,1488 1909,1521 1799,1521"/>
          <TextEquiv conf="0.92626005">
            <Unicode>davon</Unicode>
          </TextEquiv>
        </Word>
        <Word id="region0006_line0005_word0010" custom="readingOrder {index:10;}">
          <Coords points="2032,1526 2032,1484 1935,1485 1935,1528 1998,1527 2000,1527"/>
          <TextEquiv conf="0.9275297">
            <Unicode>ſagen</Unicode>
          </TextEquiv>
        </Word>
        <TextEquiv conf="0.92251515">
          <Unicode>Zeugen niemal mit Zuverlaͤßigkeit beſtimmet werden. Alles, was ſie davon ſagen</Unicode>
        </TextEquiv>
      </TextLine>
      <TextLine id="region0006_line0006" custom="readingOrder {index:3;}">
        <Coords points="390,1524 379,1527 373,1534 360,1534 361,1580 433,1579 499,1583 509,1584 515,1591 522,1591 531,1582 600,1585 616,1583 621,1586 624,1593 629,1594 637,1593 641,1587 723,1586 732,1597 740,1596 745,1590 824,1586 833,1591 861,1585 938,1585 943,1588 991,1586 1000,1591 1009,1590 1015,1585 1058,1584 1093,1586 1102,1594 1115,1586 1153,1588 1165,1594 1180,1594 1191,1588 1245,1584 1427,1586 1441,1583 1503,1581 1519,1590 1523,1583 1539,1583 1541,1590 1552,1592 1560,1590 1565,1583 1670,1581 1676,1578 1705,1579 1715,1588 1721,1588 1727,1581 1733,1580 1742,1580 1748,1586 1772,1579 1784,1580 1788,1587 1794,1588 1802,1587 1807,1580 1824,1580 1828,1587 1837,1589 1852,1578 1892,1580 1896,1586 1904,1588 1918,1586 1920,1580 1925,1578 1962,1574 2038,1578 2037,1531 2001,1528 1981,1533 1935,1534 1916,1531 1909,1525 1898,1525 1886,1531 1858,1532 1857,1527 1853,1525 1826,1526 1813,1523 1790,1525 1782,1533 1738,1534 1719,1525 1679,1524 1646,1526 1633,1530 1620,1530 1611,1535 1585,1537 1561,1535 1559,1529 1544,1527 1533,1535 1524,1528 1506,1528 1498,1536 1415,1539 1398,1539 1396,1532 1381,1530 1376,1532 1374,1540 1324,1540 1319,1533 1306,1533 1299,1540 1201,1542 1121,1542 1109,1533 1096,1534 1091,1541 1022,1541 1014,1540 1012,1535 1007,1533 993,1534 983,1540 971,1541 961,1534 937,1537 930,1531 917,1531 863,1534 857,1537 855,1543 850,1535 831,1535 822,1543 799,1540 789,1544 782,1537 742,1534 731,1534 722,1540 706,1542 654,1536 641,1531 629,1531 620,1536 603,1538 602,1531 596,1528 535,1530 518,1537 458,1538 424,1536 415,1531 400,1536 399,1527"/>
        <Word id="region0006_line0006_word0000" custom="readingOrder {index:0;}">
          <Coords points="399,1529 379,1529 379,1579 433,1579 499,1583 509,1584 510,1586 527,1586 530,1583 530,1532 518,1537 458,1538 424,1536 415,1531 400,1536"/>
          <TextEquiv conf="0.8512499">
            <Unicode>koͤnnen,</Unicode>
          </TextEquiv>
        </Word>
        <Word id="region0006_line0006_word0001" custom="readingOrder {index:1;}">
          <Coords points="602,1532 564,1532 564,1583 600,1585 616,1583 619,1585 653,1585 653,1535 643,1532 627,1532 620,1536 603,1538"/>
          <TextEquiv>
            <Unicode>laͤuft</Unicode>
          </TextEquiv>
        </Word>
        <Word id="region0006_line0006_word0002" custom="readingOrder {index:2;}">
          <Coords points="683,1539 683,1585 743,1585 743,1537 726,1537 722,1540 706,1542"/>
          <TextEquiv conf="0.9615208">
            <Unicode>auf</Unicode>
          </TextEquiv>
        </Word>
        <Word id="region0006_line0006_word0003" custom="readingOrder {index:3;}">
          <Coords points="782,1537 770,1537 770,1584 866,1584 866,1537 857,1537 855,1543 851,1537 828,1537 822,1543 799,1540 789,1544"/>
          <TextEquiv conf="0.9102172">
            <Unicode>bloße</Unicode>
          </TextEquiv>
        </Word>
        <Word id="region0006_line0006_word0004" custom="readingOrder {index:4;}">
          <Coords points="933,1534 898,1534 898,1585 938,1585 941,1587 972,1587 991,1586 992,1587 1013,1587 1015,1585 1058,1584 1093,1586 1093,1586 1114,1586 1115,1586 1121,1586 1218,1586 1228,1585 1228,1541 1201,1542 1121,1542 1109,1533 1104,1533 1096,1534 1091,1541 1022,1541 1014,1540 1012,1535 1009,1534 997,1534 993,1534 983,1540 971,1541 961,1534 937,1537"/>
          <TextEquiv conf="0.8855459">
            <Unicode>Muthmaaßungen</Unicode>
          </TextEquiv>
        </Word>
        <Word id="region0006_line0006_word0005" custom="readingOrder {index:5;}">
          <Coords points="1321,1536 1302,1536 1299,1540 1260,1540 1260,1573 1328,1572 1328,1540 1324,1540"/>
          <TextEquiv conf="0.9625195">
            <Unicode>und</Unicode>
          </TextEquiv>
        </Word>
        <Word id="region0006_line0006_word0006" custom="readingOrder {index:6;}">
          <Coords points="1396,1533 1375,1533 1374,1540 1367,1540 1367,1574 1417,1574 1417,1538 1415,1539 1398,1539"/>
          <TextEquiv conf="0.9539865">
            <Unicode>ein</Unicode>
          </TextEquiv>
        </Word>
        <Word id="region0006_line0006_word0007" custom="readingOrder {index:7;}">
          <Coords points="1529,1532 1501,1532 1498,1536 1455,1537 1455,1582 1503,1581 1506,1582 1609,1582 1636,1581 1636,1532 1616,1532 1611,1535 1585,1537 1561,1535 1560,1532 1536,1532 1533,1535"/>
          <TextEquiv conf="0.93292457">
            <Unicode>unſicheres</Unicode>
          </TextEquiv>
        </Word>
        <Word id="region0006_line0006_word0008" custom="readingOrder {index:8;}">
          <Coords points="1727,1529 1670,1529 1670,1581 1676,1578 1705,1579 1708,1582 1726,1582 1727,1581 1733,1580 1742,1580 1744,1582 1761,1582 1772,1579 1784,1580 1785,1582 1805,1582 1807,1580 1824,1580 1825,1582 1846,1582 1852,1578 1865,1578 1865,1531 1858,1532 1857,1529 1786,1529 1782,1533 1738,1534"/>
          <TextEquiv>
            <Unicode>Ohngefaͤhr</Unicode>
          </TextEquiv>
        </Word>
        <Word id="region0006_line0006_word0009" custom="readingOrder {index:9;}">
          <Coords points="1916,1531 1894,1531 1894,1581 1920,1581 1920,1580 1925,1578 1962,1574 2030,1578 2030,1530 2025,1530 1992,1530 1981,1533 1935,1534 1916,1531"/>
          <TextEquiv conf="0.96218264">
            <Unicode>heraus.</Unicode>
          </TextEquiv>
        </Word>
        <TextEquiv>
          <Unicode>koͤnnen, laͤuft auf bloße Muthmaaßungen und ein unſicheres Ohngefaͤhr heraus.</Unicode>
        </TextEquiv>
      </TextLine>
      <TextLine id="region0006_line0007" custom="readingOrder {index:4;}">
        <Coords points="1962,1575 1944,1577 1936,1586 1910,1589 1872,1588 1869,1581 1861,1579 1852,1579 1840,1590 1816,1587 1778,1588 1774,1580 1748,1588 1715,1589 1705,1580 1676,1579 1669,1582 1668,1587 1637,1589 1549,1593 1519,1591 1503,1582 1480,1582 1474,1584 1470,1592 1457,1592 1455,1585 1441,1584 1429,1592 1401,1590 1387,1594 1333,1594 1331,1586 1328,1585 1291,1584 1213,1587 1191,1589 1180,1595 1127,1592 1121,1587 1111,1588 1102,1595 1093,1587 1034,1585 1015,1586 1004,1592 990,1587 974,1595 945,1595 944,1589 938,1586 861,1586 833,1592 824,1587 785,1589 763,1597 738,1598 732,1598 723,1587 690,1587 681,1595 629,1595 624,1594 616,1584 601,1585 592,1592 586,1592 549,1590 548,1585 543,1583 531,1583 522,1592 515,1592 441,1588 433,1580 361,1581 361,1633 393,1633 399,1637 407,1636 413,1639 430,1632 506,1639 526,1637 531,1645 547,1642 549,1639 667,1642 680,1643 688,1650 700,1649 704,1643 710,1642 829,1644 879,1640 895,1650 927,1649 933,1644 966,1642 1080,1643 1085,1650 1092,1652 1105,1651 1112,1643 1159,1641 1308,1642 1315,1651 1329,1651 1338,1642 1368,1644 1374,1649 1387,1649 1393,1644 1433,1640 1470,1639 1477,1647 1487,1647 1494,1639 1588,1637 1624,1637 1631,1645 1640,1645 1648,1637 1683,1636 1688,1643 1701,1645 1707,1636 1811,1634 1840,1636 1844,1644 1857,1645 1864,1636 1905,1642 1938,1637 1945,1642 1953,1642 1960,1634 1977,1633 1984,1641 1999,1641 2007,1632 2038,1628 2038,1585 2001,1584 2000,1578 1996,1576"/>
        <Word id="region0006_line0007_word0000" custom="readingOrder {index:0;}">
          <Coords points="548,1640 548,1592 380,1593 380,1633 393,1633 399,1637 407,1636 413,1639 430,1632 506,1639 526,1637 530,1644 535,1644 547,1642"/>
          <TextEquiv conf="0.95616454">
            <Unicode>Hiernach</Unicode>
          </TextEquiv>
        </Word>
        <Word id="region0006_line0007_word0001" custom="readingOrder {index:1;}">
          <Coords points="623,1593 580,1593 580,1634 657,1634 657,1595 629,1595 624,1594"/>
          <TextEquiv conf="0.9494112">
            <Unicode>aber</Unicode>
          </TextEquiv>
        </Word>
        <Word id="region0006_line0007_word0002" custom="readingOrder {index:2;}">
          <Coords points="727,1593 686,1593 686,1643 704,1643 710,1642 769,1643 788,1643 788,1593 774,1593 763,1597 738,1598 732,1598"/>
          <TextEquiv conf="0.9682976">
            <Unicode>ſeines</Unicode>
          </TextEquiv>
        </Word>
        <Word id="region0006_line0007_word0003" custom="readingOrder {index:3;}">
          <Coords points="830,1590 811,1591 811,1643 824,1643 830,1643 879,1640 884,1643 946,1643 966,1642 981,1642 981,1591 974,1595 945,1595 944,1590 838,1590 833,1592"/>
          <TextEquiv>
            <Unicode>Naͤchſten</Unicode>
          </TextEquiv>
        </Word>
        <Word id="region0006_line0007_word0004" custom="readingOrder {index:4;}">
          <Coords points="1097,1591 1008,1591 1008,1642 1080,1643 1112,1643 1118,1642 1118,1591 1107,1591 1102,1595"/>
          <TextEquiv conf="0.9626873">
            <Unicode>Wohl</Unicode>
          </TextEquiv>
        </Word>
        <Word id="region0006_line0007_word0005" custom="readingOrder {index:5;}">
          <Coords points="1144,1595 1212,1595 1212,1632 1144,1632"/>
          <TextEquiv conf="0.9642261">
            <Unicode>und</Unicode>
          </TextEquiv>
        </Word>
        <Word id="region0006_line0007_word0006" custom="readingOrder {index:6;}">
          <Coords points="1332,1590 1238,1591 1238,1642 1308,1642 1308,1642 1338,1642 1338,1642 1339,1642 1349,1642 1349,1594 1333,1594"/>
          <TextEquiv conf="0.9203106">
            <Unicode>Wehe</Unicode>
          </TextEquiv>
        </Word>
        <Word id="region0006_line0007_word0007" custom="readingOrder {index:7;}">
          <Coords points="1374,1598 1411,1598 1411,1640 1374,1640"/>
          <TextEquiv conf="0.9630615">
            <Unicode>zu</Unicode>
          </TextEquiv>
        </Word>
        <Word id="region0006_line0007_word0008" custom="readingOrder {index:8;}">
          <Coords points="1456,1588 1438,1588 1438,1640 1470,1639 1471,1640 1493,1640 1494,1639 1588,1637 1624,1637 1626,1639 1645,1639 1645,1588 1637,1589 1549,1593 1519,1591 1513,1588 1472,1588 1470,1592 1457,1592"/>
          <TextEquiv conf="0.95538884">
            <Unicode>beſtimmen,</Unicode>
          </TextEquiv>
        </Word>
        <Word id="region0006_line0007_word0009" custom="readingOrder {index:9;}">
          <Coords points="1713,1588 1677,1588 1677,1636 1683,1636 1685,1640 1704,1640 1707,1636 1715,1635 1715,1589"/>
          <TextEquiv conf="0.9532056">
            <Unicode>iſt</Unicode>
          </TextEquiv>
        </Word>
        <Word id="region0006_line0007_word0010" custom="readingOrder {index:10;}">
          <Coords points="1742,1589 1819,1589 1819,1630 1742,1630"/>
          <TextEquiv conf="0.93268144">
            <Unicode>eben</Unicode>
          </TextEquiv>
        </Word>
        <Word id="word_1654071650308_4106" custom="readingOrder {index:11;}">
          <Coords points="1845,1586 1871,1586 1872,1588 1887,1588 1887,1639 1864,1636 1860,1641 1845,1641"/>
          <TextEquiv>
            <Unicode>ſo</Unicode>
          </TextEquiv>
        </Word>
        <Word id="word_1654071650308_4105" custom="readingOrder {index:12;}">
          <Coords points="1887,1588 1910,1589 1936,1586 2032,1585 2032,1629 2007,1632 2000,1640 1983,1640 1977,1633 1960,1634 1954,1640 1943,1640 1938,1637 1914,1641 1896,1641 1887,1639"/>
          <TextEquiv>
            <Unicode>gefaͤhr⸗</Unicode>
          </TextEquiv>
        </Word>
        <TextEquiv>
          <Unicode>Hiernach aber ſeines Naͤchſten Wohl und Wehe zu beſtimmen, iſt eben ſo gefaͤhr⸗</Unicode>
        </TextEquiv>
      </TextLine>
      <TextLine id="region0006_line0008" custom="readingOrder {index:5;}">
        <Coords points="430,1633 414,1640 407,1637 399,1638 393,1634 361,1634 362,1688 420,1690 426,1700 446,1698 450,1701 478,1698 501,1691 538,1689 624,1690 671,1697 753,1697 764,1693 780,1698 805,1698 842,1693 848,1696 865,1694 874,1699 894,1692 945,1689 950,1684 949,1657 945,1652 909,1648 895,1651 879,1641 869,1641 859,1648 852,1642 846,1642 785,1651 745,1650 739,1645 730,1645 723,1650 688,1651 639,1648 629,1643 620,1643 616,1646 564,1643 531,1646 526,1638 512,1640 507,1644 484,1646 471,1641 447,1640 441,1634"/>
        <Word id="word_1654071264401_3923" custom="readingOrder {index:0;}">
          <Coords points="385,1640 465,1640 465,1693 421,1693 420,1690 385,1688"/>
          <TextEquiv conf="0.9265787">
            <Unicode>lich,</Unicode>
          </TextEquiv>
        </Word>
        <Word id="region0006_line0008_word0001" custom="readingOrder {index:1;}">
          <Coords points="529,1643 507,1644 507,1644 494,1645 495,1684 547,1683 546,1645 531,1646"/>
          <TextEquiv conf="0.9265787">
            <Unicode>als</Unicode>
          </TextEquiv>
        </Word>
        <Word id="region0006_line0008_word0002" custom="readingOrder {index:2;}">
          <Coords points="879,1641 869,1641 859,1648 852,1642 846,1642 785,1651 745,1650 739,1645 730,1645 723,1650 688,1651 639,1648 629,1643 620,1643 616,1646 573,1643 573,1689 624,1690 637,1692 894,1692 899,1691 899,1650 895,1651"/>
          <TextEquiv conf="0.92005783">
            <Unicode>unverantwortlich.</Unicode>
          </TextEquiv>
        </Word>
        <TextEquiv conf="0.92440504">
          <Unicode>lich, als unverantwortlich.</Unicode>
        </TextEquiv>
      </TextLine>
      <TextEquiv>
        <Unicode>a) Die eigentliche Groͤße und der Umfang der verſchiedenen Wirthſchafts⸗&#13;
theile, worauf bei einer richtigen Taxe alles ankommt, kann durch die Ausſage der&#13;
Zeugen niemal mit Zuverlaͤßigkeit beſtimmet werden. Alles, was ſie davon ſagen&#13;
koͤnnen, laͤuft auf bloße Muthmaaßungen und ein unſicheres Ohngefaͤhr heraus.&#13;
Hiernach aber ſeines Naͤchſten Wohl und Wehe zu beſtimmen, iſt eben ſo gefaͤhr⸗&#13;
lich, als unverantwortlich.</Unicode>
      </TextEquiv>
    </TextRegion>
    <TextRegion orientation="0.15968297" readingDirection="left-to-right" id="TextRegion_1654071268352_3927" custom="readingOrder {index:5;}">
      <Coords points="360,1693 2038,1693 2039,1891 361,1891"/>
      <TextLine id="region0006_line0009" custom="readingOrder {index:0;}">
        <Coords points="1982,1680 1969,1692 1908,1694 1901,1694 1897,1683 1884,1682 1873,1688 1869,1694 1855,1695 1783,1694 1778,1690 1768,1690 1762,1684 1751,1684 1744,1695 1734,1695 1730,1684 1718,1683 1703,1695 1654,1697 1641,1697 1634,1686 1552,1688 1523,1698 1519,1698 1513,1689 1498,1688 1486,1699 1480,1698 1473,1689 1463,1689 1457,1695 1451,1690 1442,1690 1433,1697 1423,1697 1417,1688 1404,1687 1399,1691 1397,1700 1388,1699 1386,1691 1381,1687 1368,1688 1357,1699 1341,1700 1325,1699 1323,1693 1317,1689 1307,1689 1300,1695 1294,1691 1284,1691 1279,1695 1255,1696 1232,1700 1159,1701 1154,1692 1145,1689 1080,1689 1072,1692 1066,1700 1042,1699 1031,1693 993,1695 988,1691 962,1691 956,1695 930,1690 894,1693 874,1700 865,1695 850,1698 842,1694 825,1695 817,1698 813,1704 808,1704 804,1698 787,1697 779,1700 764,1694 752,1698 750,1704 698,1704 671,1703 669,1697 649,1693 538,1690 489,1695 487,1703 479,1709 479,1739 486,1745 558,1743 581,1750 599,1751 711,1750 737,1755 742,1750 775,1748 781,1757 789,1757 801,1748 813,1748 817,1755 829,1756 838,1750 920,1749 922,1752 945,1753 949,1748 1056,1745 1069,1746 1078,1753 1102,1755 1142,1753 1159,1748 1185,1752 1205,1746 1232,1747 1236,1752 1243,1754 1251,1752 1251,1743 1254,1740 1267,1744 1286,1745 1331,1740 1359,1740 1364,1743 1384,1741 1389,1744 1488,1741 1491,1745 1504,1742 1603,1745 1629,1739 1652,1748 1667,1747 1676,1741 1707,1741 1710,1746 1723,1749 1734,1746 1736,1741 1783,1736 1835,1736 1840,1740 1854,1743 1865,1738 1884,1736 1934,1739 1979,1737 1993,1741 1999,1735 2039,1738 2039,1719 2038,1687 2032,1684 2024,1684 2018,1688 2000,1689 1996,1681"/>
        <Word id="region0006_line0009_word0000" custom="readingOrder {index:0;}">
          <Coords points="565,1745 576,1745 576,1696 535,1697 535,1743 558,1743"/>
          <TextEquiv conf="0.9232251">
            <Unicode>b)</Unicode>
          </TextEquiv>
        </Word>
        <Word id="region0006_line0009_word0001" custom="readingOrder {index:1;}">
          <Coords points="664,1696 604,1696 604,1741 683,1741 683,1703 671,1703 669,1697"/>
          <TextEquiv conf="0.9327464">
            <Unicode>Der</Unicode>
          </TextEquiv>
        </Word>
        <Word id="region0006_line0009_word0002" custom="readingOrder {index:2;}">
          <Coords points="769,1696 758,1696 752,1698 750,1704 718,1704 718,1747 862,1747 862,1696 860,1696 850,1698 846,1696 822,1696 817,1698 813,1704 808,1704 804,1698 787,1697 779,1700"/>
          <TextEquiv>
            <Unicode>groͤßeſte</Unicode>
          </TextEquiv>
        </Word>
        <Word id="region0006_line0009_word0003" custom="readingOrder {index:3;}">
          <Coords points="986,1747 986,1695 886,1696 886,1749 920,1749 920,1750 948,1749 949,1748"/>
          <TextEquiv>
            <Unicode>Theil</Unicode>
          </TextEquiv>
        </Word>
        <Word id="region0006_line0009_word0004" custom="readingOrder {index:4;}">
          <Coords points="1042,1699 1019,1699 1019,1736 1076,1736 1076,1699 1066,1699 1066,1700"/>
          <TextEquiv conf="0.96192384">
            <Unicode>der</Unicode>
          </TextEquiv>
        </Word>
        <Word id="region0006_line0009_word0005" custom="readingOrder {index:5;}">
          <Coords points="1155,1694 1102,1694 1102,1746 1205,1746 1251,1746 1251,1743 1253,1741 1253,1696 1232,1700 1159,1701"/>
          <TextEquiv conf="0.95958143">
            <Unicode>Zeugen,</Unicode>
          </TextEquiv>
        </Word>
        <Word id="region0006_line0009_word0006" custom="readingOrder {index:6;}">
          <Coords points="1324,1696 1285,1696 1285,1735 1335,1735 1335,1699 1325,1699"/>
          <TextEquiv conf="0.95107704">
            <Unicode>die</Unicode>
          </TextEquiv>
        </Word>
        <Word id="region0006_line0009_word0007" custom="readingOrder {index:7;}">
          <Coords points="1387,1695 1367,1695 1367,1735 1417,1735 1417,1695 1398,1695 1397,1700 1388,1699"/>
          <TextEquiv conf="0.9620216">
            <Unicode>bei</Unicode>
          </TextEquiv>
        </Word>
        <Word id="region0006_line0009_word0008" custom="readingOrder {index:8;}">
          <Coords points="1479,1697 1441,1697 1441,1742 1488,1741 1490,1744 1495,1744 1504,1742 1543,1743 1543,1697 1525,1697 1523,1698 1519,1698 1518,1697 1488,1697 1486,1699 1480,1698"/>
          <TextEquiv conf="0.9620216">
            <Unicode>dieſen</Unicode>
          </TextEquiv>
        </Word>
        <Word id="region0006_line0009_word0009" custom="readingOrder {index:9;}">
          <Coords points="1638,1692 1563,1693 1563,1743 1569,1743 1608,1743 1629,1739 1640,1743 1672,1743 1676,1741 1707,1741 1708,1743 1735,1743 1736,1741 1783,1736 1818,1736 1818,1694 1783,1694 1780,1692 1745,1692 1744,1695 1734,1695 1733,1692 1706,1692 1703,1695 1654,1697 1641,1697"/>
          <TextEquiv conf="0.93298453">
            <Unicode>Gelegenheiten</Unicode>
          </TextEquiv>
        </Word>
        <Word id="region0006_line0009_word0010" custom="readingOrder {index:10;}">
          <Coords points="1900,1692 1869,1692 1869,1694 1855,1695 1842,1694 1842,1740 1849,1741 1856,1741 1865,1738 1884,1736 1934,1739 1979,1737 1993,1741 1999,1735 2034,1737 2034,1692 1956,1692 1908,1694 1901,1694"/>
          <TextEquiv conf="0.9248027">
            <Unicode>gebrauchet</Unicode>
          </TextEquiv>
        </Word>
        <TextEquiv>
          <Unicode>b) Der groͤßeſte Theil der Zeugen, die bei dieſen Gelegenheiten gebrauchet</Unicode>
        </TextEquiv>
      </TextLine>
      <TextLine id="region0006_line0010" custom="readingOrder {index:1;}">
        <Coords points="1783,1737 1749,1740 1741,1747 1724,1750 1691,1747 1685,1742 1676,1742 1667,1748 1652,1749 1629,1740 1597,1748 1570,1750 1541,1750 1513,1743 1491,1746 1488,1742 1476,1742 1454,1744 1448,1749 1432,1751 1396,1750 1384,1742 1364,1744 1359,1741 1331,1741 1289,1750 1283,1744 1267,1745 1254,1741 1252,1752 1243,1755 1234,1751 1224,1751 1219,1747 1205,1747 1199,1751 1185,1753 1152,1752 1102,1756 1078,1754 1069,1747 1056,1746 1051,1749 1050,1754 887,1755 839,1751 829,1757 819,1757 813,1749 801,1749 789,1758 781,1758 775,1749 756,1749 747,1756 732,1756 711,1751 705,1754 641,1756 581,1754 574,1748 558,1744 523,1746 504,1752 488,1752 466,1750 460,1743 449,1743 441,1750 398,1750 389,1747 362,1749 362,1796 414,1794 419,1797 453,1795 473,1799 517,1797 523,1800 560,1800 630,1798 645,1802 664,1802 675,1809 686,1803 722,1801 746,1801 753,1807 760,1807 769,1801 793,1799 812,1807 824,1798 867,1800 876,1796 890,1796 895,1799 941,1796 959,1800 966,1805 981,1805 989,1800 1040,1798 1045,1793 1054,1793 1061,1799 1177,1798 1182,1795 1233,1792 1244,1792 1255,1797 1291,1796 1305,1793 1311,1802 1321,1801 1325,1796 1367,1796 1373,1793 1381,1793 1388,1798 1505,1792 1588,1795 1635,1789 1650,1792 1667,1789 1679,1792 1713,1792 1729,1789 1758,1793 1813,1793 1819,1790 1848,1792 1871,1788 1924,1788 1947,1796 1961,1788 1970,1788 2009,1796 2020,1790 2039,1790 2039,1745 2031,1744 2030,1740 2023,1736 1999,1736 1993,1742 1978,1738 1974,1740 1973,1745 1950,1745 1933,1739 1914,1737 1872,1738 1856,1744 1846,1743 1835,1737"/>
        <Word id="region0006_line0010_word0000" custom="readingOrder {index:0;}">
          <Coords points="380,1753 510,1753 510,1792 380,1792"/>
          <TextEquiv conf="0.9667804">
            <Unicode>werden</Unicode>
          </TextEquiv>
        </Word>
        <Word id="word_1654071722423_4160" custom="readingOrder {index:1;}">
          <Coords points="537,1749 574,1748 662,1755 685,1774 685,1800 672,1800 537,1792"/>
          <TextEquiv>
            <Unicode>koͤnnen,</Unicode>
          </TextEquiv>
        </Word>
        <Word id="region0006_line0010_word0003" custom="readingOrder {index:2;}">
          <Coords points="776,1751 753,1751 747,1756 732,1756 713,1751 713,1798 824,1798 850,1798 850,1751 839,1751 829,1757 819,1757 814,1751 798,1751 789,1758 781,1758"/>
          <TextEquiv conf="0.9251699">
            <Unicode>beſtehet</Unicode>
          </TextEquiv>
        </Word>
        <Word id="region0006_line0010_word0004" custom="readingOrder {index:3;}">
          <Coords points="876,1754 876,1788 941,1787 941,1754 887,1755"/>
          <TextEquiv conf="0.9676746">
            <Unicode>aus</Unicode>
          </TextEquiv>
        </Word>
        <Word id="region0006_line0010_word0005" custom="readingOrder {index:4;}">
          <Coords points="1071,1749 1051,1749 1050,1754 967,1754 967,1795 1043,1795 1045,1793 1054,1793 1056,1795 1132,1795 1132,1753 1102,1756 1078,1754"/>
          <TextEquiv conf="0.96724355">
            <Unicode>gemeinen</Unicode>
          </TextEquiv>
        </Word>
        <Word id="region0006_line0010_word0006" custom="readingOrder {index:5;}">
          <Coords points="1159,1753 1227,1753 1227,1791 1159,1791"/>
          <TextEquiv conf="0.9318599">
            <Unicode>und</Unicode>
          </TextEquiv>
        </Word>
        <Word id="region0006_line0010_word0007" custom="readingOrder {index:6;}">
          <Coords points="1257,1742 1254,1742 1254,1797 1255,1797 1255,1797 1291,1796 1305,1793 1307,1797 1324,1797 1325,1796 1367,1796 1373,1793 1381,1793 1386,1796 1425,1796 1447,1795 1447,1749 1432,1751 1396,1750 1384,1742 1364,1744 1360,1741 1328,1742 1289,1750 1283,1744 1267,1745"/>
          <TextEquiv>
            <Unicode>einfaͤltigen</Unicode>
          </TextEquiv>
        </Word>
        <Word id="region0006_line0010_word0008" custom="readingOrder {index:7;}">
          <Coords points="1536,1749 1473,1749 1473,1790 1632,1789 1635,1789 1637,1789 1665,1789 1667,1789 1668,1789 1729,1789 1729,1789 1729,1789 1738,1789 1738,1748 1735,1748 1724,1750 1703,1748 1663,1748 1652,1749 1650,1748 1589,1749 1570,1750 1541,1750"/>
          <TextEquiv conf="0.9218064">
            <Unicode>Bauersleuten.</Unicode>
          </TextEquiv>
        </Word>
        <Word id="region0006_line0010_word0009" custom="readingOrder {index:8;}">
          <Coords points="1790,1748 1863,1748 1863,1789 1790,1789"/>
          <TextEquiv conf="0.93254167">
            <Unicode>Die</Unicode>
          </TextEquiv>
        </Word>
        <Word id="region0006_line0010_word0010" custom="readingOrder {index:9;}">
          <Coords points="2034,1790 2034,1747 1881,1748 1881,1788 1924,1788 1945,1795 1947,1795 1961,1788 1970,1788 2005,1795 2010,1795 2020,1790"/>
          <TextEquiv conf="0.9244003">
            <Unicode>Begriffe</Unicode>
          </TextEquiv>
        </Word>
        <TextEquiv>
          <Unicode>werden koͤnnen, beſtehet aus gemeinen und einfaͤltigen Bauersleuten. Die Begriffe</Unicode>
        </TextEquiv>
      </TextLine>
      <TextLine id="region0006_line0011" custom="readingOrder {index:2;}">
        <Coords points="1871,1789 1837,1794 1819,1791 1805,1795 1749,1795 1719,1790 1711,1796 1704,1791 1688,1791 1681,1794 1667,1790 1655,1795 1644,1790 1608,1792 1592,1801 1567,1802 1559,1795 1516,1793 1460,1795 1444,1801 1386,1799 1381,1794 1373,1794 1368,1796 1366,1801 1343,1803 1311,1803 1305,1794 1294,1795 1288,1800 1283,1796 1273,1796 1266,1801 1256,1802 1254,1797 1244,1793 1182,1796 1146,1803 1141,1800 1131,1800 1127,1803 1075,1803 1061,1802 1056,1795 1045,1794 1032,1802 981,1806 949,1804 941,1797 896,1801 890,1797 876,1797 868,1803 860,1804 840,1804 835,1799 824,1799 812,1808 793,1800 760,1808 685,1806 675,1810 664,1803 648,1807 640,1800 630,1799 618,1799 610,1806 581,1805 576,1801 566,1801 561,1805 532,1806 524,1805 523,1801 517,1798 507,1798 498,1804 460,1804 453,1796 437,1796 431,1798 427,1804 422,1803 420,1798 414,1795 403,1795 362,1797 362,1822 363,1843 425,1845 429,1847 432,1855 453,1846 462,1846 468,1851 493,1847 499,1852 565,1849 595,1853 612,1852 625,1856 635,1851 666,1853 692,1849 758,1850 764,1847 779,1850 802,1847 812,1851 830,1849 836,1841 840,1841 847,1847 855,1842 866,1850 902,1851 921,1856 932,1852 953,1854 961,1849 1014,1849 1026,1847 1031,1843 1040,1843 1048,1848 1122,1848 1127,1845 1144,1848 1183,1848 1194,1849 1200,1857 1211,1857 1218,1849 1232,1848 1280,1847 1309,1855 1341,1855 1383,1848 1392,1857 1403,1857 1408,1855 1413,1847 1554,1848 1561,1854 1574,1855 1584,1848 1594,1848 1599,1853 1610,1853 1616,1847 1646,1844 1658,1844 1664,1852 1675,1852 1683,1844 1857,1841 1861,1850 1875,1851 1881,1842 1885,1841 1890,1850 1902,1851 1913,1841 1951,1842 1957,1850 1969,1850 1977,1842 2039,1840 2039,1826 2039,1795 2017,1794 2008,1797 1993,1795 1987,1790 1975,1794 1970,1789 1961,1789 1944,1797 1924,1789"/>
        <Word id="region0006_line0011_word0000" custom="readingOrder {index:0;}">
          <Coords points="478,1849 478,1805 380,1805 380,1843 425,1845 429,1847 431,1854 434,1854 453,1846 462,1846 468,1851"/>
          <TextEquiv conf="0.93190074">
            <Unicode>dieſer</Unicode>
          </TextEquiv>
        </Word>
        <Word id="region0006_line0011_word0001" custom="readingOrder {index:1;}">
          <Coords points="524,1805 505,1805 505,1845 593,1844 593,1805 581,1805 580,1804 562,1804 561,1805 532,1806 524,1805"/>
          <TextEquiv conf="0.83107686">
            <Unicode>Leute</Unicode>
          </TextEquiv>
        </Word>
        <Word id="region0006_line0011_word0002" custom="readingOrder {index:2;}">
          <Coords points="644,1804 616,1804 616,1849 685,1849 685,1806 675,1810 665,1804 660,1804 648,1807"/>
          <TextEquiv conf="0.90249693">
            <Unicode>ſind</Unicode>
          </TextEquiv>
        </Word>
        <Word id="region0006_line0011_word0003" custom="readingOrder {index:3;}">
          <Coords points="796,1801 786,1801 760,1808 696,1806 696,1849 758,1850 764,1847 779,1850 802,1847 810,1850 816,1850 830,1849 836,1841 840,1841 847,1847 855,1842 866,1850 877,1850 959,1850 961,1849 964,1849 964,1804 949,1804 945,1801 870,1801 868,1803 860,1804 840,1804 837,1801 820,1801 812,1808"/>
          <TextEquiv>
            <Unicode>wankelmuͤthig</Unicode>
          </TextEquiv>
        </Word>
        <Word id="region0006_line0011_word0004" custom="readingOrder {index:4;}">
          <Coords points="1057,1797 1040,1797 1032,1802 990,1805 990,1840 1059,1840 1059,1799"/>
          <TextEquiv conf="0.96057314">
            <Unicode>und</Unicode>
          </TextEquiv>
        </Word>
        <Word id="region0006_line0011_word0005" custom="readingOrder {index:5;}">
          <Coords points="1254,1799 1162,1799 1146,1803 1141,1800 1131,1800 1127,1803 1085,1803 1085,1848 1122,1848 1127,1845 1144,1848 1183,1848 1194,1849 1195,1850 1216,1850 1218,1849 1232,1848 1280,1847 1291,1850 1348,1850 1348,1802 1343,1803 1311,1803 1308,1799 1288,1799 1288,1800 1287,1799 1268,1799 1266,1801 1256,1802"/>
          <TextEquiv>
            <Unicode>unvollſtaͤndig,</Unicode>
          </TextEquiv>
        </Word>
        <Word id="region0006_line0011_word0006" custom="readingOrder {index:6;}">
          <Coords points="1415,1800 1375,1800 1375,1849 1383,1848 1385,1850 1411,1850 1413,1847 1462,1847 1462,1800 1446,1800 1444,1801"/>
          <TextEquiv conf="0.93283516">
            <Unicode>ihrer</Unicode>
          </TextEquiv>
        </Word>
        <Word id="region0006_line0011_word0007" custom="readingOrder {index:7;}">
          <Coords points="1565,1801 1483,1801 1483,1847 1554,1848 1556,1850 1582,1850 1584,1848 1594,1848 1596,1850 1613,1850 1616,1847 1646,1844 1658,1844 1662,1849 1678,1849 1683,1844 1746,1843 1746,1800 1593,1801 1592,1801 1567,1802"/>
          <TextEquiv conf="0.9225967">
            <Unicode>Vergeßlichkeit</Unicode>
          </TextEquiv>
        </Word>
        <Word id="region0006_line0011_word0008" custom="readingOrder {index:8;}">
          <Coords points="1771,1804 1838,1804 1838,1840 1771,1840"/>
          <TextEquiv conf="0.967901">
            <Unicode>und</Unicode>
          </TextEquiv>
        </Word>
        <Word id="region0006_line0011_word0009" custom="readingOrder {index:9;}">
          <Coords points="2036,1840 2036,1800 1864,1801 1864,1850 1875,1849 1881,1842 1885,1841 1889,1849 1903,1849 1913,1841 1951,1842 1956,1849 1969,1849 1977,1842"/>
          <TextEquiv conf="0.96330583">
            <Unicode>ſchlechten</Unicode>
          </TextEquiv>
        </Word>
        <TextEquiv>
          <Unicode>dieſer Leute ſind wankelmuͤthig und unvollſtaͤndig, ihrer Vergeßlichkeit und ſchlechten</Unicode>
        </TextEquiv>
      </TextLine>
      <TextLine id="region0006_line0012" custom="readingOrder {index:3;}">
        <Coords points="836,1842 829,1852 808,1852 802,1848 782,1851 764,1848 750,1855 692,1850 673,1856 635,1852 625,1857 612,1853 571,1855 565,1850 557,1850 550,1855 542,1856 537,1851 524,1851 518,1856 500,1856 493,1848 481,1848 474,1855 469,1855 462,1847 447,1848 432,1856 425,1846 363,1844 363,1899 482,1902 548,1895 578,1897 591,1905 600,1899 608,1898 632,1902 664,1901 680,1903 686,1908 696,1908 702,1903 769,1899 796,1901 805,1897 825,1899 830,1896 848,1896 855,1903 860,1903 868,1895 928,1900 941,1894 957,1892 997,1892 1027,1896 1075,1893 1087,1896 1098,1892 1140,1893 1145,1888 1144,1849 1138,1846 1127,1846 1121,1852 1070,1852 1049,1851 1043,1845 1031,1844 1015,1851 975,1853 961,1850 953,1855 932,1853 921,1857 903,1853 868,1853 855,1843 847,1848"/>
        <Word id="word_1654071268405_3930" custom="readingOrder {index:0;}">
          <Coords points="379,1853 429,1852 432,1856 437,1852 467,1852 469,1855 474,1855 476,1852 497,1852 500,1856 518,1856 522,1852 538,1852 542,1856 550,1855 553,1852 567,1852 571,1855 612,1853 625,1857 634,1852 637,1852 673,1856 685,1852 715,1852 715,1891 379,1891"/>
          <TextEquiv conf="0.88862246">
            <Unicode>Erinnerungskraft</Unicode>
          </TextEquiv>
        </Word>
        <Word id="word_1654071268405_3932" custom="readingOrder {index:1;}">
          <Coords points="740,1854 750,1855 764,1848 782,1851 802,1848 808,1852 829,1852 836,1842 847,1848 855,1843 868,1853 847,1853 847,1891 740,1891"/>
          <TextEquiv conf="0.9251382">
            <Unicode>nicht</Unicode>
          </TextEquiv>
        </Word>
        <Word id="word_1654071268406_3934" custom="readingOrder {index:2;}">
          <Coords points="847,1856 848,1857 887,1857 887,1895 847,1895"/>
          <TextEquiv conf="0.9251382">
            <Unicode>zu</Unicode>
          </TextEquiv>
        </Word>
        <Word id="word_1654071268406_3936" custom="readingOrder {index:3;}">
          <Coords points="920,1857 921,1857 932,1853 953,1855 961,1850 975,1853 1015,1851 1022,1848 1046,1848 1049,1851 1070,1852 1121,1852 1125,1848 1136,1848 1136,1891 920,1891"/>
          <TextEquiv conf="0.91812354">
            <Unicode>gedenken.</Unicode>
          </TextEquiv>
        </Word>
        <TextEquiv conf="0.91425556">
          <Unicode>Erinnerungskraft nicht zu gedenken.</Unicode>
        </TextEquiv>
      </TextLine>
      <TextEquiv>
        <Unicode>b) Der groͤßeſte Theil der Zeugen, die bei dieſen Gelegenheiten gebrauchet&#13;
werden koͤnnen, beſtehet aus gemeinen und einfaͤltigen Bauersleuten. Die Begriffe&#13;
dieſer Leute ſind wankelmuͤthig und unvollſtaͤndig, ihrer Vergeßlichkeit und ſchlechten&#13;
Erinnerungskraft nicht zu gedenken.</Unicode>
      </TextEquiv>
    </TextRegion>
    <TextRegion orientation="0.15968297" readingDirection="left-to-right" id="TextRegion_1654071271841_3940" custom="readingOrder {index:6;}">
      <Coords points="361,1891 2039,1891 2040,2094 362,2094"/>
      <TextLine id="region0006_line0013" custom="readingOrder {index:0;}">
        <Coords points="1862,1884 1850,1886 1841,1896 1832,1897 1813,1896 1800,1888 1778,1886 1728,1887 1719,1890 1710,1898 1683,1895 1678,1891 1663,1894 1626,1894 1620,1889 1607,1890 1601,1899 1590,1892 1559,1899 1553,1891 1540,1891 1535,1896 1530,1893 1515,1896 1507,1889 1484,1888 1429,1891 1398,1899 1342,1889 1338,1892 1283,1894 1276,1899 1250,1902 1201,1897 1195,1892 1184,1892 1176,1897 1134,1901 1111,1899 1103,1893 1083,1898 1075,1894 1064,1894 1037,1899 1013,1894 957,1893 941,1895 928,1901 887,1901 882,1896 868,1896 860,1904 855,1904 848,1897 830,1897 813,1902 805,1898 796,1902 776,1900 772,1903 701,1906 696,1909 674,1907 664,1902 615,1904 608,1899 600,1900 591,1906 578,1898 542,1897 488,1902 482,1914 482,1943 485,1947 503,1949 533,1946 543,1952 576,1949 590,1945 602,1950 616,1946 648,1951 678,1949 688,1953 773,1951 780,1946 789,1946 795,1950 829,1949 836,1944 849,1947 865,1945 881,1951 900,1943 942,1944 957,1941 965,1945 984,1942 1012,1942 1018,1945 1118,1944 1169,1948 1180,1945 1191,1953 1197,1953 1204,1947 1297,1944 1315,1941 1329,1947 1372,1942 1380,1945 1440,1946 1443,1951 1451,1953 1461,1951 1465,1946 1545,1946 1552,1952 1566,1952 1577,1946 1594,1944 1656,1941 1710,1944 1738,1942 1744,1945 1802,1944 1807,1947 1819,1947 1830,1942 1854,1938 1865,1945 1876,1947 1885,1946 1888,1942 1928,1942 1940,1948 1951,1942 1962,1942 1966,1939 2040,1939 2040,1895 2012,1894 1995,1885"/>
        <Word id="region0006_line0013_word0000" custom="readingOrder {index:0;}">
          <Coords points="580,1899 535,1900 535,1944 607,1943 607,1899 600,1900 591,1906"/>
          <TextEquiv conf="0.96282524">
            <Unicode>Bei</Unicode>
          </TextEquiv>
        </Word>
        <Word id="region0006_line0013_word0001" custom="readingOrder {index:1;}">
          <Coords points="668,1904 639,1904 639,1941 694,1941 694,1908 674,1907"/>
          <TextEquiv conf="0.7296568">
            <Unicode>der</Unicode>
          </TextEquiv>
        </Word>
        <Word id="region0006_line0013_word0002" custom="readingOrder {index:2;}">
          <Coords points="941,1943 941,1895 928,1901 887,1901 882,1896 868,1896 860,1904 855,1904 848,1897 830,1897 813,1902 805,1898 796,1902 776,1900 772,1903 725,1904 725,1951 773,1950 780,1946 789,1946 795,1950 829,1949 836,1944 849,1947 865,1945 879,1950 882,1950 900,1943"/>
          <TextEquiv>
            <Unicode>natuͤrlichen</Unicode>
          </TextEquiv>
        </Word>
        <Word id="region0006_line0013_word0003" custom="readingOrder {index:3;}">
          <Coords points="1037,1899 972,1899 972,1943 984,1942 1012,1942 1018,1945 1118,1944 1143,1946 1176,1946 1180,1945 1181,1946 1198,1946 1198,1899 1155,1899 1134,1901 1111,1899"/>
          <TextEquiv conf="0.9146608">
            <Unicode>Wankelmuth</Unicode>
          </TextEquiv>
        </Word>
        <Word id="region0006_line0013_word0004" custom="readingOrder {index:4;}">
          <Coords points="1247,1901 1233,1902 1233,1937 1302,1936 1302,1901 1252,1901 1250,1902"/>
          <TextEquiv conf="0.93275887">
            <Unicode>und</Unicode>
          </TextEquiv>
        </Word>
        <Word id="region0006_line0013_word0005" custom="readingOrder {index:5;}">
          <Coords points="1380,1896 1325,1896 1325,1945 1347,1945 1372,1942 1380,1945 1593,1944 1594,1944 1636,1942 1636,1895 1604,1895 1601,1899 1595,1895 1576,1895 1559,1899 1556,1895 1536,1895 1535,1896 1534,1895 1518,1895 1515,1896 1514,1895 1411,1896 1398,1899"/>
          <TextEquiv>
            <Unicode>Unvollſtaͤndigkeit</Unicode>
          </TextEquiv>
        </Word>
        <Word id="region0006_line0013_word0006" custom="readingOrder {index:6;}">
          <Coords points="1666,1900 1723,1900 1723,1936 1666,1936"/>
          <TextEquiv conf="0.9650943">
            <Unicode>der</Unicode>
          </TextEquiv>
        </Word>
        <Word id="region0006_line0013_word0007" custom="readingOrder {index:7;}">
          <Coords points="1811,1895 1749,1895 1749,1944 1802,1944 1825,1944 1830,1942 1854,1938 1863,1944 1886,1944 1888,1942 1903,1942 1903,1895 1841,1895 1841,1896 1832,1897 1813,1896"/>
          <TextEquiv conf="0.94847685">
            <Unicode>Begriffe</Unicode>
          </TextEquiv>
        </Word>
        <Word id="region0006_line0013_word0008" custom="readingOrder {index:8;}">
          <Coords points="2035,1939 2035,1896 1934,1897 1934,1943 1949,1942 1951,1942 1962,1942 1966,1939"/>
          <TextEquiv conf="0.9519915">
            <Unicode>fallen</Unicode>
          </TextEquiv>
        </Word>
        <TextEquiv>
          <Unicode>Bei der natuͤrlichen Wankelmuth und Unvollſtaͤndigkeit der Begriffe fallen</Unicode>
        </TextEquiv>
      </TextLine>
      <TextLine id="region0006_line0014" custom="readingOrder {index:1;}">
        <Coords points="421,1936 416,1941 415,1954 395,1955 389,1947 375,1945 371,1948 369,1956 363,1956 363,2000 411,1997 417,2001 438,2001 445,2005 457,2005 464,2001 495,1999 506,2008 519,2008 528,2002 600,1996 608,2000 652,1998 660,1999 664,2003 684,2002 701,2007 714,2006 721,2000 801,2001 808,1994 816,1993 823,2001 944,1995 976,1997 979,2001 990,2003 997,2002 1007,1995 1030,1999 1043,1991 1058,1994 1078,1989 1085,1992 1107,1992 1111,1995 1255,1994 1274,2002 1284,2000 1287,1996 1350,1995 1388,2001 1399,1995 1457,1996 1463,1993 1486,1995 1487,1999 1494,2001 1508,1991 1557,1995 1569,1993 1579,1996 1620,1995 1670,1988 1704,1990 1713,1993 1715,1999 1729,2000 1737,1993 1817,1992 1823,1989 1838,1992 1865,1992 1871,1989 1902,1992 1920,1988 1932,1991 1955,1988 1962,1991 1971,1990 1983,1996 1993,1994 2003,1987 2040,1987 2040,1949 2014,1947 2013,1942 2007,1938 1966,1940 1960,1946 1940,1949 1932,1946 1876,1948 1865,1946 1859,1940 1848,1939 1819,1948 1768,1947 1763,1944 1744,1947 1738,1943 1727,1943 1720,1948 1675,1949 1673,1944 1668,1942 1656,1942 1651,1944 1649,1949 1607,1949 1602,1945 1594,1945 1566,1953 1523,1953 1474,1947 1469,1951 1454,1954 1382,1950 1381,1946 1373,1943 1359,1946 1342,1945 1336,1950 1323,1950 1322,1946 1315,1942 1297,1945 1250,1946 1227,1950 1204,1948 1197,1954 1191,1954 1180,1946 1170,1950 1123,1948 1118,1945 1107,1945 1102,1948 1019,1949 1012,1943 984,1943 966,1947 957,1942 947,1942 934,1949 912,1949 910,1945 900,1944 877,1952 865,1946 851,1950 846,1946 836,1945 828,1953 813,1955 798,1956 793,1949 780,1947 770,1956 706,1957 678,1950 648,1952 611,1947 607,1951 602,1951 590,1946 544,1956 540,1950 533,1947 522,1950 485,1948 482,1954 465,1953 458,1946 444,1946 438,1949 432,1937"/>
        <Word id="region0006_line0014_word0000" custom="readingOrder {index:0;}">
          <Coords points="433,1939 418,1939 416,1941 415,1954 395,1955 389,1947 379,1945 379,1995 463,1995 463,1951 458,1946 444,1946 438,1949"/>
          <TextEquiv conf="0.8838853">
            <Unicode>duch</Unicode>
          </TextEquiv>
        </Word>
        <Word id="region0006_line0014_word0001" custom="readingOrder {index:1;}">
          <Coords points="492,1948 492,1997 559,1996 559,1952 544,1956 540,1950 533,1947 522,1950"/>
          <TextEquiv conf="0.9267797">
            <Unicode>ihre</Unicode>
          </TextEquiv>
        </Word>
        <Word id="region0006_line0014_word0002" custom="readingOrder {index:2;}">
          <Coords points="585,1947 585,1994 759,1994 759,1956 706,1957 678,1950 648,1952 611,1947 607,1951 602,1951 590,1946"/>
          <TextEquiv conf="0.91716826">
            <Unicode>Ausſagen</Unicode>
          </TextEquiv>
        </Word>
        <Word id="region0006_line0014_word0003" custom="readingOrder {index:3;}">
          <Coords points="959,1943 944,1943 934,1949 912,1949 910,1945 900,1944 877,1952 865,1946 851,1950 846,1946 836,1945 828,1953 813,1955 798,1956 793,1949 780,1947 779,1947 779,1994 808,1993 816,1993 816,1993 1033,1993 1033,1948 1019,1949 1012,1943 983,1943 966,1947"/>
          <TextEquiv conf="0.91587424">
            <Unicode>wankelmuͤthig</Unicode>
          </TextEquiv>
        </Word>
        <Word id="region0006_line0014_word0004" custom="readingOrder {index:4;}">
          <Coords points="1060,1950 1129,1950 1129,1984 1060,1984"/>
          <TextEquiv conf="0.9598596">
            <Unicode>und</Unicode>
          </TextEquiv>
        </Word>
        <Word id="region0006_line0014_word0005" custom="readingOrder {index:5;}">
          <Coords points="1315,1942 1312,1942 1297,1945 1250,1946 1227,1950 1204,1948 1197,1954 1191,1954 1180,1946 1170,1950 1155,1949 1155,1992 1397,1991 1397,1950 1382,1950 1381,1946 1373,1943 1359,1946 1342,1945 1336,1950 1323,1950 1322,1946"/>
          <TextEquiv>
            <Unicode>unvollſtaͤndig</Unicode>
          </TextEquiv>
        </Word>
        <Word id="region0006_line0014_word0006" custom="readingOrder {index:6;}">
          <Coords points="1490,1949 1471,1949 1469,1951 1454,1954 1424,1952 1424,1990 1508,1990 1508,1951"/>
          <TextEquiv conf="0.95228595">
            <Unicode>aus,</Unicode>
          </TextEquiv>
        </Word>
        <Word id="region0006_line0014_word0007" custom="readingOrder {index:7;}">
          <Coords points="1604,1947 1587,1947 1566,1953 1543,1953 1543,1983 1611,1983 1611,1949 1607,1949"/>
          <TextEquiv conf="0.9661047">
            <Unicode>und</Unicode>
          </TextEquiv>
        </Word>
        <Word id="region0006_line0014_word0008" custom="readingOrder {index:8;}">
          <Coords points="1670,1943 1653,1943 1651,1944 1649,1949 1641,1949 1641,1980 1691,1980 1691,1948 1675,1949 1673,1944"/>
          <TextEquiv conf="0.9619457">
            <Unicode>ein</Unicode>
          </TextEquiv>
        </Word>
        <Word id="region0006_line0014_word0009" custom="readingOrder {index:9;}">
          <Coords points="1741,1945 1724,1945 1723,1945 1723,1990 1809,1990 1809,1947 1768,1947 1764,1945 1756,1945 1744,1947"/>
          <TextEquiv conf="0.9330436">
            <Unicode>jeder</Unicode>
          </TextEquiv>
        </Word>
        <Word id="region0006_line0014_word0010" custom="readingOrder {index:10;}">
          <Coords points="1861,1942 1839,1943 1839,1990 1869,1989 1871,1989 1879,1989 1912,1989 1920,1988 1926,1989 1943,1989 1955,1988 1958,1989 1999,1989 2003,1987 2035,1987 2035,1948 2014,1947 2013,1942 1963,1942 1960,1946 1940,1949 1932,1946 1876,1948 1865,1946"/>
          <TextEquiv>
            <Unicode>Commiſſa⸗</Unicode>
          </TextEquiv>
        </Word>
        <TextEquiv>
          <Unicode>duch ihre Ausſagen wankelmuͤthig und unvollſtaͤndig aus, und ein jeder Commiſſa⸗</Unicode>
        </TextEquiv>
      </TextLine>
      <TextLine id="region0006_line0015" custom="readingOrder {index:2;}">
        <Coords points="1071,1990 1058,1997 1053,1993 1043,1992 1030,2000 1007,1996 997,2003 990,2004 950,2001 944,1996 930,1997 926,2001 856,2004 852,2001 843,2001 839,2004 822,2004 816,1994 811,1994 801,2002 802,2006 770,2008 744,2007 738,2001 721,2001 714,2007 696,2008 690,2004 670,2005 652,1999 608,2002 600,1997 591,1997 583,2002 578,1999 563,2002 528,2003 519,2009 506,2009 495,2000 445,2006 418,2005 414,1999 402,1998 393,2001 392,2005 363,2005 364,2048 420,2047 426,2050 478,2052 485,2057 498,2056 506,2050 532,2047 606,2050 637,2048 641,2051 710,2052 714,2062 728,2063 735,2053 743,2053 755,2061 766,2060 774,2053 780,2052 842,2050 983,2048 989,2054 1001,2055 1014,2048 1048,2044 1061,2044 1067,2051 1080,2051 1089,2044 1124,2044 1147,2048 1154,2052 1213,2045 1492,2045 1500,2053 1509,2053 1516,2046 1568,2047 1574,2053 1590,2053 1598,2047 1624,2045 1644,2052 1674,2053 1702,2051 1721,2045 1728,2045 1736,2050 1747,2050 1757,2044 1822,2041 1876,2042 1886,2049 1895,2049 1906,2042 1940,2041 1944,2048 1956,2049 1965,2041 2041,2038 2040,1994 2014,1994 2008,1988 1983,1997 1955,1989 1944,1989 1936,1993 1926,1989 1907,1990 1895,1995 1887,1995 1880,1990 1871,1990 1864,1994 1839,1994 1832,1990 1823,1990 1813,1994 1786,1997 1718,2001 1710,2000 1709,1994 1704,1991 1670,1989 1635,1992 1631,1994 1630,2000 1584,2001 1569,1994 1557,1996 1508,1992 1494,2002 1479,2001 1477,1996 1463,1994 1454,2001 1414,2000 1408,1996 1399,1996 1388,2002 1301,2000 1289,1997 1274,2003 1262,2002 1261,1998 1255,1995 1243,1995 1237,2001 1169,2001 1087,1997 1082,1991"/>
        <Word id="region0006_line0015_word0000" custom="readingOrder {index:0;}">
          <Coords points="416,2002 392,2002 392,2005 368,2005 369,2041 453,2041 452,2005 445,2006 418,2005"/>
          <TextEquiv conf="0.9007771">
            <Unicode>rius</Unicode>
          </TextEquiv>
        </Word>
        <Word id="region0006_line0015_word0001" custom="readingOrder {index:1;}">
          <Coords points="501,2005 472,2005 472,2051 478,2052 503,2052 506,2050 532,2047 536,2047 536,2005 525,2005 519,2009 506,2009"/>
          <TextEquiv conf="0.68008727">
            <Unicode>hat</Unicode>
          </TextEquiv>
        </Word>
        <Word id="region0006_line0015_word0002" custom="readingOrder {index:2;}">
          <Coords points="581,2001 568,2001 563,2002 560,2002 561,2039 620,2039 619,2001 608,2002 606,2001 584,2001 583,2002"/>
          <TextEquiv conf="0.36392784">
            <Unicode>die</Unicode>
          </TextEquiv>
        </Word>
        <Word id="region0006_line0015_word0003" custom="readingOrder {index:3;}">
          <Coords points="817,2051 816,1994 816,1994 811,1994 801,2002 802,2006 770,2008 744,2007 738,2001 721,2001 714,2007 696,2008 690,2004 670,2005 652,1999 622,2001 623,2049 637,2048 641,2051 811,2051"/>
          <TextEquiv conf="0.6149819">
            <Unicode>Ausſagen</Unicode>
          </TextEquiv>
        </Word>
        <Word id="region0006_line0015_word0004" custom="readingOrder {index:4;}">
          <Coords points="843,2007 910,2006 911,2039 844,2040"/>
          <TextEquiv conf="0.8573371">
            <Unicode>von</Unicode>
          </TextEquiv>
        </Word>
        <Word id="region0006_line0015_word0005" custom="readingOrder {index:5;}">
          <Coords points="945,1997 934,1997 935,2048 983,2048 1014,2048 1048,2044 1061,2044 1064,2048 1083,2048 1089,2044 1124,2044 1127,2044 1127,1998 1087,1997 1058,1997 1034,1997 1030,2000 1012,1997 1005,1997 997,2003 990,2004 950,2001"/>
          <TextEquiv conf="0.9583402">
            <Unicode>dergleichen</Unicode>
          </TextEquiv>
        </Word>
        <Word id="region0006_line0015_word0006" custom="readingOrder {index:6;}">
          <Coords points="1262,2001 1153,2002 1154,2045 1323,2044 1322,2001 1278,2001 1274,2003 1262,2002"/>
          <TextEquiv conf="0.96565306">
            <Unicode>gemeinen</Unicode>
          </TextEquiv>
        </Word>
        <Word id="region0006_line0015_word0007" custom="readingOrder {index:7;}">
          <Coords points="1350,2004 1418,2004 1419,2038 1351,2038"/>
          <TextEquiv conf="0.9326158">
            <Unicode>und</Unicode>
          </TextEquiv>
        </Word>
        <Word id="region0006_line0015_word0008" custom="readingOrder {index:8;}">
          <Coords points="1478,1998 1458,1998 1454,2001 1446,2001 1447,2045 1492,2045 1493,2046 1623,2045 1624,2045 1624,2045 1637,2045 1636,1997 1630,1997 1630,2000 1584,2001 1576,1997 1500,1998 1494,2002 1479,2001"/>
          <TextEquiv>
            <Unicode>einfaͤltigen</Unicode>
          </TextEquiv>
        </Word>
        <Word id="region0006_line0015_word0009" custom="readingOrder {index:9;}">
          <Coords points="1709,1997 1662,1997 1663,2046 1717,2046 1721,2045 1728,2045 1729,2046 1753,2046 1757,2044 1794,2042 1794,1997 1786,1997 1718,2001 1710,2000"/>
          <TextEquiv conf="0.9657836">
            <Unicode>Zeugen</Unicode>
          </TextEquiv>
        </Word>
        <Word id="region0006_line0015_word0010" custom="readingOrder {index:10;}">
          <Coords points="1963,2041 1963,1999 1820,1999 1820,2041 1822,2041 1876,2042 1880,2045 1901,2045 1906,2042 1940,2041 1942,2045 1960,2045"/>
          <TextEquiv conf="0.9623945">
            <Unicode>lediglich</Unicode>
          </TextEquiv>
        </Word>
        <Word id="region0006_line0015_word0011" custom="readingOrder {index:11;}">
          <Coords points="1999,1998 2033,1998 2034,2035 2000,2035"/>
          <TextEquiv conf="0.9657625">
            <Unicode>in</Unicode>
          </TextEquiv>
        </Word>
        <TextEquiv>
          <Unicode>rius hat die Ausſagen von dergleichen gemeinen und einfaͤltigen Zeugen lediglich in</Unicode>
        </TextEquiv>
      </TextLine>
      <TextLine id="region0006_line0016" custom="readingOrder {index:3;}">
        <Coords points="387,2048 364,2049 365,2104 378,2104 384,2109 394,2109 404,2102 441,2100 508,2101 569,2096 599,2100 678,2101 700,2100 705,2095 704,2059 701,2055 693,2053 641,2052 637,2049 626,2049 611,2053 580,2055 559,2049 532,2048 506,2051 498,2057 485,2058 429,2056 427,2051 420,2048"/>
        <Word id="word_1654071271896_3943" custom="readingOrder {index:0;}">
          <Coords points="382,2060 482,2060 482,2094 382,2094"/>
          <TextEquiv conf="0.92589086">
            <Unicode>ſeiner</Unicode>
          </TextEquiv>
        </Word>
        <Word id="word_1654071271896_3945" custom="readingOrder {index:1;}">
          <Coords points="512,2060 661,2059 661,2094 512,2094"/>
          <TextEquiv conf="0.91230035">
            <Unicode>Gewalt.</Unicode>
          </TextEquiv>
        </Word>
        <TextEquiv conf="0.91909564">
          <Unicode>ſeiner Gewalt.</Unicode>
        </TextEquiv>
      </TextLine>
      <TextEquiv>
        <Unicode>Bei der natuͤrlichen Wankelmuth und Unvollſtaͤndigkeit der Begriffe fallen&#13;
duch ihre Ausſagen wankelmuͤthig und unvollſtaͤndig aus, und ein jeder Commiſſa⸗&#13;
rius hat die Ausſagen von dergleichen gemeinen und einfaͤltigen Zeugen lediglich in&#13;
ſeiner Gewalt.</Unicode>
      </TextEquiv>
    </TextRegion>
    <TextRegion orientation="0.15968297" readingDirection="left-to-right" id="TextRegion_1654071274900_3963" custom="readingOrder {index:7;}">
      <Coords points="362,2094 2040,2094 2043,2455 365,2455"/>
      <TextLine id="region0006_line0017" custom="readingOrder {index:0;}">
        <Coords points="1265,2078 1261,2082 1259,2090 1245,2089 1237,2098 1198,2098 1190,2087 1177,2089 1173,2098 1154,2098 1143,2097 1137,2088 1124,2088 1116,2091 1111,2097 1068,2100 1040,2100 1033,2093 1020,2093 1010,2100 1002,2094 984,2095 979,2099 965,2099 961,2096 886,2097 879,2108 872,2109 847,2108 841,2098 827,2098 817,2104 809,2098 790,2096 727,2097 718,2100 711,2107 698,2107 691,2101 679,2101 670,2106 664,2100 653,2100 646,2106 608,2105 595,2104 587,2098 569,2097 488,2102 483,2107 483,2137 489,2143 543,2152 644,2147 650,2152 659,2148 678,2148 701,2152 722,2150 737,2155 757,2156 821,2155 827,2160 844,2155 861,2155 867,2160 875,2160 883,2156 908,2156 922,2151 950,2152 954,2156 967,2158 1002,2148 1024,2151 1057,2145 1118,2145 1120,2150 1134,2151 1143,2145 1207,2138 1217,2138 1236,2148 1245,2149 1254,2143 1262,2142 1391,2140 1427,2137 1433,2137 1446,2145 1456,2136 1467,2136 1472,2140 1488,2136 1500,2143 1527,2141 1543,2145 1555,2140 1586,2139 1593,2135 1602,2135 1610,2141 1622,2141 1634,2133 1651,2131 1683,2132 1687,2135 1706,2133 1717,2140 1727,2142 1759,2133 1788,2131 1818,2131 1829,2135 1908,2135 1911,2139 1919,2141 1928,2139 1930,2135 1936,2135 1942,2140 1951,2140 1974,2132 2041,2131 2041,2090 1992,2088 1987,2082 1976,2081 1902,2082 1883,2088 1878,2084 1869,2084 1857,2090 1825,2092 1781,2092 1776,2088 1766,2088 1761,2092 1737,2093 1663,2092 1653,2084 1607,2086 1573,2093 1558,2091 1547,2085 1535,2085 1531,2088 1509,2088 1469,2094 1431,2094 1426,2089 1414,2089 1408,2094 1379,2094 1369,2086 1358,2086 1350,2093 1287,2096 1276,2079"/>
        <Word id="region0006_line0017_word0000" custom="readingOrder {index:0;}">
          <Coords points="541,2098 541,2133 626,2132 626,2105 608,2105 595,2104 587,2098 569,2097"/>
          <TextEquiv conf="0.9635012">
            <Unicode>Eine</Unicode>
          </TextEquiv>
        </Word>
        <Word id="region0006_line0017_word0001" custom="readingOrder {index:1;}">
          <Coords points="650,2102 650,2139 730,2139 730,2096 727,2097 718,2100 711,2107 698,2107 691,2101 679,2101 670,2106 664,2100 653,2100"/>
          <TextEquiv>
            <Unicode>jede</Unicode>
          </TextEquiv>
        </Word>
        <Word id="region0006_line0017_word0002" custom="readingOrder {index:2;}">
          <Coords points="764,2117 883,2117 883,2140 764,2140"/>
          <TextEquiv conf="0.95494306">
            <Unicode>Sache,</Unicode>
          </TextEquiv>
        </Word>
        <Word id="region0006_line0017_word0003" custom="readingOrder {index:3;}">
          <Coords points="909,2096 909,2138 1038,2138 1038,2098 1033,2093 1020,2093 1010,2100 1002,2094 984,2095 979,2099 965,2099 961,2096"/>
          <TextEquiv conf="0.96764">
            <Unicode>folglich</Unicode>
          </TextEquiv>
        </Word>
        <Word id="word_1654071271896_3946" custom="readingOrder {index:4;}">
          <Coords points="1063,2100 1068,2100 1111,2097 1113,2094 1140,2094 1143,2097 1150,2097 1150,2137 1063,2137"/>
          <TextEquiv conf="0.8789672">
            <Unicode>auch</Unicode>
          </TextEquiv>
        </Word>
        <Word id="word_1654071271897_3948" custom="readingOrder {index:5;}">
          <Coords points="1164,2098 1173,2098 1174,2094 1194,2094 1198,2098 1214,2098 1214,2127 1164,2127"/>
          <TextEquiv conf="0.9177736">
            <Unicode>ein</Unicode>
          </TextEquiv>
        </Word>
        <Word id="region0006_line0017_word0006" custom="readingOrder {index:6;}">
          <Coords points="1278,2082 1261,2082 1261,2082 1259,2090 1245,2089 1240,2095 1240,2138 1327,2137 1327,2094 1287,2096"/>
          <TextEquiv>
            <Unicode>jedes</Unicode>
          </TextEquiv>
        </Word>
        <Word id="region0006_line0017_word0007" custom="readingOrder {index:7;}">
          <Coords points="1372,2089 1355,2089 1355,2134 1506,2134 1506,2089 1502,2089 1469,2094 1431,2094 1426,2089 1414,2089 1408,2094 1379,2094"/>
          <TextEquiv conf="0.88072646">
            <Unicode>Landgut,</Unicode>
          </TextEquiv>
        </Word>
        <Word id="word_1654071271897_3950" custom="readingOrder {index:8;}">
          <Coords points="1531,2094 1591,2094 1591,2135 1531,2135"/>
          <TextEquiv conf="0.9647995">
            <Unicode>hat</Unicode>
          </TextEquiv>
        </Word>
        <Word id="word_1654071271897_3952" custom="readingOrder {index:9;}">
          <Coords points="1612,2094 1693,2094 1693,2130 1612,2131"/>
          <TextEquiv conf="0.9681437">
            <Unicode>ſeine</Unicode>
          </TextEquiv>
        </Word>
        <Word id="word_1654071271897_3954" custom="readingOrder {index:10;}">
          <Coords points="1719,2094 1792,2094 1792,2131 1788,2131 1773,2132 1719,2132"/>
          <TextEquiv conf="0.94896543">
            <Unicode>gute</Unicode>
          </TextEquiv>
        </Word>
        <Word id="word_1654071271898_3956" custom="readingOrder {index:11;}">
          <Coords points="1819,2094 1887,2094 1887,2126 1819,2126"/>
          <TextEquiv conf="0.92907405">
            <Unicode>und</Unicode>
          </TextEquiv>
        </Word>
        <Word id="word_1654071271898_3958" custom="readingOrder {index:12;}">
          <Coords points="1914,2094 2035,2094 2035,2131 1974,2132 1969,2133 1914,2134"/>
          <TextEquiv>
            <Unicode>ſchlim⸗</Unicode>
          </TextEquiv>
        </Word>
        <TextEquiv>
          <Unicode>Eine jede Sache, folglich auch ein jedes Landgut, hat ſeine gute und ſchlim⸗</Unicode>
        </TextEquiv>
      </TextLine>
      <TextLine id="region0006_line0018" custom="readingOrder {index:1;}">
        <Coords points="1651,2132 1634,2134 1622,2142 1610,2142 1602,2136 1593,2136 1582,2144 1551,2143 1543,2146 1530,2143 1500,2144 1488,2137 1473,2143 1467,2137 1456,2137 1446,2146 1433,2138 1427,2138 1419,2140 1416,2144 1362,2143 1357,2140 1346,2140 1341,2143 1282,2147 1252,2147 1239,2150 1224,2146 1217,2139 1207,2139 1134,2152 1072,2152 1069,2147 1057,2146 1024,2152 1002,2149 967,2159 929,2156 922,2152 908,2157 887,2157 875,2161 848,2159 845,2156 832,2161 762,2160 756,2156 741,2156 738,2160 736,2155 722,2151 711,2153 705,2161 700,2161 698,2152 678,2149 659,2149 650,2153 644,2148 609,2148 575,2155 543,2153 537,2150 525,2151 492,2144 465,2144 445,2146 433,2155 365,2153 365,2198 407,2196 456,2202 481,2201 493,2205 526,2199 577,2196 601,2200 617,2198 625,2203 642,2199 662,2206 674,2204 680,2208 705,2203 707,2209 719,2211 727,2208 728,2203 775,2205 784,2210 795,2205 805,2207 821,2201 835,2204 902,2202 990,2206 1017,2202 1023,2208 1030,2208 1043,2201 1079,2197 1182,2194 1196,2190 1249,2193 1396,2189 1399,2193 1409,2195 1444,2187 1477,2188 1482,2193 1490,2194 1501,2187 1610,2183 1626,2183 1630,2187 1635,2187 1645,2181 1652,2184 1701,2186 1704,2190 1713,2192 1726,2191 1732,2186 1753,2188 1759,2185 1768,2185 1775,2189 1789,2188 1793,2185 1801,2191 1814,2186 1828,2185 1846,2185 1850,2188 1872,2190 1878,2185 1951,2185 1966,2182 1977,2192 1990,2190 1996,2185 2042,2185 2042,2178 2041,2139 1992,2138 1987,2132 1974,2133 1963,2139 1951,2141 1935,2139 1920,2142 1830,2142 1829,2136 1825,2133 1788,2132 1759,2134 1750,2137 1749,2142 1727,2143 1717,2141 1706,2134 1687,2136 1683,2133"/>
        <Word id="region0006_line0018_word0000" custom="readingOrder {index:0;}">
          <Coords points="382,2157 438,2157 438,2186 382,2186"/>
          <TextEquiv conf="0.9643356">
            <Unicode>me</Unicode>
          </TextEquiv>
        </Word>
        <Word id="region0006_line0018_word0001" custom="readingOrder {index:1;}">
          <Coords points="509,2147 465,2148 465,2192 584,2191 584,2153 575,2155 543,2153 537,2150 525,2151"/>
          <TextEquiv conf="0.7523851">
            <Unicode>Seite.</Unicode>
          </TextEquiv>
        </Word>
        <Word id="region0006_line0018_word0002" custom="readingOrder {index:2;}">
          <Coords points="636,2148 636,2195 759,2195 759,2158 756,2156 741,2156 738,2160 736,2155 722,2151 711,2153 705,2161 700,2161 698,2152 678,2149 659,2149 650,2153 644,2148"/>
          <TextEquiv conf="0.9372668">
            <Unicode>Dieſes</Unicode>
          </TextEquiv>
        </Word>
        <Word id="region0006_line0018_word0003" custom="readingOrder {index:3;}">
          <Coords points="784,2160 784,2192 860,2192 860,2159 848,2159 845,2156 832,2161"/>
          <TextEquiv conf="0.96366936">
            <Unicode>gute</Unicode>
          </TextEquiv>
        </Word>
        <Word id="region0006_line0018_word0004" custom="readingOrder {index:4;}">
          <Coords points="884,2158 884,2186 971,2185 971,2157 967,2159 929,2156 922,2152 908,2157 887,2157"/>
          <TextEquiv conf="0.5177726">
            <Unicode>oder</Unicode>
          </TextEquiv>
        </Word>
        <Word id="region0006_line0018_word0005" custom="readingOrder {index:5;}">
          <Coords points="995,2151 995,2194 1154,2194 1154,2148 1134,2152 1072,2152 1069,2147 1057,2146 1024,2152 1002,2149"/>
          <TextEquiv conf="0.9621648">
            <Unicode>ſchlimme</Unicode>
          </TextEquiv>
        </Word>
        <Word id="region0006_line0018_word0006" custom="readingOrder {index:6;}">
          <Coords points="1218,2140 1196,2140 1187,2142 1187,2184 1311,2183 1311,2145 1282,2147 1252,2147 1239,2150 1224,2146"/>
          <TextEquiv>
            <Unicode>koͤnnen</Unicode>
          </TextEquiv>
        </Word>
        <Word id="region0006_line0018_word0007" custom="readingOrder {index:7;}">
          <Coords points="1416,2144 1334,2144 1334,2190 1396,2189 1398,2192 1422,2192 1444,2187 1477,2188 1481,2192 1493,2192 1501,2187 1543,2185 1543,2146 1534,2144 1500,2144 1448,2144 1446,2146 1442,2144"/>
          <TextEquiv>
            <Unicode>dergleichen</Unicode>
          </TextEquiv>
        </Word>
        <Word id="region0006_line0018_word0008" custom="readingOrder {index:8;}">
          <Coords points="1610,2142 1585,2142 1582,2144 1576,2144 1576,2184 1610,2183 1626,2183 1630,2187 1635,2187 1645,2181 1652,2184 1701,2186 1703,2189 1728,2189 1732,2186 1746,2187 1746,2142 1727,2143 1718,2141 1622,2142 1622,2142 1610,2142"/>
          <TextEquiv>
            <Unicode>einfaͤltige</Unicode>
          </TextEquiv>
        </Word>
        <Word id="region0006_line0018_word0009" custom="readingOrder {index:9;}">
          <Coords points="1830,2142 1783,2142 1783,2188 1789,2188 1793,2185 1799,2190 1803,2190 1814,2186 1828,2185 1846,2185 1850,2188 1872,2190 1878,2185 1914,2185 1914,2142"/>
          <TextEquiv conf="0.96298116">
            <Unicode>Zeugen</Unicode>
          </TextEquiv>
        </Word>
        <Word id="region0006_line0018_word0010" custom="readingOrder {index:10;}">
          <Coords points="2034,2185 2034,2141 1950,2142 1950,2185 1951,2185 1966,2182 1973,2188 1991,2188 1996,2185"/>
          <TextEquiv conf="0.9612105">
            <Unicode>ohne</Unicode>
          </TextEquiv>
        </Word>
        <TextEquiv>
          <Unicode>me Seite. Dieſes gute oder ſchlimme koͤnnen dergleichen einfaͤltige Zeugen ohne</Unicode>
        </TextEquiv>
      </TextLine>
      <TextLine id="region0006_line0019" custom="readingOrder {index:2;}">
        <Coords points="1645,2182 1635,2188 1630,2188 1626,2184 1610,2184 1559,2186 1533,2192 1514,2192 1501,2188 1490,2195 1454,2188 1409,2196 1391,2194 1357,2197 1280,2196 1277,2192 1236,2198 1230,2191 1214,2191 1206,2195 1196,2191 1173,2200 1094,2203 1090,2198 1079,2198 1071,2203 1042,2205 1030,2209 1014,2207 1012,2204 985,2209 907,2208 890,2208 886,2205 837,2207 832,2203 821,2202 807,2208 795,2206 784,2211 726,2209 712,2212 702,2208 662,2207 642,2200 625,2204 617,2199 601,2201 591,2198 552,2197 517,2201 509,2206 490,2206 481,2202 471,2205 422,2205 414,2204 412,2199 407,2197 392,2197 383,2201 365,2201 365,2253 392,2256 406,2250 628,2250 691,2254 720,2261 732,2257 756,2256 770,2251 799,2251 803,2254 812,2254 815,2259 819,2259 832,2253 870,2254 888,2250 907,2252 952,2249 961,2252 991,2253 1104,2249 1121,2245 1202,2245 1203,2249 1215,2252 1230,2244 1280,2240 1343,2242 1354,2247 1361,2245 1361,2240 1368,2234 1373,2235 1379,2242 1407,2238 1488,2238 1496,2235 1551,2238 1567,2235 1680,2233 1692,2243 1705,2243 1712,2236 1761,2236 1782,2237 1784,2242 1792,2244 1812,2236 2042,2234 2042,2191 1977,2193 1972,2191 1969,2184 1957,2183 1950,2186 1949,2191 1914,2190 1908,2186 1900,2186 1893,2190 1872,2191 1814,2187 1801,2192 1793,2186 1777,2190 1759,2186 1747,2192 1713,2193 1703,2190 1652,2191 1651,2185"/>
        <Word id="region0006_line0019_word0000" custom="readingOrder {index:0;}">
          <Coords points="385,2200 385,2241 515,2241 515,2202 509,2206 490,2206 481,2202 471,2205 422,2205 414,2204 412,2199 407,2197 392,2197"/>
          <TextEquiv conf="0.9294982">
            <Unicode>fremde</Unicode>
          </TextEquiv>
        </Word>
        <Word id="region0006_line0019_word0001" custom="readingOrder {index:1;}">
          <Coords points="547,2197 547,2241 733,2241 733,2209 726,2209 712,2212 702,2208 662,2207 642,2200 625,2204 617,2199 601,2201 591,2198 552,2197"/>
          <TextEquiv conf="0.92152154">
            <Unicode>Anleitung</Unicode>
          </TextEquiv>
        </Word>
        <Word id="region0006_line0019_word0002" custom="readingOrder {index:2;}">
          <Coords points="766,2210 766,2240 852,2240 852,2206 837,2207 832,2203 821,2202 807,2208 795,2206 784,2211"/>
          <TextEquiv conf="0.9206739">
            <Unicode>nicht</Unicode>
          </TextEquiv>
        </Word>
        <Word id="region0006_line0019_word0003" custom="readingOrder {index:3;}">
          <Coords points="877,2205 877,2232 946,2231 946,2208 907,2208 890,2208 886,2205"/>
          <TextEquiv conf="0.9313253">
            <Unicode>von</Unicode>
          </TextEquiv>
        </Word>
        <Word id="region0006_line0019_word0004" custom="readingOrder {index:4;}">
          <Coords points="981,2208 981,2232 1133,2232 1133,2201 1094,2203 1090,2198 1079,2198 1071,2203 1042,2205 1030,2209 1014,2207 1012,2204 985,2209"/>
          <TextEquiv conf="0.93063974">
            <Unicode>einander</Unicode>
          </TextEquiv>
        </Word>
        <Word id="region0006_line0019_word0005" custom="readingOrder {index:5;}">
          <Coords points="1198,2191 1193,2191 1173,2200 1165,2200 1165,2240 1362,2239 1363,2238 1363,2196 1357,2197 1280,2196 1277,2192 1236,2198 1230,2191 1212,2191 1206,2195"/>
          <TextEquiv conf="0.9224096">
            <Unicode>abſondern,</Unicode>
          </TextEquiv>
        </Word>
        <Word id="region0006_line0019_word0006" custom="readingOrder {index:6;}">
          <Coords points="1396,2194 1396,2230 1464,2230 1464,2194 1420,2194 1409,2196"/>
          <TextEquiv conf="0.9325599">
            <Unicode>und</Unicode>
          </TextEquiv>
        </Word>
        <Word id="region0006_line0019_word0007" custom="readingOrder {index:7;}">
          <Coords points="1493,2195 1557,2195 1557,2231 1493,2231"/>
          <TextEquiv conf="0.9325125">
            <Unicode>das</Unicode>
          </TextEquiv>
        </Word>
        <Word id="region0006_line0019_word0008" custom="readingOrder {index:8;}">
          <Coords points="1652,2191 1584,2191 1584,2235 1680,2233 1687,2239 1710,2238 1712,2236 1761,2236 1782,2237 1782,2238 1807,2238 1812,2236 1821,2236 1821,2190 1806,2190 1801,2192 1798,2190 1750,2190 1747,2192 1713,2193 1705,2190 1671,2191 1652,2191"/>
          <TextEquiv conf="0.9222524">
            <Unicode>Uebergewicht</Unicode>
          </TextEquiv>
        </Word>
        <Word id="region0006_line0019_word0009" custom="readingOrder {index:9;}">
          <Coords points="1854,2195 1911,2195 1911,2229 1854,2229"/>
          <TextEquiv conf="0.93250775">
            <Unicode>des</Unicode>
          </TextEquiv>
        </Word>
        <Word id="region0006_line0019_word0010" custom="readingOrder {index:10;}">
          <Coords points="1971,2189 1949,2189 1949,2191 1942,2190 1942,2229 2033,2228 2033,2191 1977,2193 1972,2191"/>
          <TextEquiv conf="0.92391896">
            <Unicode>einen</Unicode>
          </TextEquiv>
        </Word>
        <TextEquiv conf="0.92725635">
          <Unicode>fremde Anleitung nicht von einander abſondern, und das Uebergewicht des einen</Unicode>
        </TextEquiv>
      </TextLine>
      <TextLine id="region0006_line0020" custom="readingOrder {index:3;}">
        <Coords points="1368,2235 1362,2240 1361,2246 1354,2248 1308,2248 1306,2243 1301,2241 1280,2241 1271,2249 1223,2250 1215,2253 1188,2250 1183,2246 1153,2251 1143,2251 1138,2246 1121,2246 1112,2249 1109,2254 1016,2258 965,2258 963,2253 952,2250 925,2250 918,2252 914,2258 907,2258 898,2251 888,2251 876,2254 873,2258 841,2260 839,2255 832,2254 819,2260 805,2260 799,2252 770,2252 753,2260 717,2262 708,2259 634,2256 628,2251 617,2251 612,2256 552,2256 546,2253 533,2253 528,2257 522,2257 504,2256 498,2252 490,2252 484,2256 443,2256 406,2251 392,2257 365,2255 365,2299 407,2302 497,2299 528,2302 543,2300 550,2302 638,2303 656,2300 662,2304 696,2305 708,2302 729,2307 734,2311 758,2308 766,2313 778,2313 788,2307 828,2304 850,2311 866,2303 914,2302 919,2308 930,2309 937,2303 968,2304 1013,2299 1068,2303 1078,2308 1090,2303 1108,2303 1127,2308 1140,2298 1183,2297 1201,2293 1213,2295 1222,2291 1270,2294 1278,2301 1291,2299 1293,2294 1352,2291 1357,2288 1480,2289 1494,2286 1508,2293 1519,2293 1523,2283 1528,2283 1535,2290 1656,2288 1662,2285 1676,2295 1689,2286 1695,2286 1706,2295 1723,2289 1773,2290 1775,2295 1784,2298 1806,2288 1839,2285 1865,2288 1880,2296 1899,2288 1928,2285 2004,2288 2021,2296 2028,2296 2036,2289 2042,2289 2042,2242 2034,2242 2033,2237 2028,2234 2009,2236 2004,2242 1931,2241 1908,2235 1896,2238 1894,2243 1857,2244 1827,2243 1824,2238 1812,2237 1804,2243 1792,2245 1692,2244 1680,2234 1671,2234 1663,2239 1651,2241 1631,2235 1567,2236 1555,2238 1551,2244 1535,2244 1526,2236 1496,2236 1489,2243 1425,2243 1420,2239 1407,2239 1401,2243 1380,2244 1373,2236"/>
        <Word id="region0006_line0020_word0000" custom="readingOrder {index:0;}">
          <Coords points="386,2256 386,2287 462,2287 462,2256 443,2256 406,2251 392,2257"/>
          <TextEquiv conf="0.94869345">
            <Unicode>oder</Unicode>
          </TextEquiv>
        </Word>
        <Word id="region0006_line0020_word0001" custom="readingOrder {index:1;}">
          <Coords points="489,2252 489,2287 548,2286 548,2254 546,2253 533,2253 528,2257 522,2257 504,2256 498,2252 490,2252"/>
          <TextEquiv conf="0.9600909">
            <Unicode>des</Unicode>
          </TextEquiv>
        </Word>
        <Word id="region0006_line0020_word0002" custom="readingOrder {index:2;}">
          <Coords points="574,2256 574,2285 698,2285 698,2258 634,2256 628,2251 617,2251 612,2256"/>
          <TextEquiv conf="0.963797">
            <Unicode>andern</Unicode>
          </TextEquiv>
        </Word>
        <Word id="region0006_line0020_word0003" custom="readingOrder {index:3;}">
          <Coords points="722,2261 722,2296 855,2296 855,2259 841,2260 839,2255 832,2254 819,2260 805,2260 799,2252 770,2252 753,2260"/>
          <TextEquiv>
            <Unicode>gehoͤrig</Unicode>
          </TextEquiv>
        </Word>
        <Word id="region0006_line0020_word0004" custom="readingOrder {index:4;}">
          <Coords points="880,2253 880,2294 1089,2293 1089,2254 1016,2258 965,2258 963,2253 952,2250 925,2250 918,2252 914,2258 907,2258 898,2251 888,2251"/>
          <TextEquiv conf="0.9680211">
            <Unicode>beſtimmen,</Unicode>
          </TextEquiv>
        </Word>
        <Word id="region0006_line0020_word0005" custom="readingOrder {index:5;}">
          <Coords points="1138,2246 1121,2246 1115,2248 1115,2297 1183,2297 1201,2293 1213,2295 1222,2291 1251,2292 1251,2249 1223,2250 1215,2253 1188,2250 1183,2246 1153,2251 1143,2251"/>
          <TextEquiv conf="0.9672535">
            <Unicode>ſondern</Unicode>
          </TextEquiv>
        </Word>
        <Word id="region0006_line0020_word0006" custom="readingOrder {index:6;}">
          <Coords points="1307,2246 1276,2246 1276,2294 1293,2294 1315,2292 1315,2248 1308,2248"/>
          <TextEquiv>
            <Unicode>ſie</Unicode>
          </TextEquiv>
        </Word>
        <Word id="region0006_line0020_word0007" custom="readingOrder {index:7;}">
          <Coords points="1374,2238 1364,2238 1362,2240 1361,2246 1354,2248 1341,2248 1341,2284 1470,2284 1470,2243 1425,2243 1420,2239 1407,2239 1401,2243 1380,2244"/>
          <TextEquiv conf="0.96404284">
            <Unicode>werden</Unicode>
          </TextEquiv>
        </Word>
        <Word id="region0006_line0020_word0008" custom="readingOrder {index:8;}">
          <Coords points="1566,2289 1566,2245 1498,2245 1498,2288 1508,2293 1519,2293 1523,2283 1528,2283 1535,2290"/>
          <TextEquiv conf="0.93294084">
            <Unicode>ihre</Unicode>
          </TextEquiv>
        </Word>
        <Word id="region0006_line0020_word0009" custom="readingOrder {index:9;}">
          <Coords points="1691,2243 1585,2244 1585,2289 1656,2288 1662,2285 1672,2292 1680,2292 1689,2286 1695,2286 1703,2292 1714,2292 1723,2289 1760,2290 1760,2245 1692,2244"/>
          <TextEquiv conf="0.92757064">
            <Unicode>Ausſagen</Unicode>
          </TextEquiv>
        </Word>
        <Word id="region0006_line0020_word0010" custom="readingOrder {index:10;}">
          <Coords points="1827,2243 1804,2243 1792,2245 1783,2244 1783,2293 1795,2293 1806,2288 1839,2285 1865,2288 1874,2293 1887,2293 1899,2288 1927,2285 1927,2243 1894,2243 1857,2244"/>
          <TextEquiv conf="0.8665867">
            <Unicode>jederzeit</Unicode>
          </TextEquiv>
        </Word>
        <Word id="region0006_line0020_word0011" custom="readingOrder {index:11;}">
          <Coords points="2035,2289 2035,2243 1955,2244 1955,2286 2004,2288 2011,2291 2033,2291"/>
          <TextEquiv conf="0.9646639">
            <Unicode>nach</Unicode>
          </TextEquiv>
        </Word>
        <TextEquiv>
          <Unicode>oder des andern gehoͤrig beſtimmen, ſondern ſie werden ihre Ausſagen jederzeit nach</Unicode>
        </TextEquiv>
      </TextLine>
      <TextLine id="region0006_line0021" custom="readingOrder {index:4;}">
        <Coords points="1523,2284 1522,2292 1519,2294 1502,2294 1497,2288 1487,2287 1481,2289 1477,2295 1411,2291 1406,2294 1374,2296 1373,2291 1369,2289 1357,2289 1351,2292 1349,2297 1292,2299 1278,2302 1238,2302 1235,2294 1222,2292 1213,2296 1201,2294 1189,2297 1185,2303 1149,2304 1144,2300 1137,2300 1127,2309 1109,2305 1078,2309 1059,2307 1046,2301 1013,2300 982,2302 975,2304 973,2309 922,2310 914,2303 906,2303 901,2308 866,2304 859,2311 847,2312 840,2307 828,2305 819,2311 782,2311 778,2314 760,2311 734,2312 729,2308 708,2303 699,2304 693,2310 670,2310 663,2309 656,2301 645,2301 639,2305 635,2302 623,2302 618,2305 566,2307 561,2303 543,2301 457,2301 432,2307 393,2300 365,2300 365,2342 365,2350 392,2351 412,2348 421,2352 466,2357 574,2354 575,2358 584,2361 594,2358 595,2354 601,2351 628,2350 668,2355 686,2353 693,2357 728,2362 757,2356 798,2358 832,2353 877,2356 921,2351 929,2354 965,2354 977,2358 989,2356 1004,2361 1034,2361 1042,2360 1055,2351 1070,2351 1078,2343 1083,2346 1084,2352 1189,2349 1193,2354 1208,2356 1221,2348 1251,2348 1276,2352 1332,2351 1359,2345 1378,2347 1403,2338 1535,2343 1536,2347 1543,2350 1550,2350 1558,2344 1579,2342 1671,2338 1685,2339 1689,2343 1727,2339 1889,2343 1924,2339 1930,2342 1978,2342 1990,2346 1998,2341 2042,2338 2042,2297 1990,2294 1986,2289 1976,2287 1912,2287 1899,2289 1893,2296 1880,2297 1865,2289 1839,2286 1806,2289 1784,2299 1776,2296 1728,2294 1724,2291 1706,2296 1695,2287 1685,2288 1676,2296 1662,2286 1650,2295 1624,2295 1620,2289 1605,2289 1600,2292 1599,2297 1576,2297 1565,2294 1535,2294 1528,2284"/>
        <Word id="region0006_line0021_word0000" custom="readingOrder {index:0;}">
          <Coords points="398,2301 383,2301 383,2338 440,2338 440,2305 432,2307"/>
          <TextEquiv conf="0.9604677">
            <Unicode>der</Unicode>
          </TextEquiv>
        </Word>
        <Word id="region0006_line0021_word0001" custom="readingOrder {index:1;}">
          <Coords points="470,2301 470,2348 595,2347 595,2305 566,2307 561,2303 543,2301"/>
          <TextEquiv conf="0.8001856">
            <Unicode>Seite,</Unicode>
          </TextEquiv>
        </Word>
        <Word id="region0006_line0021_word0002" custom="readingOrder {index:2;}">
          <Coords points="624,2302 624,2336 674,2336 674,2310 670,2310 663,2309 656,2301 645,2301 639,2305 635,2302"/>
          <TextEquiv conf="0.9640795">
            <Unicode>die</Unicode>
          </TextEquiv>
        </Word>
        <Word id="region0006_line0021_word0003" custom="readingOrder {index:3;}">
          <Coords points="703,2303 703,2346 800,2346 800,2311 782,2311 778,2314 760,2311 734,2312 729,2308 708,2303"/>
          <TextEquiv conf="0.9507506">
            <Unicode>ihren</Unicode>
          </TextEquiv>
        </Word>
        <Word id="region0006_line0021_word0004" custom="readingOrder {index:4;}">
          <Coords points="828,2305 828,2337 878,2337 878,2305 866,2304 859,2311 847,2312 840,2307"/>
          <TextEquiv conf="0.9670532">
            <Unicode>bei</Unicode>
          </TextEquiv>
        </Word>
        <Word id="region0006_line0021_word0005" custom="readingOrder {index:5;}">
          <Coords points="908,2303 908,2336 980,2336 980,2302 975,2304 973,2309 922,2310 914,2303"/>
          <TextEquiv conf="0.93156415">
            <Unicode>dem</Unicode>
          </TextEquiv>
        </Word>
        <Word id="region0006_line0021_word0006" custom="readingOrder {index:6;}">
          <Coords points="1083,2346 1254,2346 1254,2302 1238,2302 1235,2294 1222,2292 1213,2296 1201,2294 1189,2297 1185,2303 1149,2304 1144,2300 1137,2300 1127,2309 1109,2305 1078,2309 1059,2307 1046,2301 1013,2300 1003,2300 1003,2346 1075,2346 1078,2343"/>
          <TextEquiv conf="0.91621435">
            <Unicode>Zeugenverhoͤr</Unicode>
          </TextEquiv>
        </Word>
        <Word id="region0006_line0021_word0007" custom="readingOrder {index:7;}">
          <Coords points="1373,2293 1350,2293 1349,2297 1292,2299 1287,2300 1287,2343 1389,2343 1403,2338 1421,2338 1421,2293 1407,2293 1406,2294 1374,2296"/>
          <TextEquiv conf="0.92711365">
            <Unicode>gezeiget</Unicode>
          </TextEquiv>
        </Word>
        <Word id="region0006_line0021_word0008" custom="readingOrder {index:8;}">
          <Coords points="1530,2287 1523,2287 1522,2292 1519,2294 1502,2294 1497,2288 1487,2287 1481,2289 1477,2295 1452,2293 1452,2340 1535,2343 1536,2346 1555,2346 1556,2346 1556,2294 1535,2294"/>
          <TextEquiv conf="0.9099572">
            <Unicode>wird,</Unicode>
          </TextEquiv>
        </Word>
        <Word id="region0006_line0021_word0009" custom="readingOrder {index:9;}">
          <Coords points="1624,2295 1599,2295 1599,2297 1591,2297 1591,2341 1671,2338 1685,2339 1688,2342 1694,2342 1727,2339 1776,2340 1776,2296 1734,2294 1712,2294 1706,2296 1704,2294 1678,2295 1676,2296 1674,2295 1650,2295 1650,2295 1624,2295"/>
          <TextEquiv conf="0.9417534">
            <Unicode>einrichten.</Unicode>
          </TextEquiv>
        </Word>
        <Word id="region0006_line0021_word0010" custom="readingOrder {index:10;}">
          <Coords points="1874,2294 1830,2294 1830,2337 1899,2337 1899,2294 1894,2294 1893,2296 1880,2297"/>
          <TextEquiv conf="0.9097855">
            <Unicode>Ein</Unicode>
          </TextEquiv>
        </Word>
        <Word id="region0006_line0021_word0011" custom="readingOrder {index:11;}">
          <Coords points="1990,2293 1928,2294 1928,2341 2009,2340 2036,2338 2036,2297 1990,2294"/>
          <TextEquiv>
            <Unicode>Taxa⸗</Unicode>
          </TextEquiv>
        </Word>
        <TextEquiv>
          <Unicode>der Seite, die ihren bei dem Zeugenverhoͤr gezeiget wird, einrichten. Ein Taxa⸗</Unicode>
        </TextEquiv>
      </TextLine>
      <TextLine id="region0006_line0022" custom="readingOrder {index:5;}">
        <Coords points="1403,2339 1378,2348 1359,2347 1332,2352 1302,2353 1214,2354 1208,2357 1118,2357 1110,2351 1084,2353 1082,2346 1078,2344 1070,2352 1053,2353 1049,2361 1034,2362 1004,2362 989,2357 927,2359 921,2352 909,2352 898,2358 832,2354 810,2361 757,2357 740,2359 732,2363 694,2361 689,2355 675,2354 669,2361 653,2361 648,2359 647,2354 628,2351 601,2352 596,2354 594,2359 584,2362 576,2359 502,2361 483,2357 439,2357 422,2355 416,2350 406,2349 389,2353 365,2353 365,2354 367,2399 377,2399 382,2394 389,2393 402,2400 427,2398 432,2402 450,2400 474,2405 491,2403 500,2406 541,2406 548,2402 592,2402 608,2406 610,2410 618,2412 636,2412 642,2406 727,2407 742,2404 781,2409 819,2408 827,2413 835,2405 851,2409 902,2407 909,2412 920,2412 927,2406 1011,2404 1031,2404 1077,2411 1101,2400 1146,2405 1152,2402 1251,2398 1281,2392 1292,2393 1296,2398 1309,2393 1398,2392 1408,2399 1413,2399 1420,2397 1424,2392 1465,2390 1480,2393 1516,2391 1534,2395 1718,2395 1725,2405 1737,2404 1742,2395 1746,2395 1753,2404 1763,2404 1777,2395 1795,2397 1808,2403 1859,2406 1879,2405 1883,2402 1884,2395 1891,2393 1908,2393 1915,2403 1924,2403 1934,2394 2043,2393 2043,2376 2042,2346 1990,2347 1978,2343 1972,2347 1931,2347 1927,2341 1911,2340 1903,2343 1901,2347 1874,2347 1869,2342 1856,2342 1847,2346 1808,2348 1786,2340 1727,2340 1718,2343 1707,2341 1689,2344 1685,2340 1671,2339 1639,2341 1629,2347 1595,2347 1589,2343 1579,2343 1573,2347 1556,2347 1550,2351 1543,2351 1537,2348 1464,2346 1437,2343 1432,2340"/>
        <Word id="region0006_line0022_word0000" custom="readingOrder {index:0;}">
          <Coords points="419,2353 389,2353 389,2353 388,2353 389,2393 389,2393 402,2400 402,2400 427,2398 429,2400 732,2399 731,2363 694,2361 689,2355 675,2354 669,2361 653,2361 648,2359 647,2354 636,2352 600,2352 596,2354 594,2359 584,2362 576,2359 502,2361 483,2357 439,2357 422,2355"/>
          <TextEquiv>
            <Unicode>tionscommiſſarius</Unicode>
          </TextEquiv>
        </Word>
        <Word id="region0006_line0022_word0001" custom="readingOrder {index:1;}">
          <Coords points="758,2357 759,2400 841,2400 840,2354 832,2354 810,2361"/>
          <TextEquiv conf="0.9638449">
            <Unicode>darf</Unicode>
          </TextEquiv>
        </Word>
        <Word id="region0006_line0022_word0002" custom="readingOrder {index:2;}">
          <Coords points="922,2353 906,2353 898,2358 860,2355 861,2401 961,2400 960,2357 927,2359"/>
          <TextEquiv conf="0.8278206">
            <Unicode>daher</Unicode>
          </TextEquiv>
        </Word>
        <Word id="region0006_line0022_word0003" custom="readingOrder {index:3;}">
          <Coords points="983,2357 984,2391 1045,2391 1044,2361 1034,2362 1004,2362 989,2357"/>
          <TextEquiv conf="0.92753875">
            <Unicode>den</Unicode>
          </TextEquiv>
        </Word>
        <Word id="region0006_line0022_word0004" custom="readingOrder {index:4;}">
          <Coords points="1200,2400 1199,2357 1118,2357 1110,2351 1084,2353 1082,2346 1078,2344 1070,2352 1069,2352 1070,2401 1099,2401 1101,2400 1110,2401 1177,2401"/>
          <TextEquiv>
            <Unicode>Zeugen</Unicode>
          </TextEquiv>
        </Word>
        <Word id="region0006_line0022_word0005" custom="readingOrder {index:5;}">
          <Coords points="1310,2393 1309,2359 1224,2360 1225,2398 1253,2398 1281,2392 1292,2393 1295,2397 1298,2397 1309,2393"/>
          <TextEquiv conf="0.9011798">
            <Unicode>nur,</Unicode>
          </TextEquiv>
        </Word>
        <Word id="region0006_line0022_word0006" custom="readingOrder {index:6;}">
          <Coords points="1497,2392 1497,2349 1348,2349 1342,2350 1342,2392 1398,2392 1405,2397 1420,2397 1424,2392 1465,2390 1480,2393"/>
          <TextEquiv conf="0.91358095">
            <Unicode>nachdem</Unicode>
          </TextEquiv>
        </Word>
        <Word id="region0006_line0022_word0007" custom="readingOrder {index:7;}">
          <Coords points="1525,2361 1557,2361 1558,2390 1526,2390"/>
          <TextEquiv conf="0.92989343">
            <Unicode>er</Unicode>
          </TextEquiv>
        </Word>
        <Word id="region0006_line0022_word0008" custom="readingOrder {index:8;}">
          <Coords points="1579,2355 1642,2354 1643,2390 1580,2391"/>
          <TextEquiv conf="0.92781967">
            <Unicode>den</Unicode>
          </TextEquiv>
        </Word>
        <Word id="region0006_line0022_word0009" custom="readingOrder {index:9;}">
          <Coords points="1801,2400 1827,2400 1826,2349 1664,2349 1664,2395 1718,2395 1721,2400 1739,2400 1742,2395 1746,2395 1749,2400 1769,2400 1777,2395 1795,2397"/>
          <TextEquiv conf="0.9103827">
            <Unicode>Anſchlag</Unicode>
          </TextEquiv>
        </Word>
        <Word id="region0006_line0022_word0010" custom="readingOrder {index:10;}">
          <Coords points="1932,2394 1932,2348 1853,2348 1854,2400 1883,2400 1884,2395 1891,2393 1908,2393 1912,2400 1927,2400"/>
          <TextEquiv conf="0.9094826">
            <Unicode>hoch</Unicode>
          </TextEquiv>
        </Word>
        <Word id="region0006_line0022_word0011" custom="readingOrder {index:11;}">
          <Coords points="1961,2353 2036,2352 2037,2387 1962,2388"/>
          <TextEquiv conf="0.9280927">
            <Unicode>oder</Unicode>
          </TextEquiv>
        </Word>
        <TextEquiv>
          <Unicode>tionscommiſſarius darf daher den Zeugen nur, nachdem er den Anſchlag hoch oder</Unicode>
        </TextEquiv>
      </TextLine>
      <TextLine id="region0006_line0023" custom="readingOrder {index:6;}">
        <Coords points="385,2394 376,2401 367,2401 367,2445 380,2445 395,2452 406,2452 412,2447 417,2447 472,2453 503,2464 524,2458 594,2457 600,2453 607,2453 617,2463 633,2463 641,2458 715,2457 766,2461 768,2465 778,2467 786,2465 789,2461 833,2458 899,2465 911,2459 945,2456 1054,2456 1081,2458 1088,2465 1096,2465 1103,2458 1109,2458 1115,2463 1126,2463 1137,2455 1241,2449 1314,2449 1406,2443 1452,2445 1462,2455 1480,2455 1487,2446 1641,2448 1646,2443 1645,2419 1641,2416 1623,2417 1622,2408 1617,2403 1534,2399 1516,2392 1501,2394 1496,2398 1482,2398 1481,2394 1475,2391 1465,2391 1451,2398 1413,2400 1399,2394 1391,2398 1362,2398 1358,2394 1342,2393 1309,2394 1296,2399 1292,2394 1281,2393 1254,2397 1247,2404 1232,2405 1164,2406 1162,2403 1152,2403 1146,2406 1101,2401 1077,2412 1026,2410 1022,2405 1007,2406 1003,2410 951,2411 946,2407 936,2407 920,2413 852,2413 846,2407 835,2406 827,2414 819,2409 781,2410 742,2405 732,2406 725,2413 618,2413 601,2411 599,2406 592,2403 583,2403 575,2409 564,2409 559,2403 548,2403 533,2410 506,2411 491,2404 474,2407 450,2401 437,2404 427,2399 402,2401"/>
        <Word id="region0006_line0023_word0000" custom="readingOrder {index:0;}">
          <Coords points="394,2398 386,2398 386,2447 395,2452 406,2452 412,2447 417,2447 472,2453 516,2453 516,2410 506,2411 491,2404 474,2407 450,2401 437,2404 427,2399 402,2401"/>
          <TextEquiv>
            <Unicode>niedrig</Unicode>
          </TextEquiv>
        </Word>
        <Word id="region0006_line0023_word0001" custom="readingOrder {index:1;}">
          <Coords points="560,2404 543,2404 542,2405 542,2449 679,2448 679,2413 618,2413 601,2411 599,2406 595,2404 580,2404 575,2409 564,2409"/>
          <TextEquiv conf="0.9657999">
            <Unicode>bringen</Unicode>
          </TextEquiv>
        </Word>
        <Word id="region0006_line0023_word0002" custom="readingOrder {index:2;}">
          <Coords points="702,2413 702,2452 789,2452 789,2409 781,2410 742,2405 732,2406 725,2413"/>
          <TextEquiv conf="0.95316994">
            <Unicode>will,</Unicode>
          </TextEquiv>
        </Word>
        <Word id="region0006_line0023_word0003" custom="readingOrder {index:3;}">
          <Coords points="813,2409 813,2442 861,2442 861,2413 852,2413 846,2407 835,2406 827,2414 819,2409"/>
          <TextEquiv conf="0.96270746">
            <Unicode>die</Unicode>
          </TextEquiv>
        </Word>
        <Word id="region0006_line0023_word0004" custom="readingOrder {index:4;}">
          <Coords points="947,2408 932,2408 920,2413 886,2413 886,2449 963,2448 963,2410 951,2411"/>
          <TextEquiv conf="0.7727503">
            <Unicode>gute</Unicode>
          </TextEquiv>
        </Word>
        <Word id="region0006_line0023_word0005" custom="readingOrder {index:5;}">
          <Coords points="1023,2407 1006,2407 1003,2410 991,2410 991,2442 1066,2442 1066,2411 1026,2410"/>
          <TextEquiv conf="0.932796">
            <Unicode>oder</Unicode>
          </TextEquiv>
        </Word>
        <Word id="region0006_line0023_word0006" custom="readingOrder {index:6;}">
          <Coords points="1128,2404 1094,2404 1087,2407 1087,2453 1171,2453 1241,2449 1246,2449 1246,2404 1232,2405 1164,2406 1162,2404 1150,2404 1146,2406"/>
          <TextEquiv conf="0.9601819">
            <Unicode>ſchlimme</Unicode>
          </TextEquiv>
        </Word>
        <Word id="region0006_line0023_word0007" custom="readingOrder {index:7;}">
          <Coords points="1267,2400 1372,2400 1372,2443 1267,2443"/>
          <TextEquiv conf="0.9329698">
            <Unicode>Seite</Unicode>
          </TextEquiv>
        </Word>
        <Word id="region0006_line0023_word0008" custom="readingOrder {index:8;}">
          <Coords points="1575,2401 1396,2401 1396,2443 1406,2443 1452,2445 1457,2450 1483,2450 1487,2446 1584,2447 1584,2401"/>
          <TextEquiv conf="0.90279025">
            <Unicode>vorhalten.</Unicode>
          </TextEquiv>
        </Word>
        <TextEquiv>
          <Unicode>niedrig bringen will, die gute oder ſchlimme Seite vorhalten.</Unicode>
        </TextEquiv>
      </TextLine>
      <TextEquiv>
        <Unicode>Eine jede Sache, folglich auch ein jedes Landgut, hat ſeine gute und ſchlim⸗&#13;
me Seite. Dieſes gute oder ſchlimme koͤnnen dergleichen einfaͤltige Zeugen ohne&#13;
fremde Anleitung nicht von einander abſondern, und das Uebergewicht des einen&#13;
oder des andern gehoͤrig beſtimmen, ſondern ſie werden ihre Ausſagen jederzeit nach&#13;
der Seite, die ihren bei dem Zeugenverhoͤr gezeiget wird, einrichten. Ein Taxa⸗&#13;
tionscommiſſarius darf daher den Zeugen nur, nachdem er den Anſchlag hoch oder&#13;
niedrig bringen will, die gute oder ſchlimme Seite vorhalten.</Unicode>
      </TextEquiv>
    </TextRegion>
    <TextRegion orientation="0.15968297" readingDirection="left-to-right" id="TextRegion_1654071274900_3962" custom="readingOrder {index:8;}">
      <Coords points="365,2455 2043,2455 2045,2638 367,2649"/>
      <TextLine id="region0006_line0024" custom="readingOrder {index:0;}">
        <Coords points="1370,2448 1363,2453 1361,2462 1357,2462 1348,2454 1338,2452 1278,2452 1273,2457 1272,2467 1252,2467 1248,2462 1238,2458 1215,2458 1180,2460 1176,2463 1174,2472 1169,2471 1165,2462 1153,2461 1146,2468 1133,2465 1124,2471 1066,2474 1062,2465 1049,2464 1034,2475 1028,2476 915,2478 899,2478 897,2470 892,2466 882,2467 870,2479 861,2467 849,2468 844,2478 834,2467 819,2470 815,2467 802,2469 787,2466 734,2466 697,2475 690,2464 679,2465 666,2476 663,2476 656,2466 645,2466 639,2476 629,2476 616,2474 614,2460 607,2454 600,2454 593,2461 540,2462 524,2459 516,2463 482,2467 478,2472 478,2498 500,2509 519,2514 524,2509 533,2510 543,2516 558,2510 563,2514 618,2522 630,2527 676,2517 730,2524 811,2524 817,2530 834,2530 840,2529 844,2523 884,2519 908,2518 914,2522 924,2519 980,2521 989,2513 1000,2520 1021,2520 1124,2517 1140,2512 1146,2512 1152,2517 1170,2517 1175,2512 1182,2511 1186,2524 1190,2524 1194,2523 1195,2514 1199,2511 1246,2511 1254,2504 1262,2510 1290,2510 1295,2504 1299,2504 1304,2513 1317,2518 1322,2517 1325,2511 1335,2504 1365,2511 1378,2511 1382,2514 1403,2510 1408,2505 1415,2504 1424,2515 1433,2518 1443,2515 1445,2511 1628,2511 1651,2512 1658,2517 1672,2518 1683,2513 1723,2512 1737,2508 1746,2518 1750,2518 1756,2516 1759,2511 1811,2513 1823,2510 1833,2517 1864,2510 1925,2507 2044,2508 2044,2484 2043,2462 2006,2462 2002,2452 1990,2450 1942,2452 1938,2455 1936,2463 1909,2461 1893,2453 1799,2452 1791,2454 1787,2463 1782,2465 1759,2465 1752,2455 1741,2455 1730,2462 1722,2455 1712,2455 1704,2465 1699,2457 1686,2456 1673,2465 1620,2464 1615,2459 1605,2459 1598,2464 1560,2467 1554,2458 1542,2457 1535,2467 1530,2467 1510,2465 1508,2458 1501,2453 1493,2453 1484,2460 1471,2458 1466,2462 1385,2463 1383,2451 1379,2448"/>
        <Word id="word_1654071274956_3965" custom="readingOrder {index:0;}">
          <Coords points="524,2459 540,2462 593,2461 599,2455 606,2455 606,2502 505,2503 505,2464 516,2463"/>
          <TextEquiv conf="0.91317123">
            <Unicode>Es</Unicode>
          </TextEquiv>
        </Word>
        <Word id="region0006_line0024_word0001" custom="readingOrder {index:1;}">
          <Coords points="626,2475 626,2511 728,2511 728,2467 697,2475 690,2464 679,2465 666,2476 663,2476 656,2466 645,2466 639,2476 629,2476"/>
          <TextEquiv conf="0.9248873">
            <Unicode>giebet</Unicode>
          </TextEquiv>
        </Word>
        <Word id="region0006_line0024_word0002" custom="readingOrder {index:2;}">
          <Coords points="745,2466 745,2511 926,2510 926,2477 915,2478 899,2478 897,2470 892,2466 882,2467 870,2479 861,2467 849,2468 844,2478 834,2467 819,2470 815,2467 802,2469 787,2466"/>
          <TextEquiv>
            <Unicode>Beiſpiele,</Unicode>
          </TextEquiv>
        </Word>
        <Word id="region0006_line0024_word0003" custom="readingOrder {index:3;}">
          <Coords points="950,2477 950,2501 1003,2501 1003,2476"/>
          <TextEquiv conf="0.96253276">
            <Unicode>wo</Unicode>
          </TextEquiv>
        </Word>
        <Word id="region0006_line0024_word0004" custom="readingOrder {index:4;}">
          <Coords points="1027,2476 1027,2501 1105,2501 1105,2471 1066,2474 1062,2465 1049,2464 1034,2475 1028,2476"/>
          <TextEquiv conf="0.96680963">
            <Unicode>eben</Unicode>
          </TextEquiv>
        </Word>
        <Word id="region0006_line0024_word0005" custom="readingOrder {index:5;}">
          <Coords points="1244,2460 1179,2461 1176,2463 1174,2472 1169,2471 1165,2462 1153,2461 1146,2468 1133,2465 1132,2466 1132,2512 1177,2512 1182,2511 1182,2512 1198,2512 1199,2511 1246,2511 1254,2504 1262,2510 1283,2510 1283,2460 1273,2460 1272,2467 1252,2467 1248,2462"/>
          <TextEquiv conf="0.96532714">
            <Unicode>dieſelben</Unicode>
          </TextEquiv>
        </Word>
        <Word id="region0006_line0024_word0006" custom="readingOrder {index:6;}">
          <Coords points="1343,2453 1301,2453 1301,2508 1301,2508 1329,2508 1335,2504 1352,2508 1405,2508 1408,2505 1415,2504 1418,2508 1443,2508 1443,2462 1385,2463 1383,2453 1363,2453 1361,2462 1357,2462 1348,2454"/>
          <TextEquiv conf="0.9600645">
            <Unicode>Zeugen,</Unicode>
          </TextEquiv>
        </Word>
        <Word id="region0006_line0024_word0007" custom="readingOrder {index:7;}">
          <Coords points="1508,2458 1486,2458 1484,2460 1471,2458 1471,2499 1521,2499 1521,2466 1510,2465"/>
          <TextEquiv conf="0.9644939">
            <Unicode>die</Unicode>
          </TextEquiv>
        </Word>
        <Word id="region0006_line0024_word0008" custom="readingOrder {index:8;}">
          <Coords points="1556,2462 1544,2462 1544,2501 1578,2501 1578,2465 1560,2467"/>
          <TextEquiv conf="0.9644939">
            <Unicode>in</Unicode>
          </TextEquiv>
        </Word>
        <Word id="region0006_line0024_word0009" custom="readingOrder {index:9;}">
          <Coords points="1616,2460 1604,2461 1604,2510 1732,2509 1737,2508 1738,2509 1799,2509 1799,2460 1788,2460 1787,2463 1782,2465 1759,2465 1755,2460 1732,2460 1730,2462 1728,2460 1707,2460 1704,2465 1701,2460 1679,2460 1673,2465 1620,2464"/>
          <TextEquiv conf="0.92994064">
            <Unicode>dergleichen</Unicode>
          </TextEquiv>
        </Word>
        <Word id="region0006_line0024_word0010" custom="readingOrder {index:10;}">
          <Coords points="1905,2459 1816,2459 1816,2508 1904,2508 1925,2507 1930,2507 1930,2462 1909,2461"/>
          <TextEquiv>
            <Unicode>Faͤllen</Unicode>
          </TextEquiv>
        </Word>
        <Word id="region0006_line0024_word0011" custom="readingOrder {index:11;}">
          <Coords points="2004,2458 1956,2459 1956,2500 2035,2499 2035,2462 2006,2462"/>
          <TextEquiv>
            <Unicode>uͤber</Unicode>
          </TextEquiv>
        </Word>
        <TextEquiv>
          <Unicode>Es giebet Beiſpiele, wo eben dieſelben Zeugen, die in dergleichen Faͤllen uͤber</Unicode>
        </TextEquiv>
      </TextLine>
      <TextLine id="region0006_line0025" custom="readingOrder {index:1;}">
        <Coords points="385,2478 379,2484 379,2492 392,2503 367,2504 367,2542 441,2546 457,2551 497,2554 536,2563 548,2559 558,2565 593,2568 608,2573 617,2568 631,2571 656,2569 665,2576 679,2569 696,2573 759,2575 766,2580 775,2572 803,2575 811,2565 820,2566 829,2577 834,2573 844,2572 887,2573 893,2579 916,2579 922,2572 968,2572 975,2569 1041,2569 1053,2577 1059,2571 1071,2568 1080,2571 1086,2577 1094,2577 1103,2570 1168,2570 1227,2567 1232,2564 1295,2564 1342,2561 1347,2558 1461,2563 1478,2570 1487,2570 1499,2562 1543,2565 1593,2565 1609,2562 1631,2565 1634,2568 1643,2561 1680,2562 1696,2570 1704,2568 1707,2563 1809,2557 1833,2560 1868,2557 1952,2560 1973,2562 1980,2567 1991,2566 1998,2561 2044,2559 2044,2514 1978,2515 1948,2512 1940,2508 1833,2518 1826,2512 1815,2511 1810,2516 1746,2519 1737,2509 1733,2509 1726,2512 1724,2517 1580,2521 1448,2516 1433,2519 1424,2516 1415,2505 1408,2506 1402,2515 1382,2515 1378,2512 1352,2514 1349,2507 1335,2505 1330,2507 1322,2518 1317,2519 1304,2514 1299,2505 1295,2505 1290,2511 1262,2511 1254,2505 1246,2512 1199,2512 1196,2514 1195,2523 1190,2525 1185,2524 1182,2512 1178,2512 1170,2518 1169,2523 1155,2523 1148,2514 1140,2513 1124,2518 1093,2517 1086,2519 1081,2525 1052,2527 1000,2526 1000,2521 992,2514 980,2522 961,2522 958,2526 937,2528 930,2528 925,2520 914,2523 908,2519 884,2520 879,2522 876,2530 798,2531 787,2527 751,2526 746,2523 729,2526 693,2526 687,2519 676,2518 666,2519 657,2526 630,2528 601,2524 587,2517 563,2515 558,2511 543,2517 533,2511 524,2510 519,2515 500,2510 478,2499 473,2500 469,2506 460,2506 459,2493 454,2488 443,2488 437,2495 430,2488 422,2488 414,2494 408,2494 399,2481"/>
        <Word id="region0006_line0025_word0000" custom="readingOrder {index:0;}">
          <Coords points="390,2503 390,2528 532,2528 532,2510 524,2510 519,2515 500,2510 478,2499 473,2500 469,2506 460,2506 459,2493 454,2488 443,2488 437,2495 430,2488 422,2488 414,2494 408,2494 399,2481 390,2479 390,2501 392,2503"/>
          <TextEquiv conf="0.70828277">
            <Unicode>einerlei</Unicode>
          </TextEquiv>
        </Word>
        <Word id="region0006_line0025_word0001" custom="readingOrder {index:1;}">
          <Coords points="556,2511 556,2538 778,2538 778,2526 751,2526 746,2523 729,2526 693,2526 687,2519 676,2518 666,2519 657,2526 630,2528 601,2524 587,2517 563,2515 558,2511"/>
          <TextEquiv conf="0.92255104">
            <Unicode>Gegenſtand,</Unicode>
          </TextEquiv>
        </Word>
        <Word id="region0006_line0025_word0002" custom="readingOrder {index:2;}">
          <Coords points="815,2530 815,2545 951,2544 951,2526 937,2528 930,2528 925,2520 914,2523 908,2519 884,2520 879,2522 876,2530"/>
          <TextEquiv conf="0.90584517">
            <Unicode>gewiſſer</Unicode>
          </TextEquiv>
        </Word>
        <Word id="region0006_line0025_word0003" custom="readingOrder {index:3;}">
          <Coords points="981,2521 981,2544 1241,2544 1241,2512 1199,2512 1196,2514 1195,2523 1190,2525 1185,2524 1182,2512 1178,2512 1170,2518 1169,2523 1155,2523 1148,2514 1140,2513 1124,2518 1093,2517 1086,2519 1081,2525 1052,2527 1000,2526 1000,2521 992,2514"/>
          <TextEquiv conf="0.9200576">
            <Unicode>vorgefallener</Unicode>
          </TextEquiv>
        </Word>
        <Word id="region0006_line0025_word0004" custom="readingOrder {index:4;}">
          <Coords points="1247,2511 1247,2535 1538,2534 1538,2519 1448,2516 1433,2519 1424,2516 1415,2505 1408,2506 1402,2515 1382,2515 1378,2512 1352,2514 1349,2507 1335,2505 1330,2507 1322,2518 1317,2519 1304,2514 1299,2505 1295,2505 1290,2511 1262,2511 1254,2505"/>
          <TextEquiv>
            <Unicode>Veraͤnderungen</Unicode>
          </TextEquiv>
        </Word>
        <Word id="region0006_line0025_word0005" custom="readingOrder {index:5;}">
          <Coords points="1573,2520 1573,2533 1705,2532 1705,2517 1580,2521"/>
          <TextEquiv conf="0.9419472">
            <Unicode>wegen,</Unicode>
          </TextEquiv>
        </Word>
        <Word id="region0006_line0025_word0006" custom="readingOrder {index:6;}">
          <Coords points="1734,2509 1734,2523 1767,2523 1767,2518 1746,2519 1737,2509"/>
          <TextEquiv conf="0.960856">
            <Unicode>in</Unicode>
          </TextEquiv>
        </Word>
        <Word id="region0006_line0025_word0007" custom="readingOrder {index:7;}">
          <Coords points="1802,2516 1802,2523 1889,2523 1889,2512 1833,2518 1826,2512 1815,2511 1810,2516"/>
          <TextEquiv conf="0.954958">
            <Unicode>einer</Unicode>
          </TextEquiv>
        </Word>
        <Word id="region0006_line0025_word0008" custom="readingOrder {index:8;}">
          <Coords points="1922,2509 1922,2531 2036,2530 2036,2514 1978,2515 1948,2512 1940,2508"/>
          <TextEquiv conf="0.9490307">
            <Unicode>kurzen</Unicode>
          </TextEquiv>
        </Word>
        <TextEquiv>
          <Unicode>einerlei Gegenſtand, gewiſſer vorgefallener Veraͤnderungen wegen, in einer kurzen</Unicode>
        </TextEquiv>
      </TextLine>
      <TextLine id="region0006_line0026" custom="readingOrder {index:2;}">
        <Coords points="367,2543 367,2605 393,2605 412,2600 426,2603 438,2598 482,2602 513,2600 522,2606 534,2608 551,2603 565,2611 638,2620 641,2622 643,2635 650,2640 655,2631 665,2631 673,2624 786,2628 968,2625 985,2627 991,2632 1008,2632 1014,2627 1031,2627 1040,2634 1049,2634 1056,2632 1060,2624 1158,2622 1251,2616 1287,2617 1295,2623 1305,2623 1310,2619 1348,2622 1355,2617 1368,2614 1561,2617 1585,2618 1589,2627 1601,2628 1607,2624 1609,2618 1620,2626 1628,2625 1638,2617 1644,2616 1855,2613 1861,2621 1872,2622 1878,2616 1912,2619 1916,2616 1951,2613 1966,2619 2000,2619 2044,2611 2044,2567 1890,2567 1889,2561 1884,2558 1868,2558 1860,2564 1844,2564 1817,2558 1758,2560 1746,2563 1744,2570 1696,2571 1686,2569 1680,2563 1669,2563 1662,2569 1657,2569 1655,2564 1643,2562 1634,2569 1627,2565 1604,2563 1591,2566 1587,2571 1550,2571 1542,2567 1511,2568 1499,2563 1487,2571 1478,2571 1433,2568 1424,2563 1415,2563 1410,2567 1388,2566 1382,2560 1367,2561 1363,2566 1360,2561 1347,2559 1339,2566 1303,2569 1248,2570 1241,2565 1232,2565 1224,2570 1171,2575 1131,2574 1127,2571 1118,2571 1114,2574 1086,2578 1078,2576 1077,2572 1071,2569 1066,2569 1053,2578 1039,2570 1026,2578 1005,2579 993,2578 992,2573 987,2570 975,2570 964,2578 916,2580 872,2579 868,2574 853,2574 848,2579 829,2579 820,2567 811,2566 804,2574 805,2580 790,2581 788,2575 775,2573 766,2581 725,2578 720,2574 710,2574 704,2578 686,2578 685,2573 679,2570 666,2577 656,2570 631,2572 617,2569 608,2574 593,2569 558,2566 548,2560 536,2564 497,2555 457,2552 441,2547"/>
        <Word id="region0006_line0026_word0000" custom="readingOrder {index:0;}">
          <Coords points="450,2550 388,2550 388,2600 412,2600 433,2600 438,2598 460,2600 463,2600 463,2552 457,2552"/>
          <TextEquiv conf="0.92983747">
            <Unicode>Zeit</Unicode>
          </TextEquiv>
        </Word>
        <Word id="region0006_line0026_word0001" custom="readingOrder {index:1;}">
          <Coords points="496,2555 487,2555 487,2594 623,2593 623,2570 617,2569 608,2574 593,2569 558,2566 548,2560 536,2564 497,2555"/>
          <TextEquiv conf="0.90024835">
            <Unicode>dreimal</Unicode>
          </TextEquiv>
        </Word>
        <Word id="region0006_line0026_word0002" custom="readingOrder {index:2;}">
          <Coords points="647,2570 647,2604 912,2603 912,2579 872,2579 868,2574 853,2574 848,2579 829,2579 820,2567 811,2566 804,2574 805,2580 790,2581 788,2575 775,2573 766,2581 725,2578 720,2574 710,2574 704,2578 686,2578 685,2573 679,2570 666,2577 656,2570"/>
          <TextEquiv conf="0.9194977">
            <Unicode>hintereinander</Unicode>
          </TextEquiv>
        </Word>
        <Word id="region0006_line0026_word0003" custom="readingOrder {index:3;}">
          <Coords points="949,2578 949,2602 1127,2602 1127,2571 1118,2571 1114,2574 1086,2578 1078,2576 1077,2572 1071,2569 1066,2569 1053,2578 1039,2570 1026,2578 1005,2579 993,2578 992,2573 987,2570 975,2570 964,2578"/>
          <TextEquiv conf="0.8856697">
            <Unicode>abgehoͤret</Unicode>
          </TextEquiv>
        </Word>
        <Word id="region0006_line0026_word0004" custom="readingOrder {index:4;}">
          <Coords points="1159,2574 1159,2598 1312,2597 1312,2568 1303,2569 1248,2570 1241,2565 1232,2565 1224,2570 1171,2575"/>
          <TextEquiv conf="0.9238463">
            <Unicode>worden,</Unicode>
          </TextEquiv>
        </Word>
        <Word id="region0006_line0026_word0005" custom="readingOrder {index:5;}">
          <Coords points="1341,2564 1341,2597 1502,2597 1502,2564 1499,2563 1487,2571 1478,2571 1433,2568 1424,2563 1415,2563 1410,2567 1388,2566 1382,2560 1367,2561 1363,2566 1360,2561 1347,2559"/>
          <TextEquiv conf="0.9158058">
            <Unicode>jedesmal</Unicode>
          </TextEquiv>
        </Word>
        <Word id="region0006_line0026_word0006" custom="readingOrder {index:6;}">
          <Coords points="1534,2567 1534,2602 1748,2601 1748,2562 1746,2563 1744,2570 1696,2571 1686,2569 1680,2563 1669,2563 1662,2569 1657,2569 1655,2564 1643,2562 1634,2569 1627,2565 1604,2563 1591,2566 1587,2571 1550,2571 1542,2567"/>
          <TextEquiv conf="0.9199875">
            <Unicode>verſchiedene</Unicode>
          </TextEquiv>
        </Word>
        <Word id="region0006_line0026_word0007" custom="readingOrder {index:7;}">
          <Coords points="1783,2559 1783,2597 1959,2597 1959,2567 1890,2567 1889,2561 1884,2558 1868,2558 1860,2564 1844,2564 1817,2558"/>
          <TextEquiv conf="0.9161818">
            <Unicode>Ausſagen</Unicode>
          </TextEquiv>
        </Word>
        <Word id="region0006_line0026_word0008" custom="readingOrder {index:8;}">
          <Coords points="1987,2567 1987,2594 2037,2594 2037,2567"/>
          <TextEquiv conf="0.9161818">
            <Unicode>ge⸗</Unicode>
          </TextEquiv>
        </Word>
        <TextEquiv conf="0.9141396">
          <Unicode>Zeit dreimal hintereinander abgehoͤret worden, jedesmal verſchiedene Ausſagen ge⸗</Unicode>
        </TextEquiv>
      </TextLine>
      <TextLine id="region0006_line0027" custom="readingOrder {index:3;}">
        <Coords points="412,2601 402,2605 367,2606 367,2648 649,2646 649,2640 641,2633 640,2622 625,2618 565,2612 551,2604 537,2609 527,2608 513,2601 457,2604 426,2604"/>
        <Word id="region0006_line0027_word0000" custom="readingOrder {index:0;}">
          <Coords points="473,2647 473,2610 388,2610 388,2647"/>
          <TextEquiv conf="0.91007483">
            <Unicode>than</Unicode>
          </TextEquiv>
        </Word>
        <Word id="region0006_line0027_word0001" custom="readingOrder {index:1;}">
          <Coords points="560,2609 499,2610 499,2647 614,2646 614,2616 565,2612"/>
          <TextEquiv>
            <Unicode>haben.</Unicode>
          </TextEquiv>
        </Word>
        <TextEquiv>
          <Unicode>than haben.</Unicode>
        </TextEquiv>
      </TextLine>
      <TextEquiv>
        <Unicode>Es giebet Beiſpiele, wo eben dieſelben Zeugen, die in dergleichen Faͤllen uͤber&#13;
einerlei Gegenſtand, gewiſſer vorgefallener Veraͤnderungen wegen, in einer kurzen&#13;
Zeit dreimal hintereinander abgehoͤret worden, jedesmal verſchiedene Ausſagen ge⸗&#13;
than haben.</Unicode>
      </TextEquiv>
    </TextRegion>
    <TextRegion orientation="0.15968297" readingDirection="left-to-right" id="region0007" custom="readingOrder {index:9;}">
      <Coords points="536,2650 1703,2643 1704,2731 537,2738"/>
      <TextLine id="region0007_line0001" custom="readingOrder {index:0;}">
        <Coords points="536,2650 537,2705 595,2706 611,2709 618,2716 627,2716 632,2712 654,2713 670,2722 691,2724 702,2731 710,2731 718,2724 727,2724 827,2730 833,2735 854,2735 858,2731 881,2730 893,2731 896,2735 912,2735 917,2731 958,2735 961,2730 992,2728 1125,2730 1310,2717 1354,2717 1445,2722 1452,2729 1464,2730 1475,2722 1537,2724 1545,2727 1556,2727 1560,2724 1586,2727 1592,2723 1605,2723 1612,2728 1625,2728 1632,2723 1703,2719 1703,2673 1652,2673 1646,2669 1638,2669 1633,2673 1607,2673 1601,2667 1594,2665 1582,2665 1574,2675 1493,2675 1489,2674 1480,2663 1455,2664 1443,2673 1407,2672 1392,2668 1302,2670 1296,2664 1286,2664 1278,2670 1246,2673 1238,2665 1227,2665 1219,2674 1214,2675 1197,2675 1190,2670 1181,2670 1173,2676 1147,2678 1121,2671 1088,2668 1056,2671 1037,2680 991,2683 983,2673 970,2673 966,2677 958,2673 863,2673 851,2678 846,2669 834,2665 823,2666 817,2679 812,2676 791,2675 785,2671 728,2676 718,2673 715,2664 710,2660 700,2660 694,2668 665,2667 644,2665 636,2659 622,2657 622,2650"/>
        <Word id="region0007_line0001_word0000" custom="readingOrder {index:0;}">
          <Coords points="622,2650 542,2651 542,2705 595,2706 597,2706 663,2706 662,2666 644,2665 636,2659 622,2657"/>
          <TextEquiv conf="0.915487">
            <Unicode>Dieſes</Unicode>
          </TextEquiv>
        </Word>
        <Word id="region0007_line0001_word0001" custom="readingOrder {index:1;}">
          <Coords points="710,2660 700,2660 694,2668 690,2667 691,2714 751,2714 750,2674 728,2676 718,2673 715,2664"/>
          <TextEquiv conf="0.92541885">
            <Unicode>hat</Unicode>
          </TextEquiv>
        </Word>
        <Word id="region0007_line0001_word0002" custom="readingOrder {index:2;}">
          <Coords points="771,2672 772,2712 917,2712 916,2673 863,2673 851,2678 846,2669 834,2665 823,2666 817,2679 812,2676 791,2675 785,2671"/>
          <TextEquiv conf="0.9197812">
            <Unicode>lediglich</Unicode>
          </TextEquiv>
        </Word>
        <Word id="region0007_line0001_word0003" custom="readingOrder {index:3;}">
          <Coords points="943,2673 944,2714 1050,2713 1049,2674 1037,2680 991,2683 983,2673 970,2673 966,2677 958,2673"/>
          <TextEquiv conf="0.92815775">
            <Unicode>ſeinen</Unicode>
          </TextEquiv>
        </Word>
        <Word id="region0007_line0001_word0004" custom="readingOrder {index:4;}">
          <Coords points="1074,2669 1075,2707 1200,2707 1199,2675 1197,2675 1190,2670 1181,2670 1173,2676 1147,2678 1121,2671 1088,2668"/>
          <TextEquiv conf="0.9237562">
            <Unicode>Grund</Unicode>
          </TextEquiv>
        </Word>
        <Word id="region0007_line0001_word0005" custom="readingOrder {index:5;}">
          <Coords points="1227,2665 1228,2702 1261,2702 1260,2671 1246,2673 1238,2665"/>
          <TextEquiv conf="0.93073446">
            <Unicode>in</Unicode>
          </TextEquiv>
        </Word>
        <Word id="region0007_line0001_word0006" custom="readingOrder {index:6;}">
          <Coords points="1286,2664 1287,2698 1359,2698 1358,2668 1302,2670 1296,2664"/>
          <TextEquiv conf="0.92493284">
            <Unicode>dem</Unicode>
          </TextEquiv>
        </Word>
        <Word id="region0007_line0001_word0007" custom="readingOrder {index:7;}">
          <Coords points="1383,2668 1384,2710 1506,2710 1505,2675 1493,2675 1489,2674 1480,2663 1455,2664 1443,2673 1407,2672 1392,2668"/>
          <TextEquiv conf="0.92798406">
            <Unicode>vorhin</Unicode>
          </TextEquiv>
        </Word>
        <Word id="region0007_line0001_word0008" custom="readingOrder {index:8;}">
          <Coords points="1539,2675 1540,2706 1700,2706 1699,2673 1652,2673 1646,2669 1638,2669 1633,2673 1607,2673 1601,2667 1594,2665 1582,2665 1574,2675"/>
          <TextEquiv conf="0.9202154">
            <Unicode>geſagten.</Unicode>
          </TextEquiv>
        </Word>
        <TextEquiv conf="0.924052">
          <Unicode>Dieſes hat lediglich ſeinen Grund in dem vorhin geſagten.</Unicode>
        </TextEquiv>
      </TextLine>
      <TextEquiv conf="0.924052">
        <Unicode>Dieſes hat lediglich ſeinen Grund in dem vorhin geſagten.</Unicode>
      </TextEquiv>
    </TextRegion>
    <TextRegion orientation="0.15968297" readingDirection="left-to-right" id="TextRegion_1654071230942_3904" custom="readingOrder {index:10;}">
      <Coords points="382,2711 2040,2700 2041,2840 1784,2895 383,2904"/>
      <TextLine id="region0008_line0001" custom="readingOrder {index:0;}">
        <Coords points="1447,2706 1440,2712 1440,2730 1420,2728 1375,2732 1369,2726 1358,2726 1347,2734 1342,2727 1330,2725 1322,2735 1315,2736 1165,2743 1161,2742 1157,2734 1145,2733 1137,2741 1131,2737 1123,2737 1117,2741 1068,2746 987,2748 991,2742 990,2729 985,2724 977,2724 970,2734 970,2742 975,2747 965,2749 954,2749 946,2738 935,2739 929,2749 891,2750 890,2741 885,2736 772,2733 765,2723 755,2723 746,2731 741,2731 721,2726 706,2726 700,2716 688,2717 683,2728 669,2729 668,2716 662,2710 552,2710 548,2718 543,2719 482,2722 479,2726 479,2755 485,2761 551,2765 556,2770 563,2771 593,2765 609,2768 690,2768 702,2771 706,2775 720,2774 723,2771 733,2772 742,2780 751,2778 756,2782 778,2783 786,2791 800,2788 842,2797 898,2793 933,2793 946,2799 966,2798 979,2785 991,2793 1010,2792 1025,2798 1037,2796 1041,2792 1062,2789 1072,2790 1079,2796 1090,2796 1096,2792 1132,2788 1192,2788 1233,2781 1255,2784 1341,2781 1352,2782 1359,2788 1371,2787 1375,2782 1405,2782 1411,2789 1426,2781 1490,2780 1506,2783 1555,2784 1561,2788 1574,2784 1649,2782 1690,2789 1711,2782 1721,2785 1751,2783 1759,2788 1769,2788 1779,2783 1807,2781 1816,2777 1851,2780 1877,2777 1932,2778 1985,2781 1996,2784 2009,2777 2040,2780 2040,2734 2019,2734 2015,2726 2008,2724 1996,2724 1985,2735 1979,2734 1972,2725 1960,2725 1954,2731 1948,2727 1939,2727 1932,2732 1881,2735 1846,2730 1841,2734 1746,2736 1740,2728 1732,2725 1668,2724 1657,2727 1653,2737 1624,2738 1617,2731 1608,2731 1602,2738 1592,2738 1585,2731 1575,2731 1568,2741 1560,2741 1550,2728 1539,2729 1527,2738 1484,2738 1461,2734 1457,2729 1460,2711 1455,2706"/>
        <Word id="region0008_line0001_word0000" custom="readingOrder {index:0;}">
          <Coords points="546,2718 546,2764 581,2763 581,2714 549,2714 548,2718"/>
          <TextEquiv conf="0.90895134">
            <Unicode>c)</Unicode>
          </TextEquiv>
        </Word>
        <Word id="region0008_line0001_word0001" custom="readingOrder {index:1;}">
          <Coords points="660,2710 607,2710 607,2767 609,2768 660,2768"/>
          <TextEquiv conf="0.9655272">
            <Unicode>Die</Unicode>
          </TextEquiv>
        </Word>
        <Word id="region0008_line0001_word0002" custom="readingOrder {index:2;}">
          <Coords points="733,2772 824,2772 824,2734 772,2733 765,2723 755,2723 746,2731 741,2731 721,2726 706,2726 700,2716 693,2716 693,2768 702,2771 703,2772 722,2772 723,2771"/>
          <TextEquiv conf="0.9612198">
            <Unicode>falſche</Unicode>
          </TextEquiv>
        </Word>
        <Word id="region0008_line0001_word0003" custom="readingOrder {index:3;}">
          <Coords points="840,2734 840,2770 1096,2769 1096,2743 1068,2746 987,2748 991,2742 990,2729 985,2724 977,2724 970,2734 970,2742 975,2747 965,2749 954,2749 946,2738 935,2739 929,2749 891,2750 890,2741 885,2736"/>
          <TextEquiv conf="0.90629363">
            <Unicode>Zuneigungen,</Unicode>
          </TextEquiv>
        </Word>
        <Word id="region0008_line0001_word0004" custom="readingOrder {index:4;}">
          <Coords points="1122,2737 1122,2757 1171,2757 1171,2742 1165,2743 1161,2742 1157,2734 1145,2733 1137,2741 1131,2737 1123,2737"/>
          <TextEquiv conf="0.93194026">
            <Unicode>die</Unicode>
          </TextEquiv>
        </Word>
        <Word id="region0008_line0001_word0005" custom="readingOrder {index:5;}">
          <Coords points="1200,2741 1200,2757 1280,2756 1280,2737"/>
          <TextEquiv conf="0.9256145">
            <Unicode>man</Unicode>
          </TextEquiv>
        </Word>
        <Word id="region0008_line0001_word0006" custom="readingOrder {index:6;}">
          <Coords points="1305,2736 1305,2764 1394,2764 1394,2730 1375,2732 1369,2726 1358,2726 1347,2734 1342,2727 1330,2725 1322,2735 1315,2736"/>
          <TextEquiv conf="0.92352045">
            <Unicode>nicht</Unicode>
          </TextEquiv>
        </Word>
        <Word id="region0008_line0001_word0007" custom="readingOrder {index:7;}">
          <Coords points="1458,2719 1440,2719 1440,2730 1420,2728 1413,2728 1413,2766 1508,2766 1508,2738 1484,2738 1461,2734 1457,2729"/>
          <TextEquiv conf="0.9231537">
            <Unicode>ſelten</Unicode>
          </TextEquiv>
        </Word>
        <Word id="region0008_line0001_word0008" custom="readingOrder {index:8;}">
          <Coords points="1536,2731 1536,2763 1585,2763 1585,2731 1575,2731 1568,2741 1560,2741 1550,2728 1539,2729"/>
          <TextEquiv conf="0.92924577">
            <Unicode>bei</Unicode>
          </TextEquiv>
        </Word>
        <Word id="region0008_line0001_word0009" custom="readingOrder {index:9;}">
          <Coords points="1609,2731 1609,2757 1668,2756 1668,2724 1657,2727 1653,2737 1624,2738 1617,2731"/>
          <TextEquiv conf="0.9231725">
            <Unicode>den</Unicode>
          </TextEquiv>
        </Word>
        <Word id="region0008_line0001_word0010" custom="readingOrder {index:10;}">
          <Coords points="1687,2724 1687,2765 1819,2765 1819,2734 1746,2736 1740,2728 1732,2725"/>
          <TextEquiv conf="0.9309272">
            <Unicode>Zeugen</Unicode>
          </TextEquiv>
        </Word>
        <Word id="region0008_line0001_word0011" custom="readingOrder {index:11;}">
          <Coords points="1847,2730 1847,2755 1913,2755 1913,2733 1881,2735"/>
          <TextEquiv conf="0.9311965">
            <Unicode>von</Unicode>
          </TextEquiv>
        </Word>
        <Word id="region0008_line0001_word0012" custom="readingOrder {index:12;}">
          <Coords points="1933,2731 1933,2764 2036,2763 2036,2734 2019,2734 2015,2726 2008,2724 1996,2724 1985,2735 1979,2734 1972,2725 1960,2725 1954,2731 1948,2727 1939,2727"/>
          <TextEquiv conf="0.9194246">
            <Unicode>dieſer</Unicode>
          </TextEquiv>
        </Word>
        <TextEquiv conf="0.9292452">
          <Unicode>c) Die falſche Zuneigungen, die man nicht ſelten bei den Zeugen von dieſer</Unicode>
        </TextEquiv>
      </TextLine>
      <TextLine id="region0008_line0002" custom="readingOrder {index:1;}">
        <Coords points="383,2764 383,2821 452,2822 477,2829 486,2829 492,2824 524,2828 533,2820 621,2816 666,2820 673,2824 725,2824 736,2826 744,2832 761,2833 770,2839 805,2835 841,2841 903,2843 930,2846 1012,2842 1053,2846 1055,2842 1357,2831 1693,2832 1699,2833 1705,2841 1714,2841 1723,2833 1825,2831 1866,2832 1871,2840 1882,2841 1889,2832 2040,2829 2040,2785 2028,2785 2016,2778 2005,2779 1996,2785 1985,2782 1932,2779 1898,2781 1893,2778 1877,2778 1871,2780 1867,2786 1833,2787 1831,2780 1816,2778 1804,2782 1800,2787 1759,2789 1722,2787 1717,2783 1711,2783 1692,2790 1682,2787 1583,2788 1579,2785 1567,2789 1498,2789 1497,2784 1490,2781 1475,2783 1473,2789 1438,2788 1436,2783 1426,2782 1411,2790 1335,2787 1329,2783 1319,2783 1313,2787 1300,2787 1296,2783 1274,2786 1233,2782 1178,2793 1147,2793 1142,2789 1132,2789 1124,2794 1077,2797 1072,2791 1062,2790 1054,2793 1052,2797 1025,2799 1010,2793 1005,2797 990,2797 990,2793 979,2786 971,2792 968,2799 946,2800 919,2798 914,2794 904,2795 899,2799 842,2798 816,2792 786,2792 778,2784 756,2783 751,2779 742,2781 733,2773 723,2772 720,2775 706,2776 702,2772 690,2769 633,2771 593,2766 565,2772 487,2775 424,2764"/>
        <Word id="region0008_line0002_word0000" custom="readingOrder {index:0;}">
          <Coords points="388,2774 454,2774 454,2814 388,2814"/>
          <TextEquiv conf="0.9310935">
            <Unicode>Art</Unicode>
          </TextEquiv>
        </Word>
        <Word id="region0008_line0002_word0001" custom="readingOrder {index:1;}">
          <Coords points="569,2818 569,2780 472,2781 472,2821 533,2820 533,2820"/>
          <TextEquiv conf="0.96175873">
            <Unicode>gegen</Unicode>
          </TextEquiv>
        </Word>
        <Word id="region0008_line0002_word0002" custom="readingOrder {index:2;}">
          <Coords points="595,2772 657,2772 657,2807 595,2807"/>
          <TextEquiv conf="0.93070304">
            <Unicode>den</Unicode>
          </TextEquiv>
        </Word>
        <Word id="region0008_line0002_word0003" custom="readingOrder {index:3;}">
          <Coords points="676,2769 676,2821 822,2821 822,2793 816,2792 786,2792 778,2784 756,2783 751,2779 742,2781 733,2773 723,2772 720,2775 706,2776 702,2772 690,2769"/>
          <TextEquiv conf="0.9324343">
            <Unicode>Beſitzer</Unicode>
          </TextEquiv>
        </Word>
        <Word id="region0008_line0002_word0004" custom="readingOrder {index:4;}">
          <Coords points="855,2798 855,2813 917,2812 917,2796 914,2794 904,2795 899,2799"/>
          <TextEquiv conf="0.7778479">
            <Unicode>des</Unicode>
          </TextEquiv>
        </Word>
        <Word id="region0008_line0002_word0005" custom="readingOrder {index:5;}">
          <Coords points="943,2799 943,2819 983,2819 983,2788 979,2786 971,2792 968,2799 946,2800"/>
          <TextEquiv conf="0.9328475">
            <Unicode>zu</Unicode>
          </TextEquiv>
        </Word>
        <Word id="region0008_line0002_word0006" custom="readingOrder {index:6;}">
          <Coords points="1006,2796 1006,2818 1192,2818 1192,2790 1178,2793 1147,2793 1142,2789 1132,2789 1124,2794 1077,2797 1072,2791 1062,2790 1054,2793 1052,2797 1025,2799 1010,2793"/>
          <TextEquiv conf="0.8999814">
            <Unicode>taxirenden</Unicode>
          </TextEquiv>
        </Word>
        <Word id="region0008_line0002_word0007" custom="readingOrder {index:7;}">
          <Coords points="1218,2785 1218,2811 1332,2810 1332,2785 1329,2783 1319,2783 1313,2787 1300,2787 1296,2783 1274,2786 1233,2782"/>
          <TextEquiv conf="0.9374615">
            <Unicode>Gutes</Unicode>
          </TextEquiv>
        </Word>
        <Word id="region0008_line0002_word0008" custom="readingOrder {index:8;}">
          <Coords points="1360,2787 1360,2810 1597,2826 1597,2801 1567,2789 1498,2789 1497,2784 1490,2781 1475,2783 1473,2789 1438,2788 1436,2783 1426,2782 1411,2790"/>
          <TextEquiv>
            <Unicode>wahrnimmt,</Unicode>
          </TextEquiv>
        </Word>
        <Word id="region0008_line0002_word0009" custom="readingOrder {index:9;}">
          <Coords points="1630,2787 1630,2817 1763,2817 1763,2788 1759,2789 1722,2787 1717,2783 1711,2783 1692,2790 1682,2787"/>
          <TextEquiv conf="0.96327096">
            <Unicode>machen</Unicode>
          </TextEquiv>
        </Word>
        <Word id="region0008_line0002_word0010" custom="readingOrder {index:10;}">
          <Coords points="1794,2787 1794,2818 1950,2818 1950,2780 1932,2779 1898,2781 1893,2778 1877,2778 1871,2780 1867,2786 1833,2787 1831,2780 1816,2778 1804,2782 1800,2787"/>
          <TextEquiv conf="0.92822725">
            <Unicode>ebenfalls</Unicode>
          </TextEquiv>
        </Word>
        <Word id="region0008_line0002_word0011" custom="readingOrder {index:11;}">
          <Coords points="1985,2782 1985,2808 2036,2807 2036,2785 2028,2785 2016,2778 2005,2779 1996,2785"/>
          <TextEquiv conf="0.9676483">
            <Unicode>die</Unicode>
          </TextEquiv>
        </Word>
        <TextEquiv>
          <Unicode>Art gegen den Beſitzer des zu taxirenden Gutes wahrnimmt, machen ebenfalls die</Unicode>
        </TextEquiv>
      </TextLine>
      <TextLine id="region0009_line0001" custom="readingOrder {index:2;}">
        <Coords points="1425,2812 1415,2820 1414,2838 1397,2838 1395,2830 1391,2827 1379,2829 1373,2839 1245,2842 1234,2841 1223,2833 1213,2831 1150,2831 1142,2835 1140,2845 1107,2844 1101,2839 1093,2839 1086,2844 1009,2848 996,2848 991,2840 985,2838 974,2838 966,2845 938,2837 912,2834 854,2834 825,2838 793,2828 752,2825 742,2817 731,2818 723,2815 694,2815 662,2815 658,2818 623,2816 619,2821 596,2823 587,2822 585,2816 565,2816 563,2819 558,2816 547,2816 541,2821 518,2822 502,2826 465,2825 445,2817 383,2817 383,2874 438,2874 444,2880 453,2880 466,2874 494,2874 506,2882 516,2882 524,2875 563,2870 618,2870 624,2876 635,2876 642,2870 656,2870 660,2878 675,2880 683,2870 709,2870 755,2873 787,2881 832,2885 844,2889 850,2895 961,2893 963,2899 985,2899 987,2896 1022,2899 1026,2896 1090,2892 1130,2894 1152,2899 1161,2899 1209,2898 1238,2891 1245,2895 1260,2894 1268,2888 1302,2887 1346,2892 1355,2888 1384,2885 1442,2885 1446,2888 1458,2885 1481,2886 1487,2894 1498,2894 1506,2886 1574,2888 1580,2894 1592,2894 1600,2888 1645,2883 1700,2887 1712,2892 1783,2890 1783,2838 1753,2838 1746,2828 1733,2829 1728,2839 1695,2837 1689,2828 1681,2828 1670,2837 1652,2838 1631,2838 1626,2835 1593,2841 1457,2839 1441,2838 1440,2816 1435,2812"/>
        <Word id="region0009_line0001_word0000" custom="readingOrder {index:0;}">
          <Coords points="522,2876 522,2827 389,2827 389,2874 438,2874 442,2878 457,2878 466,2874 494,2874 500,2878 520,2878"/>
          <TextEquiv conf="0.95532936">
            <Unicode>Taxen,</Unicode>
          </TextEquiv>
        </Word>
        <Word id="region0009_line0001_word0001" custom="readingOrder {index:1;}">
          <Coords points="548,2825 597,2825 597,2866 548,2866"/>
          <TextEquiv conf="0.96081805">
            <Unicode>die</Unicode>
          </TextEquiv>
        </Word>
        <Word id="region0009_line0001_word0002" custom="readingOrder {index:2;}">
          <Coords points="683,2870 683,2825 623,2825 623,2875 624,2876 635,2876 642,2870 656,2870 659,2876 678,2876"/>
          <TextEquiv>
            <Unicode>ſich</Unicode>
          </TextEquiv>
        </Word>
        <Word id="region0009_line0001_word0003" custom="readingOrder {index:3;}">
          <Coords points="750,2824 707,2824 707,2867 790,2867 790,2827 752,2825"/>
          <TextEquiv conf="0.9150059">
            <Unicode>blos</Unicode>
          </TextEquiv>
        </Word>
        <Word id="region0009_line0001_word0004" custom="readingOrder {index:4;}">
          <Coords points="803,2831 802,2831 802,2876 874,2876 874,2834 854,2834 825,2838"/>
          <TextEquiv conf="0.9328892">
            <Unicode>auf</Unicode>
          </TextEquiv>
        </Word>
        <Word id="region0009_line0001_word0005" custom="readingOrder {index:5;}">
          <Coords points="889,2834 889,2877 1066,2876 1066,2845 1009,2848 996,2848 991,2840 985,2838 974,2838 966,2845 938,2837 912,2834"/>
          <TextEquiv conf="0.90939116">
            <Unicode>Ausſagen</Unicode>
          </TextEquiv>
        </Word>
        <Word id="region0009_line0001_word0006" custom="readingOrder {index:6;}">
          <Coords points="1093,2839 1093,2867 1149,2867 1149,2831 1142,2835 1140,2845 1107,2844 1101,2839"/>
          <TextEquiv conf="0.9652836">
            <Unicode>der</Unicode>
          </TextEquiv>
        </Word>
        <Word id="region0009_line0001_word0007" custom="readingOrder {index:7;}">
          <Coords points="1174,2831 1174,2873 1306,2872 1306,2840 1245,2842 1234,2841 1223,2833 1213,2831"/>
          <TextEquiv conf="0.965894">
            <Unicode>Zeugen</Unicode>
          </TextEquiv>
        </Word>
        <Word id="region0009_line0001_word0008" custom="readingOrder {index:8;}">
          <Coords points="1435,2812 1425,2812 1415,2820 1414,2838 1397,2838 1395,2830 1391,2827 1379,2829 1373,2839 1335,2839 1335,2872 1503,2872 1503,2839 1457,2839 1441,2838 1440,2816"/>
          <TextEquiv>
            <Unicode>gruͤnden,</Unicode>
          </TextEquiv>
        </Word>
        <Word id="region0009_line0001_word0009" custom="readingOrder {index:9;}">
          <Coords points="1532,2840 1532,2872 1780,2871 1780,2838 1753,2838 1746,2828 1733,2829 1728,2839 1695,2837 1689,2828 1681,2828 1670,2837 1652,2838 1631,2838 1626,2835 1593,2841"/>
          <TextEquiv>
            <Unicode>unzuverlaͤßig.</Unicode>
          </TextEquiv>
        </Word>
        <TextEquiv>
          <Unicode>Taxen, die ſich blos auf Ausſagen der Zeugen gruͤnden, unzuverlaͤßig.</Unicode>
        </TextEquiv>
      </TextLine>
      <TextEquiv>
        <Unicode>c) Die falſche Zuneigungen, die man nicht ſelten bei den Zeugen von dieſer&#13;
Art gegen den Beſitzer des zu taxirenden Gutes wahrnimmt, machen ebenfalls die&#13;
Taxen, die ſich blos auf Ausſagen der Zeugen gruͤnden, unzuverlaͤßig.</Unicode>
      </TextEquiv>
    </TextRegion>
  </Page>
</PcGts>
