3053 4172
614 415 723 488 aus
723 415 878 488 denen
878 415 1088 488 neueſten
1088 415 1359 488 beruͤhmten
1359 415 1813 488 Kirchen⸗Rednern.

2041 425 2145 491 523

465 539 525 579 der
548 516 795 584 Talmudiſchen
817 516 1040 580 Meſsécheth
1062 516 1200 586 Horájos
1224 516 1334 584 deſſen
1342 527 1468 583 Urſach
1477 522 1548 582 an/
1556 523 1773 582 woſelbſt
1728 520 1784 586 ein
1787 527 1954 585 gelehrter
1970 521 2158 585 Student

464 587 522 639 gar
540 576 616 640 uͤber
624 592 686 630 den
696 584 811 639 Koͤnig
820 592 887 631 von
895 581 1012 643 Jſrael
1020 575 1157 640 erhoben
1168 582 1276 633 wird:
1300 576 1353 641 Laß
1372 585 1458 635 einen
1478 578 1591 638 Koͤnig
1601 583 1738 645 ſterben/
1755 580 1851 638 ſagen
1865 584 1930 634 ſie/
1944 584 1976 633 ſo
1983 585 2019 634 iſt
2029 586 2063 636 ja
2071 583 2147 637 nie⸗

466 650 572 689 mand
580 646 616 689 in
622 638 762 700 Jſrael/
766 642 814 695 der
827 641 908 699 nicht
917 632 1067 698 geſchickt
1075 645 1146 690 und
1153 639 1275 696 tuͤchtig
1291 639 1338 693 ſey
1352 651 1386 688 an
1406 641 1506 693 ſeiner
1514 642 1589 691 ſtatt
1605 641 1672 696 auf
1680 649 1758 688 dem
1768 640 1988 695 Koͤniglichen
2003 642 2140 693 Throne

467 699 621 753 zuſitzen/
637 696 684 751 was
700 711 736 744 er
743 702 831 752 nicht
838 698 944 756 weiß/
948 704 1010 747 das
1018 700 1181 754 verſtehen
1186 700 1274 749 ſeine
1283 695 1416 754 Raͤthe:
1439 699 1539 744 allein
1549 706 1651 743 wann
1660 696 1714 745 ein
1724 696 1863 752 Weiſer
1869 698 1998 756 ſtirbet/
2008 702 2068 745 kan
2088 699 2144 745 ſei⸗

467 769 510 803 ne
520 758 642 805 Stelle
652 757 780 807 nicht
751 751 783 812 ſo
789 757 866 802 bald
873 746 993 802 wieder
1002 744 1122 808 erſetzet
1129 752 1288 804 werden/
1295 752 1327 806 da
1344 756 1430 806 trifft
1437 758 1512 801 ein/
1522 757 1667 806 ſprechen
1676 756 1750 812 ſie/
1740 762 1815 800 was
1829 747 1921 809 Hiob
1930 753 2038 810 ſaget:
2063 755 2144 800 Wo

468 820 542 863 will
552 830 637 865 man
646 814 822 870 Weißheit
827 813 972 871 finden?
981 811 1076 878 und
1088 812 1144 862 wo
1150 818 1191 869 iſt
1204 806 1257 867 die
1252 816 1386 865 Staͤtte
1400 824 1459 864 des
1466 813 1711 868 Verſtandes?
1740 816 1897 861 niemand
1907 814 2017 869 weiß/
2025 825 2090 859 wo
2100 815 2142 866 ſie

468 872 590 927 lieget/
592 877 662 917 und
670 873 756 918 wird
765 871 853 922 nicht
860 859 987 932 funden
990 860 1049 923 im
1057 859 1162 920 Lande
1170 875 1226 918 der
1235 868 1450 922 Lebendigen.
1506 869 1587 922 Der
1597 871 1771 923 Abgrund
1787 870 1942 924 ſpricht:
1960 872 2040 918 Sie
2056 864 2095 922 iſt
2105 872 2143 916 in

449 934 519 989 mir
537 924 651 985 nicht/
658 940 728 978 und
754 922 811 980 das
828 921 901 983 Meer
901 925 1066 987 ſpricht:
1091 930 1172 979 Sie
1180 920 1222 985 iſt
1224 933 1311 985 nicht
1319 932 1380 982 bey
1390 932 1473 976 mir.
1519 930 1624 977 Man
1619 921 1670 980 kan
1673 930 1788 979 nicht
1797 933 1894 978 Geld
1902 919 1965 976 um
1976 931 2017 982 ſie
2024 926 2148 984 geben/

469 990 553 1040 noch
559 987 694 1036 Silber
700 987 881 1041 darwaͤgen
885 974 933 1045 ſie
939 975 1196 1044 zubezahlen/ꝛc.
1192 976 1271 1040 Job
1287 981 1476 1034 XXIIX,
1431 984 1478 1036 12.
1486 984 1584 1040 ſeqq.
1603 981 1660 1040 Jſt
1668 997 1756 1039 zwar
1768 985 1945 1041 Juͤdiſchen
1954 983 2146 1035 Gebrauch

472 1042 555 1092 nach
567 1038 711 1102 ziemlich
729 1041 864 1097 gloriôs
882 1044 940 1087 und
948 1036 1197 1097 ruhmraͤthig/
1207 1031 1294 1087 aber
1310 1040 1387 1091 doch
1401 1037 1551 1095 gewiſſer
1559 1042 1682 1091 maſſen
1700 1040 1782 1089 auch
1790 1043 1873 1091 nicht
1880 1040 2007 1085 uneben
2016 1033 2147 1100 geredt/

474 1101 552 1142 weil
566 1103 599 1142 es
623 1106 663 1145 um
674 1099 767 1145 einen
793 1092 956 1155 Studenten
986 1092 1074 1154 nicht
1091 1099 1122 1148 ſo
1135 1101 1184 1145 ein
1196 1085 1325 1155 ſchlecht
1353 1094 1407 1155 und
1423 1092 1532 1155 gering
1540 1095 1646 1149 Ding
1657 1099 1735 1150 iſt/
1742 1100 1796 1140 als
1813 1099 1898 1147 wohl
1914 1104 1970 1142 der
1989 1097 2146 1149 gemeine

475 1158 730 1207 unverſtaͤndige
738 1151 863 1213 Hauffe
883 1145 973 1210 davon
991 1146 1170 1213 urtheilet/
1178 1146 1314 1214 ſondern
1324 1149 1390 1216 ſehr
1408 1150 1475 1208 viel
1480 1164 1529 1202 an
1536 1155 1607 1209 ihm
1614 1156 1774 1209 erfordert
1783 1157 1879 1201 wird.
1931 1157 1981 1200 D.
1993 1155 2146 1208 Carpz.

475 1211 720 1281 Leich⸗Pred.
735 1223 778 1265 P.
787 1224 816 1269 I.
833 1206 959 1288 p.390.
965 1219 1009 1259 &
1017 1228 1090 1271 391.

548 1316 801 1407 Doctor,
834 1315 1119 1406 Profeſſor
1165 1325 1483 1407 Academiæ,
1509 1314 1645 1405 ſive
1627 1322 1958 1413 Gymnaſii.

368 1430 484 1504 Ein
499 1427 685 1510 Lehrer
710 1425 832 1502 oder
852 1414 1261 1512 Profeſſor|auſ
1275 1430 1412 1497 einer
1430 1422 1759 1493 Academie
1801 1428 1926 1497 oder
1948 1424 2148 1498 andern

1059 1517 1238 1597 hohen
1249 1509 1531 1597 Schul.

361 1632 458 1669 L.C.
480 1632 619 1676 Lehrer
632 1621 707 1676 auf
721 1621 896 1676 Schulen
916 1636 1001 1670 und
1014 1606 1303 1671 Univerſitaͤten
1311 1628 1510 1676 muͤſſen
1487 1630 1527 1685 ſo
1522 1632 1635 1677 wohl
1657 1632 1722 1685 mit
1727 1619 1976 1681 qvalificirter
1986 1629 2155 1676 Gelehr⸗

480 1697 661 1757 ſamkeit/
661 1706 724 1754 als
733 1704 824 1752 auch
833 1704 988 1754 wahrer
1002 1695 1257 1762 Gottſeligkeit
1281 1694 1426 1762 begabet
1434 1709 1527 1747 ſeyn.

418 1757 512 1794 ILL.
534 1754 778 1805 Epiphanius
794 1754 923 1799 ſchreibt
943 1755 1049 1811 gleich
1066 1754 1199 1811 Anfangs
1217 1757 1327 1811 ſeines
1358 1747 1464 1811 Buchs
1490 1750 1532 1810 de
1539 1737 1830 1806 prophetarum
1832 1756 1916 1810 vita
1933 1754 1952 1810 &
1979 1753 2155 1796 interitu,

471 1812 546 1865 alſo
563 1829 630 1863 von
640 1826 713 1861 dem
720 1817 897 1868 Nathan:
928 1816 1052 1865 David
1069 1813 1288 1870 honorabat
1299 1818 1350 1860 &
1362 1807 1627 1867 venerabatur
1635 1812 1856 1867 hominem
1863 1825 2052 1871 tanqvam
2062 1817 2153 1857 Nu-

482 1890 592 1923 men,
600 1890 668 1921 aut
675 1880 850 1922 ſanctum
860 1882 978 1928 DEI.

363 1966 465 2011 L.C.
493 1961 581 2014 Die
593 1961 902 2026 Tugend ⸗ Lehre
922 1954 1031 2026 eines
1050 1947 1195 2026 Lehrers
1209 1946 1287 2026 muß
1312 1943 1392 2026 auch
1392 1943 1477 2025 mit
1496 1943 1662 2025 demLeben
1702 1947 1877 2017 deſſelben
1886 1952 2151 2015 uͤbereinſtim⸗

479 2018 584 2072 men.

418 2092 507 2149 ILL.
530 2088 650 2118 Sonſt
657 2085 1059 2119 antworten
842 2089 891 2127 ſie
904 2095 979 2127 was
995 2095 1071 2127 dort
1092 2093 1176 2127 beym
1182 2095 1414 2120 Auguſtino
1429 2090 1511 2112 Lib.
1534 2068 1587 2111 IV.
1596 2089 1648 2111 de
1658 2087 1835 2110 doctrina
1844 2087 2001 2109 Chriſti:
2029 2087 2148 2121 Qvod

469 2159 576 2201 mihi
582 2159 778 2213 præcipis,
791 2160 847 2206 cur
862 2153 939 2214 ipſe
959 2154 1022 2209 non
1037 2158 1160 2205 facis.
1202 2153 1319 2214 Warum
1352 2152 1445 2217 thuſt
1462 2167 1506 2203 du
1518 2159 1618 2206 ſelber
1625 2157 1734 2208 nicht/
1750 2159 1801 2206 was
1817 2165 1852 2202 du
1867 2152 1914 2206 mir
1916 2155 2109 2210 befiehleſt.

416 2216 498 2254 ILL.
521 2212 671 2253 Seneca
685 2211 828 2271 ſpricht:
852 2209 1036 2271 Doctrina
1059 2222 1153 2253 cum
1171 2204 1339 2253 lmperio
1356 2210 1546 2254 docetur,
1570 2207 1730 2263 qvando
1742 2211 1850 2263 prius
1867 2210 2015 2263 agitur,
2032 2206 2143 2264 qvod

443 2260 660 2313 docetur.
707 2261 854 2323 Alsdenn
877 2257 961 2325 wird
980 2275 1042 2333 mit
1063 2261 1180 2332 Krafft
1199 2258 1258 2333 und
1277 2262 1449 2332 Nachdruck
1471 2260 1640 2323 gelehret/
1667 2271 1746 2323 wenn
1754 2254 1836 2310 man
1845 2277 1946 2320 zuvor
1954 2263 2063 2321 thut/
2067 2270 2145 2312 was

480 2338 564 2373 man
580 2326 773 2378 lehret.

364 2409 413 2435 L.
420 2409 470 2436 C.
495 2404 729 2478 Diejenigen/
747 2377 780 2451 ſo
795 2377 918 2451 andere
933 2407 977 2443 in
1002 2366 1080 2451 der
1109 2412 1242 2451 Tugend
1263 2420 1327 2451 und
1348 2396 1492 2451 ſolider
1518 2388 1776 2450 Wiſſenſchafft
1784 2401 2144 2440 unterweiſen
2054 2401 2145 2450 wol⸗

445 2475 557 2536 len/
577 2475 705 2540 muͤſſen
724 2477 821 2541 zuvor
840 2475 912 2544 ſich
920 2478 1106 2545 derſelben
1106 2478 1345 2545 theilhafftig
1367 2476 1530 2546 machen.

416 2530 533 2591 Prob.
555 2539 790 2585 Sir.XVIII,
811 2546 877 2591 19.

360 2627 462 2672 L.C.
477 2597 771 2693 GOttliebende
788 2603 910 2693 Lehrer
933 2597 1043 2693 ſeynd
1049 2598 1298 2691 verbunden/
1309 2625 1396 2683 ihre
1404 2606 1705 2687 Untergebenen
1717 2628 1793 2668 mit
1803 2623 2001 2677 eyfferiger
2012 2608 2150 2686 Treue

483 2704 527 2752 zu
540 2690 829 2756 unterrichten.

418 2749 498 2779 ILL.
527 2741 675 2779 Seneca
685 2744 829 2788 ſpricht:
839 2716 972 2791 Cupio
972 2727 1123 2791 omnia,
1137 2726 1194 2791 qvae
1207 2716 1318 2786 ſcio,
1328 2755 1378 2793 in
1378 2727 1504 2792 alium
1509 2732 1798 2778 transfundere.
1823 2742 1893 2789 Jch
1903 2742 1961 2777 bin
1971 2727 2142 2790 begierig/

478 2814 587 2869 alles/
585 2824 660 2866 was
670 2820 719 2872 ich
719 2817 840 2872 weiß/
856 2806 975 2891 andern
997 2806 1223 2891 mitzutheilen.
1283 2820 1333 2873 D.
1357 2805 1448 2890 Joh.
1469 2800 1595 2888 Schm.
1604 2808 1732 2864 Conc.
1740 2817 1846 2863 Miſc.
1863 2828 1943 2872 pag.
1964 2805 2037 2870 642.
2045 2817 2157 2868 643⸗

479 2874 581 2910 ſeqq.

829 2892 1174 2982 Officium
1194 2915 1641 2998 Præceptoris.

687 3015 891 3103 Das
903 3017 1080 3122 Ambt
1092 3015 1273 3113 treuer
1294 3000 1799 3108 Schul⸗Lehrer.

361 3128 460 3179 L.C.
483 3118 773 3157 Rechtſchaffene
783 3100 1040 3187 Præceptores
1047 3113 1172 3187 ſollen
1192 3138 1252 3160 vor
1267 3150 1374 3180 allen
1374 3132 1544 3185 Dingen
1550 3128 1633 3183 ihre
1640 3125 1905 3188 Untergebene
1922 3113 1962 3184 in
1967 3144 2032 3177 der
2053 3131 2133 3177 Got⸗

458 3184 656 3251 tesfurcht
672 3205 925 3242 unterrichten.

410 3241 496 3311 ILL.
517 3249 597 3313 Der
618 3247 718 3320 Mond
733 3247 813 3319 hat/
833 3243 881 3319 wie
896 3238 970 3319 mehr
1006 3246 1038 3313 als
1053 3260 1080 3316 zu
1101 3251 1257 3318 bekandt/
1269 3253 1359 3302 nicht
1376 3249 1470 3305 eigen
1488 3248 1603 3315 Licht/
1613 3251 1749 3297 ſondern
1757 3257 1797 3303 er
1797 3249 1971 3303 empfaͤhet
1979 3252 2044 3303 ſein
2054 3247 2142 3302 Licht

482 3332 523 3351 von
543 3312 610 3363 der
628 3307 769 3370 Sonne/
787 3305 844 3368 und
872 3303 968 3356 traͤget
968 3315 1004 3358 in
1019 3313 1069 3366 der
1087 3311 1224 3378 finſtern
1242 3306 1341 3375 Nacht
1351 3314 1439 3361 keine
1448 3320 1570 3363 andere
1577 3313 1732 3368 Klarheit
1747 3324 1816 3362 und
1834 3316 1966 3367 Glantz
1981 3312 2073 3368 fuͤr/
2086 3314 2142 3359 als

458 3365 613 3423 welchen
625 3364 667 3423 er
680 3367 736 3418 von
742 3366 800 3419 der
807 3362 964 3426 Sonnen
964 3362 1134 3427 erhalten.
1184 3370 1204 3431 O
1242 3374 1342 3423 welch
1355 3371 1408 3415 ein
1425 3360 1560 3427 ſchoͤnes
1582 3356 1662 3424 Bild
1681 3362 1774 3416 eines
1791 3361 1987 3425 gottſeligen
2003 3366 2139 3420 Schul⸗

470 3433 675 3482 Gaͤrtners!
702 3432 772 3483 So
778 3423 882 3491 ſollen
882 3421 948 3484 alle
948 3421 1191 3498 rechtſchaffene
1216 3419 1446 3496 Præceptores
1466 3419 1541 3486 auch
1561 3421 1681 3489 geartet
1701 3420 1801 3490 ſeyn/
1816 3432 1884 3486 daß
1893 3431 1935 3485 ſie
1951 3417 2011 3488 ſich
2026 3429 2138 3479 eintzig

1374 3496 1491 3538 Xxx
1491 3496 1528 3538 2

2059 3492 2133 3528 und
