1973 2771
186 392 366 453 Maͤngel
385 392 502 447 ſeiner
511 392 638 446 Reue,
657 390 828 444 dadurch
844 390 891 444 ſie
914 387 1147 441 verwerflich
1156 387 1328 440 gemacht

188 455 336 504 wurde.
395 450 579 500 Daraus
603 451 682 496 wir
696 446 816 502 ſehen,
835 445 912 501 daß
939 456 982 493 es
1009 442 1097 502 ihm
1121 443 1221 496 nicht
1242 453 1324 491 nur

183 522 259 560 am
278 509 470 561 Glauben
495 507 661 562 gefehlet,
689 506 851 560 ſondern
876 504 952 559 daß
979 504 1074 557 auch
1102 502 1203 558 ſelbſt
1230 501 1323 556 ſeine

190 572 304 621 Reue
320 566 419 617 nicht
441 567 581 618 rechter
604 565 684 610 Art
722 559 899 617 geweſen,
927 561 1018 614 noch
1047 560 1105 607 die
1136 555 1324 613 noͤthigen

193 621 481 678 Eigenſchaften
499 618 642 667 gehabt
656 617 766 669 habe.

248 673 339 733 Auf
351 676 500 724 Seiten
510 677 575 721 der
588 665 923 730 Hohenprieſter
948 670 1040 718 und
1061 661 1326 725 Schriftge⸗

196 735 357 793 lehrten
379 735 473 789 ging
492 742 564 780 vor
581 735 649 779 des
674 729 926 785 Verraͤthers
949 729 1208 782 Untergange
1232 734 1325 772 vor⸗

196 795 263 849 her
279 794 336 840 die
358 790 574 846 allergroͤſte
583 784 1038 843 Unbarmhertzigkeit.
1096 786 1171 833 So
1187 784 1268 839 ſehr
1276 784 1324 836 ſie

196 846 340 906 vorher
344 844 504 902 Judam
506 836 732 902 geliebkoſet
752 843 887 896 hatten,
913 844 976 888 als
986 851 1025 886 er
1034 840 1136 892 kam,
1173 842 1256 885 und
1267 838 1326 892 ih⸗

198 917 272 954 nen
290 903 492 961 Hofnung
511 893 668 955 machte,
695 898 865 957 JEſum
874 909 952 947 von
979 895 1188 953 Nazareth
1213 894 1325 950 ihren

185 957 370 1020 Haͤnden
393 971 442 1018 zu
469 959 711 1013 uͤberliefern,
741 970 776 1012 ſo
811 955 1027 1011 veraͤchtlich
1072 957 1255 1004 tractiren
1276 954 1324 1007 ſie

200 1019 267 1073 ihn
290 1027 389 1070 nun,
412 1019 462 1063 da
459 1009 519 1067 ſie
527 1013 648 1065 ihren
658 1011 766 1068 boͤſen
775 1011 983 1068 Endzweck
998 1011 1112 1062 durch
1129 1010 1196 1062 ihn
1214 1017 1328 1055 errei⸗

201 1077 274 1130 chet
290 1075 428 1128 haben.
454 1075 516 1122 Er
527 1073 574 1128 iſt
589 1074 624 1121 ſo
634 1072 824 1127 ferne
770 1067 830 1125 von
835 1071 962 1124 ihnen,
990 1068 1064 1119 daß
1086 1070 1133 1122 ſie
1150 1066 1232 1124 ihm
1252 1069 1328 1114 mit

203 1136 365 1185 einigem
386 1131 504 1186 Troſt
520 1134 560 1178 in
576 1131 692 1182 ſeiner
702 1126 1063 1181 Gewiſſens⸗Angſt
1078 1124 1328 1180 beyſpringen

201 1181 336 1247 ſolten,
365 1186 441 1239 daß
452 1187 498 1241 ſie
512 1186 696 1240 vielmehr
706 1183 820 1236 durch
836 1173 1229 1238 Unbarmhertzigkeit
1243 1178 1328 1233 ihm

208 1258 300 1286 neue
317 1245 515 1286 Wunden
523 1243 701 1286 ſchlagen.

261 1300 376 1353 Dieſe
404 1286 778 1362 Unbarmhertzigkeit
798 1284 960 1346 beweiſen
981 1290 1028 1347 ſie
1038 1295 1079 1343 1)
1088 1291 1218 1344 darin,
1234 1284 1332 1348 daß

208 1357 262 1420 ſie
273 1358 340 1406 die
348 1352 514 1410 Sache
536 1364 631 1401 von
649 1350 734 1409 ſich
749 1348 972 1409 abweiſen,
1001 1349 1094 1396 und
1111 1346 1330 1405 ſprechen:

210 1425 320 1462 was
336 1411 668 1472 gehet
490 1409 567 1462 uns
587 1407 663 1462 das
685 1413 770 1459 an?
796 1413 874 1459 wir
883 1408 1033 1464 wiſſen,
1063 1409 1139 1463 daß
1152 1409 1231 1454 wir
1240 1404 1331 1461 Fug

212 1481 290 1524 und
308 1475 431 1524 Recht
450 1473 595 1525 haben,
620 1469 790 1527 JEſum
811 1479 891 1516 von
906 1467 1115 1523 Nazareth
1135 1466 1199 1513 als
1222 1467 1333 1511 einen

213 1523 547 1583 Gottes⸗Laͤſterer
578 1524 622 1580 zu
612 1526 888 1576 verdammen:
916 1522 984 1578 biſt
999 1524 1053 1570 du
1072 1522 1106 1576 ſo
1118 1523 1178 1569 ein
1195 1520 1333 1573 Narr,

213 1592 293 1633 und
310 1585 449 1640 machſt
465 1586 526 1633 dir
539 1588 601 1631 ein
619 1582 816 1636 Gewiſſen
835 1579 1017 1633 daruͤber,
1045 1579 1121 1631 daß
1143 1581 1197 1625 du
1215 1576 1335 1628 dieſen

210 1645 442 1699 Ubelthaͤter
463 1648 503 1692 in
518 1648 574 1691 die
594 1642 737 1695 Haͤnde
737 1641 809 1688 der
818 1640 1022 1690 Obrigkeit
1042 1639 1206 1692 geliefert
1236 1636 1334 1688 haſt,

214 1703 250 1755 ſo
271 1700 417 1748 koͤnnen
433 1702 511 1747 wir
525 1702 586 1747 dir
601 1699 699 1750 nicht
711 1695 845 1752 helfen.
923 1694 1002 1743 Das
1026 1702 1105 1739 war
1120 1695 1189 1740 der
1211 1692 1336 1737 Sinn

215 1763 295 1806 und
312 1761 367 1807 die
384 1756 571 1806 Stimme
586 1755 729 1804 Cains,
755 1754 778 1801 1
778 1753 904 1803 Buch
929 1751 1039 1802 Moſ.
1056 1762 1156 1804 4,9.
1208 1749 1341 1800 Soll

215 1811 281 1868 ich
289 1813 453 1861 meines
466 1809 681 1861 Bruders
690 1805 833 1861 Huͤter
845 1806 963 1865 ſeyn?
992 1808 1073 1853 Sie
1092 1795 1270 1858 bewieſen
1270 1795 1336 1857 2)

213 1867 296 1915 ihre
311 1861 709 1920 Unbarmhertzigkeit
729 1862 857 1914 darin,
893 1855 987 1920 daß
1013 1855 1068 1913 ſie
1095 1858 1164 1903 die
1189 1862 1337 1913 gantze

218 1924 412 1981 Schuld
422 1925 517 1972 und
525 1919 919 1975 Verantwortuntg
928 1909 1012 1970 auf
1016 1914 1202 1975 Judam
1202 1913 1338 1972 legen,

215 1988 289 2033 mit
303 1987 375 2030 den
389 1983 587 2032 Worten:
613 1980 676 2027 da
691 1974 800 2038 ſiehe
829 1979 883 2025 du
890 1970 970 2032 zu!
996 1974 1099 2033 Haſt
1123 1978 1176 2021 du
1198 1977 1273 2024 dich
1295 1976 1339 2019 in

219 2044 284 2090 der
300 2038 435 2091 Sache
451 2045 700 2092 vergangen,
726 2035 762 2087 ſo
780 2035 867 2081 leide
884 2043 969 2080 nun
987 2034 1080 2083 auch
1092 2033 1194 2078 deine
1205 2031 1349 2077 Stra⸗

220 2099 275 2150 fe
275 2098 414 2149 dafuͤr.
470 2096 614 2145 Elende
638 2090 807 2148 Troͤſter,
845 2093 902 2139 die
928 2094 989 2138 ein
1019 2088 1338 2146 gebrandmaltes

223 2149 425 2205 Gewiſſen,
442 2150 526 2195 und
556 2149 636 2192 eine
650 2144 858 2200 grauſame
873 2139 1266 2197 Unbarmhertzigkeit
1283 2137 1351 2193 ge⸗

220 2195 284 2255 gen
300 2198 355 2247 ein
368 2195 484 2252 Glied
493 2199 599 2250 ihrer
608 2198 760 2254 eigenen
775 2193 923 2248 Kirche,
946 2198 1022 2241 das
1040 2195 1086 2247 ſie
1100 2191 1204 2247 ſelbſt
1222 2191 1341 2240 durch

218 2267 325 2316 Geld
341 2259 410 2324 zur
430 2257 563 2314 Suͤnde
577 2260 748 2316 erkaufet
770 2260 907 2316 hatten,
932 2261 993 2307 und
1004 2259 1080 2306 das
1097 2257 1143 2313 ſie
1163 2266 1249 2304 nun
1268 2258 1342 2301 mit
