1969 2832
968 449 1034 494 198

1077 432 1168 493 Der
1195 437 1331 495 Spion
1362 443 1415 483 an
1432 436 1504 482 den
1537 424 1699 496 Hoͤfen
1747 431 1849 481 1676

970 509 1085 551 Seculis
1116 506 1264 554 erfordert
1296 509 1463 554 worden/
1472 512 1528 542 um
1564 501 1642 547 dieſe
1664 497 1841 544 unendliche

971 562 1100 611 Menge
1119 557 1377 604 unterſchiedener
1403 556 1566 603 Geſtalten
1586 554 1695 599 hervor
1712 562 1746 601 zu
1765 549 1843 592 brin⸗

971 622 1043 662 gen.
1101 610 1270 655 Vlielleicht
1289 610 1356 657 ſind
1374 610 1421 650 die
1440 606 1580 651 Gruͤnde
1599 609 1651 651 der
1674 597 1842 652 Aſtrologie

972 659 1220 711 wahrhafftig/
1228 666 1296 701 und
1316 665 1351 698 es
1368 655 1435 702 ſind
1451 665 1515 698 von
1534 655 1641 697 Alters
1660 653 1710 700 her
1726 647 1842 701 gewiſſe

974 705 1081 753 Zeiten
1101 705 1274 751 beſtimmet
1299 705 1459 749 geweſen/
1481 704 1594 742 erſtlich
1621 703 1670 736 die
1687 691 1839 741 Himmli⸗

978 765 1061 808 ſchen
1075 762 1205 809 Zeichen
1224 766 1290 802 und
1301 753 1594 808 Conſtellationen/
1617 747 1800 804 hiernaͤchſt
1798 742 1846 795 die

980 811 1172 860 Planeten/
1182 814 1250 851 und
1267 809 1384 851 endlich
1409 809 1466 848 alle
1482 810 1594 848 andere
1611 804 1738 852 Weſen
1760 802 1844 843 unter

978 871 1054 908 dem
1075 864 1202 907 Monden
1219 859 1338 905 hervor
1361 868 1397 906 zu
1416 856 1561 905 bringen.
1613 854 1715 899 Allein
1734 851 1843 892 Moſes

978 893 1034 946 der
1050 907 1248 954 Geſetzgeber
1262 910 1329 941 und
1343 904 1443 949 groͤſte
1460 899 1649 948 Philoſophe
1661 902 1717 949 der
1725 886 1843 951 Juden

980 965 1025 1008 iſt
1025 964 1106 1008 nicht
1117 966 1207 1010 dieſer
1216 962 1408 1010 Meynung.
1458 959 1505 1005 Er
1515 959 1628 1009 ſaget/
1645 957 1705 1004 daß
1717 965 1763 999 die
1784 953 1845 999 Erd⸗

982 1007 1158 1053 Gewaͤchſe
1179 1011 1235 1047 vor
1254 1010 1313 1042 den
1334 1007 1489 1047 Sternen
1518 1005 1679 1044 erſchaffen
1704 985 1845 1036 worden/

981 1059 1043 1103 daß
1055 1067 1128 1098 man
1141 1059 1203 1096 alſo
1212 1059 1267 1099 bey
1276 1055 1387 1098 dieſem
1402 1052 1648 1098 Wiederſpruch
1667 1053 1747 1093 nicht
1764 1038 1847 1099 weiß/

983 1119 1054 1147 was
1065 1109 1140 1146 man
1150 1108 1286 1154 glauben
1297 1107 1360 1151 ſoll.
1411 1108 1486 1148 So
1486 1105 1543 1146 viel
1555 1106 1601 1147 ich
1617 1109 1722 1144 davon
1741 1089 1847 1146 urthei⸗

986 1165 1035 1206 len
1049 1162 1114 1203 kan/
1133 1160 1306 1208 verdienet
1312 1157 1366 1208 des
1362 1157 1478 1208 Moſis
1490 1154 1669 1208 Meynung
1683 1155 1764 1200 nicht
1771 1144 1849 1193 mehr

985 1213 1159 1264 Beyſall/
1166 1215 1216 1254 als
1239 1215 1301 1256 das
1325 1210 1503 1254 Vorgeben
1521 1210 1608 1248 eines
1625 1206 1715 1258 jeden
1737 1202 1847 1246 andern

986 1258 1191 1311 Menſchen/
1206 1263 1258 1299 der
1283 1262 1461 1304 behaupten
1487 1259 1609 1304 wolte/
1627 1257 1689 1297 daß
1704 1255 1738 1291 es
1754 1236 1849 1297 gewiſ⸗

986 1314 1012 1360 ſe
1022 1310 1143 1361 Pferde
1154 1309 1254 1353 gebe/
1274 1311 1383 1348 welche
1393 1311 1455 1348 aus
1465 1311 1535 1345 dem
1546 1308 1688 1353 reineſten
1700 1302 1777 1349 Licht
1792 1294 1850 1337 ent⸗

986 1362 1131 1412 ſtehen/
1132 1363 1199 1403 und
1225 1361 1320 1399 durch
1342 1366 1408 1396 eine
1426 1358 1648 1402 unbeſtimmte
1675 1352 1788 1403 Reyhe
1804 1346 1874 1384 der

987 1411 1097 1459 Zeiten
1114 1410 1146 1451 in
1153 1412 1235 1459 dem
1243 1409 1449 1456 unendlichen
1456 1407 1573 1457 Raum
1587 1409 1641 1446 hin
1663 1409 1730 1444 und
1748 1397 1851 1442 wieder

988 1469 1122 1501 rennen;
1151 1457 1213 1505 daß
1245 1461 1298 1497 der
1324 1457 1451 1499 Staub
1476 1458 1554 1498 ihrer
1570 1457 1662 1500 Fuſſe
1680 1436 1851 1501 anfaͤnglich

989 1514 1038 1557 die
1063 1511 1212 1560 Elemente
1229 1514 1293 1559 aus
1309 1508 1412 1551 nichts
1429 1506 1537 1548 hervor
1548 1509 1724 1557 gebracht/
1737 1507 1800 1546 und
1815 1499 1853 1540 da

990 1566 1029 1615 ſie
1054 1563 1183 1608 hernach
1203 1560 1262 1603 mit
1280 1564 1352 1602 dem
1363 1556 1456 1607 Kopf
1466 1564 1564 1605 gegen
1577 1559 1626 1600 die
1635 1556 1730 1609 erſten
1737 1546 1854 1603 Steine

989 1614 1037 1653 der
1061 1609 1180 1652 Natur
1199 1611 1375 1656 geſtoſſen/
1390 1610 1563 1649 diejenigen
1586 1606 1731 1647 Funcken
1748 1587 1856 1647 helaus

989 1666 1186 1710 geſprungen
1203 1665 1313 1705 welche
1330 1663 1379 1701 die
1389 1661 1491 1702 Welt
1508 1667 1562 1701 am
1584 1651 1761 1707 Juͤngſten
1769 1645 1865 1694 Tage

990 1717 1180 1754 verbrennen
1198 1716 1331 1751 werden.
1383 1715 1458 1751 Und
1480 1709 1595 1751 GOtt
1613 1706 1723 1754 weiß/
1734 1700 1778 1743 ob
1786 1697 1855 1739 man

993 1768 1075 1804 nicht
1105 1766 1156 1802 die
1191 1767 1269 1809 letzte
1302 1761 1538 1806 Einaͤſcherung
1569 1767 1623 1795 der
1658 1739 1856 1801 Kayſerlichen

992 1816 1186 1857 Hauptſtatt
1202 1821 1301 1850 einem
1313 1817 1433 1850 Strich
1441 1813 1530 1846 eines
1547 1815 1623 1844 von
1631 1815 1690 1844 den
1700 1782 1859 1848 Huf⸗Naͤ⸗

992 1871 1063 1911 geln
1090 1869 1181 1907 dieſer
1206 1866 1326 1908 Pferde
1351 1864 1574 1906 zuzuſchreiben
1599 1862 1719 1904 habe/
1729 1855 1770 1895 ob
1787 1848 1857 1890 man

991 1921 1086 1957 gleich
1104 1917 1228 1956 dieſelbe
1244 1923 1342 1949 denen
1356 1920 1512 1943 Giabaren
1523 1918 1572 1963 (*)
1597 1913 1665 1962 und
1673 1884 1862 1953 Riſylbaſchi

993 1979 1169 2030 beymeſſen
1179 1980 1302 2023 wollen.

1019 2021 1112 2055 Jch
1143 2024 1260 2051 glaube
1295 2023 1351 2048 bey
1385 2017 1514 2044 meiner
1545 2015 1677 2074 Seele/
1700 1997 1764 2047 daß
1792 1983 1861 2033 alles

992 2078 1057 2104 von
1077 2076 1179 2115 einem
1193 2073 1403 2110 ungefaͤhren
1419 2071 1528 2107 Zufall
1555 2064 1710 2110 herruͤhre.
1748 2038 1867 2094 Alles/

1795 2097 1863 2142 was

1034 2175 1224 2233 (*)Dieſes
1237 2157 1279 2230 iſt
1295 2179 1367 2222 eine
1387 2173 1497 2209 Secte
1517 2175 1614 2221 unter
1634 2169 1700 2222 den
1716 2160 1864 2205 Tuͤrcken.
