1646 2296
538 258 778 326 Daͤnemark.

999 278 1087 335 249

345 375 379 423 1)
400 373 493 420 Stift
505 371 679 421 Aalborg,
703 376 844 423 zwiſchen
855 373 909 417 der
909 374 996 422 Nſee
1013 379 1086 426 (bey

452 427 508 462 den
517 424 634 465 Daͤnen
644 427 755 470 Wſee)
776 431 836 463 und
848 432 916 464 dem
925 428 1088 473 Cattegat.

398 473 587 518 Meerbuſen
596 474 760 519 Liimfiord,
770 476 831 518 auf
832 480 882 515 der
888 475 1031 522 Sgraͤnze.

397 526 543 571 Staͤdte:
571 528 723 572 Aalborg,
735 529 840 576 Hptſt.
867 541 908 565 am
920 530 1085 577 Liimfiord,

450 581 511 616 und
521 575 640 622 Saͤbye
653 578 713 622 auf
725 583 774 616 der
783 580 914 625 Okuͤſte.

342 628 377 675 2)
398 627 492 676 Stift
501 627 686 676 Wiborg,
711 630 756 668 im
772 632 879 668 innern
896 632 1003 676 Lande,
1025 633 1085 671 mit

389 686 448 719 der
461 681 560 728 Jnſel
574 677 681 726 Leſſoͤe
703 686 748 723 im
764 686 926 730 Cattegat.
976 688 1084 733 Hptſt.

396 729 555 771 Wiborg:
572 736 645 770 auch
656 730 761 777 Hptſt.
770 739 830 766 von
841 741 917 777 ganz
927 730 1082 777 Juͤtland.

338 778 372 824 3)
396 778 487 825 Stift
519 778 680 826 Aarhuus,
699 792 751 818 am
762 781 929 827 Cattegat,
956 785 1014 820 mit
1031 788 1082 821 der

394 834 488 879 Jnſel
512 834 642 883 Anholt
679 838 725 876 im
756 838 918 884 Cattegat.
975 840 1082 887 Hptſt.

394 879 560 918 Aarhuus.

337 931 375 974 4)
392 923 485 978 Stift
489 919 597 982 Ribe,
618 943 658 969 an
674 936 723 971 der
738 924 826 980 Nſee,
850 934 909 972 mit
925 937 975 974 der
986 935 1081 982 Jnſel

451 983 583 1032 Fanoͤe,
608 985 662 1031 bey
677 991 727 1027 der
739 982 902 1024 SWkuͤſte.

388 1032 533 1078 Staͤdte,
554 1035 645 1078 theils
658 1035 717 1079 auf
734 1032 795 1079 der
798 1032 937 1084 Wkuͤſte:
972 1039 1079 1086 Hptſt.

440 1087 525 1128 Ribe
541 1091 609 1123 oder
619 1088 739 1131 Ripen,
760 1089 790 1123 in
801 1091 835 1133 S,
858 1102 898 1125 an
913 1094 962 1128 der
972 1092 1081 1131 Nibs⸗

439 1146 509 1179 aue,
532 1141 590 1173 und
598 1137 812 1184 Ringkioͤbing
830 1140 859 1178 in
870 1141 918 1182 N,
938 1154 989 1178 am
1000 1143 1079 1181 Bu⸗

436 1187 484 1228 ſen
500 1185 805 1232 Nyemunds⸗Gab;
840 1190 933 1236 theils
952 1190 1011 1235 auf
1027 1195 1079 1229 der

435 1233 579 1279 SOkuͤſte
596 1244 667 1279 oder
681 1252 735 1279 am
750 1243 863 1283 kleinen
875 1244 974 1285 Belt:
996 1247 1078 1285 Kol⸗

432 1289 521 1332 ding,
546 1299 600 1326 am
617 1289 850 1337 Koldingfiord.

268 1337 302 1375 b.
330 1337 526 1384 S⸗Juͤtland,
546 1342 615 1374 oder
633 1343 691 1376 das
700 1339 848 1387 Herzogt.
857 1339 1077 1389 Schleswig,

380 1387 520 1431 zwiſchen
535 1392 586 1427 der
594 1390 676 1435 Nſee
692 1395 753 1428 und
770 1396 837 1428 dem
848 1392 962 1432 kleinen
972 1395 1075 1434 Belt:

381 1438 415 1476 in
426 1436 513 1481 NW
527 1441 617 1481 durch
633 1442 680 1478 die
694 1441 858 1484 Nibsaue,
881 1445 944 1478 und
959 1444 995 1481 in
995 1444 1072 1483 NO

381 1488 471 1530 durch
496 1488 736 1536 Koldingſiord,
771 1499 843 1528 vom
877 1492 1073 1534 eigentlichen

381 1544 452 1577 oder
468 1540 682 1588 N⸗Juͤtland;
716 1544 746 1585 ſo
764 1545 823 1580 wie
839 1546 871 1582 in
889 1547 959 1586 SW
983 1546 1075 1589 durch

380 1589 428 1626 die
435 1587 552 1632 Eyder,
566 1593 627 1626 und
640 1591 670 1627 in
681 1592 739 1629 SO
751 1592 841 1636 durch
852 1592 899 1626 die
907 1593 1075 1634 Levensau,

378 1649 441 1678 von
449 1645 520 1680 dem
534 1644 680 1689 teutſchen
690 1643 840 1692 Herzogt.
850 1645 1005 1693 Holſtein,
1024 1654 1075 1690 ge⸗

379 1691 523 1736 ſchieden.

328 1745 362 1792 1)
384 1746 464 1785 Das
487 1746 560 1796 feſte
573 1746 679 1790 Land.

379 1803 409 1823 a.
435 1789 560 1827 Staͤdte
567 1797 626 1826 auf
634 1796 684 1825 der
699 1787 818 1833 Oſeite,
825 1803 885 1824 von
895 1795 933 1834 N
942 1796 1013 1828 nach
1028 1795 1069 1830 S:

428 1844 660 1893 Hadersleben;
677 1847 859 1894 Apenrade;
881 1847 1068 1896 Flensburg,

1004 1906 1071 1948 am
