1870 2659
253 433 306 472 Es
323 432 360 477 iſt
378 427 582 477 ohnſtreitig,
596 427 662 474 daß
679 428 731 465 die
746 425 918 472 differente
933 424 1108 470 Meinung
1127 425 1184 462 der

161 478 388 526 Reformirten
414 482 482 515 und
499 476 691 522 Lutheraner
716 473 749 512 in
769 479 825 510 der
844 473 1040 520 chriſtlichen
1062 471 1183 518 Kirche

162 535 251 582 ſolche
275 533 424 572 betruͤbte
447 531 573 579 Folgen
598 530 728 575 haben,
765 529 831 573 daß
856 529 917 565 alle
941 524 1185 574 rechtſchaffene

163 582 296 623 Glieder
318 580 368 617 bei
392 582 454 617 den
477 569 734 624 vorerwaͤhnten
761 574 987 620 Religionen,
1025 575 1184 618 diejenige

162 636 243 680 billig
262 632 518 684 hochzuſchaͤtzen
537 632 656 679 haben,
675 632 789 674 welche
806 641 843 676 zu
854 630 1046 675 Beilegung
1067 627 1186 675 ſolcher

163 685 418 731 Streitigkeiten
440 690 513 720 was
544 681 733 726 beitragen,
760 684 827 716 und
854 681 923 726 ſind
949 679 1016 727 alſo
1036 680 1097 717 alle
1112 682 1184 716 des⸗

164 740 231 784 halb
248 746 312 776 ans
336 739 416 784 Licht
432 737 620 775 kommende
635 732 855 781 Vorſchlaͤge,
883 732 922 770 ob
947 734 987 779 ſie
1005 732 1104 775 gleich
1123 736 1186 769 das

164 788 265 829 Werk
287 787 349 826 mit
372 784 518 831 einmahl
541 781 630 829 nicht
653 782 752 829 heben
777 772 925 827 koͤnnen,
957 773 1108 827 billiglich
1124 782 1186 821 mit

165 839 239 880 Liebe
255 837 501 885 anzunehmen,
527 836 601 874 weil
625 837 666 882 ſie
684 836 754 874 eine
773 835 864 875 Gott
889 832 1040 880 gefaͤllige
1057 831 1187 877 Jnten⸗

166 889 226 929 tion
243 890 363 938 haben,
381 891 437 926 der
458 889 510 926 ein
527 889 613 936 jeder
629 885 890 935 rechtſchaffener
900 875 1014 933 Chriſt
1029 882 1186 923 beitreten

166 943 250 991 muß.
303 941 413 989 Dieſe
434 940 623 987 Jntention
647 941 705 985 hat
729 936 941 984 vermuthlich
964 935 1016 973 ein
1042 935 1188 982 gewiſſer

166 995 267 1033 Autor
290 996 347 1033 der
373 993 432 1040 ſich
457 992 627 1040 Chriſtian
654 989 795 1037 Fratelli
816 994 937 1026 nennet
954 987 1032 1031 auch
1057 986 1187 1034 gehabt,

167 1043 228 1078 und
249 1039 301 1076 ein
319 1038 468 1085 gewiſſes
483 1029 689 1084 Traktaͤtgen
706 1035 983 1082 herausgegeben,
1009 1038 1139 1070 worinn
1154 1046 1188 1071 er

167 1094 242 1143 ſeine
264 1094 442 1146 Meinung
470 1091 551 1132 uͤber
572 1092 623 1130 die
648 1088 881 1136 Vereinigung
906 1092 961 1127 der
985 1088 1189 1134 Religionen

168 1151 225 1183 ans
248 1145 328 1192 Licht
347 1143 487 1190 bringet.
540 1143 622 1183 Der
642 1141 737 1190 Herr
757 1130 951 1188 Feldprobſt
968 1139 1107 1180 Gedicke
1131 1141 1191 1185 hat

168 1196 237 1237 uͤber
261 1197 364 1246 dieſes
392 1196 500 1238 Werk
525 1194 610 1244 ſeine
633 1193 819 1234 Gedanken
843 1189 981 1237 eroͤfnen
1008 1189 1125 1237 ſollen,
1153 1193 1191 1236 iſt

169 1247 238 1286 aber
247 1257 312 1288 von
321 1252 379 1285 der
387 1245 578 1292 Meinung,
595 1244 662 1292 daß
681 1246 737 1281 der
746 1244 856 1281 Autor
865 1242 926 1279 mit
936 1241 1036 1289 ſeiner
1047 1243 1193 1290 Schrift

169 1299 272 1340 keinen
292 1299 401 1341 Dank
425 1296 596 1345 verdiene,
621 1297 665 1333 da
692 1306 725 1332 er
749 1294 781 1341 ſo
806 1293 858 1333 ein
883 1293 1051 1339 wichtiges
1081 1293 1191 1334 Werk

169 1352 215 1391 als
230 1353 280 1392 die
297 1349 537 1398 Vereinigung
537 1348 604 1395 der
617 1346 776 1393 Religion
795 1345 844 1393 iſt,
862 1345 924 1382 viel
940 1355 977 1391 zu
994 1344 1191 1392 leichtſinnig

171 1403 309 1450 traktire,
325 1410 392 1440 von
413 1402 526 1440 beiden
546 1398 752 1446 Religionen
777 1397 809 1445 ſo
824 1399 911 1444 wohl
925 1400 981 1435 der
999 1396 1192 1443 Reformir⸗

171 1459 218 1493 ten
240 1456 291 1493 als
314 1451 528 1501 Lutheriſcheu
549 1461 587 1496 zu
610 1450 675 1497 frei
695 1447 899 1497 raiſonnire,
942 1447 995 1485 als
1016 1455 1112 1485 wenn
1137 1450 1193 1485 der

171 1502 443 1556 hauptſaͤchlichſte
480 1501 687 1551 Unterſchied
724 1501 760 1540 in
797 1498 925 1546 einigen
956 1497 1192 1547 ſcholaſtiſchen

169 1551 455 1593 Diſtinctionibus
478 1551 599 1600 beſtehe
616 1553 685 1589 und
702 1547 843 1595 dadurch
864 1558 902 1593 zu
924 1548 1085 1595 verſtehen
1104 1551 1192 1593 gebe,

171 1604 217 1643 als
234 1606 313 1653 habe
331 1617 364 1644 er
378 1602 478 1654 ſelber
496 1601 605 1649 wenig
622 1605 700 1639 oder
717 1610 777 1646 gar
792 1599 880 1644 keine
896 1598 1070 1646 Religion.

264 1711 322 1750 Ob
341 1721 413 1749 nun
431 1711 493 1747 das
518 1707 633 1755 leztere
650 1706 723 1748 aus|
740 1708 789 1745 dem
824 1706 963 1754 erſteren
975 1702 1109 1756 erfolge,
1135 1701 1195 1750 ſol⸗

175 1752 236 1799 ches
252 1754 290 1801 iſt
307 1756 447 1793 anderer
465 1751 642 1795 Meinung
659 1751 740 1795 nach
757 1751 836 1794 noch
858 1752 945 1794 nicht
962 1752 1196 1793 abzunehmen.

173 1805 244 1847 Der
252 1808 343 1857 Herr
357 1806 596 1857 Feld ⸗ Probſt
605 1805 732 1846 Gedike
743 1806 827 1842 kann
837 1804 926 1849 wohl
935 1805 1022 1849 nicht
1038 1804 1196 1846 laͤugnen,

174 1861 231 1910 daß
246 1862 338 1902 Gott
353 1864 415 1899 den
435 1858 530 1905 Weg
546 1864 603 1896 der
612 1856 802 1904 Seeligkeit
818 1858 922 1895 denen
940 1855 1123 1902 Menſchen
1145 1866 1197 1898 ge⸗

176 1911 293 1960 wieſen.
345 1911 510 1961 Derſelbe
530 1909 624 1955 Weg
644 1918 701 1954 zur
718 1905 908 1953 Seeligkeit
930 1907 1009 1953 auch
1026 1915 1091 1943 nur
1108 1910 1198 1942 einer

176 1956 219 2006 iſt,
233 1958 363 2006 folglich
380 1966 483 1996 wann
499 1958 549 1995 die
563 1958 757 2002 Lutheraner
774 1960 843 1991 und
861 1957 1093 1999 Reformirten
1111 1959 1198 1999 nicht

178 2010 298 2054 einerlei
321 2011 500 2058 Meinung
524 2009 558 2048 in
583 2009 678 2055 ihren
698 2007 869 2058 Lehrſaͤtzen
894 2009 1020 2053 haben,
1060 2013 1128 2044 und
1156 2014 1199 2042 da

178 2059 262 2100 Gott
285 2061 380 2101 einen
404 2059 500 2105 Weg
524 2067 581 2104 zur
597 2059 783 2103 Seeligkeit
806 2060 965 2103 gegeben,
994 2062 1114 2100 mithin
1133 2061 1200 2102 ſein

177 2105 279 2148 Wort
300 2109 522 2155 geoffenbaret
540 2112 620 2151 hat,
645 2118 720 2140 was
741 2116 777 2142 er
799 2114 903 2141 denen
922 2111 1107 2151 Menſchen
1134 2122 1201 2139 von

179 2158 276 2207 ſeinen
291 2161 540 2211 Geheimniſſen
562 2163 679 2199 wollen
695 2161 807 2207 wiſſen
829 2162 949 2205 laſſen,
991 2163 1069 2194 uͤber
1087 2165 1201 2200 welche
