1674 2557
442 352 485 385 98

443 425 582 460 Vormals
597 425 628 459 in
641 428 769 461 Bajonne
784 425 829 456 der
840 422 953 458 Daͤmon
965 425 1012 456 des
1025 425 1157 460 Krieges,
1175 424 1232 455 und
1251 423 1326 461 faßte

443 475 502 507 Alle
521 474 561 505 die
576 474 722 510 Schrecken
743 471 788 502 des
801 472 919 508 Feuers,
939 471 992 503 und
1010 471 1060 504 alle
1076 473 1122 504 des
1135 470 1257 506 Stahles
1271 475 1300 504 in
1317 473 1397 506 dieſer

446 519 667 559 Ungluͤcksvollen
683 520 849 558 Erfindung,
869 523 914 552 der
933 515 1070 558 wuͤrdigen
1087 519 1185 558 Frucht
1200 521 1245 549 der
1257 521 1348 559 Hoͤlle.

447 574 506 607 Und
523 580 587 605 man
599 574 691 608 mengt
705 570 766 609 ſich,
782 579 845 603 man
857 569 988 606 kaͤmpfet:
1006 568 1238 608 Geſchicklichkeit,
1257 570 1446 606 Kriegsmuth,

1253 623 1378 663 Laͤrmen,

445 666 552 697 Blinde
567 666 654 699 Wuth
667 664 722 695 und
732 666 858 697 Geſchrey
868 666 922 692 und
931 662 1031 698 Furcht
1043 667 1098 691 und
1110 667 1239 697 Schande
1252 672 1283 696 zu
1302 670 1425 695 weichen,

444 720 504 752 Und
515 719 559 750 der
573 718 721 750 brennende
730 716 813 753 Durſt
830 718 894 752 nach
909 712 1047 751 Stroͤmen
1063 723 1117 747 von
1134 716 1365 753 Menſchenblute,

443 771 504 802 Und
511 768 710 807 Verzweiflung
727 769 775 799 und
790 768 851 803 Tod,
866 768 900 804 ſie
914 766 1039 799 wandeln
1051 773 1104 798 von
1111 766 1215 803 Reihen
1230 773 1261 802 zu
1275 765 1447 802 Reihen.

441 817 511 855 Hier
522 817 642 854 verfolgt
651 819 701 848 den
707 817 896 850 Verwandten
907 817 953 851 bey
963 814 1052 851 ſeinen
1059 815 1186 852 Gegnern
1193 816 1238 845 der
1245 816 1447 852 Blutsfreund,

442 868 490 899 Da
505 863 564 902 faͤllt
578 865 691 901 fliehend
706 866 749 896 der
757 865 867 895 Bruder
887 870 949 894 vom
968 863 1129 895 mordenden
1140 864 1218 900 Eiſen
1232 866 1278 894 des
1294 866 1452 896 Bruders.

443 916 623 949 Schaudernd
636 917 741 946 erblickt
766 915 805 944 die
829 917 905 945 Natur
922 915 971 944 den
979 915 1088 945 Greul;
1111 914 1168 944 dies
1187 914 1430 948 Schreckengeſtade

443 963 530 1002 Fuͤhlt
543 963 608 997 ſich,
627 962 770 997 unwillig,
790 967 845 993 von
863 961 948 1000 ihrem
968 957 1167 998 ungluͤcklichen
1183 960 1275 993 Blute
1291 962 1450 996 befeuchtet.

514 1011 646 1049 Zwiſchen
663 1009 767 1047 dichten
778 1007 911 1044 Waͤldern
926 1007 980 1041 von
995 1005 1129 1041 vorwaͤrts
1144 1007 1304 1046 gerichteten
1315 1011 1429 1045 Lanzen,

441 1057 575 1098 Zwiſchen
591 1057 714 1096 blutigen
728 1056 833 1094 Reihen
854 1058 910 1089 und
931 1056 1203 1092 niedergedonnerten
1213 1057 1356 1092 Schaaren

443 1106 569 1147 Draͤngte
577 1106 760 1148 ſichHeinrich,
768 1107 817 1140 eilt
824 1102 970 1143 vorwaͤrts,
978 1107 1033 1138 und
1045 1107 1143 1143 bahnte
1152 1106 1199 1143 ſich
1207 1106 1451 1142 ruͤhmlicheWege.

443 1161 515 1197 Jhm
529 1161 601 1198 folgt
609 1161 749 1195 Mornay:
769 1161 814 1192 der
823 1153 909 1197 Held,
933 1159 995 1196 ſtets
1009 1159 1088 1196 ruhig
1098 1159 1150 1191 mit
1163 1157 1276 1193 heiterer
1289 1159 1397 1192 Miene,

443 1209 557 1244 Wachet
573 1215 604 1245 zu
622 1208 720 1243 ſeinem
731 1208 841 1245 Schutze
854 1215 901 1239 um
911 1206 967 1244 ihn,
987 1207 1039 1237 wie
1056 1207 1103 1238 ein
1119 1204 1263 1244 maͤchtiger
1278 1208 1379 1242 Engel.

443 1260 507 1294 Alſo
527 1259 580 1294 ließ
601 1259 663 1293 einſt
681 1260 729 1289 der
747 1258 861 1291 Dichter
881 1260 911 1289 in
929 1253 1084 1293 Phrygiens
1098 1257 1211 1292 Feldern
1229 1258 1273 1287 der
1293 1259 1365 1287 Erde

444 1309 505 1337 Und
518 1308 564 1336 des
587 1305 711 1342 Himmels
730 1307 808 1339 ew'ge
830 1303 962 1339 Beweger
978 1302 1007 1333 in
1026 1302 1174 1337 ſterblicher
1191 1300 1334 1338 Huͤlle

444 1357 532 1387 Unter
549 1353 590 1385 die
601 1353 729 1386 Streiter
741 1351 771 1385 in
784 1351 950 1389 Schlachten
964 1350 1011 1388 ſich
1023 1350 1153 1389 miſchen;
1164 1338 1237 1382 oder
1250 1349 1277 1386 ſo
1292 1345 1422 1388 kaͤmpfen,

442 1403 535 1439 Rings
547 1408 608 1432 vom
616 1402 737 1434 Sturme
751 1401 806 1431 und
812 1402 930 1433 Donner
939 1400 994 1432 und
1005 1398 1177 1437 leuchtenden
1188 1396 1294 1436 Blitzen
1308 1397 1451 1436 umgeben,

444 1451 521 1488 Jene
530 1450 709 1487 ſchrecklichen
718 1449 824 1483 Diener
842 1451 888 1482 des
905 1448 1013 1484 wahren
1029 1448 1143 1484 Gottet,
1162 1448 1209 1479 des
1220 1447 1361 1485 Himmels

446 1498 536 1531 Obere
549 1492 668 1534 Maͤchte,
683 1498 724 1529 die
731 1497 836 1532 Weſen,
853 1497 893 1527 die
906 1495 1022 1528 nimmer
1032 1500 1064 1531 zu
1081 1496 1170 1526 leiden
1188 1498 1347 1530 vermoͤgen,

448 1551 508 1583 Und
527 1544 691 1585 erſchuͤttern
710 1548 762 1580 mit
778 1543 991 1579 unveraͤnderter
1012 1547 1119 1580 Stirne
1138 1546 1188 1578 das
1202 1546 1329 1578 Weltall.

447 1601 571 1634 Mornay
586 1599 738 1635 empfanget
752 1604 804 1628 von
819 1598 916 1634 ſeinem
926 1593 1036 1636 Fuͤrſten
1053 1598 1095 1629 die
1106 1595 1214 1632 raſchen
1230 1596 1354 1634 Befehle,

447 1648 523 1684 Jene
541 1646 774 1684 unerſchrockenen
791 1647 891 1680 Triebe
909 1649 953 1678 der
964 1645 1052 1677 Seele
1066 1647 1115 1676 des
1129 1642 1246 1684 Helden,

448 1700 505 1733 Die
519 1699 568 1731 das
577 1697 709 1733 Schickſal
720 1698 765 1729 der
776 1697 942 1732 Schlachten
952 1694 1135 1730 verwandeln,
1148 1701 1179 1727 u.
1187 1693 1228 1727 die
1239 1695 1269 1727 es
1279 1693 1452 1729 entſcheiden;

449 1745 509 1777 Und
519 1750 547 1774 er
558 1743 665 1778 bringet
674 1744 707 1778 ſie
716 1744 815 1778 ſchnell,
825 1745 874 1774 wie
885 1737 1018 1777 Stuͤrme,
1032 1741 1081 1772 den
1092 1736 1213 1779 Fuͤhrern
1226 1743 1272 1773 der
1280 1742 1436 1775 Schaaren.

450 1793 543 1825 Kaum
558 1787 647 1826 erhaͤlt
661 1793 694 1826 ſie
709 1793 753 1823 der
766 1790 859 1824 Obre,
878 1788 904 1823 ſo
918 1785 1001 1821 toͤnen
1014 1788 1056 1821 die
1068 1787 1213 1828 maͤcht'gen
1229 1790 1345 1824 Befehle

449 1844 541 1877 Seine
553 1842 700 1878 folgſamen
715 1841 821 1877 Reihen
832 1838 976 1876 hindurch,
994 1840 1049 1871 und
1063 1839 1165 1873 ordnen
1183 1841 1225 1876 ihr
1238 1836 1368 1875 Wuͤthen.

450 1893 526 1924 Man
540 1892 645 1923 vereint
658 1890 715 1926 ſich,
734 1890 855 1925 entfernt
867 1888 924 1925 ſich,
934 1890 989 1921 und
1002 1888 1072 1925 zieht
1086 1891 1116 1922 in
1131 1886 1327 1933 verſchiedenen
1343 1888 1454 1932 Haufen;

451 1940 521 1970 Aber
539 1945 594 1969 nur
612 1939 657 1968 ein
675 1935 791 1974 einziger
807 1937 879 1973 Geiſt
901 1935 1015 1975 beweget
1030 1936 1063 1972 ſie
1076 1937 1137 1968 alle.

452 1989 575 2024 Mornay
584 1990 635 2020 eilt
643 1991 740 2021 immer
749 1986 847 2019 wieder
863 1984 1041 2026 zumFuͤrſten,
1060 1996 1088 2019 er
1098 1985 1166 2023 folgt
1182 1980 1241 2028 ihm,
1254 1989 1310 2019 und
1316 1990 1385 2018 deckt
1393 1989 1453 2023 ihn,

452 2036 568 2072 Spricht
578 2038 635 2071 ihn,
646 2039 701 2067 und
714 2034 819 2068 wendet
828 2032 866 2065 im
873 2033 1010 2072 Sprechen
1021 2041 1075 2066 von
1084 2034 1138 2070 ihm
1149 2031 1190 2063 die
1198 2032 1348 2069 drohenden
1355 2038 1451 2073 Hiebe;

451 2086 530 2119 Doch
548 2085 602 2115 ſein
621 2085 735 2121 ſtoiſcher
749 2084 829 2118 Sinn
843 2079 965 2115 erlaubet
983 2083 1039 2119 ihm
1054 2083 1146 2117 nicht,
1164 2083 1205 2112 die
1214 2085 1312 2120 Haͤnde

453 2135 540 2171 Eines
554 2135 661 2168 Weiſen
675 2139 729 2170 mit
744 2134 821 2169 Blut
838 2127 1032 2172 ungluͤcklicher
1050 2131 1194 2170 Menſchen
1211 2140 1244 2170 zu
1266 2134 1373 2168 faͤrben.
