1869 2786
670 378 708 426 in
733 376 849 431 Aſien.

1226 403 1265 437 31

259 459 613 525 Johannes⸗Chriſten
619 479 754 521 nennet,
787 473 854 522 ſind
876 485 940 517 aus
962 480 1021 518 den
1043 478 1203 521 Sabaͤern
1226 480 1262 521 in

257 527 409 581 Chaldaͤa
424 529 623 579 entſtanden,
653 538 718 575 und
733 533 884 582 ſchreiben
906 538 1008 586 Gott,
1047 543 1106 578 den
1131 539 1260 590 Engeln

258 597 323 631 und
341 593 473 640 Teufeln
488 592 615 641 Koͤrper
630 606 689 645 zu,
725 595 895 644 verwerfen
919 600 995 647 auch
1020 600 1141 651 Chriſti
1162 603 1260 659 Gott⸗

257 648 321 699 heit
333 636 401 689 und
418 650 523 701 halten
540 656 599 694 den
616 653 753 698 Gabriel
775 652 827 702 fuͤr
842 656 963 700 Gottes
981 656 1100 711 Sohn.

485 815 520 860 5.
548 800 797 861 Pataniſche
809 803 1025 857 Staaten.

247 862 330 936 D

328 865 364 937 ie
378 885 552 932 Patanen,
573 888 621 930 die
636 888 714 935 auch
729 887 901 940 Afghanen
924 890 1001 941 nach
1023 896 1094 934 dem
1115 896 1256 941 gemein⸗

251 943 456 1000 ſchaftlichen
483 948 589 989 Namen
620 949 704 1000 ihrer
728 948 857 992 Nation
874 959 1009 1002 genennt
1027 957 1167 1002 werden,
1200 967 1257 994 ur⸗

251 996 426 1053 ſpruͤnglich
443 1010 506 1045 aus
523 1006 701 1056 Schirwan
716 1012 779 1051 und
797 1009 971 1054 Armenien
986 1013 1162 1063 ſtammen,
1187 1017 1254 1055 und

250 1071 306 1119 ſich
325 1081 380 1118 vor
394 1071 461 1115 Sec.
478 1084 511 1122 9.
523 1068 561 1125 in
588 1073 766 1125 Candahar
782 1077 895 1124 ſezten,
939 1089 989 1118 wo
1011 1080 1050 1127 ſie
1073 1088 1164 1123 unter
1186 1082 1254 1125 Ab⸗

248 1134 355 1183 dallah
375 1133 428 1180 ſeit
445 1146 528 1182 1747
546 1136 722 1187 herrſchend
739 1142 889 1185 wurden,
920 1145 985 1181 und
1004 1145 1065 1180 das
1078 1153 1177 1193 ganze
1194 1144 1254 1192 oͤſt⸗

248 1193 325 1237 liche
337 1191 491 1239 Perſien,
518 1194 675 1240 ungefaͤhr
693 1198 744 1234 die
760 1190 943 1245 Provinzen
959 1198 1149 1247 Candahar,
1166 1201 1253 1250 Cho⸗

246 1250 358 1294 raſan,
388 1248 574 1299 Segeſtan,
603 1253 737 1299 Araba,
766 1256 974 1301 Sabluſtan,
1008 1261 1072 1296 und
1093 1260 1252 1306 Mekran,

247 1304 332 1353 nebſt
347 1309 445 1349 denen
457 1317 519 1347 von
535 1313 592 1347 den
608 1309 743 1356 Perſern
761 1312 917 1352 eroberten
938 1313 1089 1364 indiſchen
1106 1316 1251 1365 Provin⸗

245 1374 298 1412 zen
329 1374 404 1406 vom
431 1365 625 1416 Hauptreich
650 1369 780 1418 Perſien
800 1371 1000 1420 abgeriſſen,
1047 1375 1154 1421 leztere
1176 1376 1251 1417 aber

244 1424 338 1471 durch
364 1429 416 1466 die
433 1427 560 1470 Seiken
583 1428 696 1470 wieder
721 1429 882 1478 verlohren
906 1428 1036 1481 haben,
1074 1434 1250 1476 bekannten

243 1486 300 1533 ſich
317 1486 458 1535 anfangs
473 1498 529 1537 zur
545 1488 699 1539 Religion
717 1495 768 1533 der
784 1491 922 1542 Parſis,
964 1495 1029 1533 und
1050 1503 1137 1544 zwar
1149 1505 1250 1543 unge⸗

244 1544 315 1596 faͤhr
332 1546 385 1591 ſeit
399 1547 470 1588 Sec.
486 1559 525 1600 9.
574 1536 645 1607 Die
654 1550 823 1608 Abdollis,
840 1550 889 1589 ein
908 1549 1084 1604 beſonderer
1099 1554 1249 1599 Stamm

243 1606 418 1658 derſelben,
448 1605 587 1661 hernach
596 1612 644 1651 die
657 1621 755 1661 ganze
764 1610 911 1659 Nation;
939 1616 972 1654 in
990 1620 1043 1658 der
1058 1614 1156 1665 Folge
1169 1618 1250 1668 nah⸗

243 1675 315 1704 men
328 1668 368 1712 ſie
380 1669 429 1704 die
446 1671 737 1722 mohamedaniſche
747 1669 898 1718 Religion
910 1684 975 1719 an,
1002 1685 1067 1715 von
1080 1681 1134 1716 der
1140 1676 1248 1721 Sekte

242 1725 294 1765 der
310 1726 497 1770 Sunniten.
548 1727 646 1776 Doch
664 1721 785 1772 werden
802 1732 849 1773 die
861 1731 1012 1776 Abdollis
1035 1744 1099 1774 von
1120 1735 1248 1783 einigen

241 1786 293 1823 als
316 1788 468 1831 Schiiten
493 1790 682 1835 angegeben.
740 1787 826 1837 Zum
847 1782 993 1831 Stamm
1016 1798 1069 1830 der
1090 1794 1246 1842 Patanen

239 1847 372 1896 gehoͤren
387 1848 442 1894 die
450 1839 606 1899 Rohillas
622 1853 655 1890 in
673 1852 857 1901 Rohilkund
873 1852 906 1888 in
922 1844 1126 1904 Jndoſtan,
1141 1858 1190 1896 die
1209 1858 1276 1905 in

239 1906 406 1962 Guzurate
423 1910 489 1948 und
505 1914 624 1954 andern
640 1915 793 1966 indiſchen
800 1912 984 1967 Provinzen
1001 1917 1122 1969 ſeßhaft
1140 1920 1216 1971 ſind.

469 2065 509 2112 6.
538 2063 776 2128 Tatariſche
799 2066 1007 2117 Staaten.

234 2114 295 2193 Z

295 2134 313 2194 u
333 2155 390 2193 den
414 2154 517 2200 freyen
540 2153 722 2201 tatariſchen
747 2155 896 2202 Staaten
923 2162 1048 2200 werden
1072 2173 1133 2201 nur
1157 2164 1239 2204 Tur⸗

237 2206 356 2256 keſtan,
384 2210 580 2264 Taſchkunt,
610 2213 669 2249 das
687 2213 778 2262 freye
789 2213 1035 2264 Kirgiſenland,
1071 2212 1132 2259 das
1157 2220 1240 2268 freye

235 2258 847 2323 Mankaten⸗ und Karakalpakenland,
866 2271 1066 2325 Charazme,
1097 2280 1159 2316 das
1175 2288 1239 2319 von

1131 2343 1235 2385 Usbe⸗
