1665 2435
312 354 374 400 bis
396 352 471 409 auf
486 352 613 408 unſere
634 353 779 405 Zeiten.
809 355 845 406 §.
881 362 943 401 11.

989 365 1073 406 435

202 452 256 485 der
269 447 378 483 kennen
396 456 432 492 zu
450 449 561 486 lernen.
613 450 663 485 Es
687 452 741 493 hat
765 449 856 491 daher
879 453 910 489 in
927 454 979 487 der
995 454 1067 490 Cul⸗

203 507 256 533 tur
277 501 372 540 ſeinen
398 496 519 541 eigenen
545 497 626 540 Weg
651 498 745 542 gehen
774 497 902 545 muͤſſen,
924 503 988 536 und
1009 503 1064 543 hat

203 555 290 583 darin
308 554 391 590 ſchon
407 552 501 591 laͤngſt
525 552 580 585 den
608 551 731 591 wahren
759 552 916 595 heilſamen
941 553 1064 591 Mittel⸗

200 612 278 644 grad
299 604 519 644 uͤberſchritten.
584 603 646 641 Die
671 603 831 648 uͤberfuͤllte
854 604 1064 654 Volksmenge

201 665 256 697 hat
275 660 320 690 die
335 657 454 699 Koͤrper
478 664 511 699 zu
533 654 595 697 ſehr
622 656 840 703 abgeſchliffen,
865 659 919 700 hat
941 658 1059 702 Weich⸗

201 711 331 752 lichkeit,
355 708 524 752 Ueppigkeit
547 712 610 744 und
630 708 849 755 Zuͤgelloſigkeit
872 714 923 747 der
943 713 1059 753 Sitten

199 762 407 801 eingefuͤhret,
433 763 495 794 und
521 758 608 800 durch
628 763 673 796 die
696 759 790 804 Laͤnge
814 761 917 805 ſolcher
938 762 1058 799 Ausar⸗

199 821 277 851 tung
302 816 392 845 kleine
414 809 555 854 ſchwache
582 810 704 854 Koͤrper
735 817 798 850 und
826 817 970 855 verzerrte
993 814 1057 852 Ge⸗

198 869 300 905 ſichter
336 866 478 903 erzeuget.
550 860 644 899 Waͤre
677 867 736 901 das
766 863 940 910 Chineſiſche
973 868 1054 905 Blut

198 921 279 956 nicht
299 923 359 947 von
382 915 447 954 Zeit
471 920 505 955 zu
522 912 596 955 Zeit
624 914 713 956 durch
740 912 898 958 zahlreiche
928 915 1054 959 Horden

199 966 419 1009 Mongoliſcher
432 968 494 1001 und
509 965 707 1012 Tartariſcher
729 967 967 1010 Voͤlkerſchaften
986 970 1054 1011 auf⸗

198 1021 348 1059 gefriſchet
362 1018 503 1054 worden,
520 1013 551 1055 ſo
564 1013 666 1052 wuͤrde
685 1018 731 1053 die
751 1015 958 1055 uͤbertriebene
977 1019 1052 1057 Cul⸗

198 1081 251 1105 tur
267 1075 304 1110 ſie
321 1068 461 1114 vielleicht
471 1066 566 1115 laͤngſt
585 1068 637 1108 bis
668 1063 702 1117 zu
706 1067 864 1117 Pygmaͤen
886 1070 1051 1117 verfeinert

197 1139 307 1183 haben.

272 1233 334 1272 Ein
350 1232 437 1275 Theil
450 1235 505 1270 des
526 1232 659 1272 mittlern
673 1234 781 1279 Aſiens
801 1236 863 1270 und
889 1239 940 1272 der
960 1241 1053 1279 ganze

198 1282 369 1320 ungeheure
383 1278 528 1321 noͤrdliche
541 1279 626 1319 Theil
638 1281 778 1323 deſſelben
798 1286 883 1317 ward
899 1290 959 1316 von
977 1281 1056 1326 zahl⸗

197 1336 311 1371 reichen
327 1331 528 1372 nomadiſchen
545 1328 781 1375 Voͤlkerſchaften
799 1333 967 1377 bewohnet,
984 1334 1054 1370 wel⸗

192 1387 248 1430 che
269 1378 320 1421 ein
342 1382 476 1423 unſtaͤtes
498 1383 596 1420 Leben
608 1382 753 1425 fuͤhrten,
784 1389 847 1419 und
868 1388 926 1420 mit
949 1385 1052 1428 ihrem

196 1436 373 1475 Ueberfluſſe
399 1434 476 1474 nicht
500 1434 586 1472 allein
608 1435 668 1470 das
690 1442 781 1480 ganze
804 1433 948 1479 Europa,
988 1436 1054 1480 ſon⸗

195 1493 262 1514 dern
275 1490 344 1525 auch
358 1488 417 1513 das
429 1482 550 1523 ſuͤdliche
567 1475 653 1520 Aſien
660 1480 858 1518 bevoͤlkerten.
885 1481 979 1518 Allein
987 1483 1053 1526 ſeit⸗

196 1545 264 1577 dem
285 1542 338 1583 ſich
361 1533 506 1582 Rußland
531 1541 586 1576 des
614 1549 725 1584 ganzen
754 1542 925 1587 noͤrdlichen
945 1546 1053 1587 Aſiens

196 1595 391 1634 bemaͤchtiget
407 1593 478 1633 hat,
503 1591 558 1633 hat
574 1594 610 1628 es
625 1593 699 1637 dieſe
711 1593 824 1632 Voͤlker
848 1605 899 1639 zur
923 1593 1054 1639 Staͤtig⸗

196 1648 254 1677 keit
275 1646 432 1685 gebracht,
456 1645 517 1677 und
546 1643 583 1685 ſie
605 1651 645 1678 an
669 1644 716 1680 die
738 1646 831 1688 erſten
856 1644 977 1684 Stufen
998 1649 1052 1683 der

196 1699 397 1738 buͤrgerlichen
411 1694 594 1739 Verfaſſung
619 1693 770 1739 gewoͤhnt.
819 1699 881 1736 Die
906 1698 1052 1737 Bevoͤlke⸗

196 1759 276 1782 rung
293 1751 366 1781 muß
379 1748 506 1783 dadurch
520 1744 707 1787 zunehmen,
731 1743 850 1787 zumahl
867 1748 906 1781 da
924 1745 961 1785 ſie
975 1744 1049 1789 auch

197 1803 286 1837 durch
302 1801 506 1838 Coloniſation
523 1794 692 1841 unterſtuͤtzt
708 1802 793 1837 wird.
826 1800 957 1844 Freylich
973 1802 1050 1839 wird

198 1856 237 1889 ſie
252 1860 310 1880 nur
333 1854 396 1887 ſehr
415 1852 548 1890 langſam
573 1846 632 1885 auf
653 1850 699 1883 die
722 1850 832 1887 Cultur
854 1850 962 1887 wirken
983 1851 1052 1888 koͤn⸗

196 1914 275 1942 nen,
297 1906 366 1934 weil
382 1907 433 1935 der
449 1897 646 1944 unbegraͤnzte
659 1901 769 1937 Boden
788 1911 853 1937 eine
876 1902 963 1942 lange
984 1902 1051 1945 Zeit

193 1961 359 2005 erfordert,
382 1957 434 1990 ehe
450 1964 482 1991 er
499 1957 554 1993 mit
568 1950 772 1994 Einwohnern
797 1950 961 1995 angefuͤllet
973 1961 1052 1991 wer⸗

190 2002 254 2043 den
272 2010 362 2044 kann.
392 2009 489 2043 Allein
506 2011 595 2042 wenn
615 2005 688 2045 dieſe
703 2007 768 2049 Zeit
782 2007 913 2047 einmahl
927 2008 1051 2051 kommt,

191 2063 228 2100 ſo
240 2065 316 2096 wird
327 2063 365 2104 ſie
381 2062 455 2105 auch
462 2060 546 2104 deſto
560 2058 745 2103 wirkſamere
762 2057 908 2108 Einfluͤſſe
929 2062 988 2102 auf
1002 2064 1051 2100 die

619 2108 747 2145 Ee2

937 2098 1049 2148 Cultur
