1594 2433
94 457 229 508 zehnmal
248 461 446 511 ſchaͤtzbarer,
472 467 525 504 als
542 468 589 510 ein
609 463 830 508 Gelehrter,
857 461 915 509 mit
943 462 1001 503 den

94 519 259 574 Gelehrten
293 528 384 569 wolle
410 538 440 575 er
477 538 536 578 gar
564 530 645 567 nicht
671 531 779 576 reden,
817 529 914 573 denn
941 522 1001 563 ihr

939 600 1008 642 Ei⸗

187 756 324 800 „ſehen.
347 756 439 801 Jeſus
453 755 585 799 Chriſtus
600 752 675 797 ſetzet
696 750 753 792 ſein
763 747 920 791 Vorhaben
934 748 1007 788 fort,

189 812 298 848 „und
320 807 454 853 nachdem
478 816 511 843 er
531 815 611 848 zum
630 802 789 847 Petrus,
818 804 881 836 dem
899 803 1009 838 ewigen

189 861 372 908 „Prediger
391 865 442 899 des
460 857 618 900 Glaubens
632 859 729 901 geſagt
752 857 825 898 hat:
855 855 921 893 Du
941 844 1005 898 biſt

192 917 371 964 „Petrus
388 918 459 954 und
484 916 551 959 auf
572 915 680 959 dieſen
709 912 823 956 Felſen
850 911 927 948 will
955 910 1005 950 ich

190 971 346 1008 „meine
360 966 483 1009 Kirche
503 968 632 1002 bauen,
655 967 731 1002 ſetzet
752 975 785 994 er
799 969 905 1000 hinzu:
934 967 1007 992 und

192 1030 292 1072 „ich
307 1027 385 1064 will
404 1032 459 1065 dir
486 1027 541 1063 die
562 1021 737 1070 Schluͤſſel
757 1023 820 1057 des
844 1019 1012 1058 Himmel⸗

198 1081 348 1125 „reichs
382 1079 501 1126 geben.
546 1076 632 1121 Du,
666 1076 726 1112 der
750 1075 798 1112 du
816 1075 869 1109 den
894 1072 1013 1115 Vorzug

193 1141 291 1182 „der
318 1132 551 1180 Verkuͤndigung
568 1136 620 1172 des
643 1130 800 1171 Glaubens
827 1129 905 1174 haſt,
937 1130 1016 1169 wirſt

192 1197 309 1238 „auch
317 1198 364 1234 die
384 1190 550 1240 Schluͤſſel
570 1189 681 1237 haben,
714 1186 815 1229 welche
823 1191 870 1226 die
885 1183 1016 1230 Macht

190 1248 295 1286 „der
318 1246 524 1293 Regierung
544 1244 624 1288 (Hr.
649 1242 781 1280 Namlos
810 1242 901 1277 merke
932 1241 1010 1280 wohl

196 1300 310 1344 „auf,
346 1305 411 1338 was
436 1289 561 1344 Boſſuet
605 1301 667 1336 hier
692 1302 801 1335 redet)
830 1296 932 1335 welche
966 1299 1013 1326 die

171 1344 371 1399 „Macht
395 1355 455 1390 der
463 1354 681 1396 Regierung
695 1346 847 1397 anzeigen:
868 1360 950 1396 was
971 1352 1021 1392 du

193 1412 306 1455 „auf
321 1417 381 1451 der
396 1412 491 1451 Erde
509 1411 634 1448 binden
649 1408 769 1450 wirft,
791 1403 854 1449 ſoll
868 1407 951 1445 auch
969 1410 1018 1437 im

198 1458 398 1506 „Himmel
426 1466 609 1507 gebunden
631 1464 729 1508 feyn,
764 1463 836 1500 und
861 1469 943 1501 was
970 1462 1021 1499 du

198 1518 307 1562 „auf
326 1520 386 1555 der
414 1523 508 1556 Erde
531 1519 621 1558 loͤſen
638 1517 753 1555 wirft,
775 1514 840 1553 ſoll
858 1513 942 1550 auch
971 1515 1023 1542 im

196 1566 397 1614 „Himmel
426 1574 564 1621 geloͤßet
595 1573 678 1615 ſeyn.
734 1571 816 1606 Alles
844 1571 877 1611 iſt
912 1570 1021 1612 dieſen

200 1627 442 1679 Schluͤſſeln
452 1628 664 1673 unterworfen,
685 1629 757 1671 alles
772 1630 863 1670 meine
880 1626 1025 1672 Bruͤder,

205 1682 392 1734 „Koͤnige
406 1689 465 1725 uud
473 1682 619 1725 Voͤlker,
643 1683 769 1729 Hirten
786 1688 845 1724 und
858 1684 1029 1728 Heerden,

205 1748 311 1783 „wir
339 1746 455 1787 machen
481 1749 514 1781 es
541 1746 596 1780 mit
622 1740 756 1785 Freuden
783 1740 921 1780 bekannt,
950 1742 1027 1786 denn

203 1803 307 1839 „wir
328 1801 419 1840 lieben
436 1801 482 1838 die
506 1800 652 1842 Einigkeit
671 1802 730 1833 und
747 1799 868 1836 rechnen
889 1799 947 1827 uns
963 1804 1027 1825 un⸗

210 1850 328 1896 „ſern
344 1851 538 1898 Gehorſam
551 1860 600 1892 zur
614 1855 728 1894 Ehre„
754 1853 810 1890 Hr.
832 1852 964 1895 Namlos
972 1853 1029 1889 wie

216 1903 304 1949 klingt
321 1909 384 1944 dies
414 1913 445 1943 in
469 1912 552 1959 ihren
578 1913 704 1957 Ohren,
725 1913 774 1953 der
797 1910 883 1955 große
908 1904 1031 1953 Biſchof

205 1956 327 2004 Boſſuet
348 1963 458 2003 rechnet
481 1966 531 2008 ſich
557 1971 606 2012 zur
634 1956 716 2011 Ehre
734 1970 798 2013 dem
822 1963 927 2011 Pabſte
953 1961 1028 2010 Ge⸗

209 2004 342 2053 horſam
361 2026 394 2055 zu
411 2032 503 2074 ſeyn ,
521 2030 551 2074 er
571 2024 631 2067 will
652 2014 722 2065 auch
738 2020 805 2063 alle
817 2020 951 2062 Hirten,
971 2020 1030 2058 das

212 2067 272 2111 iſt,
283 2067 439 2119 Biſchoͤfe
461 2077 560 2115 ſollten
580 2077 632 2126 ſich
652 2079 746 2120 dieſen
763 2073 955 2115 Gehorſam
980 2075 1029 2113 zur
