1352 2303
139 317 213 366 und
213 317 322 366 deſſen
322 317 441 366 Sitzen
441 317 504 366 zur
504 317 637 366 rechten
637 317 745 366 Hand
745 317 898 366 GOttes.

918 327 978 364 177

81 385 120 416 wo
121 390 151 420 in
162 390 254 425 geheim
271 393 312 420 der
325 390 466 427 Honigſeim
477 392 518 421 der

82 420 149 452 Liebe
161 424 220 452 wird
226 422 355 452 gefunden.

116 462 141 487 4.
152 454 231 489 Zeuch
240 454 300 486 mich
313 456 371 493 nach
378 454 423 487 dir,
429 454 452 489 ſo
459 455 520 489 lauf⸗

83 478 123 512 fen
136 490 188 515 wir,
199 487 248 511 dein
255 487 423 516 Liebes⸗Hertz
437 489 464 515 zu
474 484 520 516 kuͤſ⸗

83 523 133 557 ſen,
151 526 201 555 und
218 525 300 558 ſeinen
317 526 386 560 Saft
402 522 449 553 mit
459 526 520 555 aller

78 552 148 590 Kraft
160 552 213 592 aufs
227 559 285 595 beſte
298 566 321 595 zu
327 558 452 592 genieſſen.

116 594 137 618 5.
139 586 219 620 Zeuch
225 587 288 619 mich
294 595 319 616 in
326 587 386 619 dich,
393 588 442 616 und
451 586 519 621 ſpeiſe

83 623 154 658 mich,
161 625 192 652 du
198 624 452 661 ausgegoßnesOele,*
459 624 519 657 geuß

83 657 136 691 dich
148 666 174 688 in
186 658 295 692 Schrein
304 659 393 687 mein's
404 658 519 693 Hertzens

84 686 133 726 ein,
149 695 190 722 und
202 695 254 723 labe
266 692 347 723 meine
357 694 444 725 Seele.

135 733 197 757 *S.
208 731 282 759 Hohel.
295 737 313 756 1,
323 735 341 758 3.

117 765 141 788 6.
151 764 177 791 O
191 761 264 794 JEſu
276 760 366 794 Chriſt,
375 761 416 790 der
426 761 459 790 du
471 757 520 790 mir

81 794 124 829 biſt
136 797 175 824 der
187 790 270 829 Liebſt'
286 794 332 828 auf
345 794 417 830 dieſer
426 795 520 827 Erden,

83 833 133 865 gib,
139 834 184 866 daß
190 833 224 864 ich
232 838 296 866 gantz
304 834 328 864 in
336 832 423 864 deinen
429 835 519 871 Glantz

82 865 144 900 moͤg
144 865 333 901 aufgenommen
340 868 443 898 werden.

80 917 135 948 267.
149 913 216 945 Mel.
231 913 305 949 Heut
316 911 472 948 triumphiret
484 914 519 945 G.

81 961 115 1019 †
115 961 183 1021 W

183 961 206 992 ir
216 962 318 988 dancken
325 961 371 991 dir,
381 961 459 995 HErr
465 963 519 993 JE⸗

183 991 218 1023 ſu
240 991 334 1025 Chriſt,
354 993 400 1021 daß
422 993 455 1022 du
472 998 518 1025 gen

82 1026 189 1056 Himm'l
202 1024 315 1058 gefahren
324 1025 382 1057 biſt;
399 1032 413 1053 o
424 1021 520 1055 ſtarcker

82 1050 169 1094 GOtt,
170 1054 336 1091 Jmmanuel,
336 1056 356 1086 ⸸
356 1054 429 1089 ſtaͤrck
447 1054 483 1088 uns
495 1057 522 1089 an

80 1094 146 1125 Leib,
153 1092 230 1125 ſtaͤrck'
238 1097 288 1122 uns
294 1103 326 1122 an
333 1092 407 1123 Seel.
425 1095 521 1125 Hallel.

115 1139 135 1158 2.
147 1131 212 1161 Nun
224 1127 289 1158 freut
296 1129 340 1160 ſich
346 1130 392 1158 alle
400 1127 521 1163 Chriſten⸗

81 1156 153 1191 heit,
162 1157 214 1187 und
224 1157 289 1192 ſaget
300 1160 338 1193 itzt
349 1158 401 1187 und
411 1157 519 1192 allezeit:

80 1199 160 1231 GOtt
166 1198 212 1230 Lob
218 1195 270 1228 und
276 1199 364 1228 Danck
371 1197 405 1228 im
411 1197 520 1230 hoͤchſten

80 1232 188 1266 Thron,
197 1231 266 1262 unſer
272 1234 372 1264 Bruder
381 1232 408 1268 iſt
414 1234 521 1265 GOttes

81 1268 171 1291 Sohn.
187 1268 322 1299 Halleluja.

115 1301 137 1329 3.
147 1295 205 1328 Gen
213 1292 325 1328 Himmel
332 1294 356 1329 er
360 1291 475 1327 gefahren
482 1292 520 1327 iſt,

81 1319 157 1354 bleibt
167 1326 224 1353 doch
237 1327 280 1353 bey
291 1327 341 1351 uns
346 1329 373 1361 zu
379 1327 441 1358 aller
442 1324 522 1359 Friſt,

81 1364 133 1396 und
138 1363 255 1398 herrſchet
260 1370 313 1391 nun
321 1370 345 1390 in
354 1362 519 1392 ſeinemReich

80 1398 121 1425 als
138 1392 220 1430 wahrer
241 1397 304 1427 GOtt
314 1398 365 1426 und
371 1391 476 1430 Menſch
483 1402 523 1430 zu⸗

82 1430 165 1459 gleich.
188 1430 322 1465 Halleluja.

115 1465 141 1490 4.
147 1459 211 1487 Ub'r
226 1459 272 1485 alle
289 1454 401 1491 Himmel
414 1459 471 1490 hoch
484 1461 519 1485 er⸗

82 1497 158 1535 hebt,
181 1497 235 1529 uͤb'r
251 1499 297 1529 alle
314 1498 395 1533 Engel
412 1495 518 1534 maͤchtig

79 1523 191 1569 ſchwebt,
205 1523 255 1567 uͤb'r
260 1534 306 1566 alle
313 1532 449 1568 Menſchen
449 1532 479 1559 er
484 1540 519 1562 re⸗

79 1571 156 1600 giert,
173 1567 223 1596 und
237 1567 284 1596 alle
294 1567 435 1600 Creaturen
442 1563 525 1601 fuͤhrt,

78 1600 230 1637 Halleluja.

112 1635 138 1665 5.
152 1627 202 1662 Zur
214 1628 314 1647 Rechten
321 1624 428 1655 GOttes
438 1622 464 1638 er
470 1621 527 1653 mit

81 1636 173 1683 Macht
186 1659 243 1680 hat
254 1660 314 1684 alles
331 1661 404 1676 unter
419 1657 463 1680 ſich
479 1662 519 1681 ge⸗

80 1700 176 1734 bracht,
172 1702 228 1730 all'
237 1698 310 1730 Ding
316 1701 387 1726 ſeynd
395 1702 444 1728 ihm
450 1704 517 1730 gantz

78 1725 229 1767 unterthan,
246 1734 332 1764 wahr'r
344 1729 457 1768 GOttes
464 1732 516 1768 und

81 1766 184 1798 Marien
196 1766 284 1799 Sohn.
300 1762 433 1792 Halleluja.

113 1798 138 1830 6.
142 1796 193 1815 All'
199 1793 302 1819 Teufel,
316 1792 399 1817 Welt,
416 1772 517 1823 Suͤnd,

79 1831 147 1869 Hoͤll
159 1838 217 1863 und
229 1834 293 1862 Tod
310 1841 338 1862 er
354 1833 422 1863 alles
441 1830 517 1862 uͤber⸗

79 1870 201 1896 wunden
213 1867 270 1900 hat.
301 1869 396 1901 Trotz!
409 1873 467 1894 wer
478 1870 517 1896 da

72 1904 144 1929 wil,
159 1907 188 1925 es
191 1904 258 1928 liegt
267 1904 351 1928 nichts
362 1904 453 1923 dran,
462 1904 517 1925 den

80 1933 153 1966 Sieg
164 1932 229 1967 muß
241 1931 274 1967 er
274 1931 341 1967 doch
343 1925 441 1971 allzeit
458 1929 516 1962 han.

79 1971 216 2006 Halleluja.

112 2007 137 2031 7.
145 1997 234 2036 Wohl
241 2001 316 2031 dem,
333 2001 381 2029 der
391 2001 448 2032 ihm
458 2004 516 2028 ver⸗

79 2032 181 2063 trauen
190 2039 268 2065 thut,
287 2038 346 2063 und
358 2034 408 2069 hat
419 2035 448 2064 in
458 2033 517 2067 ihm

74 2070 123 2110 nur
137 2066 260 2111 friſchen
255 2074 356 2111 Muth.
374 2073 460 2108 Welt,
470 2070 518 2105 wie

544 390 576 418 du
583 389 647 420 wilt,
658 395 706 418 wer
716 388 781 421 fragt
791 389 850 423 nach
863 391 907 423 dir,
920 388 981 421 nach

544 427 639 461 Chriſto
650 426 710 461 ſteht
722 425 794 460 unſer
804 427 902 460 Begier.
912 423 982 462 Hal⸗

546 458 629 486 leluja.

580 491 602 506 8.
612 487 648 507 Er
659 486 685 512 iſt
696 488 740 516 der
745 486 849 514 HERR
849 486 904 512 und
910 465 981 510 unſer

544 522 635 555 Troſt,
651 524 692 551 der
703 525 753 552 uns
765 523 838 554 durch
850 522 900 554 ſein
910 525 982 553 Blut

545 560 589 589 hat
595 559 695 592 erloͤſ't,
710 561 755 589 das
763 558 903 592 Gefaͤngniß
914 565 942 587 er
942 565 982 589 ge⸗

542 599 632 623 fangen
640 594 698 624 hat,
717 593 760 625 daß
772 595 822 621 uns
834 592 899 623 nicht
907 592 982 626 ſchad'

545 622 582 653 der
594 624 666 653 bittre
673 628 738 658 Tod.
754 624 887 661 Halleluja.

578 657 603 681 9.
619 653 680 678 Wir
694 654 777 682 freuen
790 654 841 678 uns
859 653 905 677 aus
921 653 982 688 Her⸗

544 695 721 726 tzens⸗Grund,
738 695 790 723 und
801 694 883 728 ſingen
895 693 981 726 froͤlich

544 729 592 757 mit
602 732 656 756 dem
667 732 776 758 Mund:
795 731 846 761 Er,
860 729 981 760 Chriſtus,

544 763 611 793 unſer
625 756 717 792 Fleiſch
721 766 772 792 und
778 764 860 793 Blut,
877 763 904 795 iſt
911 760 981 796 unſer

544 790 709 828 allerhoͤchſtes
716 797 780 826 Gut.
793 793 930 829 Halleluja.

577 838 616 858 10.
625 833 712 862 Durch
719 831 760 863 ihn
766 833 809 860 der
815 831 927 863 Himmel
937 837 983 859 un⸗

545 864 577 892 ſer
584 864 627 895 iſt;
643 857 706 898 hilff
718 858 769 897 uns,
769 866 899 896 oBruder,
908 864 983 899 JEſu

546 899 641 930 Chriſt,
657 900 703 931 daß
713 898 761 928 wir
774 905 822 928 nur
836 901 925 929 trauen
936 899 984 930 veſt

548 934 594 962 auf
608 934 674 965 dich,
693 936 743 961 und
761 936 833 964 durch
850 933 902 970 dich
915 933 987 967 leben

544 968 661 1000 ewiglich.
676 969 814 999 Halleluja.

578 997 608 1010 11.
631 993 718 1015 Amen,
733 994 814 1023 Amen,
838 994 903 1019 HErr
918 994 986 1019 JEſu

545 1029 646 1063 Chriſt,
653 1031 698 1058 der
704 1030 740 1062 du
740 1030 787 1063 gen
793 1027 898 1062 Himm'l
904 1029 986 1063 gefah⸗

545 1074 587 1095 ren
596 1064 653 1098 biſt,
666 1068 752 1097 behalt
752 1068 820 1096 uns,
830 1066 923 1101 HErr,
940 1068 984 1101 bey

544 1100 622 1131 reiner
633 1100 695 1133 Lehr,
711 1094 744 1130 des
765 1092 859 1134 Teufels
857 1101 928 1135 Trug
928 1101 987 1135 und

544 1137 619 1166 Liſten
632 1138 705 1166 wehr.
721 1137 855 1173 Halleluja.

560 1167 611 1197 12.
617 1164 721 1198 Komm,
728 1161 800 1196 lieber
805 1160 889 1199 HErꝛ,
896 1166 987 1203 komm,

542 1198 567 1234 es
579 1188 602 1234 iſt
617 1198 685 1233 Zeit,
702 1199 759 1233 zum
759 1199 839 1233 letzt'n
846 1198 946 1229 Gericht
957 1198 986 1227 in

545 1238 717 1272 Herrlichkeit,
725 1236 784 1273 fuͤhr
805 1234 839 1269 uns
853 1241 892 1267 aus
898 1238 986 1270 dieſem

545 1265 721 1306 Jammerthal
727 1268 751 1301 in
758 1273 801 1299 den
809 1269 901 1303 ewigen
910 1270 990 1305 Freu⸗

545 1307 681 1336 den⸗Saal.
696 1302 853 1337 Halleluja.

555 1335 611 1358 13.
622 1332 702 1359 Amen
715 1331 796 1360 ſingen
802 1328 852 1356 wir
862 1331 922 1361 noch
934 1331 994 1358 ein⸗

543 1368 610 1398 mal,
630 1373 681 1398 und
691 1371 780 1400 ſehnen
786 1368 848 1399 uns
861 1369 902 1399 ins
913 1368 993 1404 Him⸗

544 1406 609 1432 mels
617 1403 732 1432 Saal,
706 1397 733 1432 da
747 1397 785 1435 wir
798 1403 836 1433 mit
853 1397 937 1435 deinen
948 1404 992 1435 En⸗

543 1436 622 1466 gelein
640 1439 691 1466 das
704 1438 785 1469 Amen
800 1435 888 1466 wollen
901 1434 986 1474 ſingen

543 1467 603 1505 fein.
618 1469 757 1505 Halleluja.

548 1535 581 1568 3.
607 1523 700 1560 Von
713 1524 885 1564 GOTT
908 1526 986 1567 dem

597 1568 773 1619 Heiligen
788 1565 918 1618 Geiſte.

541 1623 595 1651 268.
612 1618 640 1652 M.
653 1620 678 1657 S.
688 1608 761 1658 Freyl.
777 1620 817 1655 Geſ
820 1621 861 1648 b.i.
876 1616 934 1662 Th.p.
948 1622 995 1659 212.

543 1656 576 1721 †
576 1656 633 1724 B

633 1656 806 1699 runnquell
821 1665 880 1695 aller
891 1656 999 1700 Guͤter,

633 1695 805 1733 Herrſcher
787 1694 833 1726 der
836 1699 999 1733 Gemuͤther,

544 1731 679 1765 lebendiger
695 1732 789 1767 Wind,
807 1732 905 1763 Stiller
923 1729 997 1764 aller

544 1763 725 1800 Schmertzen,
743 1764 819 1801 deſſen
834 1767 921 1797 Glantz
933 1766 996 1795 und

543 1799 644 1833 Kertzen
652 1800 718 1830 mein
726 1796 841 1830 Gemuͤth
848 1796 987 1833 entzuͤnd't,

544 1834 609 1865 lehre
616 1834 695 1865 meine
705 1832 820 1866 ſchwache
827 1835 932 1866 Saͤyten
939 1834 1000 1866 dei⸗

543 1872 574 1895 ne
580 1868 656 1899 Kraft
663 1867 713 1895 und
720 1866 767 1895 Lob
780 1867 931 1898 ausbreiten.

577 1915 599 1934 2.
618 1907 737 1937 Starcker
749 1904 984 1943 GOttes ⸗ Finger,

544 1935 644 1963 fremder
651 1933 781 1963 Sprachen
788 1932 906 1967 Bringer,
914 1932 987 1966 ſuͤſſer

542 1965 753 2002 Hertzens⸗Saft,
764 1967 870 2002 Troͤſter
881 1972 921 1999 der
934 1971 986 2000 Be⸗

542 2000 667 2033 truͤbten,
681 2000 793 2036 Flamme
812 2004 853 2032 der
870 1998 1000 2034 Verlieb⸗

543 2040 607 2074 ten,*
624 2039 686 2071 alles
695 2039 831 2075 Athems**
843 2032 933 2074 Kraft,
944 2036 984 2071 gib

603 2074 651 2108 M

930 2076 990 2109 mir
