1610 2358
554 306 631 348 240

823 295 1017 337 Vierdter
1017 295 1155 337 Theil.

547 388 619 433 den
632 382 784 439 lntereſſe
802 383 930 426 willen/
942 382 1023 428 noch
1030 381 1087 421 der
1097 381 1312 429 Sangineus,
1319 382 1439 421 wegen

547 437 657 497 ſeiner
672 433 930 491 Gelindigkeit/
936 432 1016 486 noch
1025 429 1082 478 der
1093 427 1364 483 Phlegmaticus,
1372 422 1440 469 we⸗

556 509 621 547 gen
642 499 699 541 der
722 494 791 545 ihm
815 491 1038 537 anklebenden
1064 484 1342 537 Verdroſſenheit
1368 485 1439 525 und

556 549 751 601 Laulichkeit
764 539 938 598 geſchickt/
952 545 981 592 ſo
989 541 1103 593 folget/
1128 540 1196 586 daß
1219 549 1269 581 nur
1291 530 1346 583 der
1341 536 1440 576 Cho-

553 600 699 646 lericus,
708 598 787 641 oder
801 597 865 639 wie
872 594 941 638 wir
954 592 1100 637 allbereit
1112 582 1282 639 gedacht/
1287 588 1346 628 der
1354 585 1442 626 San-

551 642 927 711 guineo-cholericus,
933 647 986 692 der
994 643 1082 695 dieſe
1082 640 1276 691 Kranckheit
1284 638 1368 688 nicht
1378 646 1442 679 nur

558 700 741 756 einſiehet/
748 701 889 749 ſondern
911 697 994 743 auch
1007 695 1100 739 einen
1121 689 1327 741 natuͤrlichen
1350 689 1443 734 Wi⸗

556 756 731 804 derwillen
742 752 850 797 davor
865 742 945 800 hat/
961 746 1069 794 dabey
1082 744 1192 789 activ,
1217 739 1446 793 fleißig/eyffe⸗

556 805 631 861 rig/
646 810 722 856 klug
737 808 807 849 und
815 805 938 854 tapffer
937 798 996 848 iſt/
1004 802 1073 843 und
1087 802 1140 843 die
1148 794 1334 847 Schaͤrffe/
1347 804 1448 837 wenn

558 861 660 912 ſolche
675 858 760 905 nicht
777 855 895 906 helffen
908 848 992 898 will/
1005 845 1054 894 mit
1062 846 1293 897 Gelindigkeit
1306 852 1343 894 zu
1358 852 1451 883 tem-

554 906 714 960 periren/
732 908 812 950 oder
819 906 901 954 nach
910 899 1162 954 erforderenden
1184 894 1390 944 Umſtaͤnden
1405 895 1450 938 ei⸗

557 970 604 1008 ne
618 968 685 1002 von
699 953 824 1006 beyden
832 953 930 995 allein
938 961 975 1002 zu
985 946 1175 1002 appliciren
1183 945 1298 995 weiß/
1304 943 1452 985 ordina-

558 1012 615 1055 rie
631 1021 689 1054 am
717 1005 933 1059 capabelſten
956 1002 1134 1052 gedachten
1153 989 1384 1046 Unterthanen
1410 1004 1451 1042 zu

556 1057 723 1106 curiren/
740 1060 818 1101 oder
826 1065 862 1104 zu
872 1056 935 1099 den
945 1052 1103 1098 Aemtern
1113 1059 1170 1093 am
1185 1049 1287 1099 erſten
1304 1050 1361 1091 der
1371 1045 1452 1091 Ge⸗

562 1111 780 1170 ſchicklichkeit
794 1107 909 1161 halber
924 1103 1161 1157 anzunehmen.
1238 1101 1317 1146 Und
1323 1092 1400 1148 alſo
1399 1098 1455 1148 ſe⸗

554 1166 632 1221 tzen
660 1167 726 1208 wir
748 1165 809 1210 bey
835 1158 1022 1211 Beſetzung
1046 1152 1109 1205 der
1120 1152 1259 1199 Aemter
1285 1152 1339 1195 die
1362 1154 1453 1191 San-

563 1215 922 1274 guineo-cholericos
943 1213 1032 1260 billig
1053 1211 1136 1253 oben
1156 1218 1214 1251 an.
1271 1203 1403 1258 Jedoch
1412 1203 1452 1256 iſt

559 1271 672 1321 dieſes
691 1268 754 1311 mit
774 1261 982 1313 Unterſchied
1006 1266 1040 1300 &
1061 1270 1146 1298 cum
1168 1252 1283 1307 grano
1310 1253 1389 1294 ſalis
1412 1260 1451 1299 zu

565 1321 746 1371 verſtehen/
771 1325 870 1357 wenn
883 1313 1021 1361 nemlich
1034 1308 1132 1362 ſolche
1141 1300 1458 1357 Sangvineo-cho-

564 1373 665 1417 lerici
682 1374 729 1416 im
746 1368 898 1418 Stande
912 1371 969 1412 der
984 1359 1208 1413 Erneuerung
1226 1356 1357 1411 ſtehen/
1373 1355 1455 1402 oder

567 1428 650 1470 aber
663 1424 732 1470 ihre
744 1418 956 1470 angebohrne
970 1416 1071 1469 groſſe
1082 1412 1176 1465 Hitze
1191 1412 1292 1460 durch
1303 1411 1373 1453 eine
1379 1418 1456 1451 ver⸗

569 1474 725 1521 nuͤnftige
746 1476 816 1514 und
835 1469 977 1520 ſittſame
987 1463 1265 1516 Auferziehung/
1280 1460 1359 1502 oder
1371 1460 1455 1504 aber

568 1525 672 1575 durch
678 1520 733 1572 die
749 1518 835 1565 viele
840 1521 905 1562 auf
915 1522 977 1564 ſich
990 1516 1139 1564 habende
1148 1506 1362 1561 Jahre/und
1355 1515 1457 1552 man⸗

570 1575 696 1626 cherley
716 1570 867 1615 erlittnes
887 1567 1005 1614 Creutz
1031 1567 1102 1607 und
1134 1556 1455 1610 Widerwaͤrtigkeit

569 1626 641 1677 alſo
660 1622 846 1677 temperirt
864 1615 932 1670 iſt/
941 1619 1010 1667 daß
1031 1617 1073 1664 ſie
1095 1614 1156 1666 ſich
1170 1611 1371 1663 wenigſtens
1397 1608 1455 1652 als

569 1673 783 1732 vernuͤnftige
792 1664 1000 1718 Menſchen/
1011 1667 1075 1712 die
1087 1665 1191 1718 einige
1212 1664 1358 1710 Gewalt
1373 1659 1455 1707 uͤber

570 1731 640 1783 ihre
649 1730 781 1770 Paſſion
799 1720 931 1774 haben/
945 1713 1164 1770 aufzufuͤhren
1178 1717 1302 1768 wiſſen.
1353 1713 1456 1765 Maſ⸗

570 1780 625 1838 ſen
640 1783 726 1834 ſonſt
747 1780 847 1831 ſolche
864 1776 974 1821 Leute/
998 1782 1053 1816 wo
1068 1771 1164 1822 ihnen
1181 1775 1293 1815 weder
1304 1769 1357 1811 die
1374 1767 1456 1815 erſte

571 1835 655 1882 noch
669 1832 793 1875 andere
806 1823 1015 1884 Eigenſchaft
1028 1824 1091 1870 kan
1110 1818 1296 1871 beygeleget
1307 1816 1461 1866 werden/

570 1887 674 1933 durch
687 1885 739 1934 ihr
751 1878 989 1939 vortreffliches
996 1875 1289 1927 Temperament,
1315 1880 1352 1921 zu
1361 1867 1459 1912 Aus⸗

571 1938 690 1993 uͤbung
711 1934 764 1991 der
770 1931 907 1992 groͤſten
929 1925 1246 1986 Ungerechtigkeiten
1259 1923 1458 1975 veranlaſſet

1371 1983 1463 2017 wer⸗
