1677 2334
931 559 1153 606 Julius.

815 707 1277 760 Kuͤchengarten.

879 790 1012 828 Erſte
1046 783 1215 822 Woche.

665 870 773 912 Man
815 873 976 915 verpflanze
1011 870 1074 905 eine
1107 866 1283 910 anſehnliche
1316 864 1434 905 Menge

669 927 1099 973 Savoy⸗ und Winterkohl,
1127 931 1180 957 um
1199 922 1250 960 ihn
1269 923 1310 953 im
1330 918 1436 959 Herbſt

668 988 730 1019 und
751 984 871 1017 Winter
883 979 989 1019 ſpeiſen
1010 986 1045 1016 zu
1065 975 1184 1009 koͤnnen.

730 1029 814 1065 Eben
849 1028 879 1066 ſo
913 1024 1028 1064 verſetze
1061 1028 1132 1054 man
1163 1023 1233 1057 auch
1259 1010 1322 1050 eine
1349 1018 1438 1055 große

669 1081 841 1135 Quantitaͤt
858 1078 1001 1130 Broccoli,
1021 1084 1081 1117 und
1104 1078 1149 1121 ſaͤe
1163 1078 1278 1119 friſchen
1293 1074 1439 1112 Saamen

674 1155 741 1188 zum
763 1145 920 1188 Gebrauch
940 1147 979 1181 im
1001 1141 1150 1184 kuͤnftigen
1169 1138 1255 1175 Abril
1275 1140 1335 1173 und
1352 1136 1441 1173 Mai.

736 1206 823 1241 Man
867 1202 978 1244 pflanze
1015 1195 1163 1235 Endivien
1197 1200 1261 1236 zum
1288 1189 1443 1234 Herbſtge⸗

680 1262 802 1303 brauche
822 1263 882 1294 und
900 1255 946 1296 ſaͤe
968 1254 1138 1297 dergleichen
1156 1251 1273 1293 friſchen
1298 1246 1442 1284 Saamen

677 1320 730 1360 fuͤr
749 1321 810 1353 eine
830 1311 1036 1356 Haupterndte
1056 1313 1097 1346 im
1124 1309 1254 1345 Winter.

740 1375 828 1411 Man
868 1369 948 1411 ſtecke
983 1372 1031 1404 ein
1061 1366 1130 1408 Feld
1156 1366 1215 1399 voll
1244 1360 1447 1405 Vitsbohnen,

681 1437 734 1466 um
761 1435 819 1464 von
850 1427 940 1468 ihnen
968 1425 1009 1457 im
1036 1421 1218 1462 September
1245 1417 1381 1456 Schoten
1412 1422 1448 1454 zu

682 1483 797 1527 haben;
833 1487 904 1518 man
935 1478 1035 1519 weiche
1067 1478 1106 1518 ſie
1122 1476 1178 1514 erſt
1195 1472 1261 1512 ein,
1292 1477 1377 1504 wenn
1399 1471 1449 1505 der

685 1542 795 1576 Boden
817 1538 925 1572 trocken
950 1535 993 1574 iſt.

747 1596 811 1629 Die
843 1593 885 1624 im
907 1591 985 1623 Mai
1007 1582 1136 1629 geſaͤeten
1147 1578 1452 1625 Blumenkohlpflan⸗

689 1658 738 1691 zen
776 1649 884 1688 muͤſſen
912 1654 975 1680 nun
1003 1642 1166 1685 verpflanzt
1190 1641 1314 1676 werden.
1360 1638 1454 1677 Dieſe

689 1708 765 1741 wird
794 1711 865 1738 man
887 1702 928 1736 im
949 1697 1075 1735 October
1097 1699 1155 1731 und
1177 1692 1345 1730 November
1366 1692 1453 1726 brau⸗

690 1764 756 1800 chen
776 1761 897 1797 koͤnnen.
