1980 2507
1226 369 1278 406 N.

741 398 817 458 Du
798 407 890 457 biſt
899 408 949 451 ein
958 408 1103 455 Narre,
1124 409 1242 458 erzehle
1251 410 1318 454 mir
1331 421 1394 456 nur
1412 412 1552 460 weiter;
1576 416 1622 459 du
1638 418 1698 466 biſt
1716 417 1750 460 in
1765 418 1878 463 deiner

625 457 873 510 Relation|noch
879 455 1126 512 weitlaͤufftiger
1134 464 1190 505 als
1199 463 1267 505 eine
1283 466 1505 519 neumodiſche
1520 463 1795 520 Junge⸗Magd.

1224 524 1275 552 N.

736 553 809 601 Je!
832 563 890 600 nu,
897 552 1045 604 darauff
1054 556 1253 600 marchirten
1264 556 1307 608 ſie
1315 567 1387 603 nun
1394 561 1456 604 mit
1472 562 1537 604 mir
1551 561 1584 603 in
1592 555 1724 609 voͤlliger
1742 553 1871 604 Proces-

626 604 693 662 ſion
712 612 800 659 unter
826 611 948 666 propter
980 606 1109 666 Muſique
1137 607 1197 662 auf
1216 610 1280 664 dem
1281 615 1596 669 Schmiede⸗Platz.
1648 621 1738 667 Ach!
1766 619 1870 668 Bruͤ⸗

625 662 762 709 dergen,
771 663 824 710 ehe
837 661 883 710 ich
893 663 1009 704 weiter
1019 665 1144 712 erzehle,
1160 664 1191 712 ſo
1200 662 1276 716 hoͤre
1285 676 1358 713 nur,
1372 675 1454 712 was
1462 666 1526 711 mir
1537 673 1595 718 bey
1604 674 1660 714 der
1695 675 1870 713 Procesſion

625 712 794 760 paſirete;
818 710 890 760 Jch
903 705 994 761 hatte
1006 709 1060 765 dir
1058 716 1120 758 den
1130 715 1242 764 Kopff
1254 712 1341 765 blind
1356 715 1426 765 voll
1425 720 1647 766 abgezogenen
1664 718 1874 772 Hochmuth,

623 763 669 807 da
669 762 724 809 ich
734 772 801 803 nun
810 767 1040 811 unterwegens
1049 773 1109 807 vor
1117 768 1193 809 dem
1216 763 1478 819 Miſt⸗Hauffen,
1490 773 1524 810 S.
1544 774 1573 808 h.
1592 773 1711 820 vorbey
1728 776 1871 813 marchi-

624 822 672 859 re,
680 813 710 859 ſo
721 818 829 856 werde
840 815 889 862 ich
902 811 954 866 ihn
963 816 1004 865 ja
1009 824 1069 859 vor
1077 819 1172 859 einen
1177 819 1435 867 Dutz⸗Bruder
1443 830 1507 864 von
1517 824 1581 865 mir
1590 826 1736 874 anſehen,
1744 827 1872 874 dahero

623 861 693 910 fetze
701 866 827 904 meinen
837 866 941 913 Huth
946 867 1143 916 geſchwinde
1152 867 1233 917 auf,
1256 877 1317 911 um
1324 870 1395 920 ihm
1402 873 1528 916 darmit
1535 875 1584 915 ein
1594 874 1823 924 Compliment
1832 885 1871 919 zu

624 912 781 961 machen,
798 913 881 956 denn
888 908 1006 964 bucken
1022 914 1120 960 kunte
1142 917 1190 967 ich
1207 917 1289 969 mich
1306 920 1410 969 nicht,
1424 918 1475 975 ich
1470 923 1639 973 ſtolperte
1650 927 1678 972 ſo
1694 922 1772 971 uͤber
1781 917 1869 968 allen

619 967 774 1016 Quarck,
784 970 817 1019 ſo
826 973 939 1020 nehme
948 972 995 1020 ich
1020 968 1077 1014 vor
1078 968 1145 1018 ihm
1145 969 1214 1017 den
1223 975 1325 1025 Huth
1333 979 1390 1024 ab,
1399 980 1465 1020 und
1475 981 1523 1021 die
1534 984 1678 1030 Bennque
1695 982 1792 1024 bleibt
1801 983 1868 1024 mir

621 1019 783 1061 darinnen
792 1011 934 1069 haͤngen,
949 1022 1019 1063 und
1035 1021 1185 1072 ſchmeiße
1195 1023 1292 1073 ſolche
1301 1028 1428 1068 meinen
1437 1030 1597 1076 Collegen
1606 1027 1684 1072 uͤber
1694 1034 1743 1072 die
1758 1029 1869 1080 Koͤpf⸗

599 1070 653 1115 fe
669 1071 729 1111 und
745 1073 788 1111 im
813 1071 917 1118 Koth,
924 1068 978 1118 ich
994 1076 1064 1114 aber
1085 1070 1170 1117 falle
1162 1084 1222 1115 vor
1243 1078 1482 1123 Erſchrecknuͤß
1495 1084 1560 1120 und
1578 1082 1744 1126 Geſchicke
1760 1085 1870 1131 hinter

619 1118 665 1167 ſie
672 1120 767 1166 her
750 1115 780 1165 in
778 1121 847 1160 eine
854 1121 1021 1166 Gauche;
1041 1124 1117 1166 Ey!
1133 1127 1196 1164 wie
1206 1127 1295 1170 hatte
1303 1128 1349 1173 ich
1357 1129 1422 1167 mir
1430 1130 1475 1169 da
1484 1132 1550 1169 das
1563 1131 1717 1176 Geſichte
1731 1135 1799 1173 und
1815 1134 1870 1174 die

619 1167 835 1212 Manchetten
844 1166 998 1218 beſudelt!
1025 1171 1092 1213 und
1101 1168 1223 1219 mochte
1235 1181 1299 1221 gar
1316 1172 1420 1212 infam
1438 1168 1602 1227 laͤcherlich
1621 1179 1727 1227 haben
1741 1181 1868 1228 ausge⸗

619 1218 721 1269 ſehen,
730 1218 986 1270 denn
832 1217 893 1271 wer
908 1220 985 1270 mich
998 1220 1130 1273 anſahe,
1145 1225 1201 1267 der
1210 1224 1312 1276 muſte
1327 1226 1437 1277 lachen
1454 1231 1521 1273 und
1534 1229 1626 1272 kunte
1643 1230 1727 1281 nicht
1742 1223 1866 1282 aufhoͤ⸗

616 1283 700 1321 ren;
728 1273 803 1322 Jch
815 1278 897 1318 aber
903 1277 1016 1323 dachte
1024 1279 1086 1325 bey
1108 1279 1176 1325 mir,
1202 1274 1257 1324 das
1273 1282 1364 1323 wird
1373 1285 1445 1326 eine
1459 1284 1614 1332 dreckigte
1628 1288 1863 1331 Doctor-Ma⸗

618 1322 726 1371 cherey
735 1323 879 1370 werden,
886 1324 953 1364 wie
958 1326 1038 1371 auch
1048 1327 1225 1376 geſchehen,
1233 1330 1316 1370 denn
1332 1332 1379 1377 ich
1387 1333 1501 1372 wurde
1515 1336 1606 1382 wohl
1619 1337 1673 1374 der
1690 1337 1867 1378 vermeint⸗

610 1368 689 1422 liche
702 1373 830 1423 zeitliche
865 1370 970 1419 Doctor
988 1372 1042 1423 und
1062 1380 1104 1427 ſie
1119 1382 1244 1421 blieben
1261 1381 1311 1422 die
1325 1382 1451 1429 ewigen
1460 1385 1663 1436 Studenten;
1702 1386 1868 1436 Jndeßen

616 1420 678 1467 ließ
687 1422 811 1469 ſich
764 1420 811 1469 der
820 1424 935 1468 luſtige
943 1425 1100 1465 Studente
1110 1426 1217 1466 nichts
1232 1426 1411 1473 abwendig
1430 1429 1596 1476 machten,
1621 1434 1694 1471 und
1707 1433 1864 1478 meinten,

609 1475 653 1514 es
663 1463 778 1514 wuͤrde
793 1471 884 1520 wohl
891 1481 955 1521 gar
965 1464 1179 1524 manchmahl
1192 1475 1244 1518 ein
1260 1476 1371 1529 Fuder
1388 1470 1479 1531 Miſt
1494 1479 1769 1534 umgeſchmiſſen,
1788 1488 1865 1527 des⸗

615 1525 706 1577 wegen
731 1525 822 1566 luden
848 1526 888 1573 ſie
897 1532 935 1568 es
944 1526 1022 1575 doch
1039 1527 1159 1570 wieder
1173 1526 1246 1577 auf,
1263 1530 1330 1572 und
1345 1535 1483 1574 creirten
1494 1532 1574 1581 mich
1593 1545 1665 1580 zum
1682 1537 1808 1575 Doctor
1824 1543 1864 1576 in

614 1575 735 1623 genere
740 1584 822 1622 aller
831 1582 957 1630 Rechte
966 1584 998 1624 in
1008 1585 1063 1622 der
1072 1589 1204 1633 gantzen
1221 1586 1340 1631 Welt,
1356 1589 1419 1629 wie
1427 1587 1470 1639 ſie
1487 1600 1550 1633 nur
1568 1589 1741 1640 Nahmen
1753 1591 1864 1640 haben

612 1615 773 1667 moͤchten,
793 1624 845 1671 wer
863 1625 920 1664 mir
935 1625 1020 1670 auch
1029 1623 1215 1673 nachſaget,
1223 1627 1290 1678 daß
1300 1630 1345 1676 ich
1371 1633 1431 1677 ihm
1437 1633 1527 1673 einen
1543 1633 1677 1672 Proceſs
1689 1637 1863 1679 verderbet

611 1668 718 1728 hatte,
722 1675 779 1720 der
786 1677 872 1720 wird
879 1685 917 1719 es
926 1678 1044 1728 ſchwer
1053 1689 1090 1730 zu
1098 1685 1345 1725 verantworten
1352 1686 1475 1733 haben.

1213 1744 1258 1774 N.

716 1776 761 1823 Je
754 1780 1011 1832 Bruͤdergen!
1031 1788 1123 1836 Biſt
1134 1790 1184 1832 du
1196 1788 1284 1837 nicht
1298 1790 1349 1834 ein
1359 1789 1572 1842 Rind⸗Vieh
1580 1792 1744 1842 geweſen,
1770 1793 1861 1848 faͤllſt

611 1833 657 1875 da
674 1838 720 1873 an
736 1831 864 1872 deinem
875 1832 1120 1886 Ehren⸗Tage
1135 1837 1167 1877 in
1187 1837 1298 1888 Koth,
1320 1841 1362 1881 du
1372 1834 1488 1889 haͤtteſt
1503 1842 1539 1891 ja
1556 1838 1627 1896 noch
1628 1838 1739 1894 etliche
1751 1837 1863 1900 Tage

610 1881 744 1921 warten
760 1869 905 1922 koͤnnen,
928 1884 966 1917 es
976 1876 1071 1920 waͤre
1083 1881 1172 1942 noch
1172 1883 1241 1943 zeit
1258 1890 1337 1927 gnug
1359 1889 1520 1932 geweſen.

1211 1963 1260 1985 N.

723 1969 813 2016 Ach!
838 1970 883 2009 du
893 1968 991 2010 liebes
1003 1965 1118 2009 Kind!
1138 1972 1184 2017 ich
1193 1981 1263 2020 fiele
1278 1982 1331 2013 dir
1346 1979 1492 2018 darnach
1500 1983 1576 2015 eben
1593 1988 1674 2026 auch
1690 1992 1757 2020 und
1770 1993 1855 2019 bald

607 2031 671 2076 alle
677 2029 790 2078 Tage,
806 2035 854 2081 ich
862 2036 936 2083 ſolte
943 2034 1016 2084 klug
1025 2036 1201 2085 geworden
1207 2037 1291 2090 ſeyn,
1302 2036 1460 2093 allein
1423 2033 1471 2097 ich
1469 2047 1545 2089 war
1553 2042 1603 2086 dir
1620 2043 1767 2094 darnach
1776 2049 1884 2097 ver⸗

609 2084 726 2133 wirrt,
749 2087 811 2131 wie
832 2080 892 2139 ein
910 2081 1143 2140 Sau⸗Strick.
