2139 2628
370 167 547 213 vernator
567 165 756 222 gleichfalls
762 169 908 222 regieret
918 166 1069 224 werden.
1105 175 1199 224 Die
1194 169 1311 225 dritte
1326 171 1449 226 wolte/
1450 178 1531 227 daß
1543 181 1604 227 der
1611 184 1678 229 alte
1687 182 1782 229 Adel
1785 177 1820 229 in
1832 184 1940 240 ſeinen

368 216 520 272 vorigen
532 217 697 276 Stand/
714 224 784 265 und
801 218 1155 277 Regierungs⸗Form
1166 219 1244 278 auf
1253 222 1320 272 den
1335 223 1426 274 alten
1436 225 1516 284 Fuß
1533 228 1639 282 muͤſte
1656 234 1766 286 geſetzt
1785 230 1937 281 werden.

373 254 479 319 Daß
486 270 573 322 dieſe
581 267 667 320 letzte
667 265 829 324 Parthey
837 267 909 316 nun
920 271 1072 325 reußiren
1084 264 1216 324 wuͤrde/
1239 267 1333 333 daran
1355 273 1448 329 truͤge
1457 291 1541 323 man
1546 278 1660 330 keinen
1673 272 1839 339 Zweiffel/
1852 284 1937 332 denn

369 326 445 364 wer
462 327 525 363 von
538 320 648 369 dieſen
657 314 787 372 beyden
795 326 849 368 die
857 319 1054 376 Oberhand
1066 322 1181 374 haben
1197 324 1321 374 wolte/
1329 333 1436 376 muͤſte
1451 332 1558 378 dieſes
1574 334 1754 383 freywillig
1769 331 1935 377 zuſtehen.

425 363 762 424 Friedrichshall/
769 374 852 425 vom
858 373 908 428 11.
920 368 1012 423 Dec.
1041 372 1231 427 Nachdem
1233 369 1296 426 der
1307 370 1426 427 Koͤnig
1426 374 1468 428 in
1471 379 1686 432 Schweden
1694 386 1766 438 den
1776 390 1809 432 6.
1818 382 1886 434 und
1898 383 1937 441 7.

366 419 445 470 auf
450 422 507 464 der
518 423 696 472 Schantze
708 419 928 473 Guͤldenloͤw
939 425 1000 477 mit
1000 425 1053 478 12.
1053 425 1258 481 Pfuͤndigen
1279 424 1438 485 Canonen
1450 442 1486 483 zu
1496 423 1678 478 canoniren
1698 435 1935 491 angefangen/

375 476 449 514 und
461 474 521 516 als
532 474 631 521 keine
655 468 819 530 Hoffnung
831 470 912 521 war
924 479 1025 528 ſolche
1034 490 1070 529 zu
1077 481 1330 534 mainteniren/
1335 478 1491 528 wurden
1508 481 1570 541 die
1573 481 1720 541 Canons
1742 484 1932 540 vernagelt.

373 516 548 574 Worauf
556 518 640 574 man
675 520 919 584 Schwediſcher
947 523 1083 580 Seiten
1083 522 1241 588 anfienge
1254 535 1320 587 auf
1333 533 1446 587 unſere
1461 526 1596 589 Feſtung
1610 552 1645 591 zu
1656 540 1820 593 ſchieſſen/
1836 554 1935 592 wor⸗

372 583 445 618 von
456 567 536 619 aber
547 578 598 619 die
607 572 718 628 meiſten
768 574 885 633 Kugeln
894 573 1202 637 uͤberhingiengen.
1238 578 1287 635 So
1301 585 1391 639 bald
1402 592 1467 633 den
1477 600 1508 634 8.
1517 592 1589 634 dito
1604 586 1665 637 der
1686 585 1753 644 Tag
1766 590 1933 650 anbrach/

372 628 485 670 wurde
502 617 713 682 beyderſeits
740 626 955 681 aufeinander
971 623 1176 685 canoniret/
1197 633 1250 684 und
1276 641 1331 681 des
1335 636 1506 691 Abends/
1523 634 1600 688 nach
1623 638 1932 696 unterſchiedlichen

369 669 508 725 kleinen
514 673 712 730 Attaquen/
714 672 770 733 ſo
789 688 848 726 der
892 673 1162 737 Wachthabende
1179 680 1377 746 Lteutenant
1387 683 1454 739 mit
1454 685 1632 742 ungefehr
1638 692 1705 746 30.
1714 689 1837 741 Mann
1857 698 1939 753 auff

364 722 591 779 Guͤldenloͤw
602 734 689 780 recht
698 734 824 784 tapffer
832 729 1108 788 ausgeſtanden/
1112 730 1249 787 welcher
1261 734 1321 791 ſich
1328 737 1394 787 mit
1401 739 1479 788 dem
1487 747 1622 797 Degen
1632 742 1665 789 in
1675 751 1740 792 der
1748 748 1858 800 Fauſt
1876 761 1932 795 er⸗

369 773 532 825 meldeter
544 780 711 834 Fortreſſe
732 783 928 837 bemeiſtern
937 782 1091 831 wollen/
1118 780 1240 835 wurde
1251 780 1394 843 ſelbiger
1410 794 1473 836 mit
1488 794 1684 846 ziemlichen
1699 798 1852 849 Verluſt
1866 804 1931 844 des

367 824 521 889 Feindes
539 831 740 884 occupiret.
803 843 900 888 Den
918 850 1005 886 11ten
1032 833 1216 895 December
1229 857 1290 891 um
1302 842 1562 900 Mitternacht/
1570 843 1623 899 da
1644 851 1724 902 nach
1741 857 1799 899 des
1821 851 1930 903 Com⸗

367 879 580 931 mendanten
592 887 737 938 vorhero
756 887 954 943 gemachten
971 886 1201 945 Anſtallten/
1213 890 1252 949 ſo
1258 895 1357 949 wohl
1373 900 1439 951 auf
1451 903 1512 946 die
1513 901 1711 951 Batterien
1736 899 1931 958 leuchtende

366 931 515 987 Kugeln
527 934 789 990 ausgehaͤnget/
818 947 876 986 als
893 939 977 993 auch
987 939 1272 1002 Feuer ⸗ Kugeln
1286 951 1379 999 nach
1393 954 1458 995 des
1475 949 1627 1007 Feindes
1645 958 1804 1003 Arbeiter
1820 962 1856 1002 in
1875 961 1930 1003 die

366 987 571 1038 Approchen
582 978 778 1042 geworffen
792 994 958 1035 worden/
975 1007 1044 1037 um
1052 997 1170 1047 ſelbige
1181 997 1274 1048 ſehen
1274 999 1321 1049 zu
1329 994 1491 1047 koͤnnen/
1514 1012 1554 1044 in
1570 1003 1774 1057 waͤhrender
1774 1005 1858 1058 Zeit
1874 1005 1929 1052 die

364 1041 611 1092 Mußqueterie
631 1034 698 1086 aus
720 1040 806 1090 ihrer
825 1045 1070 1097 Contreſcarpe
1087 1049 1154 1095 auf
1174 1053 1236 1093 des
1257 1048 1410 1103 Feindes
1429 1056 1590 1102 Arbeiter
1614 1056 1851 1109 unaufhoͤrlich
1868 1057 1927 1111 ge⸗

363 1093 506 1143 braucht
516 1098 670 1139 worden.
732 1099 827 1143 Wie
838 1111 909 1142 nun
918 1104 976 1144 der
985 1096 1103 1152 Koͤnig
1112 1107 1147 1144 in
1158 1103 1211 1145 die
1220 1105 1425 1157 Approchen
1435 1105 1608 1164 kommen/
1627 1123 1686 1154 um
1702 1108 1843 1163 ſelbiges
1860 1125 1926 1155 un⸗

348 1149 416 1199 ſer
427 1150 672 1197 vorhabendes
681 1147 831 1198 Deſſein
841 1159 875 1197 in
885 1154 1116 1207 Augenſchein
1126 1170 1163 1208 zu
1173 1153 1339 1214 nehmen/
1349 1159 1392 1212 ſo
1398 1164 1464 1213 hat
1464 1164 1515 1213 es
1524 1166 1602 1206 dem
1610 1161 1742 1218 groſſen
1754 1171 1927 1220 GOTT

363 1191 537 1246 gefallen/
553 1198 622 1245 daß
633 1199 776 1245 derſelbe
787 1204 847 1244 mit
857 1203 948 1242 einer
957 1201 1072 1251 Kugel
1086 1205 1152 1253 auf
1164 1209 1224 1246 der
1234 1209 1356 1251 lincken
1366 1209 1481 1255 Seite
1492 1213 1532 1255 in
1545 1212 1660 1260 ſeinen
1667 1214 1785 1262 Kopff
1791 1208 1923 1263 getrof⸗

361 1247 420 1295 fen
437 1238 593 1289 worden.
649 1249 821 1296 Welcher
830 1247 985 1300 Schuß/
991 1249 1069 1301 nach
1085 1247 1141 1300 der
1144 1247 1360 1302 Deſerteurs
1378 1248 1545 1308 Ausſage/
1567 1255 1615 1309 auf
1625 1265 1676 1305 der
1692 1258 1823 1317 rechten
1824 1265 1923 1312 Sei⸗

362 1302 395 1335 te
406 1284 510 1347 durch
523 1297 589 1345 ſein
600 1291 696 1342 Kinn
705 1300 775 1342 und
783 1301 821 1341 in
829 1294 883 1343 die
895 1300 1091 1348 Schulter/
1091 1303 1132 1349 in
1147 1306 1197 1346 die
1216 1300 1312 1356 Laͤnge
1325 1307 1426 1356 durch
1436 1308 1501 1351 den
1510 1302 1598 1354 Arm
1608 1314 1679 1354 und
1689 1313 1750 1361 bey
1762 1310 1840 1355 dem
1857 1314 1921 1360 El⸗

361 1341 527 1397 lenbogen
539 1349 667 1391 wieder
678 1351 806 1399 heraus
821 1345 1026 1406 gegangen/
1030 1354 1191 1408 worauff
1194 1359 1227 1400 in
1240 1360 1304 1402 den
1315 1357 1520 1412 Approchen
1533 1364 1619 1406 alles
1629 1358 1727 1415 gantz
1731 1366 1815 1415 ſtille
1826 1364 1921 1413 wor⸗

361 1399 447 1444 den/
454 1403 522 1445 und
543 1402 602 1449 hat
613 1403 674 1451 ſich
685 1406 737 1445 die
745 1410 859 1454 gantze
871 1407 1119 1458 Schwediſche
1130 1411 1256 1456 Armee
1266 1413 1328 1456 mit
1346 1415 1487 1465 groſſem
1495 1416 1647 1462 Verluſt
1660 1420 1731 1462 und
1756 1420 1921 1471 Conſter⸗

359 1449 482 1498 nation
491 1460 561 1498 aus
572 1447 779 1506 Norwegen
788 1458 946 1512 retiriret.
959 1459 1156 1518 Wodurch
1160 1467 1223 1509 der
1234 1462 1478 1528 barmhertzige
1483 1469 1604 1525 GOtt
1614 1462 1723 1525 vieler
1727 1470 1920 1536 Menſchen

355 1501 562 1549 Untergang
570 1498 787 1556 bewahret.

385 1544 565 1599 Carolus
586 1546 644 1590 der
648 1544 831 1603 Zwoͤlffte/
839 1553 898 1596 der
906 1546 1138 1607 Schwedeu/
1167 1548 1298 1608 Gothen
1313 1550 1385 1610 und
1379 1558 1567 1607 Wunden
1576 1557 1722 1613 Koͤnig/
1736 1563 1822 1616 ward
1858 1572 1918 1615 ge⸗

357 1598 485 1652 bohren
496 1608 556 1651 den
578 1601 622 1656 17.
637 1605 740 1654 Junii
756 1614 851 1654 1682.
867 1602 923 1651 und
940 1606 1081 1658 gecroͤnt
1096 1602 1152 1659 den
1177 1603 1242 1661 14.
1234 1606 1448 1661 December.
1465 1612 1575 1668 1697.
1619 1619 1707 1668 Sein
1725 1617 1812 1674 Herr
1844 1624 1917 1668 Va⸗

357 1652 406 1683 ter
419 1650 469 1698 iſt
477 1641 615 1694 geweſen
637 1651 758 1691 Carolus
792 1655 835 1704 der
863 1653 1000 1706 Eilffte/
1027 1653 1136 1703 Koͤnig
1147 1650 1182 1694 in
1184 1653 1418 1710 Schweden/
1429 1660 1612 1709 gebohren
1624 1670 1687 1701 den
1718 1675 1777 1709 24.
1809 1670 1919 1707 Nov.

356 1712 449 1754 1655.
459 1702 561 1752 ward
583 1699 694 1763 Koͤnig
706 1712 808 1753 1660.
822 1715 897 1756 uud
908 1707 1001 1766 ſtarb
1013 1709 1077 1759 den
1088 1729 1138 1767 15.
1157 1709 1262 1769 April.
1283 1706 1374 1772 1697.
1410 1711 1539 1774 Deſſen
1563 1719 1648 1775 Frau
1657 1717 1799 1771 Mutter
1800 1721 1849 1776 iſt
1856 1737 1918 1775 ge⸗

355 1759 467 1808 weſen
476 1760 599 1812 Ulrica
609 1759 814 1815 Eleonora/
819 1758 959 1816 Koͤnigs
974 1767 1173 1819 Friedrichs
1182 1773 1248 1819 des
1256 1760 1414 1821 Dritten
1429 1774 1464 1816 in
1480 1771 1735 1823 Dennemarck
1747 1768 1921 1829 Tochter/

355 1801 531 1860 gebohren
559 1816 618 1857 den
618 1816 671 1858 11.
699 1807 798 1871 Sept.
818 1821 907 1868 1656.
935 1814 1124 1869 vermaͤhlet
1124 1817 1198 1870 den
1222 1817 1261 1873 6.
1252 1825 1358 1877 Maji.
1358 1826 1467 1875 1680.
1485 1823 1541 1869 und
1555 1822 1656 1876 ſtarb
1672 1820 1737 1874 den
1752 1835 1809 1872 26.
1829 1832 1915 1883 Jul.

355 1864 453 1907 1693.
493 1855 572 1912 Des
583 1865 751 1910 nunmehr
765 1861 959 1917 getoͤdteten
980 1862 1119 1917 Koͤnigs
1140 1866 1343 1928 Geſchwiſter
1357 1868 1430 1925 ſind
1439 1871 1615 1924 geweſen/
1618 1889 1647 1919 1.
1657 1865 1814 1931 Hedwig
1825 1878 1915 1925 So⸗

358 1907 461 1966 phia/
473 1918 550 1964 geb.
557 1921 623 1959 den
623 1921 691 1961 26.
703 1922 801 1971 Jun.
811 1928 903 1966 1681.
924 1915 1074 1972 Hertzog
1101 1925 1298 1979 Friedrichs
1316 1922 1356 1980 zu
1363 1932 1740 1987 Hollſtein ⸗ Gottorff
1749 1936 1915 1986 Gemah⸗

356 1959 429 2013 lin/
431 1969 495 2008 den
508 1978 556 2007 12.
567 1966 676 2015 Junii
687 1977 784 2017 1698.
797 1971 888 2019 ſtarb
910 1977 967 2016 als
978 1966 1123 2024 Wittbe
1133 1974 1172 2027 zu
1184 1972 1419 2026 Stockholm/
1426 1984 1492 2020 den
1512 1992 1560 2023 12.
1572 1981 1672 2029 Dec.
1689 1987 1725 2034 ſt.
1743 1994 1783 2026 v.
1811 1990 1914 2034 1708.

357 2025 427 2058 von
437 2016 580 2062 welcher
587 2019 757 2068 gebohren
770 2023 926 2070 Carolus
936 2020 1184 2078 Friedericus/
1184 2021 1337 2079 Hertzog
1343 2039 1380 2076 zu
1391 2029 1768 2087 Hollſtein⸗Gottorff/
1779 2040 1844 2079 den
1862 2046 1913 2082 19.

353 2066 463 2115 Febr.
479 2057 592 2116 1700.
608 2064 647 2118 zu
662 2060 873 2119 Stockholm.
898 2079 957 2117 2.)
980 2074 1194 2127 Guſtavus/
1207 2077 1365 2127 gebohren
1380 2071 1438 2125 den
1458 2077 1493 2134 4.
1512 2080 1591 2131 Jun.
1607 2090 1700 2130 1683.
1724 2086 1815 2135 ſtarb
1846 2088 1913 2130 den

353 2124 405 2157 16.
417 2118 531 2166 April.
541 2113 647 2167 1685.
668 2122 729 2172 3,)
756 2123 910 2170 Ulricus/
929 2125 1000 2173 geb.
1018 2128 1082 2169 den
1101 2137 1156 2168 22.
1166 2129 1248 2177 Jul.
1257 2135 1354 2174 1684.
1364 2130 1454 2180 ſtarb
1467 2134 1530 2177 den
1541 2147 1594 2183 19.
1602 2128 1700 2184 Maͤy
1714 2142 1813 2184 1695.
1857 2141 1912 2185 4.)

351 2169 587 2220 Friedericus/
593 2167 661 2224 geb.
675 2178 739 2215 den
751 2188 806 2223 27.
817 2175 935 2225 Sept.
944 2177 1033 2224 ſtarb
1043 2183 1107 2224 den
1123 2180 1178 2221 12.
1178 2180 1331 2224 Octobr.
1340 2186 1442 2233 1685.
1468 2191 1513 2235 5.)
1523 2184 1641 2231 Ulrica
1650 2188 1823 2234 Eleonora
1834 2192 1924 2236 geb.

349 2224 416 2266 den
428 2226 476 2263 21.
495 2221 573 2272 Jan.
578 2223 678 2271 1688.
686 2226 809 2280 welche
820 2235 866 2275 an
897 2228 934 2278 S.
938 2228 1103 2280 Durchl.
1107 2223 1171 2275 den
1172 2227 1379 2289 Erb⸗Printz
1404 2233 1460 2292 von
1475 2232 1724 2294 Heſſen⸗Caſſel
1724 2235 1911 2296 vermaͤhlt.
