1797 2592
160 378 297 426 Klippen
316 378 380 414 und
402 371 505 420 Felſen
526 382 630 417 empor
644 368 790 414 ſchieben,
815 368 878 400 und
896 368 942 396 die
957 376 1010 396 am
1023 367 1160 404 naͤchſten
1180 373 1227 399 ge⸗

163 434 282 481 legenen
305 432 416 471 Laͤnder
434 431 552 468 werden
570 429 616 467 die
636 424 873 474 Erſchuͤtterung
895 418 1010 465 fuͤhlen.
1061 411 1228 460 Bricht
1182 411 1232 462 ſie

165 484 237 522 aber
255 481 333 529 nahe
352 490 393 517 an
415 480 470 518 den
484 479 604 524 Kuͤſten
628 483 683 511 des
703 479 801 519 veſten
823 475 935 507 Landes
957 477 1035 506 aus;
1065 478 1135 499 was
1151 473 1229 498 wird

167 542 253 577 dann
276 534 447 585 entſtehen?
519 533 731 580 Nothwendig
752 533 816 563 eine
834 531 907 560 neue
926 525 987 558 Art
1007 524 1096 562 dieſer
1112 524 1230 561 groſſen

167 586 374 635 Erdbeben
396 582 492 629 ohne
512 578 863 630 Feuerausbruͤche,
902 579 1009 617 wobey
1033 578 1092 607 das
1110 577 1232 608 Meer

171 641 228 686 auf
249 642 309 680 das
330 637 522 688 entſetzlichſte
541 639 631 674 tobet.
683 635 797 677 Dieſes
819 637 884 675 ſind
902 634 960 663 alle
980 630 1122 671 moͤgliche
1137 631 1235 657 Arten

172 700 224 736 der
238 686 487 746 Entzuͤndungen
505 695 537 730 in
551 691 619 726 dem
634 686 814 726 Erdboden.
850 688 920 722 Sie
934 687 1088 727 geſchehen
1102 685 1159 712 alle
1174 684 1236 721 ſehr

175 744 221 793 oft
234 747 265 783 in
281 747 332 784 der
345 744 475 790 Natur,
504 742 577 777 aber
591 745 625 772 es
642 739 706 779 ſind
721 745 780 769 nur
799 746 864 776 zwo
882 741 980 767 Arten
998 746 1118 770 davon,
1148 738 1238 758 naͤm⸗

174 803 227 847 lich
251 800 310 841 die
331 797 475 850 groſſen
493 796 572 834 und
594 790 673 839 ſehr
688 788 797 834 tiefen
810 790 1116 836 Entzuͤndungen
1129 797 1239 816 unter

137 853 261 894 dem
283 851 404 896 veſten
421 847 575 888 Lande,
599 842 678 881 und
700 840 760 879 die
780 845 890 876 unter
912 843 980 872 der
1002 843 1106 875 See,
1128 853 1163 876 zu
1183 847 1240 864 den

176 907 290 955 groſſen
317 901 481 944 Erdbeben
501 894 703 948 hinlaͤnglich,
733 894 779 929 die
800 899 891 936 ganze
912 891 1023 925 Laͤnder
1047 897 1243 931 erſchuͤttern,

179 958 255 1005 ohne
276 954 337 999 daß
349 946 619 1000 Feuerausbruͤche
632 944 730 992 dabey
746 942 862 981 waͤren.
912 941 998 981 Die,
1023 944 1053 979 ſo
1065 951 1153 970 unter
1175 950 1245 970 dem

167 1007 278 1053 veſten
292 1001 387 1043 Lande
404 998 571 1050 entſtehen,
592 996 716 1043 machen
740 993 883 1037 vielleicht
902 996 948 1025 die
970 995 1032 1036 ſehr
1054 996 1175 1029 ſeltenen
1189 999 1246 1020 all⸗

181 1059 334 1107 gemeinen
346 1053 522 1104 Erdbeben,
533 1049 641 1097 wobey
656 1058 730 1086 man
743 1047 822 1085 keine
836 1045 1133 1089 Meeresbewegung
1145 1051 1248 1082 wahr⸗

182 1112 322 1154 nimmt,
335 1112 399 1148 und
411 1110 514 1147 davon
533 1104 577 1149 ich
597 1102 673 1146 noch
687 1101 766 1139 keine
781 1101 813 1135 in
836 1100 887 1133 der
900 1097 1033 1140 Hiſtorie
1053 1101 1178 1135 deutlich
1201 1102 1249 1126 be⸗

158 1159 327 1209 ſchrieben
341 1156 491 1206 gefunden
505 1154 595 1203 habe.
644 1152 713 1190 Die
727 1151 920 1197 allgemeinen
931 1150 1095 1184 Erdbeben
1108 1152 1191 1185 aber,
1204 1155 1251 1174 die

185 1217 244 1256 mit
257 1215 309 1255 der
322 1208 539 1262 Meereswuth
555 1205 730 1246 verbunden
744 1206 828 1250 ſind,
849 1205 997 1247 entſtehen
1009 1207 1108 1242 gewiß
1122 1215 1182 1229 von
1196 1209 1254 1228 den

185 1262 435 1317 Entzuͤndungen
450 1269 537 1301 unter
549 1261 602 1300 der
614 1257 689 1301 See
710 1258 766 1303 bey
779 1259 997 1299 benachbarten
1011 1257 1255 1299 Meereskuͤſten.

187 1317 311 1371 Fragen
334 1316 403 1361 Sie
424 1314 521 1362 mich,
561 1321 681 1349 warum
701 1315 749 1345 die
767 1313 962 1353 allgemeinen
988 1312 1153 1342 Erdbeben
1176 1313 1254 1345 ohne

188 1367 576 1421 Meereserſchuͤtterungen
601 1368 632 1411 ſo
651 1367 710 1403 viel
732 1367 850 1408 ſeltener
871 1366 954 1405 ſind,
979 1368 1029 1392 als
1052 1368 1097 1390 die
1117 1368 1175 1389 mit
1196 1372 1254 1387 den

190 1422 545 1472 Meeresbewegungen:
571 1421 601 1463 ſo
618 1421 695 1460 muß
708 1422 752 1457 ich
775 1419 845 1451 Sie
860 1421 968 1447 wieder
981 1420 1110 1451 fragen,
1135 1428 1256 1439 warum

192 1474 364 1526 uͤberhaupt
384 1476 430 1510 die
442 1471 693 1520 Entzuͤndungen
715 1473 759 1502 im
780 1471 893 1500 Meere
911 1473 976 1496 und
998 1478 1040 1493 an
1061 1474 1117 1496 den
1139 1471 1259 1500 Kuͤſten

193 1542 248 1570 am
260 1527 509 1577 allergemeinſten
525 1525 601 1572 ſind,
609 1528 665 1561 wie
679 1522 723 1564 ich
737 1520 849 1568 Jhnen
864 1523 907 1552 im
928 1525 976 1549 10
989 1521 1040 1549 bis
1057 1526 1152 1556 13ten
1164 1523 1260 1547 Brie⸗

196 1583 226 1630 fe
237 1582 359 1632 gezeiget
378 1579 481 1630 habe?
534 1576 628 1625 Dieſe
645 1572 831 1622 Erfahrung
851 1569 1004 1614 beſtaͤtiget
1025 1574 1105 1600 mein
1121 1572 1258 1610 Syſtem

196 1645 259 1677 von
273 1643 391 1679 neuem,
414 1632 476 1679 daß
492 1632 539 1669 die
552 1622 752 1677 allergroͤßten
765 1621 1011 1672 Entzuͤndungen
1024 1624 1067 1654 im
1080 1622 1261 1665 Erdboden,

198 1690 279 1731 allen
297 1686 417 1736 Regeln
431 1687 483 1724 der
495 1678 660 1729 Vernunft
673 1674 761 1722 nach,
783 1674 929 1723 nirgends
946 1675 1080 1715 anders,
1105 1678 1155 1704 als
1175 1686 1264 1704 unter

200 1747 269 1786 dem
295 1740 432 1786 Grunde
451 1742 506 1779 des
528 1733 676 1782 Meeres,
698 1729 777 1780 nahe
796 1740 837 1767 an
851 1730 907 1766 den
923 1726 1169 1775 Meereskuͤſten,
1196 1736 1266 1758 oder

202 1799 235 1835 in
249 1800 299 1836 der
312 1793 448 1844 Gegend
462 1791 551 1830 vieler
565 1785 700 1836 Jnſeln,
716 1780 831 1831 geſucht
846 1783 966 1819 werden
983 1780 1110 1817 koͤnnen.
1162 1787 1266 1820 Alles,

204 1861 275 1891 was
283 1854 325 1897 ich
332 1850 443 1902 Jhnen
450 1850 495 1888 im
502 1841 678 1895 Folgenden
692 1840 766 1888 noch
778 1846 841 1878 von
856 1839 912 1876 den
920 1834 1112 1885 Wirkungen
1125 1841 1178 1871 der
1186 1840 1269 1871 Erd⸗

204 1894 298 1935 beben
314 1902 346 1935 in
368 1898 425 1940 den
449 1891 636 1943 Dunſtkreis
661 1888 726 1925 und
750 1886 810 1922 das
830 1884 956 1929 Waſſer
977 1888 1065 1926 ſagen
1089 1894 1205 1920 werde,
1235 1891 1270 1917 iſt

208 1945 306 1989 nichts
323 1948 452 1992 anders,
485 1947 538 1981 als
554 1947 601 1979 ein
625 1941 816 1987 fortgeſetzter
828 1941 962 1972 Beweis
984 1945 1076 1975 dieſes
1095 1942 1271 1970 Syſtems,

209 2003 271 2034 von
291 1998 359 2036 dem
380 1999 423 2039 ich
444 2000 544 2042 gewiß
562 1998 689 2039 glaube,
711 1998 779 2024 weil
796 1996 840 2032 ich
860 2002 896 2021 es
915 2004 971 2021 um
991 1998 1044 2020 der
1058 1994 1181 2017 Staͤrke
1199 1993 1273 2016 aller

210 2040 349 2083 Gruͤnde
365 2051 465 2081 willen
485 2048 616 2088 glauben
634 2051 722 2079 muß,
749 2049 812 2077 daß
834 2055 870 2066 es
891 2050 940 2065 die
957 2047 1061 2074 wahre
1078 2044 1207 2069 Theorie
1223 2048 1275 2061 der

212 2095 405 2142 allgemeinen
419 2102 584 2138 Erdbeben
598 2102 676 2139 ohne
688 2099 956 2135 Feuerausbruͤche
969 2101 1035 2124 ſey,
1059 2099 1104 2113 die
1115 2098 1172 2116 mit
1185 2099 1277 2117 Mee⸗

213 2153 438 2201 reswallungen
448 2154 622 2193 verbunden
637 2152 716 2195 ſind.
764 2153 858 2184 Was
871 2153 959 2189 ſagen
974 2149 1042 2179 Sie
1057 2148 1159 2187 dazu?
