2283 2875
583 412 643 463 20

1044 403 1481 475 Einleitungs⸗Rede

353 983 441 1030 Apud
441 983 484 1027 P.
484 983 554 1035 Fag.

349 1030 388 1060 in
394 1031 470 1060 Gen.
474 1031 516 1064 4.

357 1660 433 1690 Gen.
442 1648 525 1690 VIIl,
529 1647 572 1690 20.

356 1758 500 1787 Gen.XIl,
509 1766 539 1787 7.
550 1756 573 1787 8.

357 1895 431 1944 Gen.
443 1901 523 1945 XIIl,
523 1901 571 1946 4,

390 1946 437 1990 38.

359 2142 432 2174 Gen.
440 2131 524 2171 XXl,
524 2131 572 2174 23.

582 513 625 562 be
632 512 772 573 pflegen
781 509 1026 568 verrichtet
992 509 1031 569 zu
1035 510 1205 568 werden/
1221 509 1264 567 iſt
1276 505 1477 565 hiernechſt
1481 511 1521 565 zu
1536 506 1785 565 unterſuchen.
1798 503 1923 557 Denn

581 576 654 632 daß
672 574 718 631 ſie
734 574 798 629 zur
813 570 1050 628 verrichtung
1067 571 1163 626 ihrer
1187 568 1558 628 religions⸗pflichten
1575 569 1720 626 gewiſſe
1736 572 1849 624 darzu
1866 571 1922 614 be⸗

582 631 745 688 ſtimmte
764 630 866 677 oͤrter
882 629 1016 687 gehabt
1024 624 1170 685 haben/
1184 625 1378 687 ſonderlich
1393 638 1502 673 wenn
1521 626 1600 670 eine
1612 627 1822 680 allgemeine
1844 641 1921 671 ver⸗

583 691 799 748 ſammlung
821 689 987 747 gehalten
1002 691 1180 741 worden/
1205 688 1257 746 iſt
1279 686 1384 743 leicht
1405 692 1447 744 zu
1470 685 1675 743 gedencken.
1729 688 1849 735 Denn
1880 696 1924 733 es

583 746 696 807 lehret
712 745 837 810 ſolches
842 745 879 800 ja
892 745 946 799 die
958 758 1077 798 natur
1088 752 1166 798 und
1182 747 1451 809 beſchaffenheit
1463 749 1529 794 der
1541 747 1649 803 dinge
1663 745 1776 806 ſelbſt.
1834 752 1923 795 Und

583 812 680 858 wird
689 807 932 865 vermuthlich
943 806 1071 866 ſolches
1081 804 1170 862 auch
1179 806 1252 852 mit
1266 806 1483 859 angedeutet
1501 805 1542 851 in
1552 803 1652 858 jener
1672 820 1923 863 redens⸗art/

584 883 699 919 wenn
713 884 788 918 von
796 870 897 919 Cain
909 873 987 917 und
997 868 1100 925 Abel
1100 867 1248 925 geſaget
1248 864 1359 924 wird/
1371 860 1425 929 daß
1445 866 1494 921 ſie
1503 867 1591 920 ihre
1597 865 1728 924 opffer
1738 867 1924 923 gebracht

586 926 749 983 haben/
768 924 921 985 nemlich
961 927 1062 981 (wie
1084 928 1195 970 Aben
1217 928 1309 970 Ezra
1335 922 1391 980 und
1419 923 1550 984 andere
1579 929 1621 969 es
1638 927 1831 979 erklaͤren)
1862 930 1920 968 אל

585 982 750 1039 לחפלרב
788 994 911 1045 שקבק
950 993 1058 1043 מקרם
1096 991 1154 1029 an
1187 982 1263 1031 den
1301 985 1406 1044 ort/
1435 982 1506 1027 der
1543 989 1639 1036 zum
1668 986 1924 1035 oͤffentlichen

573 1038 847 1099 gottesdienſt
868 1037 1082 1086 beſtimmet
1107 1040 1305 1095 geweſen.
1336 1040 1425 1075 Und
1431 1047 1502 1093 mag
1524 1050 1589 1081 wol
1604 1046 1717 1092 dieſes
1734 1052 1787 1075 die
1808 1050 1923 1090 urſach

584 1102 736 1168 geweſen
756 1101 865 1169 ſeyn/
885 1119 1036 1155 warum
1052 1104 1180 1161 Cain/
1213 1105 1259 1153 ob
1289 1109 1332 1152 es
1361 1103 1423 1161 ihn
1454 1101 1558 1161 ſchon
1587 1104 1715 1161 hefftig
1742 1112 1926 1163 verdroß/

585 1168 657 1225 daß
674 1181 713 1216 er
729 1167 845 1227 ſeinen
863 1166 1002 1215 bruder
1015 1165 1085 1225 ſich
1100 1174 1326 1221 vorgezogen
1340 1162 1444 1222 ſahe/
1459 1164 1621 1223 dennoch
1639 1167 1739 1220 nicht
1767 1168 1924 1221 alſobald

585 1228 685 1287 hand
703 1242 752 1276 an
769 1225 830 1284 ihn
853 1225 1003 1285 legete/
1021 1224 1106 1275 weil
1120 1225 1273 1285 nemlich
1294 1227 1348 1273 die
1373 1222 1552 1283 heiligkeit
1567 1227 1630 1272 des
1647 1231 1749 1272 ortes
1767 1230 1842 1273 und
1871 1230 1925 1272 die

586 1287 837 1352 empfindliche
850 1296 1063 1348 gegenwart
1085 1285 1275 1349 goͤttlicher
1288 1285 1482 1347 Majeſtaͤt
1501 1287 1578 1344 ihm
1592 1290 1650 1335 ein
1665 1289 1837 1345 ſchrecken
1854 1293 1926 1332 ein⸗

585 1346 752 1406 gejaget;
776 1348 930 1405 ſondern
946 1350 1064 1407 ſeinen
1077 1347 1344 1407 moͤrderiſchen
1357 1349 1479 1400 vorſaz
1507 1351 1547 1402 ſo
1557 1350 1667 1397 lange
1695 1353 1926 1405 verſparete/

582 1414 652 1468 biß
652 1414 690 1462 er
700 1415 803 1470 auffs
818 1414 890 1466 feld
906 1412 1075 1459 kommen
1090 1412 1190 1467 war/
1206 1412 1284 1456 und
1300 1413 1349 1455 da
1362 1407 1525 1463 allererſt
1525 1406 1596 1461 ihn
1612 1408 1734 1464 anfiel.
1795 1415 1860 1477 Zu
1868 1424 1923 1475 ih⸗

584 1471 658 1520 ren
658 1471 802 1528 opffern
813 1470 941 1520 hatten
951 1468 999 1522 ſie
1013 1468 1105 1524 auch
1122 1467 1255 1518 altaͤre/
1263 1467 1433 1523 worauff
1437 1465 1484 1523 ſie
1491 1465 1662 1523 dieſelben
1670 1461 1868 1526 opfferten/
1875 1470 1923 1526 die

586 1526 708 1587 auſſer
722 1525 868 1586 zweiffel
880 1523 1033 1584 zugleich
1050 1525 1119 1573 mit
1133 1527 1201 1573 den
1216 1533 1362 1581 opffern
1377 1522 1480 1578 ihren
1494 1522 1679 1579 urſprung
1688 1534 1930 1583 genommen/

583 1577 632 1638 ob
645 1578 722 1638 wol
722 1579 869 1637 darvon
871 1576 973 1647 nicht
982 1577 1098 1647 eher/
1118 1585 1181 1633 als
1208 1573 1300 1641 nach
1331 1586 1396 1632 der
1413 1581 1600 1643 ſuͤndfluth
1616 1591 1734 1628 etwas
1750 1589 1928 1636 gemeldet

573 1643 731 1703 wird/
737 1651 785 1697 da
794 1647 915 1705 Noah
926 1647 1029 1693 einen
1038 1643 1139 1693 altar
1157 1647 1239 1693 dem
1271 1638 1387 1702 HErrn
1400 1641 1585 1698 gebauet/
1615 1649 1691 1690 und
1709 1648 1925 1702 brand⸗opf⸗

586 1710 643 1766 fer
660 1708 817 1770 darauff
824 1706 1005 1769 geopffert
1019 1708 1096 1766 hat.
1155 1706 1248 1766 Alſo
1259 1706 1390 1756 bauete
1399 1704 1596 1762 Abraham
1604 1706 1807 1768 alſobald/
1806 1712 1958 1761 nach⸗

589 1762 673 1807 dem
688 1768 728 1800 er
742 1768 808 1805 zur
815 1760 1021 1808 verehrung
1036 1761 1099 1796 des
1117 1761 1268 1805 wahren
1282 1772 1455 1807 GOttes
1479 1773 1561 1813 war
1575 1766 1741 1805 beruffen
1757 1772 1931 1822 worden/

573 1820 673 1870 dem
680 1819 852 1883 HErrn/
864 1821 923 1867 der
940 1819 999 1882 ihm
1023 1820 1220 1877 erſchienen
1220 1832 1341 1879 war/
1347 1829 1392 1871 zu
1406 1822 1574 1872 Sichem
1594 1827 1698 1876 einen
1706 1827 1833 1884 altar/
1846 1832 1925 1887 und

577 1887 631 1940 da
641 1898 681 1933 er
702 1899 767 1933 von
779 1887 921 1934 dannen
932 1883 1156 1946 auffbrach/
1187 1887 1263 1933 und
1284 1884 1353 1941 ſich
1375 1892 1648 1937 morgenwerts
1678 1898 1789 1936 gegen
1820 1893 1926 1942 einen

589 1944 674 2001 berg
695 1939 869 1999 wendete/
900 1942 1014 1993 bauete
1014 1954 1059 1992 er
1082 1945 1162 2007 noch
1184 1946 1288 2006 einen
1303 1950 1426 2005 andern
1442 1948 1542 1987 altar
1565 1951 1642 1987 und
1652 1952 1753 1999 rieff
1776 1960 1826 1987 an
1855 1953 1935 1985 den

586 2005 746 2061 nahmen
761 2010 827 2055 des
836 2004 1010 2066 HErrn;
1030 2007 1089 2069 ja/
1100 2007 1132 2058 ſo
1142 2005 1224 2061 thaͤt
1231 2017 1271 2051 er
1284 2003 1566 2065 allenthalben/
1567 2015 1633 2050 wo
1633 2016 1673 2049 er
1687 2017 1751 2064 nur
1771 2007 1923 2064 hinkam.

587 2070 678 2125 Alſo
688 2068 805 2127 auch/
819 2071 866 2116 da
875 2081 913 2113 er
922 2080 965 2123 zu
975 2067 1146 2125 Berſaba
1156 2069 1195 2113 in
1202 2068 1264 2114 der
1274 2065 1381 2112 ebene
1399 2063 1558 2125 Mamre
1540 2061 1753 2125 wohnete/
1766 2065 1927 2121 pflanzte

589 2142 634 2180 er
650 2130 811 2186 daſelbſt
824 2133 938 2179 einen
952 2125 1092 2187 haͤyn/
1106 2133 1197 2177 und
1213 2127 1314 2185 rieff
1333 2135 1386 2175 an
1397 2130 1469 2175 den
1482 2123 1661 2181 nahmen
1679 2127 1751 2173 des
1768 2127 1925 2181 ewigen

587 2194 784 2243 GOttes.
813 2191 947 2251 Auſſer
960 2191 1054 2239 allen
1064 2186 1209 2250 zweiffel
1231 2194 1285 2246 war
1309 2186 1418 2244 dieſes
1427 2189 1482 2234 die
1489 2184 1691 2247 oͤffentliche
1706 2187 1835 2243 capelle
1846 2190 1925 2234 und

586 2254 660 2301 das
667 2246 858 2305 bethaus/
870 2249 993 2307 wohin
1000 2247 1199 2306 Abraham
1212 2248 1284 2296 mit
1300 2248 1366 2292 der
1382 2243 1524 2303 groſſen
1539 2256 1670 2300 menge
1685 2247 1796 2300 ſeines
1811 2246 1926 2298 haus⸗

586 2308 749 2369 geſindes
771 2303 833 2362 und
858 2312 1015 2371 andern/
1030 2306 1083 2366 die
1088 2316 1124 2366 er
1137 2318 1198 2371 zur
1215 2305 1367 2363 wahren
1390 2304 1543 2362 religion
1568 2306 1755 2361 bekehret/
1783 2306 1852 2362 ſich
1877 2329 1934 2365 zu

582 2371 762 2433 verfuͤgen
782 2370 942 2431 pflegte/
955 2373 1026 2421 den
1043 2372 1196 2432 HErrn
1219 2368 1406 2433 oͤffentlich
1426 2367 1669 2428 anzubeten/
1685 2367 1745 2415 als
1774 2372 1928 2427 welcher

581 2443 642 2481 ort
655 2449 698 2491 zu
715 2431 845 2495 ſolcher
862 2434 1021 2490 andacht
1035 2432 1264 2494 vortrefflich
1273 2430 1424 2487 bequem
1434 2441 1527 2479 war.
1589 2428 1687 2481 Wie
1696 2430 1765 2476 wir
1775 2433 1870 2477 denn
1886 2435 1927 2477 in

583 2495 735 2554 warheit
754 2494 945 2557 befinden/
957 2493 1030 2554 daß
1044 2494 1099 2546 die
1114 2492 1217 2544 alten
1231 2502 1354 2552 gerne
1367 2492 1406 2541 in
1417 2488 1560 2552 ſolchen
1581 2491 1755 2555 haynen/
1777 2495 1815 2541 in
1837 2494 1928 2538 waͤl⸗

1830 2567 1934 2615 dern
