2868 4279
259 739 732 1578 V

732 865 938 982 On
1000 824 1593 995 GOTTes
1616 863 2033 1016 Gnaden,

733 1017 1367 1287 Friedrich
1401 1026 1995 1295 Auguſt,

743 1252 962 1379 Koͤnig
978 1297 1039 1367 in
1058 1279 1320 1383 Pohlen,
1331 1310 1402 1372 ꝛc.
1449 1284 1706 1392 Hertzog
1724 1319 1795 1390 zu
1813 1289 2066 1396 Sach⸗

831 1392 942 1467 ſen,
979 1394 1159 1472 Juͤlich,
1204 1381 1377 1475 Cleve,
1406 1407 1566 1477 Berg,
1587 1413 1780 1482 Engern
1807 1419 1903 1473 und

1152 1482 1474 1581 Weſtphalen,
1535 1524 1596 1566 ꝛc.

835 1629 1578 1758 Chur ⸗ Fuͤrſt,
1610 1668 1676 1732 ꝛc.

241 2152 647 2748 L

676 2223 864 2344 Jebe
883 2239 1217 2347 getreue;
1348 2255 1443 2330 Es
1473 2260 1536 2344 iſt
1584 2272 1742 2343 zwar
1791 2268 2002 2339 bereits

731 2366 793 2439 in
826 2362 987 2455 dem,
1034 2363 1229 2454 wegen
1292 2365 1398 2453 des
1458 2377 1998 2466 Armen ⸗ Bettel⸗

731 2493 852 2571 und
878 2492 1450 2595 Brand ⸗ Weſens,
1494 2521 1596 2585 am
1646 2501 1817 2604 13.den
1846 2509 1997 2589 De-

735 2607 1007 2693 cembr.
1055 2636 1273 2715 1730.
1317 2615 1731 2723 publicirten
1776 2621 2046 2713 Man-

678 2721 851 2809 dat
873 2742 1001 2812 und
1020 2745 1198 2833 deſſen
1219 2766 1269 2834 7.
1287 2713 1366 2786 den
1404 2730 1526 2837 §pho
1567 2754 1740 2827 unter
1767 2753 1991 2830 andern

480 2878 781 2970 verſehen,
865 2887 981 2982 daß
1045 2895 1151 2973 die
1179 2885 1452 2987 Beſitzere
1515 2900 1676 2975 derer
1755 2902 1989 2983 Ritter⸗

473 3011 741 3105 Guͤther,
790 3021 995 3115 welche
1032 3027 1133 3122 ſich
1175 3027 1346 3126 durch
1388 3028 1776 3124 Entrichtung
1813 3042 1988 3124 ergie⸗

368 3147 628 3235 biger
692 3148 1010 3247 Beyſteuer
1075 3157 1345 3246 mitleidig
1416 3148 1667 3252 bezeigen
1723 3159 2027 3270 wuͤrden,

470 3274 721 3371 ſodann,
768 3281 910 3376 nach
948 3274 1262 3387 Beſinden,
1310 3294 1419 3368 vor
1448 3295 1538 3372 die
1587 3292 1853 3394 dieſelben
1893 3309 1984 3385 be⸗

1846 3438 1982 3520 tref⸗
