1755 2621
1186 314 1231 347 87

183 400 334 448 noͤrdliche
367 396 548 447 gemaͤßigte
574 400 640 436 und
668 395 747 435 kalte
768 393 857 441 Zone
879 405 935 431 am
955 391 1130 440 ſchiefſten;
1182 390 1233 428 die

184 463 281 504 Kaͤlte
298 462 337 507 iſt
349 461 464 508 dahero
476 456 669 505 empfindlich
685 457 761 501 und,
781 454 810 502 ſo
825 452 999 501 behaupten
1014 453 1063 489 die
1077 448 1235 498 Einwoh⸗

187 536 238 562 ner
255 522 380 571 daſelbſt
396 524 454 560 mit
468 521 587 567 Recht,
616 520 654 567 ſie
673 516 772 566 haben
803 516 977 557 Winter.
1043 513 1104 554 Da
1119 513 1156 559 iſt
1172 511 1234 559 alſo

185 588 336 629 Winter,
354 593 402 622 wo
411 584 459 620 die
476 578 704 629 Mittagshoͤhe
712 580 765 616 der
779 576 910 624 Sonne,
927 578 975 614 die
986 572 1112 622 kleinſte
1112 568 1161 625 iſt.
1177 588 1235 599 —

186 647 254 687 Die
278 642 401 684 Sonne
423 640 541 679 kommt
561 640 592 676 in
616 637 713 686 ihrem
732 634 823 681 Laufe
845 634 921 680 nach
944 635 1007 671 und
1028 631 1104 676 nach
1123 631 1156 667 in
1174 633 1236 669 das

186 706 317 754 Zeichen
335 710 390 743 des
408 703 581 744 Widders.
653 700 728 742 Der
750 699 825 745 erſte
846 698 958 745 Punct
974 696 1070 744 dieſes
1085 693 1237 740 Zeichens

186 769 225 815 iſt
242 772 296 807 der
329 761 711 815 Fruͤhlingspunct
736 760 788 808 fuͤr
815 756 1031 808 erſterwaͤhnte
1051 754 1240 802 Gegenden,

186 834 253 868 das
281 827 387 877 heißt,
423 827 472 865 die
499 825 640 873 Sonne,
684 823 794 868 welche
823 822 856 859 in
877 821 988 867 dieſem
1005 819 1131 866 Puncte
1149 814 1239 863 ſteht,

191 887 353 935 beſcheinet
376 888 451 933 dieſe
476 884 650 931 Gegenden
676 881 812 928 weniger
834 878 925 928 ſchief
949 879 1002 915 als
1027 883 1143 924 zuvor;
1189 874 1241 913 die

192 949 292 990 Kaͤlte
313 949 353 995 iſt
374 948 512 986 alsdann
533 942 616 989 nicht
636 944 724 992 mehr
746 943 776 990 ſo
794 938 1010 989 empfindlich,
1050 938 1097 976 die
1119 936 1241 977 Sonne

194 1004 371 1056 naͤhmlich,
382 994 456 1059 haͤlt
478 999 546 1056 nach
540 1006 613 1041 dem
623 999 914 1051 Winterſolſtitium
923 999 971 1036 die
987 997 1119 1036 mittlere
1136 993 1241 1044 Hoͤhe,

196 1074 259 1110 und
274 1071 303 1118 ſo
317 1068 411 1118 faͤngt
417 1063 478 1117 der
501 1065 711 1118 Fruͤhling
742 1075 797 1105 an.
827 1080 875 1094 —
900 1056 960 1112 Die
994 1060 1107 1102 Sonne
1122 1059 1243 1097 kommt

194 1131 320 1182 hierauf
329 1131 362 1167 in
376 1134 436 1168 das
449 1127 579 1176 Zeichen
592 1131 648 1166 des
661 1125 814 1174 Krebſes;
854 1126 907 1162 der
929 1123 1002 1169 erſte
1018 1122 1128 1169 Punct
1146 1119 1244 1168 dieſes

196 1192 346 1241 Zeichens
368 1192 406 1236 iſt
418 1185 490 1236 der
514 1187 837 1235 Sommerpunct
875 1184 926 1231 fuͤr
944 1181 1034 1230 obige
1056 1181 1246 1229 Gegenden,

195 1257 259 1293 das
274 1252 379 1302 heißt:
408 1253 457 1289 die
467 1249 589 1290 Sonne
602 1246 764 1295 beſcheinet
775 1246 809 1284 in
822 1244 932 1292 dieſem
940 1243 1065 1290 Puncte
1072 1251 1144 1289 zum
1153 1239 1248 1288 Theil

198 1317 273 1361 dieſe
287 1314 463 1360 Gegenden
483 1321 538 1349 am
550 1309 716 1357 wenigſten
732 1306 840 1355 ſchief,
882 1315 953 1353 zum
974 1304 1066 1354 Theil
1081 1302 1154 1342 aber
1169 1299 1247 1348 auch

200 1364 365 1416 ſenkrecht;
401 1371 443 1405 da
462 1365 500 1413 iſt
521 1373 558 1404 es
581 1364 664 1409 nicht
685 1363 775 1411 mehr
793 1361 857 1400 kalt
872 1371 927 1399 um
942 1361 1018 1404 dieſe
1040 1360 1132 1404 Zeit,
1166 1363 1249 1393 denn

155 1421 250 1472 die
262 1429 383 1471 Sonne
396 1429 453 1478 hat
466 1427 533 1475 ihre
546 1424 664 1475 hoͤchſte
676 1422 905 1473 Mittagshoͤhe
919 1421 1065 1467 erreicht,
1092 1424 1156 1456 und
1163 1424 1250 1455 dann

202 1495 278 1545 geht
296 1498 351 1534 der
373 1493 572 1535 Sommer
601 1492 705 1540 an*).
776 1488 912 1536 Endlich
935 1486 1055 1527 kommt
1069 1487 1118 1525 die
1130 1484 1252 1525 Sonne

205 1562 238 1599 in
252 1563 313 1599 das
326 1557 457 1606 Zeichen
472 1561 525 1596 der
540 1555 670 1602 Wage;
698 1553 749 1602 ihr
765 1552 856 1599 erſter
862 1549 978 1599 Punct
979 1543 1031 1602 iſt
1025 1554 1078 1588 der
1095 1546 1254 1597 Herbſt⸗

206 1622 330 1663 punct
358 1616 472 1654 immer
488 1614 562 1661 noch
572 1611 623 1661 fuͤr
640 1612 713 1651 eben
724 1611 849 1659 dieſelbe
860 1608 1047 1657 Gegenden.
1075 1607 1144 1649 Die
1157 1605 1256 1646 Son⸗

206 1689 245 1714 ne
256 1675 419 1724 beſcheinet
439 1671 480 1724 ſie
493 1673 606 1713 wieder
624 1678 725 1710 etwas
740 1667 878 1718 ſchraͤge;
918 1674 953 1706 es
974 1668 1012 1714 iſt
1028 1664 1109 1712 nicht
1126 1666 1212 1714 mehr
1223 1663 1255 1710 ſo

206 1748 310 1777 warm
324 1739 375 1777 als
389 1744 501 1787 zuvor,
537 1738 617 1775 denn
638 1735 689 1775 die
710 1732 832 1773 Sonne
852 1731 909 1780 hat
930 1730 964 1768 in
985 1729 1097 1778 dieſem
1117 1729 1257 1776 Puncte,

208 1799 287 1845 nach
312 1802 383 1838 dem
400 1793 742 1846 Sommerſolſtitium,
783 1789 850 1839 ihre
872 1790 1008 1829 mittlere
1028 1786 1123 1837 Hoͤhe
1144 1791 1256 1825 wieder

212 1856 358 1907 erreicht,
391 1859 458 1897 und
472 1857 502 1904 ſo
512 1856 588 1905 geht
601 1858 655 1895 der
681 1851 830 1903 Herbſt
856 1862 912 1891 an.

255 1972 286 2009 *)
304 1967 425 2009 Meinen
444 1968 534 2004 Leſern
558 1966 612 2001 will
634 1965 670 2003 ich
689 1964 746 2001 doch
767 1959 855 1998 einige
873 1962 992 1998 Fragen,
1020 1965 1053 1995 zu
1071 1960 1143 1989 einer
1160 1959 1261 1989 kleinen

300 2014 424 2051 Uebung,
452 2013 508 2050 hier
523 2011 666 2048 vorlegen:

257 2056 371 2093 Warum
394 2054 425 2092 iſt
446 2057 478 2086 es
499 2044 566 2088 nicht
583 2051 676 2088 gerade
695 2056 731 2086 zu
745 2049 791 2081 der
809 2048 869 2087 Zeit
891 2054 935 2080 am
956 2045 1094 2085 kaͤlteſten,
1122 2050 1199 2074 wann
1219 2043 1264 2074 die

301 2099 491 2139 Mittagshoͤhe
502 2099 547 2131 der
558 2099 655 2131 Sonne
669 2104 712 2130 am
726 2094 846 2134 kleinſten
857 2095 909 2134 iſt?

261 2142 373 2179 Warum
392 2143 424 2180 iſt
442 2145 473 2172 es
489 2140 558 2178 nicht
575 2139 668 2175 gerade
685 2144 718 2174 zu
735 2138 781 2169 der
799 2134 860 2176 Zeit
876 2142 920 2165 am
939 2132 1095 2171 waͤrmſten,
1126 2138 1204 2164 wann
1222 2130 1264 2162 die

305 2193 400 2220 Sonne
415 2191 470 2220 ihre
483 2188 575 2220 hoͤchſte
589 2184 778 2220 Mittagshoͤhe
794 2184 922 2224 erreicht?
949 2183 1056 2220 Endlich

804 2230 831 2272 F
853 2238 874 2267 4

1149 2228 1263 2261 Warum
