1457 2302
485 356 553 402 26

495 433 555 468 der
564 431 690 474 Jugend
701 452 744 463 —
753 431 771 475 o
793 431 861 475 ſuͤße
876 434 1052 479 Taͤuſchung
1074 436 1269 478 entſchwinde

494 487 556 520 mir
573 487 636 519 mit
646 486 775 523 meinem
790 487 885 525 Leben
900 500 945 524 —
952 490 1072 524 Marie
1084 492 1123 520 —
1144 490 1268 531 Marie,

489 534 533 585 du
546 539 666 584 biſt's,
689 541 760 578 oder
775 542 819 582 ich
840 542 952 585 glaube
972 551 1044 578 nun
1067 552 1139 588 zum
1162 547 1273 586 erſten⸗

492 595 579 635 mal,
601 591 666 638 daß
681 599 728 633 die
753 599 868 643 Geiſter
896 600 948 634 der
970 599 1197 643 Verſtorbenen
1205 599 1279 649 ſich

491 654 527 692 in
535 660 735 694 menſchliche
747 649 884 702 Formen
903 650 1003 698 huͤllen
1016 651 1150 698 koͤnnen.

576 708 728 749 Greis.
752 710 900 747 Marie?
913 725 938 743 —
959 713 999 754 ſo
1018 720 1109 748 nennt
1125 712 1174 756 ſich
1184 713 1273 748 mein

487 765 596 812 Kind!

578 820 838 864 Herrmann.
838 821 931 864 So
931 821 1048 866 nennt
1078 827 1114 868 ſie
1136 825 1226 869 ſich?
1246 835 1272 862 o

488 877 634 918 Menſch,
655 878 837 919 wiederhole
857 878 936 914 mirs
951 879 1027 920 noch
1042 881 1179 918 einmal,
1199 881 1267 922 ſage

489 933 571 971 mir,
602 934 657 973 daß
673 935 744 974 dieß
762 934 871 971 Marie
896 945 964 972 von
979 930 1189 979 Kronendorf
1189 936 1272 980 ſey,

489 980 553 1017 und
574 979 615 1028 du
621 981 697 1023 haſt
704 989 776 1022 mir
787 984 860 1031 mit
860 986 982 1030 einem
998 986 1191 1032 Zauberſtabe
1215 998 1269 1031 all'

488 1045 609 1078 meinen
638 1043 785 1080 Kummer
811 1043 957 1088 geendet,
978 1046 1065 1089 mich
1065 1048 1156 1090 zum
1172 1046 1270 1089 gluͤck⸗

488 1095 604 1136 lichſten
622 1103 677 1139 der
691 1093 888 1137 Sterblichen
903 1095 1051 1139 gemacht.

569 1157 724 1200 Greis.
743 1161 879 1203 Welche
887 1161 1055 1203 Ahndung
1079 1173 1130 1192 —
1151 1161 1268 1206 Herr⸗

488 1217 592 1250 mann
598 1210 648 1244 —

565 1272 742 1308 Marie.
771 1272 878 1315 (ihre
901 1267 988 1315 Arme
999 1272 1269 1320 ausſpreitend)

486 1321 587 1365 Mein
587 1315 861 1367 Jugendgefaͤhrte
883 1323 1069 1365 Herrmann
1084 1332 1127 1372 —

570 1382 830 1424 Herrmann.
839 1385 946 1426 Gott,
957 1384 1088 1425 Gott,
1098 1388 1221 1427 warum
1230 1387 1267 1427 iſt

486 1439 544 1473 des
573 1437 745 1479 Menſchen
770 1437 868 1479 Bruſt
893 1437 941 1486 ſo
951 1434 1042 1487 enge,
1058 1439 1133 1480 das
1147 1439 1266 1484 Gefuͤhl

486 1493 539 1528 der
559 1489 693 1534 ſeligſten
709 1494 827 1536 Freude
837 1489 928 1539 kaum
941 1489 1033 1541 faſſen
1047 1502 1082 1536 zu
1095 1492 1266 1538 koͤnnen—

486 1548 601 1585 Marie
620 1548 671 1576 —
680 1545 759 1595 mein
777 1550 931 1587 Vater
893 1545 928 1592 —
947 1551 979 1591 o
979 1551 1030 1592 ich
1047 1549 1268 1596 Uebergluͤckli⸗

486 1606 551 1645 cher
563 1615 624 1642 —
624 1615 728 1643 wenn
755 1610 821 1651 dieß
856 1601 1029 1657 Taͤuſchung
1059 1607 1166 1650 waͤre,
1183 1617 1205 1650 o
1233 1611 1265 1651 ſo

487 1658 595 1698 wuͤrde
612 1656 668 1692 der
679 1657 797 1701 Henker
815 1663 873 1700 mir
888 1668 1095 1703 willkommen
1103 1659 1197 1703 ſeyn,
1208 1660 1265 1697 der

485 1718 592 1762 fruͤher
611 1722 692 1757 mein
708 1720 804 1759 Leben
817 1722 918 1766 endet,
938 1717 983 1769 als
996 1724 1074 1767 dieſe
1083 1723 1264 1767 Taͤuſchung

488 1766 660 1819 ſchwindet.

572 1825 720 1869 Greis.
746 1831 860 1876 Biſt
833 1828 887 1879 du
893 1830 1124 1876 Herrmann?
1133 1830 1179 1879 ja
1197 1832 1264 1875 nun

481 1878 610 1929 erklaͤre
630 1883 680 1935 ich
699 1883 782 1937 mir,
814 1883 867 1937 die
877 1885 1062 1931 Stimme,
1075 1888 1126 1927 die
1143 1889 1173 1934 ſo
1197 1890 1265 1928 laut
