1612 2241
99 260 137 294 du
156 263 266 290 alleine,
287 260 344 293 haſt
362 264 478 292 niemals
499 260 591 291 keinen
613 261 639 289 zu

98 300 171 325 ſehre
184 296 301 328 betruͤbt.

115 333 179 361 12.
198 332 290 362 Kreuz
303 334 359 362 und
367 332 471 364 Elende
487 334 538 363 das
546 333 657 362 nimmt

98 370 144 395 ein
156 368 245 396 Ende,
259 368 323 397 nach
330 365 580 399 Meeres⸗Brauſen
589 366 644 396 und

99 398 341 435 Windes⸗Sauſen
351 399 466 434 leuchtet
471 399 517 433 der
523 399 651 432 Sonnen

100 435 287 466 gewuͤnſchtes
294 433 424 466 Geſicht;
429 434 531 467 Freude
542 435 582 467 die
582 435 659 468 Fuͤl⸗

102 478 128 504 le
140 477 197 504 und
211 475 290 502 ſelige
302 473 392 503 Stille
413 475 465 502 hab
481 476 518 501 ich
532 480 564 500 zu
579 479 658 500 war⸗

102 514 149 539 ten
173 517 209 540 im
222 511 401 544 himmliſchen
422 509 544 539 Garten,
564 508 659 536 dahin

103 543 159 574 ſind
174 545 262 574 meine
280 543 428 574 Gedanken
443 542 571 572 gericht't.

429 579 502 615 Paul
510 569 654 616 Gerhard.

177 639 294 674 Kurzer
308 630 574 680 Morgen⸗Segen.

140 682 212 715 Mel.
221 683 292 714 Das
305 684 366 714 walt
379 678 445 714 Gott
461 681 541 713 Vater
549 679 613 711 und.

107 729 235 781 1733.
252 713 310 782 D

310 717 339 758 ie
354 718 422 748 helle
436 718 523 750 Sonn
546 717 659 750 leucht't

348 756 389 789 itzt
406 752 516 783 herfuͤr,
539 748 659 783 froͤhlich

105 789 171 818 vom
179 781 277 818 Schlaf
289 783 420 819 aufſtehen
430 788 497 821 wir;
507 783 580 819 Gott
595 783 651 822 Lob!

97 822 157 855 der
173 824 228 855 uns
251 824 336 856 heunt
356 824 422 858 dieſe
437 822 529 859 Nacht
543 820 648 860 behutet

97 858 155 885 fuͤr
170 864 218 892 des
234 861 347 891 Teufels
363 860 467 887 Macht.

113 900 171 922 2.
191 894 264 923 Herr
271 888 376 923 Chriſt!
389 894 442 924 den
450 891 511 923 Tag
523 890 579 922 uns
584 890 647 923 auch

95 923 197 961 behuͤt
209 924 256 955 fuͤr
271 924 360 955 Suͤnd
374 923 431 955 und
444 924 559 957 Schand
577 924 653 953 durch

108 960 188 996 deine
208 957 273 997 Guͤt:
290 959 342 996 Laß
356 962 432 994 deine
444 961 512 994 liebe
520 959 659 1003 Engelein

110 1001 191 1030 unſre
204 998 296 1030 Huͤter
304 1002 364 1030 und
380 996 506 1032 Waͤchter
520 999 592 1034 ſeyn.

126 1042 158 1067 3.
179 1035 234 1066 Daß
246 1037 324 1065 unſer
338 1037 398 1065 Herz
403 1033 447 1064 im
447 1032 590 1064 Chorſam
598 1032 650 1062 beb,

98 1066 213 1101 dein'm
220 1066 305 1098 Wort
312 1068 372 1096 und
384 1064 471 1098 Will'n
484 1064 550 1097 nicht
558 1065 652 1096 wider⸗

111 1106 191 1142 ſtreb,
210 1105 261 1139 daß
275 1107 326 1136 wir
339 1105 395 1137 dich
415 1106 480 1136 ſtets
492 1110 540 1135 vor
550 1100 647 1133 Augen

104 1136 179 1164 han,
191 1141 216 1162 in
225 1140 315 1161 allem,
331 1139 390 1160 was
408 1139 455 1163 wir
463 1138 559 1163 fangen
566 1137 620 1165 an.

148 1183 173 1207 4.
188 1175 240 1206 Laß
255 1175 333 1205 unſer
340 1173 415 1203 Werk
430 1170 560 1202 gerathen
573 1169 651 1200 wohl,

55 1203 169 1237 was
191 1212 232 1234 ein
254 1205 323 1236 jeder
343 1201 495 1235 ausrichten
518 1204 579 1238 ſoll:
607 1200 660 1236 daß

111 1246 193 1278 unſre
200 1241 313 1277 Arbeit,
314 1241 383 1279 Muͤh
402 1248 457 1276 und
467 1244 542 1279 Fleiß
551 1246 659 1277 gereich

106 1279 149 1314 zu
157 1277 260 1308 deinem
273 1276 330 1310 Lob
342 1281 402 1308 und
410 1279 513 1310 Preis.

413 1312 483 1346 Nic.
490 1304 656 1354 Herrmann.

112 1379 172 1410 Um
194 1379 351 1416 Aufgang
384 1391 439 1416 der
469 1388 669 1421 himmliſchen

253 1419 519 1455 Gnaden⸗Sonne.

150 1488 223 1520 Mel.
241 1487 274 1517 O
282 1483 470 1522 Traurigkeit,
490 1490 502 1516 o
512 1483 622 1517 Herzel.

120 1537 248 1591 1734.
259 1529 315 1587 D

315 1529 345 1562 ie
358 1528 450 1555 Nacht
469 1527 499 1555 iſt
513 1529 571 1557 hin,
591 1526 662 1557 mein

338 1560 416 1586 Geiſt
432 1560 485 1586 und
491 1560 571 1586 Sinn
586 1559 669 1586 ſehnt

110 1592 167 1629 ſich
175 1592 237 1626 nach
251 1592 339 1627 jenem
347 1591 434 1626 Tage,
443 1595 494 1620 vor
510 1591 568 1621 dem
581 1590 661 1628 voͤllig

110 1632 231 1664 weichen
246 1630 311 1664 muß
326 1630 478 1664 Finſterniß
495 1633 550 1662 und
568 1626 659 1661 Plage.

155 1669 179 1696 2.
193 1665 254 1695 Der
265 1664 319 1695 Tag
327 1663 367 1694 iſt
369 1668 411 1694 da,
423 1669 472 1693 das
482 1666 552 1693 Licht
560 1667 588 1692 iſt
598 1666 664 1692 nah,

119 1700 170 1730 das
183 1698 295 1731 Dunkle
309 1703 339 1731 zu
352 1698 509 1727 vertreiben.
547 1702 608 1727 Vor
621 1704 669 1727 dir

118 1735 217 1767 Jeſu!
232 1731 348 1767 ſchoͤnes
369 1732 454 1767 Licht!
487 1734 556 1767 kann
576 1732 669 1766 nichts

118 1767 217 1801 dunkel
232 1767 348 1803 bleiben.

157 1809 183 1834 3.
197 1802 260 1833 Der
275 1800 395 1832 Sonnen
408 1802 477 1831 Licht
489 1802 547 1834 aufs
557 1805 609 1829 neu
618 1802 668 1832 an⸗

117 1822 221 1864 bricht:
241 1839 255 1857 o
261 1837 444 1864 unerſchaffne
453 1836 571 1870 Sonne!
593 1835 666 1868 brich

107 1870 173 1906 mit
192 1877 295 1904 deinem
317 1874 387 1907 Licht
408 1873 521 1908 hervor,
545 1878 597 1901 mir
620 1876 669 1904 zur

119 1903 213 1940 Freud
229 1912 283 1939 und
299 1910 418 1937 Wonne.

157 1951 185 1976 4.
206 1943 270 1974 Des
290 1943 412 1976 Mondes
427 1942 516 1977 Glanz
538 1940 669 1979 verſichrr

121 1964 172 2006 ſich
185 1979 269 2009 ganz;
288 1979 314 2001 er
330 1979 395 2003 muß
407 1979 464 2001 dem
480 1979 597 2006 groͤßern
606 1978 669 2005 wei⸗

663 262 743 288 chen:
762 265 821 290 Mit
835 267 885 292 dir,
908 271 998 293 Glanz
1010 274 1056 293 der
1075 270 1213 299 Herrlich⸗

659 296 726 328 keit,
745 295 775 326 iſt
791 296 878 325 nichts
891 300 921 325 zu
931 299 1105 329 vergleichen.

700 339 722 362 5.
743 330 805 362 Der
821 333 949 361 Sternen
961 333 1061 366 Pracht
1076 336 1147 366 muß
1161 341 1213 367 mit

664 366 710 397 der
720 365 811 399 Nacht
820 368 881 394 vom
890 367 1004 401 Himmel
1008 370 1138 402 Abſchied
1148 373 1213 397 neh⸗

659 407 739 433 men:
760 407 859 433 Unſers
874 407 1097 435 Morgenſternes
1112 407 1213 441 Pracht

659 439 727 468 darf
741 440 788 468 ſich
806 440 922 466 niemals
939 443 1068 470 ſchaͤmen.

700 476 725 501 6.
740 474 797 503 Die
797 472 1078 507 Menſchen⸗Schaar,
1085 475 1128 511 die
1134 475 1212 507 ſchla⸗

659 509 726 535 fend
742 513 814 538 war,
839 511 923 541 greift
937 512 972 539 izt
986 513 1016 539 zu
1035 513 1113 539 ihren
1131 514 1213 537 Wer⸗

659 543 726 570 ken:
746 542 798 574 Laß
817 544 893 575 mich,
923 545 1012 574 Herr!
1031 547 1080 574 bey
1096 550 1213 578 meinem

673 572 754 607 Werk
767 580 827 608 dein
845 578 924 608 Werk
940 580 966 607 in
982 581 1032 605 mir
1047 583 1169 605 merken!

707 620 734 645 7.
753 618 807 647 Ein
821 619 894 647 jeder
908 619 962 649 will
977 618 1023 648 der
1037 615 1117 650 ſuͤßen
1138 617 1214 650 Still

659 650 724 677 und
741 648 815 669 Ruhe
824 651 928 675 Urlaub
938 652 1041 683 geben:
1057 652 1146 686 Jeſu!
1161 653 1215 685 dei⸗

659 689 703 710 ne
712 688 775 711 ſtille
784 688 848 713 Ruh
857 687 899 714 ſey
915 687 961 710 des
970 687 1074 712 Geiſtes
1083 687 1179 718 Leben.

706 724 730 743 8.
739 721 833 745 Drum
843 721 895 747 will
909 722 952 749 ich
955 722 1019 749 auch
1027 723 1092 750 nach
1099 725 1215 754 meinem

669 753 793 783 Brauch,
811 758 842 784 zu
860 757 973 781 meinem
984 756 1077 785 Werke
1094 759 1214 797 greifen:

670 783 743 818 Aber
760 785 803 818 laß
817 791 870 814 aus
884 788 974 818 deiner
982 791 1046 819 Ruh
1059 794 1134 823 mein
1142 796 1215 828 Herz

666 818 743 859 nicht
757 820 956 856 ausſchweifen.

705 861 731 887 9.
752 860 822 889 Halt
836 860 870 885 du
886 860 925 885 die
941 855 1041 889 Wach,
1059 867 1144 892 damit
1156 871 1213 895 kein

673 894 729 922 Ach
739 894 793 919 und
802 895 934 924 Schmerz
944 903 993 926 den
1004 900 1079 926 Geiſt
1087 903 1216 928 beruͤhre,

670 933 782 952 meinen
809 934 910 955 ganzen
930 935 1125 972 Lebens ⸗ Lauf
1142 937 1217 966 deine

659 962 755 997 Hand
771 963 882 995 regiere.

710 1005 752 1028 10.
773 996 930 1030 Halleluja!
949 997 992 1032 Ey
996 997 1053 1037 waͤr
1068 997 1110 1036 ich
1115 1000 1159 1032 da,
1173 1014 1216 1035 wo

659 1032 755 1067 meine
763 1034 865 1063 Sonne
873 1036 994 1066 wohnet!
1013 1041 1053 1061 wo
1069 1041 1111 1060 die
1125 1041 1216 1074 Arbeit

665 1065 752 1097 dieſer
760 1068 823 1098 Zeit
834 1070 914 1098 voͤllig
929 1073 994 1094 wird
1009 1075 1145 1105 belohnet.

709 1109 751 1131 11.
766 1108 799 1134 O
814 1107 884 1137 Jeſu
900 1108 989 1133 mein!
1009 1109 1069 1139 gieb
1077 1108 1149 1139 Licht
1162 1116 1218 1141 und

664 1134 774 1159 Schein
797 1140 824 1164 in
846 1144 944 1166 unſern
970 1145 1084 1176 dunklen
1103 1147 1217 1179 Zeiten:

673 1174 737 1204 fuͤhr
752 1176 806 1202 uns
814 1177 867 1204 aus
882 1178 927 1204 der
935 1179 1041 1207 ſinſtern
1049 1181 1125 1214 Weit
1132 1185 1158 1213 in
1176 1184 1218 1213 die

674 1204 852 1237 Ewigkeiten.

776 1247 847 1278 Joh.
855 1246 950 1277 Anaſt.
957 1248 1220 1287 Freylingshauſen.

688 1309 793 1342 Gottes
824 1309 967 1346 tägliches
1001 1320 1218 1353 Wohlmachen

750 1353 822 1385 Mel.
853 1348 871 1383 O
883 1352 971 1383 Gott!
979 1353 1025 1386 ich
1036 1355 1088 1388 thu
1097 1357 1147 1383 dir.

669 1399 807 1453 1735.
821 1387 872 1454 D

879 1384 910 1423 ie
910 1385 1023 1424 Nacht
1023 1389 1068 1425 iſt
1085 1393 1144 1425 nun
1146 1393 1221 1425 ver⸗

891 1425 1071 1456 ſchwunden,
1085 1425 1130 1456 der
1146 1425 1222 1453 frohe

678 1460 740 1492 Tag
753 1457 783 1490 iſt
798 1461 839 1489 da.
878 1456 974 1490 Drum
1000 1458 1088 1492 ſchallt
1099 1460 1149 1491 bey
1165 1462 1222 1492 fruͤ⸗

677 1490 730 1518 hen
738 1491 881 1519 Stunden,
889 1498 977 1520 Herr!
987 1496 1056 1526 mein
1067 1498 1219 1528 Halleluja.

686 1527 755 1560 Dieß
771 1527 874 1562 fordert
884 1525 970 1556 Dank
982 1529 1037 1555 und
1050 1527 1158 1560 Pficht,
1177 1531 1221 1559 laß

669 1561 731 1593 nur
741 1564 810 1589 mein
819 1563 961 1590 ſchwaches
971 1564 1057 1601 Fallen
1073 1565 1113 1597 dir
1120 1567 1222 1598 gnaͤdig

669 1589 876 1625 wohlgefallen,
889 1602 964 1623 mehr
984 1602 1031 1628 hab
1040 1601 1091 1628 und
1104 1602 1175 1631 kann
1185 1601 1222 1637 ich

675 1624 762 1669 nicht.

715 1668 742 1694 2.
757 1667 789 1695 O
799 1666 906 1697 Vater!
922 1666 964 1699 ſey
971 1664 1120 1699 geprieſen,
1126 1664 1179 1703 daß
1187 1675 1224 1702 du

669 1705 734 1727 mir
751 1704 818 1730 dieſe
831 1690 922 1728 Nacht
934 1706 1170 1734 Barmherzigkeit
1188 1712 1227 1737 er⸗

674 1735 801 1766 wieſen,
813 1743 868 1763 und
883 1742 949 1765 mich
961 1741 987 1770 ſo
1004 1745 1076 1772 wohl
1091 1741 1223 1775 bewacht!

669 1773 720 1802 ich
734 1774 822 1806 wußte
837 1775 920 1805 nichts
937 1780 987 1802 von
1005 1780 1067 1807 mir,
1085 1777 1122 1804 ich
1138 1776 1231 1810 ſchlief

669 1807 736 1832 ohn
752 1807 802 1827 alle
815 1808 947 1835 Sorgen,
967 1817 1023 1832 und
1041 1813 1084 1843 itzo
1097 1815 1166 1845 ſtellt
1180 1813 1230 1842 der

688 1838 804 1874 Morgen
823 1844 871 1870 mir
887 1844 967 1872 neuen
983 1848 1082 1876 Segen
1099 1846 1157 1878 fuͤr.

722 1879 747 1903 3.
769 1879 824 1905 Ach
839 1879 978 1907 trauteſter
994 1880 1155 1913 Erbarmer!
1171 1888 1230 1912 was

672 1912 746 1945 laͤßt
759 1919 794 1943 du
811 1921 863 1942 mir
875 1915 1022 1949 geſchehn?
1042 1918 1159 1948 vergieb,
1177 1929 1231 1950 wo⸗

669 1944 744 1978 fern
760 1946 800 1976 ich
818 1948 915 1977 Armer
924 1950 989 1978 auch
1005 1955 1084 1980 heute
1101 1956 1160 1981 was
1172 1956 1231 1985 ver⸗

677 1974 758 2017 ſehn.
794 1978 869 2012 Deck
891 1982 943 2012 alle
962 1983 1085 2016 Suͤnden
1110 1990 1159 2022 zu,
1177 1991 1232 2017 und
