2931 4169
285 664 428 740 jeƈta,
449 662 537 737 dem
568 645 754 733 Aeuſern
771 653 908 729 Rath
916 653 977 731 zu
994 662 1243 733 benennen,
1253 647 1357 710 und
1372 652 1511 721 deſſen
1530 654 1596 709 et-

276 738 357 807 wa
367 742 578 822 habende
596 736 1026 812 Bedencklichkeiten
1046 750 1100 811 zu
1126 728 1413 818 vernehmen.

355 865 628 954 Hierbey
644 863 709 941 iſt
722 848 1112 951 nachzuſehen,
1127 855 1239 948 was
1261 842 1422 952 Jhro
1434 846 1596 938 Kaͤy⸗

418 946 635 1039 ſerliche
673 938 935 1048 Majeſtaͤt
935 941 1000 1047 in
1036 932 1333 1029 Concluſo
1346 940 1596 1013 Clemᵐᵒ

419 1040 569 1116 vom
581 1038 639 1125 5.
657 1035 829 1128 April
842 1028 1016 1129 1757.
1047 1021 1117 1128 zu
1140 1017 1491 1125 verordnen,
1524 1013 1601 1117 al⸗

412 1111 769 1217 lergnaͤdigſt
784 1109 1032 1217 geruhet
1044 1113 1277 1206 haben.

461 1265 651 1340 Dafern
671 1269 778 1337 auch
803 1261 875 1329 die
878 1257 1130 1335 Funƈtion
1150 1259 1280 1335 eines
1315 1254 1601 1331 Cammer⸗in⸗

289 1320 482 1393 gleichen
511 1336 635 1384 eines
671 1336 1103 1399 Zinß⸗Schreibers
1118 1340 1300 1397 vacant
1312 1332 1459 1400 wird,
1502 1328 1601 1388 und

295 1416 461 1472 wieder
483 1410 674 1477 beſtellet
700 1407 878 1476 werden
907 1398 1024 1484 ſoll;
1067 1400 1164 1476 So
1178 1399 1277 1464 hat
1277 1400 1370 1462 der
1395 1397 1603 1460 Aeuſere

295 1469 434 1549 Rath
447 1492 564 1554 zwey
575 1471 812 1544 Subjeƈta
820 1468 880 1546 zu
886 1474 1002 1540 jeder
1012 1469 1273 1536 Funƈtion,
1297 1472 1426 1542 denen
1451 1463 1602 1528 beyden

295 1552 536 1620 Collegiis
545 1545 858 1617 Magiſtratus
874 1535 937 1612 zu
950 1529 1295 1609 praeſentiren,
1313 1528 1471 1600 welche
1478 1536 1602 1592 dann

302 1614 394 1660 aus
406 1611 589 1671 ſelbigen
608 1608 733 1655 eines
743 1609 990 1661 erwehlen
1012 1605 1208 1660 Begaͤbe
1216 1605 1265 1644 es
1283 1603 1359 1652 ſich
1375 1602 1499 1647 aber,
1511 1600 1605 1647 daß

294 1674 507 1755 gedachte
520 1670 745 1752 Collegia
769 1670 853 1741 des
871 1670 1161 1755 Magiſtrats
1183 1673 1324 1750 eines,
1347 1674 1443 1744 oder
1470 1670 1607 1745 beyde

299 1750 622 1827 praeſentirte
632 1752 875 1826 Subjeƈta
886 1764 950 1823 zu
959 1743 1050 1817 der
1066 1745 1312 1814 Funƈtion
1335 1738 1539 1813 unfaͤhig
1548 1747 1608 1810 zu

300 1827 408 1896 ſeyn
418 1817 684 1899 erachteten,
707 1818 785 1895 und
801 1821 873 1900 der
890 1813 1083 1896 Aeuſere
1118 1817 1227 1897 Rath
1253 1805 1504 1893 gleichwohl
1522 1809 1615 1882 auf

299 1883 453 1965 ſeiner
486 1888 831 1964 Praeſentation
857 1884 1112 1962 heharrete:
1178 1892 1242 1956 So
1256 1882 1344 1950 ſoll
1364 1883 1445 1953 auf
1457 1881 1615 1947 gleiche

303 1964 477 2040 Weiſe,
489 1969 563 2028 als
574 1966 779 2037 hieroben
810 1961 902 2039 §.13.
930 1968 1011 2038 von
1032 1960 1264 2036 ſtrittigen
1293 1953 1613 2032 Raths⸗Wah⸗

308 2039 379 2095 len
395 2028 589 2108 verfuͤget
606 2036 676 2100 iſt,
689 2037 781 2089 eine
789 2025 1098 2096 Deputation
1117 2029 1378 2094 verordnet,
1402 2026 1498 2077 und
1519 2029 1615 2074 von

303 2092 524 2174 derſelben
543 2095 805 2168 entſchieden
819 2094 1011 2163 werden,
1021 2093 1071 2157 ob
1081 2087 1158 2160 die
1158 2090 1477 2159 praeſentirte
1495 2089 1613 2154 Per⸗

309 2161 446 2233 ſonen
466 2170 542 2226 vor
563 2160 703 2231 faͤhig
725 2166 781 2231 zu
786 2161 982 2230 achten,
1023 2159 1135 2213 oder
1150 2154 1305 2231 nicht?
1327 2150 1544 2219 Darbey
1558 2153 1617 2224 es

310 2244 433 2309 dann
453 2239 541 2305 ſein
563 2227 771 2304 endliches
785 2224 1055 2313 Bewenden
1064 2213 1202 2307 haben
1239 2226 1343 2296 ſoll.

1691 1462 1887 1514 Beſtellung

1625 1514 1684 1549 der
1709 1519 1891 1549 Cammer⸗

1630 1560 1714 1589 und
1759 1557 1912 1604 Zinß⸗

1627 1592 1786 1644 ſchreiber
1794 1592 1889 1634 Fun-

1628 1644 1787 1676 ƈtionen.

867 2346 921 2409 §.
995 2333 1061 2410 17.

313 2410 444 2546 B

444 2437 499 2537 ey
508 2432 623 2494 allen
651 2434 730 2493 und
752 2432 869 2505 jeden
913 2424 1113 2509 Wahlen,
1138 2390 1186 2501 ſie
1202 2430 1418 2507 betreffen
1456 2415 1614 2507 Raths⸗

463 2497 570 2569 oder
596 2498 1004 2580 Aemter⸗Stellen,
1012 2489 1322 2568 Officianten⸗
1338 2488 1627 2569 oderPfarr⸗

315 2588 526 2658 Dienſte,
560 2573 868 2654 Kirchen⸗oder
893 2570 1180 2649 Schul⸗oder
1200 2559 1293 2633 des
1293 2556 1617 2643 Magiſtrats⸗

320 2661 416 2715 und
435 2658 655 2725 gemeiner
688 2644 867 2719 Stadt⸗
867 2640 1235 2720 Bedienungen,
1276 2637 1353 2708 ſoll
1378 2638 1514 2700 allein
1534 2636 1627 2709 auf

321 2729 390 2785 die
414 2718 553 2794 beſten
578 2718 868 2787 Qualitaͤten
898 2722 994 2796 und
1012 2711 1341 2786 Befoͤrderung
1361 2710 1442 2768 der
1458 2708 1619 2778 gemei⸗

323 2806 411 2850 nen
428 2792 676 2862 Wohlfart
693 2789 890 2861 geſehen,
905 2772 1193 2859 keinesweges
1221 2766 1328 2837 aber
1356 2775 1495 2843 dabey
1520 2775 1619 2833 eine

321 2853 699 2938 Neben⸗Abſicht
704 2860 792 2931 auf
798 2850 1182 2927 Verwandſchafft
1208 2838 1292 2913 und
1311 2846 1444 2916 ſonſt,
1457 2843 1617 2918 gefuͤh⸗

323 2934 414 2994 ret,
432 2943 508 2990 am
517 2931 759 3000 wenigſten
778 2939 862 2988 vor
881 2918 1034 2993 ſelbige
1047 2907 1221 2989 einiges
1235 2901 1498 2986 Geſchencke
1512 2915 1618 2973 oder

322 2998 605 3077 Verehrung
626 2998 893 3071 genommen
910 2994 1166 3060 werden.

457 3090 752 3158 Allermaſſen
774 3093 866 3143 alle
863 3082 1206 3148 Beſtechungen
1240 3080 1324 3135 und
1325 3049 1622 3128 Corruptio-

328 3180 430 3225 nes,
454 3170 511 3234 ſie
536 3171 753 3245 geſchehen
781 3172 831 3231 in
859 3169 1014 3237 Geld,
1031 3166 1134 3225 oder
1157 3156 1497 3225 Geldeswerth,
1525 3158 1620 3214 und

329 3231 504 3290 werden
520 3238 612 3298 den
642 3237 792 3309 Wehler
824 3232 996 3306 ſelbſt,
1003 3226 1110 3282 oder
1137 3220 1226 3279 den
1249 3218 1340 3289 ihm
1358 3213 1620 3286 Angehoͤri⸗

328 3276 433 3357 gen,
454 3291 585 3364 durch
597 3309 688 3358 den
703 3298 1054 3354 Candidatum,
1073 3289 1188 3342 oder
1206 3291 1340 3351 durch
1363 3283 1488 3336 einen
1508 3281 1625 3340 drit⸗

1639 2410 1770 2460 Bey
1812 2411 1899 2460 allen

1639 2460 1727 2497 und
1763 2460 1900 2502 jeden

1640 2500 1789 2543 Wahlen
1838 2500 1899 2536 ſoll

1647 2556 1714 2593 auf
1714 2556 1773 2593 die
1796 2548 1901 2592 beſten

1647 2593 1855 2642 Qualitaͤten,

1683 2851 1770 2893 Und
1810 2852 1901 2894 nicht

1640 2900 1707 2937 auf
1760 2891 1903 2938 Neben⸗

1639 2924 1817 2968 Abſichten
1847 2938 1902 2963 ge⸗

1643 2981 1752 3029 ſehen,

1686 3082 1790 3131 Noch
1797 3092 1907 3138 weni⸗

1643 3143 1709 3185 ger
1709 3142 1820 3185 davor
1832 3141 1906 3185 Ge⸗

1643 3185 1821 3229 ſchencke
1832 3185 1906 3231 ge⸗

1645 3231 1806 3262 nommen
1817 3231 1906 3259 wer⸗

1645 3271 1722 3304 den.
