1470 2241
416 291 535 350 heilige
535 293 660 348 Schrift
660 294 724 344 uns
724 296 844 354 meldet,
856 298 1017 355 auſſerhalb
1017 299 1182 359 Jeruſalem
1196 311 1316 357 gekreu⸗

430 349 491 394 zigt
499 350 597 393 ward,
596 352 637 386 ſei
648 352 743 390 damit
744 356 825 399 nicht
833 355 999 402 zufrieden;
1012 362 1136 405 ſondern
1143 362 1193 406 laß
1203 365 1234 396 es
1245 364 1313 399 dein

426 402 586 445 Beſtreben
596 401 676 449 ſeyn,
697 407 746 441 den
753 398 853 453 Herrn
860 406 930 448 auch
940 409 977 450 ſo
989 416 1026 453 zu
1038 409 1158 453 kennen,
1174 414 1232 457 daß
1241 422 1270 448 er
1278 413 1311 448 in

424 455 476 490 dir
484 452 530 486 die
537 451 714 502 Herrſchaft
724 456 811 498 habe,
827 457 890 490 und
899 459 961 502 ſein
967 461 1059 503 Reich
1068 462 1100 496 in
1107 462 1223 499 deinem
1233 463 1311 507 Her⸗

425 509 478 544 zen
485 502 646 548 aufrichte:
661 508 743 542 dann
751 508 826 543 wird
836 508 913 542 dir's
922 510 1006 553 leicht
1013 512 1152 553 werden,
1169 515 1223 549 den
1231 515 1310 552 Wil⸗

424 551 472 586 len
483 553 598 590 Gottes
609 563 645 597 zu
658 555 734 592 tuhn
751 556 812 591 und
824 554 902 600 ſeine
916 559 1031 595 Gebote
1045 569 1081 603 zu
1096 560 1209 602 halten.
1224 563 1307 606 Und,

422 605 485 649 haſt
500 610 538 642 du
550 608 686 652 Achtung
697 610 749 651 fuͤr
764 610 808 645 die
829 604 933 648 heilige
949 614 1093 657 Schrift,
1128 618 1159 660 ſo
1175 618 1226 662 laß
1246 619 1309 663 dich

421 654 501 698 nicht
513 657 608 692 damit
623 655 798 701 begnuͤgen,
817 660 886 704 daß
902 662 942 696 du
956 662 1002 697 die
1022 660 1234 708 Erfahrungen
1247 668 1308 708 hei⸗

419 707 495 749 liger
516 696 681 750 Menſchen
703 710 821 745 Gottes
837 704 949 749 lieſeſt,
986 713 1033 749 die
1052 715 1151 751 davon
1175 719 1306 760 redeten,

418 760 489 790 was
502 755 546 796 ſie
557 757 642 801 ſelbſt
658 756 795 802 erfahren
812 760 937 801 hatten,
961 765 1025 797 und
1039 764 1087 799 ein
1096 762 1239 812 Waſchen
1250 770 1304 804 des

418 810 557 856 Waſſers
577 813 627 850 der
642 804 873 852 Wiedergeburt
894 815 1042 862 kannten;
1080 818 1206 866 ſondern
1226 820 1306 868 ſuche

416 864 489 906 auch
507 863 590 909 ſelbſt
605 872 657 905 zur
675 867 783 903 innern
800 869 974 915 Erfahrung
989 872 1079 915 dieſer
1092 873 1197 917 Dinge
1211 881 1246 915 zu
1256 883 1305 918 ge⸗

414 915 536 959 langen.
588 911 658 954 Biſt
680 918 721 951 du
732 916 766 951 in
786 917 945 961 Anſehung
966 924 1016 957 der
1037 921 1154 969 aͤuſſern
1174 928 1305 973 Waſſer⸗

414 965 510 1008 tauffe
525 968 587 1001 und
603 970 658 1005 des
671 968 849 1010 Gebrauchs
862 974 920 1008 des
937 976 1045 1009 Brods
1057 978 1119 1010 und
1134 977 1244 1014 Weins
1252 986 1302 1021 ge⸗

415 1015 611 1062 wiſſenhaft,
636 1020 668 1062 ſo
682 1017 753 1061 huͤte
770 1020 853 1064 dich,
883 1023 942 1067 daß
959 1025 999 1059 du
1019 1025 1101 1066 nicht
1114 1028 1147 1060 in
1162 1029 1213 1062 der
1230 1027 1305 1066 aͤus⸗

411 1069 478 1109 ſern
492 1068 708 1112 Beobachtung
721 1070 872 1114 beruheſt,
899 1074 960 1108 und
976 1083 1019 1111 an
1034 1076 1086 1111 der
1099 1074 1207 1113 innern
1215 1076 1301 1123 geiſt⸗

412 1116 505 1155 lichen
518 1117 627 1155 Tauffe
650 1120 711 1150 und
732 1129 772 1152 an
788 1122 854 1154 dem
868 1122 975 1154 innern
999 1123 1162 1166 geiſtlichen
1173 1126 1301 1164 Abend⸗

411 1160 488 1203 mal,
515 1167 624 1198 wovon
637 1162 685 1198 die
692 1167 787 1207 guten
801 1167 893 1207 erſten
904 1169 1038 1210 Chriſten
1049 1173 1223 1214 Erfahrung
1234 1175 1301 1212 hat⸗

409 1212 475 1252 ten,
490 1217 526 1252 zu
541 1209 608 1256 kurz
624 1210 776 1260 kommeſt;
800 1209 927 1261 ſondern
939 1216 1052 1263 trachte
1064 1219 1138 1262 nach
1154 1222 1218 1256 dem
1227 1226 1299 1260 We⸗

408 1269 481 1312 ſen,
505 1272 567 1305 und
584 1270 671 1315 durch
690 1274 746 1309 den
764 1272 878 1318 Genuß
894 1275 1036 1319 deſſelben
1048 1278 1079 1323 ſo
1106 1287 1142 1322 zu
1153 1277 1299 1326 wachſen,

409 1322 471 1365 daß
487 1323 527 1357 du
545 1324 598 1357 den
612 1323 770 1366 Gebrauch
788 1327 839 1360 der
855 1324 968 1370 aͤußern
981 1330 1041 1364 und
1055 1329 1217 1375 ſichtbaren
1231 1332 1297 1375 Zei⸗

412 1366 482 1407 chen
498 1367 653 1405 entbehren
671 1368 782 1411 kannſt.
832 1361 917 1410 Und
923 1376 1010 1418 wenn
1022 1374 1062 1406 du
1081 1374 1208 1418 findeſt,
1238 1378 1297 1422 daß

409 1421 445 1453 es
461 1418 611 1460 vorzeiten
622 1418 783 1464 Menſchen
804 1422 888 1465 gab,
915 1424 960 1457 die
974 1425 1039 1460 eine
1050 1423 1295 1472 Ueberwindung

409 1471 466 1506 des
478 1469 608 1514 Feindes
616 1470 696 1511 ihrer
708 1471 808 1510 Selen
819 1469 973 1518 kannten,
983 1479 1045 1512 und
1053 1478 1145 1519 Kraft
1155 1479 1296 1528 empfien⸗

409 1522 487 1556 gen,
516 1515 632 1553 Kinder
647 1516 762 1554 Gottes
776 1526 814 1559 zu
827 1510 963 1565 werden;
986 1523 1021 1566 ſo
1028 1522 1116 1568 pruͤfe
1131 1526 1205 1567 dich,
1225 1532 1294 1562 was

405 1568 460 1613 fuͤr
473 1571 556 1606 einen
566 1570 646 1615 Sieg
662 1574 706 1606 du
722 1573 794 1609 uͤber
807 1576 862 1608 den
876 1576 968 1619 Feind
982 1580 1014 1614 in
1023 1578 1069 1614 dir
1078 1580 1162 1626 ſelbſt
1174 1581 1292 1626 erlangt

408 1619 519 1662 habeſt.
563 1623 631 1659 Und
644 1623 681 1658 da
698 1622 793 1665 einige
805 1622 890 1658 Leute
905 1625 941 1673 zu
949 1624 1181 1675 forſchbegierig
1197 1636 1292 1672 gewe⸗

406 1672 458 1710 ſen
473 1671 559 1714 ſind,
578 1680 615 1716 zu
629 1671 749 1718 wiſſen,
763 1671 818 1709 wie
833 1675 878 1712 die
889 1678 1009 1714 Todten
1022 1677 1214 1724 auferſtehen,
1228 1684 1296 1719 und

407 1722 465 1756 mit
477 1727 546 1759 was
557 1725 607 1767 fuͤr
616 1724 734 1763 Leibern
747 1723 786 1768 ſie
798 1725 1036 1766 wiederkommen
1047 1730 1182 1777 werden;
1199 1734 1229 1779 ſo
1237 1735 1290 1777 laß

407 1776 448 1810 du
471 1780 503 1809 es
518 1776 584 1812 dein
601 1780 711 1823 großes
728 1776 887 1825 Beſtreben
899 1780 991 1826 ſeyn,
1026 1789 1063 1824 zu
1082 1783 1201 1831 wiſſen,
1229 1790 1289 1832 daß

406 1826 446 1857 du
463 1830 521 1860 aus
547 1830 611 1863 dem
630 1828 734 1866 Grabe
756 1830 808 1865 der
828 1826 940 1868 Suͤnde
957 1832 1019 1867 und
1039 1832 1288 1881 Ungerechtigkeit

407 1876 616 1921 auferſtanden
636 1880 737 1925 ſeieſt,
771 1889 821 1916 um
847 1882 879 1917 in
897 1881 989 1919 einem
1007 1892 1098 1923 neuen
1118 1889 1209 1925 Leben
1230 1889 1288 1923 mit

407 1932 473 1967 dem
487 1931 584 1974 Herrn
598 1941 634 1975 zu
649 1932 809 1979 wandeln,
821 1936 904 1980 und,
919 1933 1059 1984 waͤhrend
1073 1942 1186 1980 deinem
1197 1940 1285 1985 Hier⸗
