3136 3608
298 448 352 481 Ehe
364 448 400 475 du
414 448 470 476 was
485 443 616 482 anfaͤheſt,
625 449 650 480 ſo
666 448 738 481 frage
753 453 815 481 vor,
834 445 888 477 und
907 448 952 481 ehe
972 449 1006 477 du
1023 449 1079 476 was
1092 448 1180 482 thuſt,
1193 448 1218 482 ſo

335 496 414 517 nimm
427 489 498 518 Rath
514 491 584 522 dazu.
602 490 657 519 Sir.
669 497 708 521 27,
717 496 759 516 20.

299 515 353 545 Die
368 514 470 548 Juͤnger
485 514 560 547 JEſu
577 516 661 548 fingen
677 521 710 541 an
726 514 826 547 Aehren
843 514 1018 549 auszuraufen.
1034 515 1134 547 Matth.
1144 511 1184 549 12,
1194 512 1219 548 1.

298 554 401 588 Petrus
416 555 493 586 nahm
507 553 607 587 JEſum
624 560 653 588 zu
669 553 713 587 ſich
727 555 779 582 und
795 553 847 589 fing
863 558 896 581 an
908 553 959 586 ihm
970 560 999 588 zu
1008 554 1115 586 wehren.
1129 554 1217 585 Marc.

336 597 360 619 8,
379 599 418 618 32.

296 616 354 645 Der
368 615 439 644 Tode
454 614 554 647 richtete
568 616 613 648 ſich
629 615 681 647 auf,
699 615 751 642 und
762 614 812 649 fing
825 620 858 644 an
870 621 898 648 zu
914 616 995 644 reden.
1008 615 1062 644 Luc.
1075 623 1099 648 7,
1111 621 1149 647 15.

299 653 355 682 Und
371 652 401 684 ſie
419 652 500 687 fingen
519 660 551 681 an
573 653 620 682 alle
638 652 699 684 nach
716 651 834 682 einander
847 651 892 686 ſich
906 658 935 686 zu
951 653 1141 687 entſchuldigen.
1159 653 1215 683 Luc.

335 698 375 722 I4,
392 696 421 719 18.

299 716 358 747 Der
373 712 508 749 verlohrne
532 714 612 750 Sohn
626 716 677 751 fing
691 712 721 752 an
740 721 768 749 zu
783 717 886 745 darben.
897 715 954 744 Luc.
967 722 1006 748 15,
1017 722 1057 745 14.

298 756 356 785 Und
370 751 476 787 wurden
478 754 531 784 alle
546 756 597 785 voll
610 757 655 786 des
669 753 777 789 heiligen
790 755 899 790 Geiſtes,
913 755 964 784 und
978 755 1061 790 fingen
1076 759 1105 782 an
1119 760 1148 795 zu
1164 760 1216 787 pre⸗

332 794 415 823 digen.
428 791 511 823 Apſtg.
518 799 579 823 2,4.

297 814 415 848 Alsdenn
429 819 566 852 Johannes
584 822 658 846 zuvor
673 819 728 842 dem
745 806 830 850 Volke
843 818 931 846 Jſrael
945 816 1056 845 predigte
1072 816 1112 838 die
1129 811 1213 846 Taufe

332 858 373 885 der
388 855 473 890 Buſe,
488 854 532 889 ehe
546 856 612 886 denn
631 863 656 885 er
677 853 762 890 anfing
782 856 841 889 (ſein
859 855 922 885 Amt
943 857 1099 891 anzutreten)
1113 851 1215 890 Apoſtg.

335 902 376 923 13,
391 900 433 925 24.

298 918 388 950 Apollo
400 920 452 957 fing
473 922 505 945 an
517 923 545 951 zu
560 918 676 952 predigen
691 919 717 949 in
733 920 776 948 der
790 919 899 953 Schule.
914 917 994 953 Apſtg.
1008 925 1048 950 18,
1058 919 1099 945 26.

299 953 374 984 Seyd
388 954 426 983 ihr
439 958 463 981 ſo
477 951 673 987 unverſtaͤndig?
686 953 735 986 Jm
747 955 817 989 Geiſt
830 953 893 982 habt
906 955 945 988 ihr
959 954 1129 987 angefangen;
1144 955 1213 984 (euer

332 988 532 1023 Chriſtenthum)
555 990 626 1023 wollt
648 990 703 1023 ihrs
730 990 795 1020 denn
818 996 872 1019 nun
896 990 930 1019 im
951 989 1042 1025 Fleiſch
1062 990 1213 1020 vollenden?

330 1028 393 1053 Gal.
412 1036 475 1059 3,3.

296 1049 336 1076 Es
349 1054 376 1079 iſt
389 1054 453 1081 Zeit,
470 1048 517 1079 daß
532 1049 622 1081 anfahe
638 1048 685 1076 das
702 1046 806 1081 Gericht
820 1053 861 1076 am
877 1045 960 1081 Hauſe
976 1047 1092 1077 GOttes.
1116 1055 1128 1073 1
1126 1038 1213 1081 Petr.

334 1105 359 1126 4,
377 1105 415 1127 17.

296 1116 356 1143 Wir
368 1120 419 1144 ſind
434 1114 526 1146 Chriſti
539 1113 682 1153 theilhaftig
697 1115 819 1153 worden,
827 1111 851 1144 ſo
867 1111 913 1141 wir
926 1113 1020 1142 anders
1034 1112 1082 1140 das
1096 1104 1214 1146 angefan⸗

331 1165 392 1192 gene
406 1159 496 1190 Weſen
510 1160 559 1191 (die
573 1159 836 1194 Glaubensfeſtigkeit)
852 1158 893 1188 bis
907 1160 954 1188 ans
969 1160 1039 1190 Ende
1058 1159 1112 1193 feſte
1131 1158 1214 1193 behal⸗

333 1203 383 1225 ten.
403 1196 464 1227 Ebr.
474 1206 497 1229 3,
512 1203 551 1228 14.

329 1231 354 1268 §.
380 1240 406 1262 2.
448 1231 493 1267 (b)
515 1231 655 1270 Erregen,
670 1229 819 1270 anſtiften,
837 1229 986 1269 erwecken,
1001 1230 1163 1268 Anleitung
1179 1236 1213 1270 zu

265 1281 364 1312 etwas
379 1279 478 1319 geben.

298 1315 348 1336 Jch
363 1315 430 1335 halte
448 1311 550 1338 Friede;
571 1308 631 1332 aber
652 1313 725 1332 wenn
745 1306 781 1337 ich
804 1305 877 1336 rede,
893 1306 917 1337 ſo
937 1304 1012 1337 fahen
1029 1297 1060 1342 ſie
1067 1293 1155 1337 Krieg
1170 1309 1211 1331 an.

334 1361 371 1388 Pſ.
390 1368 439 1385 120.
457 1367 483 1387 7.

299 1381 362 1410 Wer
376 1383 479 1411 Hadder
493 1378 605 1414 anfaͤhet,
618 1381 646 1415 iſt
659 1380 735 1414 gleich
751 1382 790 1410 als
807 1381 849 1410 der
863 1382 919 1410 dem
933 1381 1033 1415 Waſſer
1053 1381 1100 1409 den
1112 1381 1212 1411 Damm

332 1421 464 1456 aufreiſſet.
474 1420 671 1455 Spruͤchw.
631 1420 672 1458 17,
684 1417 722 1453 14.

326 1457 350 1491 §.
377 1463 404 1488 3.
445 1456 519 1486 Von
533 1454 638 1493 GOtt,
659 1461 747 1486 wenn
761 1461 791 1488 er
807 1447 866 1499 ſich
882 1448 952 1490 das,
969 1454 1042 1487 was
1060 1454 1116 1491 ſein
1135 1453 1215 1494 heili⸗

265 1510 316 1542 ger
331 1504 422 1538 Wille
439 1501 615 1544 beſchloſſen,
633 1503 768 1543 wuͤrklich
786 1507 828 1547 zu
841 1504 942 1536 Werke
960 1512 993 1543 zu
1016 1503 1136 1542 richten,
1153 1505 1213 1536 und

270 1548 304 1580 zu
324 1542 416 1581 ſeines
422 1540 561 1577 Namens
577 1537 820 1588 Verherrlichung
838 1541 951 1580 hinaus
961 1550 994 1584 zu
1007 1539 1117 1582 fuͤhren
1129 1543 1212 1576 belie⸗

269 1593 324 1619 ben
346 1590 419 1619 laͤßt.

298 1624 384 1650 Alles,
404 1621 463 1648 was
476 1620 519 1648 der
533 1621 609 1653 HErr
625 1619 684 1652 euch
699 1619 773 1652 durch
790 1620 881 1654 Moſen
895 1619 1002 1648 geboten
1016 1619 1076 1653 hat,
1094 1624 1144 1648 von
1157 1619 1214 1649 dem

334 1657 407 1692 Tage
419 1665 462 1691 an,
476 1659 507 1686 da
523 1665 547 1686 er
562 1658 647 1692 anfing
661 1665 691 1691 zu
707 1658 829 1688 gebieten.
850 1668 860 1692 4
867 1654 933 1691 Moſ.
944 1665 984 1691 15,
997 1666 1037 1690 13.

299 1688 383 1721 Heute
400 1692 452 1716 will
467 1691 505 1720 ich
518 1691 628 1720 anfahen
641 1689 701 1726 dich,
723 1688 808 1720 Joſua,
821 1689 880 1722 gros
895 1693 923 1720 zu
937 1689 1045 1721 machen.
1064 1685 1116 1720 Joſ.
1129 1694 1169 1719 3,7.

299 1725 356 1749 Der
366 1726 436 1752 Geiſt
450 1725 496 1747 des
506 1724 598 1752 HErrn
610 1724 661 1751 fing
671 1727 703 1745 an
713 1726 763 1746 den
772 1722 880 1751 Simſon
892 1725 920 1752 zu
932 1721 1033 1747 treiben.
1051 1721 1123 1749 Richt.
1131 1718 1211 1750 13,25.

292 1764 340 1791 An
355 1761 410 1788 dem
425 1760 496 1795 Tage
512 1761 563 1791 will
581 1763 617 1796 ich
632 1762 750 1790 erwecken
768 1761 830 1791 uͤber
846 1762 905 1791 Eli,
930 1763 988 1790 was
1001 1761 1036 1792 ich
1053 1762 1144 1789 wieder
1162 1762 1213 1790 ſein

332 1793 409 1827 Haus
423 1793 523 1828 geredet
535 1795 615 1828 habe;
633 1794 670 1828 ich
685 1794 751 1823 wills
760 1795 870 1828 anfahen
884 1794 936 1822 und
951 1795 1092 1824 vollenden.
1107 1802 1118 1820 I
1131 1794 1212 1824 Sam.

337 1846 360 1865 3,
376 1845 433 1863 12.

299 1858 356 1889 Der
371 1859 446 1894 HErr
458 1855 555 1890 verlaͤßt
572 1859 621 1891 ſein
639 1858 708 1888 Volk
722 1858 908 1891 nicht ⸗ ⸗ denn
927 1858 970 1885 der
985 1858 1060 1893 HErr
1074 1857 1120 1890 hat
1139 1863 1212 1891 ange⸗

332 1895 431 1928 fangen,
448 1894 505 1926 euch
518 1898 574 1929 ihm
589 1896 655 1929 ſelbſt
665 1903 721 1930 zum
734 1896 854 1930 Volck
834 1891 866 1926 zu
873 1896 983 1926 machen.
1009 1896 1024 1925 1
1024 1896 1108 1925 Sam.
1118 1904 1157 1925 12,
1171 1902 1213 1923 22.

299 1931 362 1964 Daß
377 1932 427 1962 (es)
440 1930 518 1960 GOtt
532 1930 630 1963 anfinge
643 1928 785 1961 (beliebete)
798 1931 850 1958 und
859 1926 991 1962 zerſchluͤge
1000 1930 1070 1960 mich.
1084 1929 1153 1962 Hiob
1162 1931 1212 1961 6,9.

299 1963 405 1994 Darum
415 1962 467 1993 will
479 1963 514 1995 ich
530 1963 592 1995 auch
599 1964 708 1995 anfahen
722 1963 774 1995 dich
787 1970 815 1995 zu
827 1962 925 1997 plagen.
943 1963 1016 1995 Mich.
1033 1966 1057 1995 6,
1068 1970 1107 1994 13.

331 2004 356 2042 §.
381 2015 408 2039 4.
450 2001 526 2036 Von
540 2004 675 2044 Chrifto,
693 2004 782 2044 deſſen
800 2004 898 2038 Leiden
914 2003 966 2045 ſich
982 2005 1012 2037 in
1042 1998 1084 2042 den
1103 2003 1211 2037 Garten

268 2048 298 2088 ſo
322 2048 438 2087 anfing,
458 2047 516 2087 daß
531 2059 560 2082 er
575 2043 712 2089 wuͤrklich
723 2050 763 2082 in
777 2050 816 2082 die
830 2039 945 2088 groͤſte
951 2039 1034 2089 Angſt
1045 2052 1105 2081 und
1114 2048 1211 2083 Trau⸗

266 2088 380 2133 rigkeit
395 2086 530 2134 gerieth.
549 2090 597 2124 Es
616 2085 776 2131 geſchahe,
783 2089 839 2129 ehe
863 2099 895 2122 er
917 2090 947 2123 in
973 2091 1017 2124 die
1039 2088 1146 2129 Haͤnde
1162 2093 1211 2123 der

267 2125 428 2172 Menſchen
446 2130 506 2172 fiel,
522 2130 620 2164 damit
648 2138 704 2165 man
725 2131 808 2173 ſehen
825 2129 948 2168 moͤchte,
968 2131 1027 2170 daß
1039 2139 1069 2163 er
1086 2133 1119 2162 es
1133 2132 1212 2166 nicht

269 2169 325 2205 mit
342 2167 512 2213 Menſchen,
531 2172 654 2206 ſondern
668 2175 755 2202 unter
774 2174 828 2204 den
842 2170 999 2210 Menſchen
1028 2173 1075 2204 mit
1096 2162 1212 2209 GOttes

268 2213 404 2253 Gerichte
424 2221 457 2257 zu
473 2213 547 2252 thun
569 2214 658 2254 haͤtte.
675 2214 794 2254 Matth.
807 2218 853 2249 26,
867 2225 912 2251 37.
928 2214 1030 2248 Marc.
1045 2223 1089 2248 14,
1101 2220 1148 2247 33.

301 2251 337 2280 Er
350 2252 395 2285 hat
411 2257 450 2279 ein
465 2250 541 2281 Reich
558 2250 723 2285 angefangen.
737 2250 775 2284 Pſ.
788 2259 830 2283 93,
841 2260 863 2277 1.
881 2250 918 2280 S.
933 2250 1087 2286 geſchmuͤckt.

300 2289 365 2312 Von
383 2289 425 2309 der
433 2286 494 2319 Zeit
512 2285 575 2319 fing
582 2285 672 2314 JEſus
685 2287 718 2307 an
734 2287 762 2312 zu
775 2285 910 2312 predigen,
928 2282 980 2307 und
994 2286 1023 2314 zu
1035 2281 1122 2314 ſagen:
1140 2278 1214 2313 Thut

334 2323 414 2356 Buſe,
425 2321 559 2356 Matth.4,
564 2325 607 2357 17.
633 2329 661 2356 zu
681 2324 756 2350 reden
776 2330 803 2357 zu
825 2321 880 2352 dem
900 2323 980 2352 Volke
998 2330 1056 2352 vom
1080 2322 1213 2354 Johanne,

333 2362 355 2382 c.
364 2363 434 2389 11,7.
455 2357 493 2385 die
506 2352 606 2386 Staͤdte
624 2364 652 2390 zu
668 2356 789 2389 ſchelten,
806 2363 832 2386 in
845 2355 952 2388 welchen
968 2363 1009 2385 am
1022 2356 1121 2387 meiſten
1135 2355 1213 2387 ſeiner

334 2390 435 2422 Thaten
445 2388 574 2423 geſchehen
589 2396 683 2422 waren,
695 2389 798 2422 Matth.
809 2395 897 2419 11,20.
915 2394 943 2422 zu
954 2388 1036 2422 zeigen
1050 2389 1131 2421 ſeinen
1147 2389 1213 2418 Juͤn⸗

330 2427 399 2451 gern,
408 2423 456 2448 wie
469 2426 494 2449 er
511 2420 586 2454 muͤſte
600 2421 689 2449 leiden.
708 2419 809 2453 Matth.
822 2421 859 2450 16,
875 2426 910 2444 21.
927 2425 955 2452 zu
972 2420 1055 2452 lehren
1069 2427 1110 2448 am
1126 2414 1212 2453 Meer,

335 2456 422 2486 Marc.
432 2463 457 2488 4,
468 2463 489 2483 1.
507 2456 561 2484 eine
574 2458 647 2488 lange
663 2456 772 2492 Predigt
785 2461 817 2485 an
832 2458 879 2486 das
892 2456 970 2488 Volk,
983 2458 1062 2486 Marc
1077 2457 1103 2486 6,
1113 2464 1152 2488 34.
1174 2457 1212 2484 die

333 2489 477 2525 Verkaͤufer
490 2493 542 2520 und
556 2491 653 2524 Kaͤufer
667 2492 716 2519 aus
733 2492 787 2520 dem
803 2491 908 2523 Tempel
919 2497 948 2525 zu
965 2492 1071 2523 treiben,
1090 2497 1111 2518 c.
1123 2497 1212 2524 11,15.

332 2533 407 2564 durch
419 2531 569 2564 Gleichniſſe
583 2539 613 2564 zu
627 2533 709 2560 reden.
728 2537 747 2558 c.
760 2539 802 2561 12,
812 2539 833 2556 1.

292 2565 505 2622 Anfaͤnger
531 2561 601 2623 und
615 2570 841 2616 Vollender
851 2570 922 2616 des
934 2566 1170 2616 Glaubens.

327 2617 470 2665 Chriſtus
488 2624 521 2663 iſt
538 2628 588 2657 der
605 2624 719 2664 Herzog
736 2626 853 2658 unſerer
868 2624 1024 2664 Seligkeit.
1043 2623 1111 2661 Ebr.
1111 2623 1153 2659 2,
1165 2633 1211 2653 10.

266 2665 356 2700 Denn
374 2666 503 2706 hierinne
522 2666 631 2699 kommt
648 2656 723 2698 alles
741 2667 797 2705 auf
813 2666 863 2706 ihn
884 2674 933 2697 an.
950 2665 1027 2705 Eph.
1039 2675 1067 2702 2,
1079 2672 1103 2699 3.
1127 2665 1210 2706 Phil.

271 2710 337 2742 1,6.
362 2707 405 2739 Er
431 2707 463 2746 iſt
484 2710 524 2736 (a)
547 2710 597 2740 der
620 2707 760 2743 Urheber
787 2709 840 2740 des
866 2703 1061 2743 Glaubens,
1083 2711 1126 2742 (1)
1143 2703 1211 2737 weil

267 2749 353 2789 durch
380 2750 423 2782 die
440 2749 566 2792 Predigt
589 2749 682 2788 ſeines
701 2748 859 2788 Evangelii
880 2753 929 2782 der
949 2749 1069 2783 Glaube
1090 2748 1211 2785 koͤmmt,

268 2788 339 2821 Gal.
351 2796 414 2824 3,2.
436 2791 486 2825 (2)
505 2789 573 2821 weil
589 2797 618 2821 er
636 2789 697 2820 uns
718 2790 762 2822 die
779 2781 877 2823 Guͤter
895 2788 1065 2825 erworben,
1090 2788 1134 2820 die
1153 2789 1212 2821 wir

269 2832 355 2871 durch
373 2835 429 2865 den
438 2824 591 2866 Glauben
610 2830 769 2869 erlangen;
798 2836 827 2868 (3
845 2832 926 2865 weil
946 2841 975 2864 er
997 2835 1050 2865 den
1070 2832 1212 2866 Glauben

268 2871 356 2910 ſelbſt,
375 2874 468 2906 damit
491 2873 534 2906 die
550 2871 648 2906 Guͤter
663 2878 876 2910 angenommen
893 2873 1027 2908 werden,
1049 2871 1137 2909 durch
1157 2874 1211 2904 den

269 2912 392 2955 heiligen
418 2916 499 2955 Geiſt
524 2915 669 2958 anzuͤndet
688 2918 748 2949 und
774 2916 940 2955 mittheilet.
985 2918 1015 2950 (b
1027 2917 1119 2957 Der
1136 2918 1210 2949 Vol⸗

269 2954 368 2987 lender
384 2958 428 2992 (1)
451 2956 520 2989 weil
543 2966 573 2989 er
603 2953 734 3002 erfuͤllet,
761 2958 830 2990 was
857 2958 901 2989 die
928 2956 1012 2993 Lehre
1036 2958 1088 2990 des
1113 2956 1211 2991 Glau⸗

270 2996 342 3031 bens
361 2997 510 3038 verheißt;
543 3003 587 3038 (2)
606 2998 674 3032 weil
693 2993 729 3037 er
729 2993 827 3039 durch
848 2999 905 3036 ſein
924 2998 1078 3036 Verdienſt
1104 3005 1212 3031 erwor⸗

270 3038 334 3077 ben,
349 3040 408 3078 daß
424 3040 480 3079 wir
499 3043 548 3076 der
567 3041 679 3078 Guͤter,
696 3038 740 3072 die
756 3049 785 3073 er
798 3040 860 3073 uns
870 3045 982 3080 zuwege
999 3039 1111 3078 bracht,
1121 3039 1211 3081 durch

269 3083 322 3117 den
332 3081 471 3118 Glauben
481 3082 651 3124 theilhaftig
669 3075 809 3124 werden;
826 3089 871 3122 (3)
889 3084 957 3117 weit
967 3090 997 3116 er
1017 3086 1061 3118 den
1086 3082 1213 3120 Glauben

1265 446 1317 480 bis
1335 440 1396 479 ans
1413 445 1494 479 Ende
1516 446 1545 477 in
1561 448 1624 477 uns
1641 443 1746 479 erhaͤlt,
1764 449 1824 478 und
1843 449 1886 479 die
1904 447 2074 483 Glaubigen
2095 454 2149 476 mit
2161 449 2209 477 der

1265 483 1522 522 unverwelklichen
1543 483 1643 516 Krone
1656 484 1709 514 des
1722 490 1830 522 ewigen
1847 483 1964 520 Lebens,
1984 477 2035 518 als
2047 487 2099 517 des
2111 484 2207 519 Glau⸗

1263 531 1338 564 bens
1361 531 1453 569 Ende,
1474 529 1614 563 bekroͤnet.
1647 542 1653 559 1
1671 531 1754 570 Petr.
1771 541 1831 565 1,9.
1859 531 1936 570 Phil.
1952 539 2035 565 2,13.

1295 566 1351 592 Und
1371 566 1485 596 aufſehen
1507 565 1554 594 auf
1575 563 1689 596 JEſum,
1710 565 1756 590 den
1776 563 1906 597 Anfaͤnger
1929 565 1981 592 und
2002 563 2141 594 Vollender
2163 564 2207 592 des

1328 609 1473 639 Glaubens.
1490 608 1550 637 Ebr.
1561 614 1634 640 12,2.

1579 647 1897 691 Anfechten.

1323 699 1349 738 §.
1375 709 1400 731 1.
1445 703 1488 739 (a)
1509 701 1577 737 Mit
1591 699 1793 740 Verſuchung,
1816 699 1914 742 Creutz
1936 704 1994 734 und
2015 699 2142 736 Truͤbſal
2162 700 2206 734 be⸗

1261 747 1354 787 legen.

1293 785 1357 814 Wer
1371 783 1452 812 GOtt
1467 782 1588 816 fuͤrchtet,
1609 783 1664 810 dem
1682 783 1840 814 widerfaͤhret
1856 785 1909 813 kein
1922 785 1992 815 Leid;
2009 785 2112 812 ſondern
2134 789 2207 811 wenn

1327 824 1352 839 er
1368 818 1531 844 angefochten
1543 818 1614 842 wird,
1627 817 1688 839 wird
1705 821 1729 840 er
1746 804 1838 843 wieder
1854 816 1938 845 erloͤſet
1955 804 2062 841 werden.
2075 803 2126 841 Sir
2140 822 2167 844 33
2185 821 2206 838 1.

1319 867 1344 905 §.
1369 875 1396 896 2.
1441 868 1484 903 (b)
1506 867 1602 898 Eines
1621 869 1751 903 Worte,
1778 867 1878 905 ſelbige
1901 868 2051 904 gleichſam
2064 872 2207 901 martern,

1259 904 1432 944 verkehren,
1461 906 1521 936 und
1547 913 1601 937 mit
1616 904 1738 938 Gewalt
1762 913 1843 938 einen
1861 909 1971 938 andern
1991 906 2078 938 Sinn
2094 904 2207 939 andich⸗

1260 957 1308 985 ten
1336 952 1451 984 wollen.

1292 988 1397 1024 Taͤglich
1412 989 1506 1022 fechten
1526 989 1556 1020 ſie
1578 990 1658 1018 meine
1676 990 1766 1018 Worte
1782 995 1830 1020 an;
1852 988 1898 1018 alle
1919 990 1971 1023 ihre
1993 989 2129 1020 Gedanken
2145 990 2207 1022 ſind,

1326 1030 1375 1063 daß
1389 1028 1420 1061 ſie
1432 1036 1481 1059 mir
1499 1028 1573 1058 uͤbels
1588 1031 1661 1061 thun.
1679 1029 1720 1061 Pſ.
1734 1030 1805 1061 56,6.

1542 1076 1929 1124 Anfechtung.

1325 1124 1350 1157 §.
1376 1129 1400 1151 1.
1444 1125 1484 1157 (a)
1507 1124 1551 1155 S.
1572 1120 1783 1159 Verſuchung.
1826 1121 1952 1155 Allerley
1970 1124 2113 1159 Truͤbſal,
2130 1124 2206 1156 Ver⸗

1259 1164 1422 1204 folgungen
1440 1173 1491 1197 um
1507 1166 1561 1197 des
1576 1166 1688 1198 Worts
1705 1158 1814 1204 willen,
1832 1166 2146 1202 Widerwaͤrtigkeiten,
2164 1174 2206 1195 in⸗

1260 1204 1381 1244 nerliche
1392 1209 1451 1240 und
1470 1204 1618 1246 aͤuſſerlich
1630 1205 1740 1243 Leiden,
1757 1206 1883 1246 dadurch
1901 1217 1971 1239 man
1991 1207 2141 1245 gleichſam
2162 1208 2205 1238 be⸗

1258 1247 1370 1288 fochten
1388 1250 1448 1280 und
1465 1247 1613 1284 beſtritten
1624 1252 1708 1279 wird.
1731 1247 1773 1281 S.
1794 1249 1905 1280 Creutz.
1939 1253 1987 1288 (b)
2003 1248 2205 1285 Verſuchung

1258 1287 1310 1318 des
1326 1285 1547 1331 Unglaubens,
1557 1288 1606 1318 der
1624 1285 1734 1325 Furcht
1753 1288 1813 1319 und
1834 1286 2040 1324 Verleugung.
2064 1285 2108 1318 S.
2125 1277 2204 1318 Ver⸗

1257 1334 1401 1374 ſuchung.

1290 1369 1376 1396 Wenn
1390 1372 1414 1393 er
1428 1365 1534 1400 anhebet
1551 1373 1579 1400 zu
1592 1365 1705 1401 geiſſeln,
1723 1368 1746 1397 ſo
1765 1367 1864 1399 dringet
1883 1374 1907 1396 er
1919 1369 1969 1398 fort
1984 1367 2042 1396 bald
2055 1375 2108 1402 zum
2125 1367 2205 1401 Tode,

1326 1408 1378 1434 und
1392 1408 1481 1440 ſpottet
1497 1408 1538 1435 der
1551 1408 1709 1441 Anfechtung
1723 1409 1765 1435 der
1780 1408 1968 1441 Unſchuldigen.
1985 1408 2053 1441 Hiob
2061 1415 2085 1434 9,
2097 1415 2138 1438 23.

1293 1435 1424 1466 Abraham
1448 1437 1475 1467 iſt
1505 1437 1579 1468 durch
1607 1437 1761 1467 mancherley
1789 1438 1980 1468 Anfechtungen
2004 1429 2138 1468 bewaͤhret.
2155 1434 2205 1468 Ju⸗

1328 1480 1391 1507 dith.
1400 1482 1472 1509 8,19.

1293 1503 1357 1534 Wer
1372 1504 1452 1532 GOtt
1468 1502 1560 1533 dienet,
1574 1501 1618 1530 der
1631 1501 1692 1530 wird
1709 1502 1769 1536 nach
1785 1502 1826 1532 der
1844 1503 2002 1537 Anfechtung
2016 1501 2140 1536 getroͤſtet,
2153 1503 2205 1530 und

1325 1546 1375 1571 aus
1396 1543 1438 1571 der
1456 1542 1566 1576 Truͤbſal
1588 1542 1689 1576 erloͤſet,
1709 1543 1761 1571 und
1784 1542 1845 1576 nach
1861 1545 1902 1571 der
1917 1541 2075 1578 Zuͤchtigung
2090 1542 2167 1573 findet
2180 1549 2206 1572 er

1325 1580 1425 1607 Gnade.
1439 1579 1497 1607 Tob.
1517 1585 1587 1610 3,22.

1289 1605 1360 1635 Weil
1373 1606 1405 1633 du
1418 1606 1498 1633 GOtt
1509 1606 1557 1632 lieb
1572 1602 1665 1635 wareſt,
1680 1604 1702 1637 ſo
1717 1604 1793 1637 muſte
1807 1605 1834 1634 es
1850 1604 1874 1638 ſo
1888 1605 1954 1638 ſeyn,
1971 1604 2034 1638 ohne
2047 1603 2206 1638 Anfechtung

1324 1645 1421 1677 muſteſt
1433 1645 1466 1673 du
1480 1645 1547 1677 nicht
1562 1645 1669 1675 bleiben,
1687 1648 1731 1676 auf
1747 1645 1794 1677 daß
1811 1646 1844 1673 du
1860 1644 1988 1679 bewaͤhret
2002 1644 2114 1678 wuͤrdeſt.
2136 1645 2204 1675 Tob.

1328 1689 1369 1712 12,
1384 1689 1424 1712 13.

1290 1708 1368 1737 Mein
1381 1707 1466 1739 Kind,
1479 1707 1534 1736 wilt
1549 1707 1582 1735 du
1592 1707 1701 1736 GOttes
1713 1707 1815 1739 Diener
1828 1707 1893 1741 ſeyn,
1908 1709 1932 1743 ſo
1947 1707 2029 1742 ſchicke
2041 1706 2094 1739 dich
2103 1713 2145 1741 zur
2155 1708 2207 1737 An⸗

1323 1748 1446 1780 fechtung.
1462 1748 1522 1776 Sir.
1531 1756 1556 1778 2,
1566 1754 1587 1774 1.

1291 1774 1345 1804 Auf
1357 1777 1457 1803 unrecht
1471 1775 1529 1803 Gut
1541 1774 1625 1805 verlaß
1640 1772 1692 1804 dich
1708 1773 1783 1805 nicht,
1800 1775 1865 1804 denn
1879 1776 1906 1802 es
1917 1776 1973 1809 hilft
1987 1775 2026 1803 dir
2042 1773 2118 1806 nicht,
2131 1780 2206 1802 wenn

1326 1814 1364 1841 die
1378 1813 1566 1846 Anfechtungen
1582 1814 1693 1840 kommen
1710 1815 1816 1842 werden.
1832 1813 1891 1842 Sir.
1902 1821 1975 1846 5,10.

1289 1839 1451 1874 Traurigkeit
1466 1843 1517 1869 und
1531 1842 1641 1872 Armuth
1660 1842 1719 1873 thut
1736 1842 1791 1867 dem
1812 1842 1908 1875 Herzen
1926 1843 1979 1876 weh
2004 1843 2030 1870 in
2048 1843 2089 1870 der
2101 1841 2207 1875 Anfech⸗

1325 1888 1388 1910 tung
1404 1885 1455 1911 und
1475 1881 1603 1911 uͤbertritt.
1621 1883 1671 1912 Sir.
1692 1887 1720 1915 38,
1745 1890 1786 1909 20.

1291 1911 1356 1939 Eine
1373 1906 1489 1943 Zeitlang
1503 1909 1611 1942 glaͤuben
1624 1909 1672 1941 ſie,
1692 1910 1751 1937 aber
1765 1916 1808 1944 zur
1827 1909 1883 1944 Zeit
1899 1911 1940 1941 der
1956 1910 2115 1944 Anfechtung
2130 1910 2206 1943 fallen

1321 1948 1355 1980 ſie
1367 1949 1419 1976 abe.
1438 1951 1524 1979 Luc.
1504 1948 1528 1981 8,
1535 1956 1564 1978 13.

1289 1975 1395 2010 Paulus
1413 1977 1469 2007 hat
1469 1978 1533 2007 dem
1549 1974 1643 2010 HErrn
1661 1975 1775 2009 gedienet
1796 1980 1842 2004 mit
1863 1977 1923 2006 aller
1936 1976 2070 2008 Demuth,
2091 1977 2143 2004 und
2158 1975 2205 2005 mit

1322 2016 1404 2045 vielen
1417 2014 1546 2047 Thraͤnen,
1561 2017 1613 2043 und
1630 2015 1829 2049 Anfechtungen,
1843 2016 1880 2042 die
1893 2018 1946 2049 ihm
1960 2015 2139 2049 wiederfahren
2155 2022 2206 2044 von

1323 2053 1371 2080 den
1385 2051 1484 2083 Juͤden.
1501 2051 1594 2083 Apoſtg.
1615 2057 1656 2080 20,
1667 2057 1706 2083 19.

1287 2081 1380 2111 Meine
1398 2079 1606 2113 Anfechtungen,
1630 2078 1668 2107 die
1691 2079 1727 2112 ich
1749 2080 1828 2114 leide,
1850 2080 1912 2113 habt
1932 2081 1971 2115 ihr
1987 2079 2055 2113 nicht
2072 2081 2207 2114 verachtet.

1323 2118 1385 2148 Gal.
1395 2126 1421 2149 4,
1433 2124 1472 2147 14.

1291 2146 1333 2180 Jn
1346 2147 1448 2177 welcher
1463 2146 1504 2179 ihr
1518 2146 1578 2179 euch
1591 2146 1677 2179 freuen
1692 2147 1800 2177 werdet,
1818 2146 1856 2175 die
1872 2146 1911 2179 ihr
1924 2152 1974 2179 jetzt
1989 2149 2041 2176 eine
2056 2148 2132 2175 kleine
2142 2146 2207 2181 Zeit,

1323 2191 1363 2213 wo
1384 2187 1411 2213 es
1430 2186 1487 2218 ſeyn
1506 2184 1563 2218 foll,
1586 2190 1684 2218 traurig
1700 2185 1754 2217 ſeyd
1775 2192 1801 2213 in
1823 2187 1978 2219 mancherly
1998 2186 2207 2219 Anfechtungen;

1323 2220 1368 2251 auf
1375 2220 1421 2251 daß
1434 2228 1488 2250 euer
1507 2221 1599 2249 Glaube
1607 2221 1774 2253 rechtſchaffen
1790 2232 1797 2246 ⸗
1808 2232 1816 2246 ⸗
1831 2221 1950 2252 erfunden
1960 2223 2047 2249 werde.
2063 2217 2152 2252 1Petr.
2162 2223 2207 2251 1,6.

1289 2249 1379 2282 Achtet
1394 2251 1421 2276 es
1436 2255 1484 2278 vor
1497 2249 1554 2278 eitel
1570 2249 1676 2282 Freude,
1691 2255 1764 2276 wenn
1782 2248 1821 2282 ihr
1837 2254 1863 2276 in
1882 2250 2036 2282 mancherlry
2055 2249 2207 2283 Anfechtun⸗

1325 2295 1371 2319 gen
1383 2289 1460 2318 fallet.
1475 2289 1532 2317 Jac.
1544 2295 1597 2318 1,2.

1292 2317 1372 2351 Selig
1384 2318 1413 2350 iſt
1429 2319 1468 2346 der
1495 2315 1576 2347 Mann,
1593 2319 1635 2344 der
1649 2316 1686 2346 die
1699 2317 1857 2350 Anfechtung
1875 2319 1995 2349 erduldet,
2009 2320 2073 2347 denn
2086 2318 2205 2346 nachdem

1325 2361 1350 2381 er
1371 2352 1497 2382 bewaͤhret
1516 2354 1559 2387 iſt,
1581 2354 1642 2381 wird
1669 2361 1694 2381 er
1719 2354 1758 2382 die
1778 2348 1865 2383 Krone
1887 2355 1931 2384 des
1951 2355 2044 2383 Lebens
2066 2353 2206 2385 empfahen.

1323 2389 1377 2421 Jac.
1399 2398 1421 2418 1,
1436 2396 1475 2416 12.

1290 2419 1331 2451 (b)
1350 2418 1456 2449 Wachet
1467 2420 1520 2448 und
1533 2419 1609 2451 betet,
1626 2418 1674 2451 daß
1684 2419 1724 2453 ihr
1734 2418 1800 2452 nicht
1810 2419 1837 2449 in
1856 2419 2004 2455 Anfechtung
2014 2414 2108 2459 fallet.
2104 2420 2207 2454 Matth⸗

1324 2457 1416 2489 26,41.
1430 2456 1478 2485 Luc.
1498 2462 1587 2488 22,40.
1597 2458 1638 2488 46.

1320 2499 1344 2537 §.
1369 2506 1396 2530 2.
1440 2505 1479 2528 (c)
1503 2499 1610 2539 Chriſti
1625 2497 1864 2537 Verſuchungen
1888 2498 1948 2537 ſind
1974 2500 2124 2539 allerhand
2141 2501 2208 2534 Wi⸗

1257 2536 1530 2578 derwaͤrtigkeiten,
1556 2538 1650 2568 damit
1677 2546 1705 2569 er
1731 2530 1919 2578 angefochten
1944 2541 2073 2572 worden.
2109 2539 2155 2573 Es
2174 2541 2208 2578 iſt

1257 2583 1319 2614 aus
1341 2585 1389 2614 der
1410 2581 1683 2621 Leidensgeſchichte
1703 2584 1807 2616 unſers
1828 2584 1992 2615 Heilandes
2005 2584 2138 2616 bekannt,
2151 2590 2206 2615 wie

1258 2622 1309 2661 ihn
1330 2623 1374 2655 die
1389 2622 1505 2662 Juden,
1526 2613 1586 2653 und
1600 2622 1755 2662 ſonderlich
1773 2626 1812 2656 die
1827 2624 1980 2664 Phariſaͤer
2001 2625 2059 2655 und
2073 2623 2206 2659 Schrift⸗

1257 2665 1405 2705 gelehrten
1428 2666 1501 2703 aufs
1524 2664 1613 2705 aͤrgſte
1632 2666 1770 2702 verfolgt.
1788 2666 1877 2700 vergl.
1896 2666 1966 2699 Ebr.
1980 2678 2006 2703 2,
2025 2674 2066 2698 18.
2112 2667 2155 2699 Er
2174 2668 2206 2703 iſt

1258 2703 1457 2742 allenthalben
1471 2695 1616 2742 verſucht,
1632 2704 1700 2742 doch
1717 2706 1790 2736 ohne
1810 2705 1928 2737 Suͤnde.
1950 2705 2021 2738 Ebr.
2034 2713 2119 2738 4,15.

1291 2746 1345 2781 Jhr
1362 2747 1421 2776 aber
1438 2748 1523 2781 ſeyds,
1543 2748 1580 2775 die
1593 2748 1632 2779 ihr
1650 2748 1765 2780 beharret
1783 2748 1858 2783 habet
1875 2748 1919 2781 bey
1936 2756 1983 2776 mir
2000 2753 2026 2776 in
2044 2754 2143 2778 meinen
2156 2748 2207 2778 An⸗

1324 2783 1472 2818 fechtungen
1495 2783 1550 2812 Luc.
1558 2790 1600 2815 22,
1607 2789 1649 2812 28.

1316 2822 1342 2861 §.
1368 2830 1394 2856 3.
1448 2825 1495 2863 (d)
1519 2820 1665 2866 Gefahr;
1688 2827 1729 2855 (e)
1749 2824 1808 2857 eine
1834 2824 1919 2862 ſtarke
1940 2824 2131 2860 Bewegung,
2154 2825 2205 2856 als

1255 2866 1334 2899 einer
1353 2865 1465 2904 Strafe
1482 2869 1530 2899 der
1546 2866 1696 2903 Suͤnden,
1716 2864 1842 2904 dadurch
1860 2874 1930 2899 man
1951 2874 1979 2897 in
1995 2873 2074 2905 groſe
2097 2865 2205 2907 Furcht

1257 2913 1318 2944 und
1337 2910 1499 2949 Schrecken
1517 2910 1630 2949 geraͤth.

1290 2947 1330 2980 (d)
1349 2946 1387 2976 Es
1400 2945 1451 2978 traf
1464 2946 1577 2979 dazumal
1595 2946 1655 2974 auch
1672 2946 1710 2974 die
1726 2946 1865 2977 Gerechten
1883 2946 1926 2975 des
1943 2947 2029 2977 Todes
2039 2946 2205 2978 Anfechtung,

1322 2983 1374 3012 und
1388 2985 1488 3019 geſchah
1505 2993 1530 3014 in
1546 2986 1587 3014 der
1603 2984 1707 3019 Wuͤſten
1725 2994 1763 3014 ein
1777 2986 1827 3019 Riß
1841 2992 1914 3014 unter
1932 2988 1972 3016 der
1988 2989 2091 3019 Menge.
2104 2987 2205 3019 Weish.

1326 3026 1367 3050 18,
1382 3025 1423 3047 20.

1292 3053 1326 3084 (e)
1345 3050 1426 3084 Denn
1443 3048 1519 3092 allein
1534 3049 1573 3080 die
1584 3048 1742 3086 Anfechtung
1759 3050 1838 3085 lehret
1853 3051 1912 3084 aufs
1926 3051 2004 3081 Wort
2019 3051 2123 3080 merken.
2148 3052 2204 3087 Eſa.

1329 3093 1356 3122 19,
1374 3093 1425 3122 28.
