1597 2528
468 552 508 581 zu
523 544 631 593 ſehen/
661 541 736 594 nach
754 538 814 595 dem
832 539 872 594 er
877 547 942 589 alle
968 550 1202 600 Warnungen
1217 553 1350 597 Gottes
1374 557 1409 595 in
1422 558 1484 595 den

467 594 584 636 Wind
591 593 789 642 geſchlagen/
791 594 860 643 und
878 595 985 642 ſeinen
999 600 1143 642 Bruder
1162 599 1248 643 Abel
1257 600 1484 649 unſchuldiger

468 628 589 682 Weiſe
595 642 801 687 jaͤmmerlich
819 647 978 683 ermordet
983 641 1092 691 hatte.

523 683 577 730 (2)
593 686 689 725 Auch
696 683 766 736 ſind
794 682 948 731 Exempla,
965 688 1032 734 daß
1045 688 1158 730 etliche
1166 691 1236 735 auß
1246 691 1400 736 Armuht
1415 693 1485 733 und

466 729 598 773 andern
598 730 737 775 groſſem
749 728 873 773 Creutz:
882 720 1001 777 Jtem/
1014 728 1070 781 auß
1073 733 1336 779 unerſaͤttlichem
1354 732 1431 786 Geitz
1444 735 1480 773 in

467 776 551 822 dieſe
561 767 776 823 Anfechtung
786 776 954 825 gerahten/
957 776 1031 826 und
1031 778 1169 821 dariñen
1178 783 1389 824 umkommen
1398 783 1485 830 ſeyn/

465 821 531 860 wie
536 822 616 864 dieſe
624 813 709 867 itzige
729 811 863 868 betruͤbte
891 820 1119 876 Kriegs⸗Zeiten
1127 826 1307 873 genugſam
1315 827 1483 877 bezeugen.

518 867 569 916 (3)
569 867 700 914 Etliche
710 867 813 916 haben
820 865 909 921 dieſe
909 866 1118 922 Anfechtung
1129 867 1291 918 erduldet/
1293 872 1335 917 ja
1340 876 1407 916 wol
1414 875 1484 915 etli⸗

464 917 518 960 che
528 919 623 963 ihnen
632 912 723 961 ſelbſt
723 913 791 961 Leid
797 917 977 966 angethan/
981 915 1171 964 außFurcht
1182 917 1483 969 zeitlicherSchan⸗

465 966 516 1003 de/
519 965 586 1004 und
592 962 824 1010 ſchmaͤhlichen
833 968 961 1009 Todes/
965 968 1023 1010 den
1032 969 1075 1012 ſie
1083 970 1148 1009 mit
1154 971 1248 1011 ihren
1257 971 1483 1021 Miſſethaten

462 1006 665 1050 verwircket/
671 1005 739 1054 und
742 1010 819 1056 bald
819 1010 927 1060 haben
940 1012 1116 1061 außſtehen
1123 1013 1231 1061 ſollen.

514 1054 573 1098 (4)
583 1054 713 1097 Etliche
721 1054 803 1100 auch
810 1054 877 1099 auß
886 1055 986 1102 Trotz
986 1055 1056 1103 und
1068 1056 1237 1105 gottloſem
1243 1055 1482 1109 teufeliſchem/

464 1102 695 1149 epicuriſchem
710 1106 896 1152 Gemuͤhte.

511 1147 562 1194 (5)
562 1147 696 1195 Etliche
704 1149 771 1193 auß
782 1148 904 1203 groſſer
909 1151 1021 1198 Angſt
1028 1156 1098 1194 und
1105 1152 1331 1202 Beſtuͤrtzung
1336 1156 1401 1202 deß
1406 1158 1481 1197 Ge⸗

461 1189 590 1237 muͤhts/
602 1199 668 1232 von
688 1194 829 1234 anderer
840 1199 935 1234 Leute
951 1192 1281 1247 Unbarmhertzigkeit
1304 1200 1374 1240 und
1389 1199 1478 1248 Zorn

460 1245 564 1291 darzu
575 1240 782 1291 verurſachet
798 1247 866 1283 und
873 1245 1049 1292 getrieben.

507 1286 562 1333 (6)
571 1285 703 1333 Etliche
719 1287 786 1332 auß
791 1286 1053 1338 wunderbahren
1060 1288 1181 1340 tieffen
1187 1290 1398 1343 unrichtigen
1399 1285 1477 1343 Ge⸗

460 1336 598 1376 dancken
605 1344 671 1376 von
681 1339 737 1373 der
745 1337 1040 1373 Gnaden⸗Wahl.

496 1375 550 1424 (7)
556 1375 686 1418 Etliche
694 1381 761 1417 und
759 1376 843 1432 ſehr
844 1377 933 1428 viel/
939 1377 1116 1427 ſonderlich
1131 1380 1164 1423 in
1169 1381 1278 1430 dieſen
1286 1380 1404 1432 Zeiten
1416 1384 1472 1423 der

459 1422 735 1475 Verfolgungen/
750 1426 855 1475 haben
871 1437 917 1470 an
924 1430 1059 1475 Gottes
1068 1432 1198 1476 Gnade
1205 1436 1274 1474 und
1281 1435 1383 1478 Guͤte
1402 1435 1473 1474 end⸗

459 1468 522 1506 lich
529 1471 700 1514 verzaget/
717 1470 794 1509 weil
808 1471 850 1518 ſie
863 1475 942 1510 vom
956 1471 1148 1515 Evangelio
1162 1474 1232 1512 und
1243 1475 1300 1515 der
1311 1469 1475 1520 Warheit

459 1515 613 1564 deſſelben
628 1521 794 1560 entweder
803 1518 872 1567 auß
880 1522 1007 1569 Furcht
1014 1515 1082 1569 deß
1083 1524 1243 1570 Creutzes/
1243 1524 1324 1571 oder
1333 1526 1402 1571 auß
1410 1525 1475 1563 Er⸗

457 1561 609 1613 laugung
627 1563 784 1611 zeitlicher
793 1567 884 1610 Ehre
893 1567 963 1606 und
977 1564 1200 1612 Reichthum/
1200 1566 1280 1614 oder
1285 1569 1353 1617 auß
1359 1564 1478 1613 Leicht⸗

458 1607 648 1655 fertigkeit/
665 1612 742 1649 oder
755 1610 824 1656 auß
833 1610 1060 1659 Verfuͤhrung
1072 1612 1253 1664 ſchaͤndlich
1270 1617 1473 1666 abgefallen:

456 1654 556 1695 Von
574 1648 748 1696 welchem
764 1655 893 1700 Elend
906 1652 963 1697 ich
980 1657 1082 1696 einen
1097 1654 1244 1709 groſſen
1254 1658 1472 1709 Catalogum

457 1698 677 1740 vornehmer
696 1698 771 1736 und
784 1699 915 1740 reicher
928 1701 1043 1739 Leute
1061 1698 1229 1750 erzaͤhlen
1246 1704 1399 1750 koͤnnte/
1415 1700 1472 1742 die

457 1750 517 1797 ich
523 1760 593 1797 vor
603 1752 733 1801 dieſem
741 1753 903 1803 gekannt
903 1754 1014 1802 habe.

492 1796 549 1838 (8)
564 1800 617 1838 Ja
623 1797 711 1839 man
715 1798 773 1838 hat
787 1799 968 1839 Exempla,
973 1794 1044 1838 daß
1051 1795 1084 1839 es
1096 1795 1147 1839 der
1151 1796 1290 1839 Satan
1291 1799 1359 1838 mit
1367 1790 1468 1836 ſeiner

453 1835 517 1882 Liſt
523 1843 582 1890 offt
590 1838 625 1886 ſo
634 1841 714 1881 weit
722 1837 875 1881 gebracht
886 1834 972 1890 hat/
993 1843 1060 1889 daß
1067 1843 1213 1889 fromme
1228 1851 1320 1894 zarte
1335 1844 1471 1894 Hertzen

455 1886 524 1925 auß
540 1888 664 1932 Furcht
678 1884 747 1922 und
763 1887 969 1933 unnoͤhtigen
977 1888 1228 1935 Einbildungen
1241 1894 1277 1930 in
1291 1890 1348 1938 diß
1360 1884 1471 1933 Elend

455 1943 526 1983 eine
535 1942 692 1982 Zeitlang
701 1942 862 1980 gerahten
875 1943 962 1977 ſeyn.

500 1983 557 2022 Es
562 1982 677 2023 ruͤhret
684 1986 760 2019 aber
768 1984 867 2025 alles/
881 1982 948 2029 wie
959 1983 999 2030 es
1008 1987 1158 2029 Namen
1169 1976 1275 2018 haben
1287 1980 1382 2016 mag/
1391 1973 1470 2014 vom

455 2020 594 2063 leidigen
605 2024 741 2067 Teufel/
741 2028 879 2069 welcher
886 2032 985 2068 gerne
1000 2031 1065 2065 alle
1074 2030 1258 2074 Menſchen
1276 2020 1372 2078 durch
1391 2017 1468 2071 Ver⸗

453 2070 650 2118 zweifelung
656 2070 714 2120 ins
728 2074 830 2112 ewige
837 2072 982 2113 hoͤlliſche
992 2075 1099 2111 Feuer
1113 2075 1247 2125 ſtuͤrtzen
1263 2072 1389 2112 wollte/
1400 2066 1469 2108 und

452 2124 495 2170 iſt
508 2118 619 2170 GOtt
630 2113 662 2167 zu
677 2122 829 2163 dancken/
829 2123 887 2164 der
892 2127 963 2165 ihm
980 2126 1128 2174 maͤchtig
1138 2134 1273 2168 wehret.

500 2173 575 2208 Und
584 2171 626 2208 ob
630 2170 683 2211 ich
688 2175 778 2207 zwar
785 2179 851 2201 von
856 2166 976 2208 dieſem
989 2163 1117 2202 Punet
1139 2167 1206 2198 viel
1219 2155 1396 2198 Exempla
1405 2154 1467 2201 hie⸗

452 2207 509 2254 her
518 2208 610 2256 ſetzen
620 2203 788 2256 koͤnnte/ſo
793 2207 890 2256 habe
899 2204 956 2255 ich
966 2207 1060 2256 doch
1072 2211 1189 2258 meine
1200 2214 1353 2265 gewiſſe
1366 2211 1468 2258 Urſa⸗
