1530 2213
196 846 263 869 v.1.
271 836 336 871 So
346 853 442 878 regiere
459 819 530 875 dich
543 832 658 879 Cypria.)
699 837 758 865 Den
773 837 881 857 Namen
899 820 1006 862 Cypria

193 891 291 922 bekam
309 891 399 923 Venus
413 896 468 920 von
484 889 532 917 der
556 887 627 915 Inſel
640 887 763 922 Cypern,
787 892 832 911 wo
854 882 891 910 ſie
909 882 1004 918 zuerſt

196 944 243 963 aus
264 937 322 964 dem
345 936 438 963 Meere
450 942 483 964 an
498 934 542 961 das
561 933 639 966 Land
639 932 776 965 geſtiegen
795 936 870 969 war,
873 928 942 964 und
956 927 1006 966 die

196 989 257 1007 man
277 981 358 1009 daher
375 980 422 1006 für
435 982 513 1006 ihren
530 980 691 1005 Geburtsort
699 978 775 1003 hielt.
811 976 904 1002 Dieſer
916 965 997 1001 Goet-

195 1035 275 1068 tinn,
293 1031 411 1065 welche,
430 1031 497 1060 nach
515 1031 560 1059 der
573 1030 643 1060 alten
655 1028 756 1061 Fabel,
775 1036 821 1055 aus
832 1028 890 1054 dem
899 1025 998 1054 Schau-

197 1088 241 1112 me
254 1080 307 1111 des
319 1078 410 1108 Meers
426 1076 542 1113 geboren
557 1082 627 1107 war,
647 1076 718 1106 ward
734 1074 792 1100 eine
802 1072 889 1108 groſse
903 1072 999 1102 Macht

196 1111 271 1149 über
282 1112 328 1152 ihr
339 1112 581 1162 Geburtselement
604 1111 819 1151 zugeſchrieben.
873 1114 934 1141 Ihre
952 1113 999 1140 be-

198 1161 360 1199 rühmteſten
390 1158 504 1200 Tempel
537 1159 616 1201 lagen
644 1172 677 1191 an
702 1165 751 1191 den
779 1161 921 1191 Seeküſten
945 1161 1001 1188 und

199 1219 312 1246 wurden
330 1225 384 1244 von
399 1217 451 1242 den
471 1213 631 1243 Seefahrern
648 1211 747 1248 fleiſsig
769 1211 889 1241 beſucht.
942 1210 1001 1238 Von

200 1265 284 1294 dieſer
299 1263 403 1293 Gewalt
423 1262 489 1292 über
508 1262 553 1290 das
570 1260 648 1292 Meer
666 1260 758 1288 führte
773 1257 808 1286 ſie
829 1258 879 1285 den
896 1256 1000 1287 Namen

199 1311 293 1341 Venus
304 1309 439 1348 Euploea,
457 1309 549 1337 Venus
566 1308 616 1334 der
632 1309 715 1340 guten
730 1304 885 1335 Schiffahrt.

251 1426 277 1447 v.
294 1425 318 1446 2.
390 1418 447 1451 Das
473 1413 680 1449 Brudergeſtirn,
711 1413 806 1440 Ledens
828 1410 1004 1444 Geſchlecht.)

200 1458 294 1487 Kaſtor
306 1447 369 1486 und
379 1451 494 1488 Pollux,
525 1454 626 1483 Soehne
641 1451 762 1489 Jupiters
777 1452 832 1479 und
851 1450 896 1477 der
913 1448 1000 1481 Leda,

201 1497 250 1532 der
266 1501 425 1531 Gemahlinn
444 1502 491 1529 des
509 1499 668 1537 Tyndarus,
705 1498 813 1526 wurden
833 1490 899 1523 nach
916 1495 1000 1525 ihrem

203 1550 280 1579 Tode
297 1541 340 1579 an
365 1539 417 1578 den
435 1544 551 1575 Himmel
571 1544 728 1580 verſetzt,
734 1549 776 1574 wo
796 1541 832 1568 ſie
850 1542 893 1568 das
913 1540 1001 1567 Stern-

202 1593 262 1621 bild
279 1593 327 1619 der
345 1587 489 1625 Zwillinge
507 1588 673 1616 ausmachen.
710 1587 776 1613 Man
789 1583 897 1612 verehrt
915 1583 950 1610 ſie
961 1579 1001 1609 als

204 1634 408 1679 Schutzgoetter
426 1640 471 1668 der
491 1638 660 1671 Schiffleute.
713 1636 812 1671 (Siehe
833 1636 873 1662 die
893 1634 1002 1661 Anmer-

204 1685 281 1721 kung
297 1693 358 1711 zum
374 1676 489 1717 zehnten
507 1683 588 1712 Verſe
617 1684 665 1710 der
679 1682 781 1716 dritten
799 1680 855 1710 Ode
873 1677 920 1707 des
935 1677 1002 1709 drit-

207 1736 253 1772 ten
267 1727 382 1781 Buchs.)
