1440 2298
540 370 597 418 38

801 479 837 531 §.
883 483 958 530 28.

567 537 714 595 Die
743 523 950 593 dermaligen
974 534 1189 595 Heerfuhren
1219 539 1269 585 in

498 609 758 668 Kriegszeiten,
794 621 850 658 wo
870 610 933 658 den
964 609 1152 668 ungeheuer
1164 617 1256 670 groſ⸗

496 678 551 732 ſen
583 679 746 728 Armeen
761 674 827 724 alle
861 677 1102 731 Lebensmittel
1132 676 1257 736 ſowohl

496 752 555 808 für
575 749 769 809 Menſchen
787 753 843 799 als
861 754 991 811 Pferde
1006 749 1135 809 müſſen
1153 749 1256 812 nach⸗

496 813 646 876 geführet
678 817 844 876 werden,
878 819 948 877 ſind
977 810 1046 867 von
1071 822 1130 867 der
1154 823 1256 871 Alten

494 891 597 951 ihren
609 891 847 948 Himmelweit
881 891 1132 957 unterſchieden.
1187 899 1269 948 Sie

472 960 672 1015 bedurften
701 962 880 1020 weniger,
924 961 994 1012 und
1020 962 1095 1020 ihre
1130 962 1256 1020 Kriege

494 1039 612 1076 waren
623 1026 712 1083 kurz.
747 1028 805 1077 Es
819 1029 857 1085 iſt
874 1028 996 1090 wahr,
1022 1019 1101 1088 dieſe
1112 1023 1263 1087 Dienſt⸗

493 1104 673 1162 leiſtungen
692 1105 763 1161 ſind
786 1109 822 1163 ſo
833 1105 938 1166 billig
965 1103 1019 1160 als
1041 1108 1253 1160 unvermeid⸗

493 1169 581 1230 lich;
598 1171 685 1219 denn
702 1172 778 1222 Sie
788 1169 962 1235 geſchehen
976 1165 1020 1233 zu
1029 1169 1253 1231 Beſchützung

492 1248 551 1295 des
581 1247 765 1306 Staates,
784 1255 925 1296 wovon
954 1246 1027 1306 ſich
1057 1246 1121 1306 bey
1149 1248 1251 1308 erhei⸗

491 1317 646 1380 ſchenden
680 1318 911 1380 Umſtänden,
954 1322 1134 1375 Niemand
1165 1333 1251 1375 aus⸗

491 1386 639 1439 nehmen
655 1382 774 1433 kann?
809 1386 912 1447 allein
932 1385 982 1440 die
1000 1371 1250 1447 Mißbräuche,

435 1456 611 1519 welche
648 1459 817 1519 hierunter
831 1455 1044 1524 obwalten,
1083 1465 1156 1523 ſind
1170 1471 1251 1513 un⸗

490 1531 642 1591 zählbar.
713 1534 866 1596 Keiner,
898 1526 1001 1594 durch
1029 1537 1096 1585 alle
1115 1535 1251 1593 Klaſſen

492 1611 562 1648 von
581 1600 714 1654 Rang,
749 1597 804 1646 der
840 1611 902 1658 zur
921 1600 1047 1651 Armee
1075 1590 1150 1654 oder
1181 1613 1250 1654 von

491 1670 653 1720 derſelben
683 1671 885 1726 weggehet,
922 1665 1007 1718 wird
1041 1670 1122 1727 ſeine
1143 1656 1269 1721 Reiſe

492 1747 576 1804 ohne
604 1750 694 1798 allen
726 1749 915 1809 Vorſpann
932 1748 1126 1810 verrichten.
1161 1753 1269 1804 Die

1085 1821 1177 1863 Be⸗
