1644 2428
128 385 208 426 Vor
223 384 335 434 ſeinem
351 380 539 431 Weggehen
556 389 625 417 war
639 379 689 417 die
707 375 848 416 Waͤrme
862 379 955 415 unter

128 444 183 481 der
195 438 319 491 Zunge,
332 441 365 479 in
383 441 437 478 der
450 436 552 485 Hand
567 439 632 476 und
647 437 691 475 im
704 433 788 473 Urin
803 439 867 469 von
881 420 955 470 100

129 492 241 543 Grad,
261 495 321 533 wie
334 494 374 540 ſie
391 491 423 528 in
438 491 493 526 der
506 487 674 536 geringern
693 482 780 534 Hitze
803 479 880 527 auch
903 490 955 526 ge⸗

130 555 225 601 weſen
240 564 327 594 war:
357 553 419 601 ſein
445 548 535 594 Puls
556 547 627 598 that
651 555 722 594 139
749 540 897 591 Schlaͤge
921 541 955 578 in

130 605 182 643 der
195 603 344 646 Minute.
398 597 543 645 Darauf
553 597 678 637 kleidete
694 606 727 634 er
742 593 799 643 ſich
816 594 849 632 in
872 590 955 629 einer

132 651 270 694 Waͤrme
283 658 347 688 von
362 659 410 697 43
438 647 537 687 Grad
555 648 670 685 wieder
691 654 753 690 an,
775 643 840 678 und
863 639 957 686 gieng

130 707 223 754 gleich
245 710 359 748 wieder
375 707 407 744 in
422 707 470 745 die
485 704 562 744 kalte
577 701 657 749 Luft,
673 699 754 749 ohne
770 699 818 736 die
832 695 958 742 gering⸗

130 761 169 805 ſte
185 761 255 803 uͤble
272 758 497 808 Empfindung
511 766 548 804 zu
561 754 761 793 vernehmen.

184 811 234 853 Er
249 810 370 859 ſchließt
386 807 527 857 hieraus,
540 807 605 854 daß
621 793 676 845 der
691 802 880 849 Uebergang
896 805 960 835 aus

133 865 214 904 einer
228 864 349 912 großen
363 861 452 911 Hitze
468 863 499 901 in
518 862 567 899 die
586 859 684 900 Kaͤlte
708 858 790 903 nicht
805 856 837 903 ſo
856 853 961 902 ſchaͤd⸗

133 912 188 959 lich
202 914 272 958 ſey,
279 910 332 948 als
347 920 425 950 man
438 908 525 957 wohl
539 907 656 946 denken
671 903 803 952 moͤchte,
824 902 896 941 weil
910 902 962 938 die

133 965 307 1012 aͤußerliche
327 962 531 1007 Circulation
553 962 587 1004 ſo
607 966 712 1006 erregt
736 958 794 1004 iſt,
819 955 884 1003 daß
910 956 963 993 die

132 1018 232 1059 Kaͤlte
248 1013 377 1064 dieſelbe
396 1014 483 1058 nicht
502 1008 590 1056 leicht
614 1007 842 1054 uͤberwaͤltigen
866 1007 967 1042 kann.

132 1069 184 1112 Er
196 1070 252 1123 hat
266 1065 392 1115 ſeitdem
407 1066 523 1107 andere
538 1060 698 1109 Verſuche
716 1057 873 1106 gemacht,
894 1060 964 1096 und

135 1122 203 1162 eine
216 1120 290 1160 weit
305 1112 447 1168 groͤßere,
462 1112 537 1155 aber
552 1108 668 1160 trockne
686 1106 772 1165 Hitze
794 1112 868 1149 weit
893 1108 964 1146 laͤn⸗

135 1182 191 1218 ger
206 1172 436 1225 ausgehalten,
460 1170 541 1221 ohne
562 1167 681 1209 einmal
700 1167 732 1214 ſo
747 1167 845 1216 ſtarke
868 1164 965 1206 Wir⸗

137 1224 257 1278 kungen
272 1230 378 1266 davon
390 1235 427 1273 zu
447 1218 625 1271 verſpuͤren.
675 1216 822 1260 Daraus
849 1213 966 1265 folgert

138 1291 182 1329 er,
196 1284 259 1332 daß
275 1285 342 1322 eine
358 1279 477 1322 trockne
489 1277 557 1325 Luft
579 1279 644 1329 ihre
665 1274 807 1319 Waͤrme
827 1272 909 1320 nicht
934 1271 966 1320 ſo

136 1333 307 1386 mittheilen
324 1334 419 1382 kann,
438 1330 492 1375 als
504 1329 572 1370 eine
592 1324 730 1378 feuchte,
751 1329 820 1366 und
840 1324 903 1374 daß
920 1324 971 1362 die

142 1378 173 1416 in
197 1383 280 1430 jener
302 1380 507 1434 geſchehende
534 1379 623 1426 freye
651 1374 887 1425 Ausduͤnſtung
913 1374 971 1409 des

140 1431 288 1484 Koͤrpers
310 1436 408 1483 deſſen
432 1431 669 1480 Lebenskraͤften
699 1436 752 1477 zur
776 1427 977 1475 Erzeugung

140 1492 221 1531 einer
238 1493 338 1534 Kaͤlte
351 1503 387 1534 zu
400 1488 503 1534 Huͤlfe
517 1487 647 1531 koͤmmt.

193 1537 266 1586 Am
281 1543 326 1594 23
341 1541 481 1585 Januar
495 1541 632 1586 nahmen
646 1539 696 1571 die
712 1533 974 1580 obengenannten

144 1596 271 1643 Herren
290 1604 340 1632 an
368 1603 469 1633 neuen
486 1591 676 1640 Verſuchen
697 1590 839 1639 Antheil.
890 1587 976 1626 Das

143 1643 288 1692 Zimmer
304 1651 375 1680 war
387 1648 490 1680 etwas
504 1644 631 1686 groͤßer,
657 1646 723 1676 und
739 1642 867 1683 mittelſt
888 1640 983 1672 eines

147 1698 281 1744 eiſernen
296 1693 405 1743 Ofens
418 1685 481 1741 auf
523 1704 571 1739 150
587 1695 669 1747 Grad
691 1695 820 1745 geheizt
837 1692 978 1724 worden.

149 1748 221 1792 Sie
239 1748 360 1792 blieben
386 1747 420 1787 in
444 1740 573 1794 vollen
581 1743 741 1792 Kleidern
744 1755 794 1783 20
815 1742 978 1779 Minuten

151 1805 257 1854 darin,
276 1806 310 1844 in
324 1801 453 1851 welcher
466 1800 538 1850 Zeit
550 1800 601 1838 die
613 1797 702 1846 Hitze
720 1798 797 1844 noch
818 1808 861 1832 12
876 1793 978 1834 Grad

153 1852 248 1908 hoͤher
263 1858 348 1907 ſtieg.
402 1853 500 1903 Nach
519 1854 602 1892 einer
616 1848 757 1890 Stunde
779 1849 913 1895 giengen
939 1846 981 1893 ſie

153 1902 294 1947 abermal
312 1906 433 1954 hinein,
452 1905 519 1942 und
531 1899 649 1949 fanden
666 1898 772 1937 keinen
792 1885 982 1945 erheblichen

978 805 1059 843 115.

993 1522 1078 1562 116.
