1714 2397
647 565 725 606 und
735 560 855 619 rieffen
866 563 950 622 auff
961 567 1029 610 den
1045 563 1183 621 Gaſſen
1193 557 1398 621 uͤberlaut/
1402 560 1570 624 Chriſtus

648 618 703 675 ſey
715 617 941 676 gekommen/
947 623 1022 666 und
1032 621 1170 677 Hacket
1188 621 1243 681 ſey
1260 625 1321 669 der
1338 621 1472 682 oberſte
1487 626 1569 671 Mo⸗

647 679 771 736 narch/
778 685 852 727 und
863 683 932 727 alle
943 680 1091 736 Koͤnige
1102 682 1140 728 in
1150 682 1305 739 Europa
1321 681 1448 729 waͤren
1465 681 1569 740 deſſen

647 740 853 802 Vaſallen/
867 743 993 799 dieſem
1011 745 1120 790 allein
1136 742 1252 802 muͤſte
1271 754 1361 790 man
1371 742 1570 802 gehorchen/

646 808 723 852 und
735 807 789 851 die
800 804 967 855 Koͤnigin
976 804 1159 855 Eliſabeth
1170 803 1334 855 abſetzen.

705 874 760 910 13.
780 861 874 915 Hier
884 855 980 916 fieng
991 872 1070 906 nun
1081 862 1135 908 die
1144 861 1309 920 goͤttliche
1318 858 1572 921 Gerechtigkeit

646 934 698 970 an
715 934 757 978 zu
765 923 962 980 erwachen/
971 928 1066 971 denn
1085 926 1139 973 die
1156 925 1324 982 Koͤnigin
1344 925 1414 981 gab
1427 919 1575 985 Befehl/

645 987 720 1041 daß
737 998 827 1031 man
847 987 934 1044 dieſe
958 983 1182 1047 Auffruͤhrer
1199 987 1380 1043 gefangen
1409 980 1579 1045 nehmen/

645 1044 725 1090 und
741 1037 787 1096 ſie
803 1051 922 1096 genau
940 1045 1175 1089 examiniren
1183 1042 1281 1100 ſolte.
1337 1045 1477 1104 Allein/
1492 1045 1572 1092 dieſe

645 1099 916 1160 hartnaͤckigten
934 1098 1144 1162 Verfuͤhrer
1163 1101 1282 1158 haben
1297 1113 1411 1158 gegen
1427 1106 1482 1152 die
1500 1088 1573 1153 Koͤ⸗

645 1162 835 1220 niglichen
848 1165 977 1224 Raͤthe
1003 1165 1097 1221 nicht
1121 1166 1176 1220 die
1194 1164 1369 1223 geringſte
1388 1162 1577 1224 Ehrerbie⸗

646 1222 743 1272 tung
753 1214 926 1272 bezeugen
936 1219 1082 1280 wollen/
1092 1219 1245 1277 ſondern
1255 1220 1333 1277 ſind
1343 1224 1412 1268 mit
1425 1207 1576 1271 bedecktẽ

646 1285 850 1341 Haͤuptern
862 1288 907 1330 da
917 1284 1131 1343 geſtanden/
1135 1286 1186 1332 uñ
1200 1287 1319 1343 haben
1329 1288 1404 1345 ihre
1412 1286 1576 1336 Verant⸗

646 1350 822 1400 wortung
829 1343 914 1403 auff
921 1350 992 1392 das
1002 1344 1173 1403 trotzigſte
1188 1345 1415 1404 abgeſtattet.
1476 1348 1579 1398 End⸗

646 1403 726 1461 lich/
747 1403 906 1458 nachdem
916 1415 1006 1450 man
1015 1404 1107 1450 alles
1117 1405 1181 1460 hin
1190 1409 1266 1451 und
1281 1405 1344 1462 her
1360 1405 1459 1462 wohl
1476 1394 1576 1454 uͤber⸗

646 1458 756 1521 leget/
765 1463 805 1519 iſt
812 1464 970 1520 Hacket/
972 1466 1032 1514 als
1047 1467 1106 1513 ein
1115 1465 1297 1525 Verletzer
1308 1470 1371 1515 der
1386 1463 1573 1530 Majeſtaͤt/

644 1530 731 1577 zum
740 1519 843 1565 Tode
852 1524 1060 1566 verdammt
1069 1523 1231 1568 worden.
1273 1515 1348 1569 Als
1357 1534 1395 1569 er
1407 1534 1487 1569 nun
1504 1507 1579 1574 auff

645 1588 744 1635 einer
752 1586 883 1642 Horde
900 1587 987 1645 nach
1005 1576 1087 1633 dem
1104 1586 1361 1645 Haupt⸗Platz
1381 1591 1442 1638 der
1453 1584 1574 1639 Stadt

644 1643 832 1704 geſchleifft
839 1642 985 1697 wurde/
987 1647 1053 1701 hat
1068 1656 1106 1691 er
1115 1646 1280 1705 folgende
1291 1648 1442 1708 Worte/
1450 1649 1518 1695 mit
1528 1649 1573 1689 er⸗

645 1705 1084 1768 ſchroͤcklichemBruͤllen/
1103 1705 1347 1770 unauffhoͤrlich
1357 1721 1432 1757 von
1445 1709 1509 1769 ſich
1516 1701 1574 1766 hoͤ⸗

643 1778 713 1816 ren
730 1765 859 1822 laſſen:
887 1771 1036 1820 Jenova
1052 1767 1255 1824 Meßias/
1272 1773 1420 1822 Jehova
1438 1763 1574 1826 Meßi⸗

644 1829 715 1878 as!
746 1818 899 1886 Siehe/
917 1818 973 1889 ich
986 1818 1071 1889 ſehe
1093 1829 1158 1892 den
1181 1829 1325 1888 Himmel
1358 1823 1488 1889 offen/
1514 1819 1579 1884 und

646 1886 722 1935 den
737 1886 874 1943 Sohn
891 1889 961 1935 des
977 1883 1174 1944 Hoͤchſten
1193 1887 1318 1946 herab
1328 1885 1506 1946 ſteigen/
1517 1870 1577 1946 daß

645 1959 692 1999 er
705 1952 807 2008 mich
818 1948 955 2009 erloͤſe.
988 1952 1066 2001 Als
1074 1963 1217 2009 man
1177 1954 1220 2017 zu
1231 1956 1314 2000 dem
1324 1955 1477 2013 Galgen
1483 1954 1576 2002 kom⸗

644 2006 746 2062 men/
753 2010 857 2053 ward
868 2018 905 2053 er
916 2007 1095 2065 erinnert/
1101 2006 1172 2064 daß
1183 2020 1220 2054 er
1230 2009 1285 2055 die
1295 2005 1458 2059 Suͤnde/
1472 2002 1574 2059 welche

645 2080 686 2116 er
694 2073 804 2117 wider
814 2074 941 2120 GOtt
948 2075 1025 2121 und
1037 2073 1091 2119 die
1102 2070 1272 2131 Koͤnigin
1288 2069 1498 2128 begangen/
1526 2070 1574 2112 er⸗

645 2123 786 2173 kennen
796 2123 902 2183 ſolte;
914 2132 951 2176 er
961 2126 1047 2175 aber
1057 2127 1199 2186 laͤſterte
1207 2128 1381 2186 vielmehr
1390 2128 1474 2189 auff
1478 2120 1574 2180 dieſe/
