1580 2275
270 385 359 443 Die
359 385 494 443 gewiſſe
494 385 690 443 Hoffnung
690 385 868 443 Davids.

924 406 1007 450 507

135 441 271 495 Gutes
284 447 358 504 hat
370 454 454 492 uns
471 451 617 492 David
631 457 842 506 geruͤhmet
862 460 907 496 in
923 460 1003 495 die⸗

134 507 207 561 ſem
218 513 393 577 Pſalm/
407 515 575 569 welches
592 529 633 566 er
646 529 730 567 von
743 520 888 577 ſeinem
898 520 1000 579 Hir⸗

131 569 194 617 ten
213 582 262 629 zu
287 574 477 634 genieſſen
496 577 630 634 habe?
664 584 747 628 und
772 591 861 631 nun
883 580 1001 639 faſſet

92 626 95 660 er
186 624 328 682 hiemit
349 627 455 678 alles
479 632 690 692 gleichſam
709 637 756 682 in
781 638 846 684 ein
862 637 1001 688 Bund

127 681 375 735 zuſammen:
423 684 585 742 Gutes
621 690 717 739 und
752 691 1005 749 Barmher⸗

127 736 290 798 tzigkeit
302 744 490 796 werden
506 747 593 796 mir
609 744 762 807 folgen
779 751 898 798 mein
917 750 1000 802 Le⸗

89 784 328 855 benlang.
396 801 498 850 Wir
520 803 673 851 wollen
696 808 781 853 uns
802 805 896 861 doch
918 805 999 855 alle

125 867 239 907 gerne
260 857 416 918 hierauf
443 859 632 929 Hoffnung
647 864 832 929 machen/
855 865 917 925 und
919 872 1001 919 wir

124 897 272 957 koͤnnen
290 906 339 962 ſie
354 914 439 955 uns
455 917 652 965 machen/
678 924 800 961 wenn
818 921 900 961 wir
915 922 1001 963 uns

123 972 201 1016 nur
217 979 300 1017 von
316 971 461 1025 unſern
469 974 624 1030 Hirten
638 979 748 1030 nicht
762 977 1006 1042 verlanffen/

123 1029 204 1070 und
230 1028 278 1075 in
301 1031 384 1077 das
405 1030 607 1088 ſuͤndliche
641 1036 726 1082 und
763 1037 999 1085 verwirrete

120 1081 266 1138 Weſen
296 1085 417 1143 dieſer
445 1087 567 1137 Welt
598 1087 707 1142 nicht
730 1097 807 1145 gar
830 1101 881 1147 zu
907 1094 1005 1150 tieff

121 1138 323 1194 verirren/
339 1143 421 1190 und
436 1149 530 1199 zum
544 1142 762 1201 wenigſten
774 1155 895 1194 wenn
912 1152 995 1197 wir

121 1197 201 1244 uns
216 1197 260 1253 ja
275 1195 487 1254 verirret/
491 1204 576 1250 uns
598 1202 716 1259 durch
738 1205 800 1252 die
822 1204 995 1256 lockende

119 1247 505 1309 Hirten⸗Stimme
526 1258 673 1306 wieder
698 1260 837 1318 zuruͤck
858 1260 993 1319 ruffen

118 1301 245 1360 laſſen.
300 1311 369 1361 Es
383 1310 432 1368 iſt
445 1311 610 1374 wahr/
619 1314 746 1364 Gott
769 1313 885 1374 traͤgt
906 1322 995 1366 uns

118 1361 197 1411 ſein
218 1366 360 1419 Gutes
382 1370 469 1420 und
500 1368 602 1428 ſeine
623 1370 992 1436 Barmhertzigkeit

116 1407 231 1474 lange
246 1423 373 1478 nach/
401 1424 499 1471 aber
522 1428 603 1471 wir
618 1428 772 1481 muͤſſen
789 1433 882 1482 doch
897 1434 992 1476 end⸗

116 1466 186 1526 lich
204 1481 420 1537 zugreiffen
435 1487 520 1528 und
537 1485 587 1536 ſie
606 1488 863 1552 annehmen/
885 1488 989 1540 ſonſt

114 1530 218 1589 muß
237 1550 279 1587 er
300 1538 373 1597 ſich
398 1541 630 1598 betruͤben/
657 1545 754 1591 aber
775 1549 861 1593 uns
879 1549 988 1595 wird

112 1583 188 1635 das
201 1592 313 1651 Boͤſe
327 1598 483 1652 treffen.
565 1599 667 1647 Wir
683 1599 765 1654 ſind
781 1599 864 1656 hier
884 1599 988 1655 ſeine

113 1635 461 1705 Haußgenoſſen/
490 1652 586 1698 aber
606 1656 687 1700 wir
707 1654 860 1708 muͤſſen
882 1658 985 1711 auch

115 1695 200 1751 dem
221 1702 542 1769 Hauß⸗Vater
571 1710 657 1758 kein
681 1712 781 1766 Leyd
807 1713 986 1779 anthun/

113 1757 192 1804 und
224 1766 309 1812 uns
332 1762 394 1812 an
416 1769 540 1813 denen
569 1767 676 1820 nicht
699 1768 988 1831 verſuͤndigen/

111 1816 246 1875 welche
261 1825 344 1874 mit
357 1825 401 1873 in
417 1828 508 1872 dem
524 1823 692 1884 Hauſe/
701 1833 784 1877 und
801 1823 983 1887 GOTT

111 1864 150 1917 ſo
163 1870 238 1922 lieb
251 1876 334 1931 ſind
348 1880 418 1926 als
432 1882 535 1923 wir:
559 1880 658 1934 ſonſt
676 1881 825 1937 duͤrffte
860 1894 898 1945 er
895 1895 983 1932 uns

112 1937 189 1984 aus
211 1936 359 1996 ſeinem
375 1938 516 2004 Hauſe
536 1939 667 2000 jagen.
752 1945 863 2001 Nun
880 1950 980 2003 dieſe

853 2013 977 2063 Erin⸗
