1886 2722
625 510 739 559 1651.

763 516 884 566 fahren
903 518 974 560 und
993 513 1279 570 Ungluͤcksfaͤllen
1297 523 1383 562 wird
1407 528 1442 560 er
1458 518 1519 568 ſich
1527 527 1623 569 nicht
1632 530 1717 564 aus⸗

760 578 889 631 ſetzen?
907 604 958 611 —
976 573 1095 626 Wenn
1118 593 1160 627 er
1194 583 1358 633 hingegen
1384 585 1443 628 der
1469 583 1719 636 rechtmaͤßigen

762 636 909 680 Gewalt
927 635 1102 684 nachgiebt
1114 633 1190 680 und
1201 639 1270 680 den
1287 638 1457 688 Vortheil
1473 636 1577 692 ſeiner
1585 638 1718 689 Freun⸗

758 691 800 731 de
826 693 897 732 und
925 681 1109 739 Anhaͤnger
1139 687 1357 741 hintanſetzt,
1391 689 1426 737 ſo
1452 691 1514 739 hat
1540 699 1575 734 er
1601 691 1760 741 nichts

759 740 890 781 anders
915 747 954 787 zu
990 729 1188 789 gewarten,
1220 735 1291 782 als
1308 737 1530 792 durchgaͤngig
1555 744 1717 793 verlaſſen

758 798 831 832 und
858 785 1022 843 vielleicht
1056 794 1141 842 noch
1175 796 1309 841 einmal
1332 799 1392 840 der
1416 787 1593 850 Willkuͤhr
1615 792 1719 855 eines

748 845 963 898 Mazarin
992 846 1100 901 Preis
1112 837 1256 899 gegeben
1273 856 1314 897 zu
1333 839 1534 900 werden.

843 979 902 1029 Jn
930 977 1039 1026 dieſen
1064 978 1276 1029 Umſtaͤnden
1307 980 1411 1032 mußte
1439 984 1531 1035 wohl
1560 985 1613 1028 die
1636 982 1716 1030 Koͤ⸗

752 1032 849 1081 nigin
872 1033 924 1074 die
954 1031 1156 1080 Oberhand
1173 1030 1350 1081 behalten.
1421 1035 1506 1080 Als
1528 1037 1582 1079 die
1606 1035 1710 1081 Aus⸗

750 1084 907 1128 theilerin
935 1084 1020 1128 aller
1045 1083 1448 1135 Gnadenbezeigungen,
1478 1074 1534 1129 als
1563 1086 1614 1129 die
1632 1086 1708 1136 Jn⸗

749 1139 892 1182 haberin
911 1139 968 1178 der
982 1146 1105 1188 ganzen
1123 1136 1253 1186 Macht
1270 1143 1329 1188 der
1344 1131 1573 1189 Monarchie,
1595 1143 1707 1185 lenkte

746 1188 828 1232 Sie
859 1188 950 1232 nicht
973 1191 1026 1232 die
1056 1189 1184 1237 beyden
1202 1180 1544 1238 Haupttriebfedern,
1571 1196 1706 1236 wovon

750 1242 814 1292 ſich
844 1245 912 1289 alle
937 1241 1127 1288 Menſchen
1156 1244 1260 1287 leiten
1294 1243 1419 1292 laſſen,
1438 1237 1501 1287 die
1529 1242 1707 1300 Hofnung

746 1296 818 1336 und
837 1297 888 1337 die
906 1293 1066 1345 Furcht?
1082 1294 1206 1342 Dieſer
1228 1299 1389 1345 doppelte
1405 1298 1571 1348 Vortheil
1587 1297 1704 1349 brach⸗

745 1357 782 1391 te
802 1353 851 1396 ihr
873 1353 997 1398 endlich
1024 1356 1087 1395 den
1115 1352 1211 1400 Sieg
1255 1348 1302 1397 zu
1306 1352 1423 1401 Wege.
1483 1355 1562 1400 Der
1592 1354 1702 1407 Prinz

743 1401 869 1445 behielt
894 1401 958 1448 faſt
984 1404 1076 1447 keine
1097 1400 1308 1451 Anhaͤnger,
1339 1403 1400 1446 als
1427 1399 1552 1453 ſolche,
1575 1402 1702 1455 welche

742 1457 787 1494 ſie
803 1457 911 1502 nicht
933 1453 993 1506 fuͤr
1017 1454 1142 1519 noͤthig
1163 1456 1279 1507 hielt,
1293 1456 1417 1509 theuer
1439 1465 1549 1509 genug
1573 1465 1614 1508 zu
1651 1452 1702 1503 er⸗

730 1503 874 1547 kaufen.

832 1609 930 1657 Auch
967 1612 1020 1654 die
1053 1608 1210 1656 Koͤnigin
1254 1612 1378 1655 erlebte
1411 1610 1595 1665 Beyſpiele
1629 1615 1699 1657 von

732 1661 987 1714 Treuloſigkeit
1021 1666 1095 1708 und
1127 1655 1349 1715 Falſchheit;
1387 1664 1466 1708 aber
1502 1666 1547 1715 ſie
1577 1671 1697 1709 waren

732 1713 863 1760 ſeltner.
933 1714 1142 1764 Chavigni
1171 1713 1298 1766 verließ
1320 1718 1363 1766 ſie
1391 1717 1485 1769 nicht
1512 1718 1607 1768 eher,
1634 1723 1697 1764 als

730 1758 793 1811 bis
821 1778 860 1811 er
886 1768 1025 1817 gewahr
1045 1758 1166 1819 ward,
1176 1767 1259 1819 daß
1285 1772 1325 1814 es
1351 1769 1421 1820 ihre
1445 1767 1575 1821 Kraͤfte
1593 1768 1692 1817 uͤber⸗

728 1821 831 1867 ſtieg,
855 1810 917 1863 den
936 1821 1108 1868 Kardinal
1127 1822 1325 1870 Mazarin
1341 1820 1577 1872 aufzuopfern.
1605 1823 1692 1871 Haß

724 1862 798 1914 und
821 1873 941 1920 Rache
962 1870 1097 1924 fuͤhrten
1117 1873 1175 1921 ihn
1201 1882 1243 1923 zu
1262 1877 1326 1918 den
1351 1874 1480 1926 Fuͤſſen
1499 1879 1561 1918 des
1580 1870 1723 1928 Prin⸗

725 1938 784 1977 zen
812 1942 895 1969 von
928 1934 1091 1978 Condé,
1119 1935 1189 1978 und
1220 1934 1383 1977 niemand
1404 1935 1470 1985 gab
1498 1933 1691 1984 demſelben

721 1982 985 2034 verderblichere
1003 1979 1314 2038 Entſchlieſſungen
1334 1985 1411 2036 ein,
1432 1986 1493 2030 als
1517 1995 1562 2031 er.

809 2111 971 2158 Condé,
991 2112 1034 2156 ob
1054 2123 1089 2157 er
1102 2111 1216 2163 gleich
1235 2117 1292 2161 der
1309 2113 1428 2165 Rache
1444 2112 1502 2160 der
1522 2115 1684 2166 Fronde

717 2167 790 2207 und
808 2169 885 2209 dem
910 2163 1093 2210 Unwillen
1093 2163 1178 2211 des
1208 2166 1330 2215 Hofes
1361 2164 1552 2225 ausgeſetzt
1578 2173 1681 2221 war,

714 2219 847 2266 machte
868 2220 1017 2267 dennoch
1044 2219 1209 2270 Anſtalt,
1238 2225 1305 2266 den
1325 2220 1501 2277 Kardinal
1529 2216 1681 2276 Maza⸗

712 2280 777 2313 rin
796 2273 858 2321 bey
876 2276 932 2318 der
948 2270 1097 2321 Nation
1108 2279 1156 2322 zu
1173 2272 1359 2328 verfolgen.
