2596 3827
608 617 736 657 Anno
760 624 881 668 1751.

632 677 782 731 Fuͤrth.

601 815 740 863 Adult.

601 1082 821 1141 Aggratiat.

598 1355 779 1400 Furtum.

599 1634 838 1681 Proſtibula.

596 1978 762 2025 Falſum.

592 2249 777 2299 Furtum.

597 2454 813 2511 Bygamia.

600 2802 738 2848 Adult.

597 3068 740 3146 Adult.

959 668 1222 725 ſuppliciren,
1269 667 1400 722 ſeinen
1426 668 1644 725 Freuͤnden
1668 675 1743 726 zur
1766 666 2022 726 Abfuͤhrung
2044 670 2191 723 nacher

967 728 1198 787 Nuͤrnberg
1220 726 1461 781 uͤberlaßen.

968 808 1153 864 Johann
1181 810 1328 868 Wolff
1355 809 1561 863 Reindel,
1595 811 1663 858 ein
1692 808 1911 858 beweibter
1937 807 2199 869 Schneider,

966 873 1052 923 und
1078 871 1321 927 Eliſabetha
1353 870 1620 926 Hofmaͤnnin
1644 870 1809 920 werden
1835 882 1978 925 wegen
2006 877 2124 924 ihres
2148 876 2194 916 in

961 930 1322 987 Nuͤrnbergiſchen
1346 933 1502 982 Ettern
1528 930 1791 987 begangenen
1814 931 2063 989 Ehebruchs
2097 947 2194 980 vom

962 996 1264 1048 Glaits ⸗ Amt
1283 997 1469 1052 arretirt,
1495 995 1581 1042 und
1600 994 1745 1051 allhier
1762 999 1941 1053 relegirt.

968 1086 1179 1138 Fragum,
1214 1084 1547 1141 Dom ⸗ Proͤſtl.
1573 1086 1671 1142 Jud
1694 1086 1737 1134 in
1766 1084 1926 1145 Fuͤrth,
1959 1086 2067 1134 wird
2090 1084 2195 1140 nach

972 1141 1313 1198 etlich ⸗ jaͤhriger
1329 1140 1819 1195 Landes ⸗ Verweiſung
1835 1149 2078 1198 aggratiiret,
2106 1150 2195 1189 und

968 1204 1077 1258 ihme
1093 1204 1157 1250 ein
1171 1201 1484 1260 Hoch ⸗ Fuͤrſtl.
1504 1201 2193 1257 Landes ⸗ Huldigungs ⸗ Patent

971 1265 1172 1316 ertheilet.

972 1354 1156 1402 Conrad
1174 1351 1394 1406 Wagner,
1413 1351 1791 1410 Dom ⸗ Proͤbſtl.
1828 1350 2195 1409 Beſtand ⸗ Tag⸗

976 1408 1148 1463 loͤhner,
1175 1405 1284 1453 wird
1312 1413 1453 1462 wegen
1479 1404 1764 1460 wiederholter
1784 1410 2195 1463 Feld ⸗ Diebereyen

976 1478 1058 1519 von
1074 1470 1165 1519 dem
1194 1468 1478 1519 Glaits⸗Amt
1504 1465 1786 1524 eingebracht,
1821 1478 1908 1516 und
1942 1481 2087 1523 allhier
2117 1486 2197 1517 mit

980 1534 1303 1594 Stockſchlaͤgen
1317 1535 1500 1594 relegirt.

981 1630 1243 1689 Kunigunda
1268 1630 1563 1683 Rommederin
1583 1632 1669 1682 und
1693 1630 1907 1685 Barbara
1928 1631 2119 1689 Heinlin,
2147 1645 2192 1681 2.

979 1692 1244 1751 incorrigible
1275 1693 1520 1746 Proſtibula,
1550 1693 1716 1742 werden
1746 1698 1887 1748 wegen
1917 1694 2192 1752 vorſetzlichen

983 1757 1362 1814 Urphed⸗Bruchs
1378 1757 1617 1806 abermalen
1631 1766 1679 1812 zu
1697 1755 1833 1816 Fuͤrth
1845 1762 2033 1814 arretirt,
2051 1763 2192 1813 erſtere

983 1824 1058 1870 ins
1074 1820 1370 1877 Zucht⸗ Hauß
1389 1822 1678 1871 condemnirt,
1698 1819 1785 1871 und
1800 1821 1935 1880 letzere
1952 1825 2032 1871 des
2048 1825 2190 1876 Fraͤn⸗

985 1881 1149 1935 ckiſchen
1165 1878 1372 1935 Crayßes
1382 1868 1626 1934 verwieſen.

982 1960 1170 2014 Moyſes
1186 1948 1381 2014 Samſon
1404 1958 1523 2017 Levi,
1551 1958 1991 2017 Dom⸗Proͤbſtiſcher
2009 1962 2192 2016 Schutz⸗

976 2027 1097 2088 Jud,
1122 2027 1229 2078 wird
1247 2035 1387 2083 wegen
1405 2027 1690 2084 ausgeſtellter
1713 2027 1884 2086 falſcher
1904 2028 2089 2084 Scheine
2103 2030 2192 2076 und

983 2099 1198 2154 geſpielten
1218 2099 1449 2157 Betrugs,
1477 2100 1553 2149 mit
1570 2099 1612 2150 6.
1631 2098 1922 2158 Monatlicher
1946 2097 2189 2158 Springer⸗

986 2162 1136 2214 Arbeit
1154 2154 1304 2217 belegt.

976 2246 1239 2301 Kunigunda
1252 2247 1498 2306 Wertzerin,
1508 2245 1754 2304 Eliſabetha
1768 2245 1942 2299 Weißin
1954 2249 2041 2297 und
2052 2247 2190 2300 Mar⸗

978 2307 1155 2363 garetha
1177 2306 1336 2361 Weßin
1352 2320 1395 2362 3.
1412 2306 1633 2360 liederliche
1652 2295 2059 2361 Feld ⸗ Diebinnen,
2084 2314 2189 2355 wer⸗

981 2353 1060 2413 den
1070 2369 1150 2413 mit
1169 2351 1478 2426 Stockſchlaͤgen
1496 2358 1795 2425 fortgeſchafft.

985 2435 1170 2489 Johann
1184 2434 1369 2488 Paulus
1380 2428 1630 2487 Stroͤhlein,
1641 2439 1996 2488 Nuͤrnbergiſcher
2008 2445 2192 2489 Schnei⸗

981 2510 1274 2564 der⸗Meiſter,
1302 2509 1391 2559 und
1422 2509 1549 2562 Anna
1580 2509 1738 2562 Maria
1766 2508 1980 2560 Guͤnterin
2004 2513 2191 2573 werden,

984 2575 1071 2627 als
1091 2572 1334 2634 uͤberfuͤhrte
1357 2573 1634 2632 Bygamitten,
1662 2579 1747 2625 von
1772 2571 1862 2622 dem
1890 2574 2196 2625 Glaits ⸗ Amt

983 2642 1122 2705 Fuͤrth
1141 2641 1409 2701 eingezogen,
1426 2637 1571 2695 allhier
1587 2641 1671 2703 auf
1686 2642 1765 2695 den
1793 2640 1997 2701 Pranger
2019 2646 2193 2702 geſtellet

981 2705 1069 2756 und
1085 2692 1273 2763 relegirt.

980 2798 1183 2850 Andreas
1207 2794 1418 2855 Hampel,
1447 2795 1951 2855 Dom ⸗ Probſteylicher
1976 2799 2188 2851 Exequent

983 2860 1071 2908 und
1087 2862 1214 2910 Anna
1231 2857 1525 2916 Margaretha
1542 2855 1750 2914 Beſoldin
1765 2865 1814 2915 zu
1831 2858 1993 2917 Fuͤrth,
2021 2860 2188 2907 werden

985 2933 1128 2982 wegen
1142 2927 1262 2983 ihres
1280 2928 1324 2976 in
1376 2911 1782 2986 Dom ⸗ Proͤbſtiſchen
1807 2924 1963 2979 Ettern
1990 2913 2188 2982 getriebe⸗

985 3002 1067 3043 nen
1082 2988 1331 3046 Ehebruchs
1349 2991 1496 3053 allhier
1514 2981 1739 3046 relegirt.

981 3076 1167 3131 Johann
1188 3074 1337 3129 Georg
1355 3076 1585 3132 Koͤhnlein,
1613 3073 2198 3133 Brandenburgiſcher
2078 3071 2200 3136 Gold⸗

985 3136 1187 3193 ſchmidt,
1224 3132 1311 3182 und
1355 3136 1567 3192 Johann
1602 3135 1813 3192 Melchior
1868 3134 2192 3190 Dannhaußer,

989 3193 1590 3254 Strumpfwuͤrcker ⸗ Meiſter
1604 3201 1653 3251 zu
1674 3193 1827 3252 Fuͤrth,
1857 3191 1991 3250 haben
2006 3197 2082 3243 mit
2092 3195 2191 3243 Su⸗

992 3257 1127 3314 ſanna
1155 3255 1408 3315 Catharina
1430 3256 1704 3319 Schmidtin,
1739 3256 1867 3312 vulgo
1902 3258 2193 3323 Zuckerſuͤßen,
