1579 2265
485 316 578 360 Den
594 317 724 364 17den,
751 314 873 365 Herrn
889 323 965 359 von
980 314 1179 367 Hollbergs
1192 317 1319 370 politi⸗

424 361 523 426 ſcher
526 367 827 424 Kannegießer,
838 362 895 418 ein
907 363 1024 417 Ballet
1022 371 1097 418 von
1097 371 1319 425 Boͤttchern,

426 434 503 471 und
520 431 576 472 ein
593 427 795 481 Nachſpiel.

484 485 577 529 Den
594 489 718 534 18den,
736 486 791 526 die
801 482 1065 538 Spielerinn,
1082 484 1138 526 ein
1152 485 1320 544 Luſtſpiel

426 548 491 587 des
509 541 687 590 Riviedo
705 540 866 596 Freny,
897 546 972 586 und
987 546 1058 589 das
1073 542 1264 596 Nachſpiel
1280 545 1319 590 in

426 600 580 651 Verſen,
605 608 665 645 der
682 601 855 657 Hertzog
870 601 1039 653 Michel.

485 654 576 700 Den
600 657 729 704 19den,
761 658 866 695 ward
890 660 949 697 der
967 649 1227 713 Ehrſuͤchtige
1242 660 1317 699 und

425 719 497 758 das
512 714 718 767 Nachſpiel,
736 716 792 757 die
808 713 1017 764 Matrone
1030 720 1116 761 von
1130 713 1318 775 Epheſus

424 769 512 814 noch
529 771 658 811 einmal
677 769 914 822 vorgeſtellet.

483 829 576 873 Den
601 832 731 873 20ten,
771 834 850 878 zum
872 828 1051 880 Beſchluß
1081 832 1143 870 der
1166 827 1319 880 Schau⸗

423 870 523 914 ſpiele
547 869 690 913 fuͤhrten
715 871 758 915 ſie
779 874 835 905 ein
850 872 1033 916 Vorſpiel,
1056 881 1220 913 genannt
1244 880 1316 908 das

422 938 514 997 Feſt
526 941 594 988 der
610 940 844 988 dankbaren
852 938 1048 994 Schaͤfer,
1057 939 1138 992 auf,
1153 931 1328 994 hiernach

422 999 533 1050 folgte
542 1002 612 1041 das
636 992 861 1051 Trauerſpiel,
886 993 1149 1054 Mithridates,
1166 1004 1221 1043 des
1240 994 1317 1054 Her⸗

422 1066 486 1098 ren
507 1055 672 1106 Racine,
695 1059 770 1097 und
793 1065 874 1108 zum
897 1056 1078 1111 Beſchluß
1099 1060 1172 1100 das
1193 1059 1317 1110 Nach⸗

418 1109 514 1163 ſpiel,
530 1116 691 1160 genannt
707 1116 776 1154 das
793 1103 1021 1166 Gaͤnsgen.

483 1168 575 1214 Den
590 1173 703 1217 21ten,
720 1168 974 1217 wiederholten
990 1168 1034 1220 ſie
1050 1172 1120 1211 das
1132 1168 1316 1222 Vorſpiel,

423 1225 492 1268 wie
514 1224 602 1273 auch
631 1225 718 1276 noch
740 1225 875 1269 einmal
898 1231 969 1270 das
994 1225 1225 1276 Trauerſpiel
1246 1232 1315 1269 den

421 1279 677 1331 Kaufmann
692 1288 778 1326 von
791 1279 980 1336 London,
989 1285 1064 1324 und
1077 1281 1237 1330 machten
1247 1277 1330 1328 den

407 1335 622 1398 gaͤnzlichen
636 1341 817 1391 Beſchluß
832 1343 898 1384 mit
912 1347 1026 1385 einem
1043 1343 1188 1390 Ballet,
1212 1340 1314 1394 waͤh⸗

421 1398 508 1437 rend
534 1393 697 1443 welchem
721 1396 774 1437 die
798 1395 1018 1447 Maſchinen
1038 1399 1104 1439 des
1128 1397 1312 1448 Theaters

423 1451 642 1502 einfielen.
671 1453 846 1503 Vorhero
885 1454 970 1496 aber
1002 1452 1089 1498 noch
1122 1454 1227 1505 hielte
1258 1455 1313 1499 die

423 1507 528 1560 Frau
549 1507 839 1549 Ackermanninn
863 1508 926 1557 erſt
948 1510 1025 1551 eine
1046 1502 1120 1555 ſehr
1143 1508 1242 1560 wohl
1255 1517 1313 1559 ge⸗

488 1564 577 1619 ſetzte
591 1566 820 1618 Abdankung
837 1572 911 1611 und
926 1566 1195 1621 Abſchiedsrede
1211 1571 1248 1613 in

790 1629 945 1679 Verſen.
