1629 2474
461 449 536 496 lich,
570 452 632 488 und
652 462 684 486 er
704 451 780 498 hielt
798 460 833 487 es
857 450 908 494 fuͤr
929 452 1016 489 einen
1038 452 1213 500 Schimpf,
1243 452 1308 498 daß
1331 462 1363 492 er
1383 453 1439 503 ſich

457 500 519 537 mit
537 501 635 537 einem
657 500 772 546 ſolchen
790 508 915 545 zarten,
948 499 1199 550 unbewaffneten
1218 500 1389 551 Juͤngling
1405 504 1440 540 in

458 553 551 589 einen
577 552 710 597 Kampf
733 554 875 599 einlaſſen
904 554 999 599 ſollte.
1060 556 1164 595 “Bin
1197 557 1242 600 ich
1275 559 1355 593 denn
1389 557 1440 594 ein

457 602 581 650 Hund,
610 604 671 647 rief
683 614 715 639 er
729 603 795 648 ihm
808 615 864 650 zu,
892 604 956 650 daß
981 609 1022 641 du
1043 607 1101 643 mit
1121 606 1225 645 einem
1245 606 1383 651 Stecken
1401 616 1439 653 zu

458 655 523 692 mir
547 654 705 698 kommſt?
737 656 862 693 Komm
888 666 947 693 nur
971 654 1043 702 her,
1074 655 1120 699 ich
1139 657 1204 696 will
1223 659 1331 696 deinen
1346 657 1441 702 Leich⸗

457 715 536 742 nam
557 710 615 741 den
637 705 847 752 Raubvoͤgeln
871 710 933 745 und
954 710 1013 745 den
1033 708 1149 746 wilden
1166 708 1302 756 Thieren
1314 719 1351 756 zu
1366 710 1440 756 freſ⸗

457 756 507 801 ſen
536 756 667 802 geben.”
730 758 851 798 David
878 762 1062 795 antwortete
1087 765 1169 803 ganz
1197 759 1440 804 unerſchrocken:

457 810 551 850 “Du
565 809 668 855 magſt
682 809 798 847 immer
811 811 871 848 mit
886 811 1041 855 Schwert
1053 815 1117 850 und
1131 810 1246 857 Spieß
1259 821 1440 859 angezogen

457 846 627 901 kommen;
653 859 697 902 ich
711 859 832 896 komme
845 861 890 897 im
907 859 1044 898 Namen
1060 863 1116 897 des
1132 856 1268 908 Jehova
1283 858 1441 910 Zebaoth,

456 913 585 958 welcher
608 919 661 951 der
684 916 768 953 Gott
787 919 844 952 des
868 915 992 965 Heeres
1013 915 1129 963 Jſrael
1152 917 1210 964 iſt,
1245 919 1307 954 das
1328 919 1368 953 du
1390 928 1440 962 ge⸗

456 963 599 1009 ſchaͤndet
618 965 699 1012 haſt.
749 964 879 1005 Deinen
893 964 1024 1012 eigenen
1038 959 1180 1019 Leichnam
1198 967 1271 1005 will
1289 966 1334 1012 ich
1351 968 1442 1016 heute

456 1019 516 1054 den
549 1016 681 1065 Voͤgeln
714 1020 778 1055 und
810 1018 923 1057 wilden
956 1016 1094 1067 Thieren
1124 1029 1169 1066 zu
1189 1014 1323 1069 freſſen
1328 1018 1465 1066 geben.

456 1065 566 1106 Deine
593 1066 775 1105 Landsleute
802 1067 891 1111 ſollen
918 1066 1080 1116 erfahren,
1117 1067 1183 1114 daß
1208 1064 1323 1121 Jſrael
1341 1068 1439 1108 einen

455 1122 542 1161 Gott
558 1124 631 1169 hat;
660 1122 766 1169 unſere
784 1133 886 1170 ganze
912 1122 994 1162 Armee
1026 1125 1077 1167 ſoll
1090 1124 1198 1174 ſehen,
1225 1126 1289 1170 daß
1301 1123 1439 1174 Jehova

454 1174 534 1218 ohne
550 1173 707 1218 Schwert
723 1178 788 1211 und
807 1169 898 1224 Spieß
925 1170 1033 1224 helfen
1044 1174 1140 1223 kann,
1165 1178 1233 1214 und
1246 1171 1299 1224 daß
1316 1177 1372 1216 dis
1382 1178 1438 1214 ein

452 1213 557 1265 Krieg
572 1215 628 1251 iſt,
662 1216 719 1242 den
735 1214 784 1243 Er
799 1216 962 1255 fuͤhret.”
981 1218 1117 1253 Jndem
1132 1223 1206 1245 nun
1224 1220 1355 1260 Goliath
1369 1222 1439 1254 ihm

453 1277 490 1314 zu
515 1259 594 1305 Leibe
616 1269 714 1317 gehen
735 1270 818 1315 will,
854 1273 930 1317 legt
949 1268 1048 1320 David
1068 1273 1160 1312 einen
1177 1265 1348 1316 Stein
1291 1265 1339 1325 in
1358 1274 1438 1319 ſeine

453 1320 652 1366 Schleuder,
682 1325 746 1358 und
762 1319 849 1369 wirft
864 1324 920 1369 ihn
936 1325 995 1361 mit
1009 1324 1156 1368 einem
1119 1318 1160 1371 ſo
1173 1315 1358 1369 kraftvollen
1386 1324 1441 1374 und

451 1375 597 1422 gewiſſen
612 1375 806 1421 Schwung,
832 1377 899 1419 daß
909 1388 944 1418 er
961 1381 1024 1418 dem
1041 1368 1200 1427 Philiſter
1214 1378 1325 1417 mitten
1340 1379 1374 1419 in
1388 1381 1437 1419 die

452 1428 579 1468 Stirne
603 1426 707 1476 faͤhrt,
741 1431 806 1464 und
830 1429 896 1477 ihm
921 1431 970 1468 die
995 1428 1180 1476 Hirnſchale
1202 1428 1438 1477 zerſchmettert.

452 1478 591 1527 Goliath
613 1480 684 1526 faͤllt
728 1474 769 1524 zu
759 1480 900 1528 Boden,
934 1481 1052 1520 David
1072 1479 1154 1529 laͤuft
1171 1481 1291 1529 hinzu,
1316 1482 1436 1525 nimmt

451 1535 510 1571 des
524 1531 638 1577 Rieſen
658 1530 810 1575 Schwert
823 1534 885 1568 und
900 1531 978 1579 haut
991 1531 1057 1579 ihm
1073 1534 1131 1570 den
1153 1532 1251 1579 Kopf
1275 1530 1344 1584 ab.
1362 1535 1437 1575 Die

451 1582 621 1628 beſtuͤrzten
639 1582 790 1631 Philiſter
808 1584 941 1631 nehmen
957 1584 1005 1622 die
1018 1582 1148 1634 Flucht,
1181 1586 1231 1624 die
1252 1583 1437 1632 Jſraeliten

452 1630 530 1650 eilen
545 1630 636 1657 ihnen
655 1628 714 1647 mit
728 1624 858 1656 großem
872 1623 1154 1659 Freudengeſchrey
1169 1634 1263 1657 nach,
1290 1635 1383 1659 jagen
1397 1634 1435 1659 ſie

453 1686 529 1724 uͤber
544 1688 591 1723 die
605 1685 729 1733 Grenze
743 1684 868 1733 zuruͤck,
897 1687 960 1724 und
977 1686 1131 1733 pluͤndern
1148 1688 1254 1735 ſodann
1271 1688 1327 1736 ihr
1341 1687 1435 1736 Lager

453 1746 529 1778 aus.

529 1785 590 1824 So
611 1784 669 1822 wie
689 1786 743 1823 der
765 1783 861 1829 junge
882 1783 1001 1825 David
1025 1787 1059 1825 in
1080 1788 1152 1826 dem
1173 1786 1325 1830 Gewand
1348 1788 1437 1827 eines

451 1839 691 1888 Hirtenknaben
707 1845 781 1879 dem
798 1841 914 1888 Rieſen
933 1842 1071 1891 Goliath
1086 1841 1270 1887 veraͤchtlich
1287 1853 1378 1889 war,
1404 1843 1434 1889 ſo

450 1897 569 1931 werden
584 1901 659 1935 auch
684 1893 723 1929 die
749 1887 892 1933 Streiter
912 1886 989 1935 Jeſu
1011 1888 1124 1933 Chriſti
1140 1902 1198 1931 von
1221 1901 1274 1929 den
1300 1894 1424 1936 Feinden

451 1944 550 1989 ſeines
584 1943 729 1990 Kreuzes
755 1943 892 1990 jederzeit
920 1946 980 1992 mit
1006 1945 1216 1990 Verachtung
1244 1945 1431 1994 angeſehen:

452 1997 533 2032 denn
555 1994 593 2040 ſie
614 1994 712 2042 gehen
732 1994 766 2031 in
785 1997 840 2032 der
860 2005 969 2033 armen
990 1997 1117 2043 Geſtalt
1134 1997 1221 2045 ihres
1240 1995 1347 2043 Herrn
1367 2001 1432 2036 und

452 2046 627 2093 Meiſters,
658 2050 724 2085 und
743 2047 793 2085 die
812 2046 968 2094 Waffen,
999 2048 1060 2086 mit
1075 2051 1173 2087 denen
1192 2049 1231 2093 ſie
1259 2050 1312 2087 das
1336 2042 1431 2100 Reich

442 2105 505 2140 der
527 2100 708 2151 Finſterniß
730 2100 935 2150 bekaͤmpfen,
970 2101 1035 2150 ſind
1057 2103 1138 2151 nicht
1158 2101 1334 2155 fleiſchlich,
1367 2105 1433 2151 ſon⸗
