1695 2618
317 486 409 529 Thun
432 487 509 525 kund
534 498 596 526 und
620 494 713 533 fuͤgen
736 497 858 533 hiermit
880 489 1141 543 jedermaͤnniglich
1165 504 1199 541 zu
1215 494 1282 541 wiſ⸗

231 537 300 584 ſen,
325 545 362 575 ob
386 553 465 587 zwar
488 551 579 593 durch
605 545 772 594 vielfaͤltige
794 552 1058 593 Verordnungen,
1082 550 1280 599 abſonderlich

231 597 320 641 durch
345 598 390 636 die
413 602 516 639 Edikte
539 613 611 638 vom
638 610 729 639 12ten
752 604 926 643 November
957 612 1058 649 1739,
1093 610 1154 644 und
1192 612 1281 653 19ten

231 649 404 687 November
431 660 489 694 176
534 661 592 689 das
616 661 781 701 unbefugte
804 658 955 704 Schießen
983 659 1015 693 in
1049 662 1104 696 den
1138 660 1281 701 Staͤdten

228 707 291 740 und
317 705 478 752 Doͤrfern,
516 713 638 755 welches
662 714 691 753 ſo
716 715 789 747 viele
812 714 904 758 große
928 712 1182 761 Feuersbruͤnſte,
1215 719 1279 754 und

229 760 310 800 wohl
333 771 389 802 gar
410 766 660 810 Menſchenmord
684 767 852 810 verurſacht
874 769 946 810 hat,
970 770 1027 811 auf
1048 772 1106 804 das
1130 773 1280 815 ernſtlich⸗

228 812 265 848 ſte
296 819 358 845 und
390 820 444 852 bey
474 819 575 851 harter
605 817 722 857 Strafe
760 820 922 860 allgemein
957 820 1101 857 verboten
1131 821 1278 865 worden;

226 866 257 904 ſo
281 868 376 907 haben
399 872 468 903 Wir
491 873 621 912 dennoch
646 879 680 911 zu
705 872 848 912 Unſerem
871 871 997 918 groͤßten
1020 876 1186 919 Mißfallen
1212 885 1279 912 ver⸗

227 927 391 955 nommen,
418 921 476 956 daß
499 922 591 959 dieſes
625 926 713 954 Uebel
744 925 1008 965 demohngeachtet
1039 923 1116 968 nicht
1147 920 1276 970 gaͤnzlich

228 975 451 1011 unterblieben,
477 975 603 1013 ſondern
626 978 715 1015 durch
739 978 796 1010 das
820 980 978 1013 verbotene
1001 978 1173 1025 Schießen,
1212 979 1279 1014 ins⸗

229 1023 386 1068 beſondere
408 1035 468 1060 von
492 1027 619 1070 jungen,
641 1029 735 1070 rohen
757 1031 819 1065 und
844 1033 1050 1075 unerfahrnen
1075 1035 1195 1078 Leuten,
1224 1043 1278 1070 an⸗

229 1080 301 1119 noch
325 1079 575 1123 verſchiedentlich
600 1081 661 1117 viel
682 1080 811 1126 Ungluͤck
834 1084 1015 1131 angerichtet
1032 1089 1165 1123 worden.
1209 1088 1280 1126 Wir

226 1128 321 1175 haben
356 1134 418 1174 alſo
451 1130 502 1175 fuͤr
539 1136 595 1174 gut
629 1138 691 1171 und
730 1133 836 1181 noͤthig
869 1139 1040 1183 gefunden,
1085 1143 1279 1187 vorbeſagtes

226 1179 315 1216 Edikt
337 1190 409 1216 vom
435 1189 525 1218 12ten
548 1185 722 1222 November
746 1194 827 1229 1739
858 1187 1011 1232 hierdurch
1042 1189 1134 1227 dahin
1165 1199 1201 1234 zu
1232 1200 1280 1226 er⸗

226 1244 359 1276 neuern,
383 1247 418 1280 zu
443 1240 599 1277 erweitern
620 1244 683 1277 und
707 1252 741 1284 zu
773 1240 917 1284 ſchaͤrfen.

312 1288 471 1331 Erſtens
504 1292 558 1334 ſoll
590 1291 666 1333 ohne
696 1291 790 1337 einige
822 1294 1002 1341 Ausnahme
1038 1296 1200 1341 niemand,
1244 1306 1276 1334 er

223 1335 270 1381 ſey
295 1347 359 1376 wer
379 1350 410 1377 er
432 1346 538 1384 wolle,
569 1354 641 1381 vom
664 1345 824 1384 Militair⸗
851 1350 921 1384 oder
944 1349 1144 1395 Civilſtande,
1178 1351 1276 1394 hohen

224 1396 296 1432 oder
318 1396 471 1440 niedrigen
494 1398 644 1444 Ranges,
675 1409 710 1444 zu
737 1400 841 1447 irgend
867 1405 947 1440 einer
968 1407 1034 1447 Zeit
1066 1409 1114 1445 ein
1144 1409 1277 1454 Schieß⸗

222 1446 361 1491 gewehr,
406 1440 476 1487 oder
512 1452 569 1488 mit
601 1452 829 1500 Schießpulver
867 1457 1026 1501 geladenes
1063 1458 1276 1504 Jnſtrument,

220 1512 282 1541 von
305 1508 425 1552 welcher
449 1509 592 1554 Gattung
616 1512 726 1558 ſolches
751 1513 824 1556 auch
848 1514 918 1559 ſeyn
942 1523 1035 1559 mag,
1069 1519 1143 1559 ohne
1167 1521 1276 1556 Unter⸗

220 1559 326 1604 ſchied,
351 1566 383 1597 es
406 1562 453 1607 ſey
478 1563 574 1609 ſcharf
593 1565 720 1611 geladen
743 1568 813 1602 oder
834 1568 927 1616 nicht,
951 1570 983 1607 in
1007 1569 1163 1616 Staͤdten,
1187 1574 1276 1611 Vor⸗

217 1608 352 1656 ſtaͤdten,
376 1613 537 1659 Doͤrfern,
562 1618 672 1655 Amts⸗
699 1620 770 1656 oder
792 1616 1093 1667 Vorwerkshaͤuſern
1117 1627 1181 1661 und
1206 1624 1274 1669 Hoͤ⸗

217 1662 269 1701 fen
293 1663 492 1713 losſchießen,
523 1668 586 1702 und
611 1669 681 1704 eben
703 1671 735 1713 ſo
753 1670 852 1715 wenig
877 1670 991 1716 einiges
1005 1674 1180 1717 Feuerwerk
1196 1686 1275 1712 wer⸗

213 1710 265 1752 fen
288 1715 360 1748 oder
389 1716 583 1751 losbrennen.

302 1764 505 1810 Zweytens
539 1773 592 1816 ſoll
615 1771 788 1815 derjenige,
813 1774 937 1819 welcher
959 1776 1111 1814 darwider
1133 1788 1168 1820 zu
1193 1778 1270 1819 han⸗

214 1815 282 1850 deln
305 1817 358 1862 ſich
382 1820 512 1861 geluͤſten
535 1826 624 1865 laſſen
648 1825 732 1862 will,
764 1834 850 1859 wenn
874 1827 963 1869 gleich
988 1828 1103 1862 daraus
1127 1837 1183 1871 gar
1203 1830 1266 1866 kein

212 1868 339 1915 Schade
363 1872 474 1915 erfolgt
504 1876 560 1917 iſt,
592 1879 661 1910 oder
693 1886 797 1918 wegen
823 1880 995 1922 feuerfeſter
1025 1880 1266 1926 Beſchaffenheit

210 1924 262 1960 der
287 1920 435 1963 Gebaͤude
459 1930 676 1973 muthmaßlich
709 1930 787 1975 nicht
818 1932 951 1976 erfolgen
980 1932 1105 1976 kann,
1132 1936 1264 1984 dennoch

209 1975 287 2014 ohne
309 1978 444 2020 Anſehen
470 1980 522 2013 der
544 1983 683 2024 Perſon,
713 1988 775 2017 und
801 1985 877 2026 ohne
900 1985 958 2027 daß
981 1985 1044 2024 ihm
1068 1986 1162 2031 einige
1186 1991 1264 2026 Ent⸗

205 2026 404 2071 ſchuldigung
426 2037 461 2071 zu
484 2031 593 2074 ſtatten
621 2035 762 2079 komme,
793 2032 867 2071 uͤber
896 2038 941 2072 die
970 2038 1177 2084 Konfiſcation
1206 2044 1262 2078 des

206 2075 376 2116 Gewehrs,
414 2089 448 2112 es
472 2089 543 2122 mag
567 2085 631 2121 ihm
655 2090 725 2119 oder
750 2089 845 2120 einem
869 2087 983 2120 andern
1013 2083 1165 2129 gehoͤren,
1204 2097 1260 2124 an⸗

203 2131 277 2173 noch
300 2130 417 2175 funfzig
430 2133 642 2178 Reichsthaler
664 2139 780 2179 Strafe
800 2140 928 2181 erlegen,
953 2140 1014 2174 und
1039 2149 1128 2176 wenn
1154 2152 1184 2179 er
1204 2144 1259 2182 des

203 2179 402 2228 Vermoͤgens
424 2185 503 2230 nicht
533 2186 589 2229 iſt,
621 2192 714 2237 ſolche
737 2191 854 2232 Strafe
874 2201 908 2235 zu
937 2189 1098 2235 bezahlen,
1132 2197 1191 2239 auf
1212 2197 1261 2235 die

200 2231 315 2280 naͤchſte
336 2238 468 2282 Feſtung
492 2239 649 2286 gebracht,
681 2246 743 2278 und
768 2246 847 2290 ſechs
870 2247 1005 2283 Monate
1028 2246 1099 2290 lang
1124 2257 1178 2294 zur
1199 2252 1260 2288 Ar⸗

199 2290 259 2328 beit
282 2300 322 2330 an
347 2293 397 2329 der
420 2293 517 2331 Karre
549 2298 753 2341 angehalten,
792 2300 846 2343 bey
877 2298 1117 2347 Wiederholung
1147 2304 1259 2348 ſolcher
