1868 2715
233 413 332 456 plump
353 414 417 445 oder
436 411 463 450 ſo
484 410 656 451 melſterhaft
676 409 720 442 als
741 414 771 441 es
789 410 847 446 ihre
859 404 1036 447 Faͤhigkeiten
1053 402 1216 441 erlaubten;
1236 403 1272 441 ſie

235 467 360 501 machten
381 464 415 501 ſie
435 473 466 503 zu
488 463 604 504 Waffen
626 462 699 502 ihrer
719 460 797 500 Logik
820 464 876 491 und
887 468 918 498 zu
932 456 1045 497 Waffen
1058 459 1131 496 ihres
1147 456 1272 493 Spotts;

236 524 306 558 alles
328 521 407 557 ſchrie
427 520 494 554 uͤber
515 521 558 553 die
578 516 803 558 Jnconſequenz,
826 514 894 548 uͤber
915 517 956 548 die
975 512 1181 551 Verkehrtheit,
1208 512 1275 544 uͤber

237 583 290 613 den
309 577 470 618 Wahnſinn
499 582 575 608 eines
603 574 737 611 Manns,
767 573 825 610 der,
859 571 911 603 wie
930 576 960 601 es
982 570 1055 608 hieß,
1086 569 1137 599 das
1159 566 1277 606 menſch⸗

237 637 300 674 liche
329 634 485 674 Geſchlecht
511 632 565 667 auf
588 634 648 665 dem
678 630 791 670 Punct,
819 632 870 662 den
890 637 921 660 es
941 630 970 661 in
992 628 1087 664 dieſem
1109 623 1278 662 Augenblick

236 692 346 731 etreicht
366 691 452 730 hatte,
475 689 523 729 feſt
543 689 637 729 halten
658 688 763 724 wollte,
790 687 857 723 nach
881 685 967 721 deſſen
988 682 1109 723 Syſtem
1125 686 1175 715 den
1188 680 1277 715 Nati⸗

236 754 321 780 onen
344 750 387 779 die
403 743 564 784 Befugniß,
585 739 810 779 Conſtitutionen
832 748 865 778 zu
886 737 1000 776 ſchaffen
1021 741 1078 769 und
1089 732 1277 775 umzubilden,

238 805 283 839 bis
307 803 399 841 hieher
420 801 599 840 zugeſtanden
621 798 723 838 haben,
744 799 800 830 und
821 802 881 828 nun
902 794 953 832 auf
972 796 1076 828 einmal
1096 797 1154 827 und
1167 792 1213 832 fuͤr
1226 793 1276 825 im⸗

244 865 305 891 mer
325 856 453 893 entriſſen
479 854 541 894 ſeyn
563 851 648 889 ſollte.

316 914 378 955 Ehe
398 921 466 945 man
487 912 567 944 einen
588 907 734 949 wahrhaft
761 908 863 947 großen
883 907 986 941 Mann
1007 904 1104 942 ſolcher
1123 904 1280 938 Verirrun⸗

240 977 308 1011 gen,
333 977 385 1000 vor
411 970 497 1000 denen
523 967 648 1008 gemeine
667 965 759 1002 Koͤpfe
778 964 907 1000 erroͤthen
934 962 1059 999 muͤßten,
1093 961 1281 998 beſchuldiget,

240 1027 317 1069 ſollte
338 1032 405 1058 man
428 1024 491 1057 doch
513 1024 612 1063 reiflich
637 1020 778 1060 erwaͤgen,
807 1022 840 1051 ob
862 1026 891 1052 es
913 1018 1005 1051 keinen
1027 1020 1132 1050 andern
1154 1016 1280 1054 Ausweg

239 1084 323 1125 giebt,
345 1086 388 1116 die
408 1081 559 1118 ſcheinbare
578 1078 793 1120 Jnconſequenz
816 1079 845 1110 in
869 1076 958 1114 ſeinen
974 1075 1204 1114 Behauptungen
1217 1071 1281 1111 auf⸗

239 1141 356 1181 zuloͤſen.
377 1140 420 1173 Es
442 1140 474 1177 iſt
494 1142 556 1170 eins
577 1142 624 1169 der
646 1134 856 1175 auffallendſten
877 1133 972 1167 Uebel,
996 1133 1093 1168 welche
1107 1131 1149 1162 die
1169 1128 1280 1167 franzoͤ⸗

240 1195 316 1235 ſiſche
336 1193 524 1230 Revolution,
552 1194 618 1222 oder
636 1188 769 1227 vielmehr
791 1189 833 1220 die
855 1185 1033 1224 Stimmung
1052 1189 1098 1215 der
1120 1181 1280 1220 Gemuͤther

239 1257 297 1283 von
325 1254 371 1282 der
391 1251 457 1285 dieſe
477 1248 653 1282 Revolution
681 1243 908 1283 hervorgebracht
939 1245 995 1273 und
1016 1242 1153 1275 durchaus
1175 1239 1283 1275 charak⸗

240 1305 343 1342 teriſirt
363 1305 454 1339 ward,
472 1305 581 1338 erzeugt
598 1302 659 1336 hat,
679 1300 733 1334 daß
753 1299 795 1330 die
814 1298 944 1334 Achtung
967 1303 1019 1327 vor
1035 1296 1140 1332 großen
1150 1294 1282 1329 Namen,

243 1365 324 1390 wenn
347 1357 381 1393 ſie
399 1357 473 1392 nicht
493 1355 544 1390 auf
564 1357 615 1384 den
638 1352 754 1389 Fahnen
778 1351 906 1383 beliebter
927 1348 1094 1387 Partheyen
1111 1346 1282 1382 ſchimmern,

245 1410 431 1448 allenthalben
453 1407 645 1448 auszuſterben
667 1406 790 1443 beginnt.
831 1404 910 1437 Dies
933 1403 963 1441 iſt
984 1404 1045 1434 eins
1062 1408 1118 1433 von
1131 1403 1181 1430 den
1194 1405 1284 1431 neuen

245 1459 584 1498 Gleichheitsprincipien,
613 1455 712 1486 womit
732 1457 785 1484 das
806 1449 1045 1489 wiedergebohrne
1066 1450 1228 1485 Frankreich
1241 1450 1285 1479 die

246 1525 404 1559 anbetende
424 1526 481 1554 und
503 1520 680 1562 nachaͤffende
705 1519 784 1555 Welt
804 1518 889 1557 ſeiner
909 1515 1107 1550 Bewunderer
1127 1512 1288 1552 beſchenkte.

248 1585 309 1620 Die
343 1581 515 1620 Befoͤrderer
552 1579 636 1620 dieſes
662 1577 862 1616 verderblichen
892 1570 1287 1615 Geringſchaͤtzungsſyſtems,

249 1641 316 1671 nach
341 1638 427 1676 deſſen
456 1635 557 1671 Lehren
585 1635 656 1675 hohe
684 1630 803 1668 Talente
831 1632 884 1664 mit
910 1627 1202 1669 Geiſtesarmſeligkeit
1231 1633 1291 1659 ver⸗

248 1700 345 1732 mengt
365 1698 487 1731 werden,
502 1696 560 1725 und
578 1691 651 1728 jeder
672 1692 767 1729 dreiſte
787 1687 1024 1728 Volksſchmierer
1046 1691 1099 1718 das
1120 1683 1213 1718 Genie
1223 1690 1291 1715 vom

249 1753 335 1791 erſten
356 1751 462 1790 Range
478 1758 531 1783 vor
556 1750 613 1786 ſein
641 1747 783 1782 Tribunal
808 1744 880 1784 zieht
904 1747 960 1776 und
982 1751 1020 1775 an
1043 1742 1131 1777 ſeinen
1153 1741 1292 1780 Pranger

250 1802 329 1842 ſtellt,
360 1801 460 1839 moͤgen
486 1798 614 1837 zuſehen,
635 1802 698 1830 was
727 1800 773 1829 der
800 1795 991 1833 menſchlichen
1018 1783 1204 1832 Geſellſchaft,
1228 1793 1292 1822 was

250 1869 301 1898 den
323 1863 518 1903 Fortſchritten
537 1866 585 1895 des
607 1859 719 1898 Geiſtes
741 1861 794 1892 mit
814 1861 861 1890 der
888 1854 1052 1895 Auſhebung
1074 1854 1152 1892 dieſer
1167 1852 1292 1892 ehrwuͤr⸗

250 1918 355 1956 digſten
376 1917 443 1948 aller
469 1913 747 1955 Ariſtokratien
776 1913 887 1949 gedient
908 1910 970 1948 ſeyn
994 1909 1076 1943 wird.
1114 1908 1175 1941 So
1188 1907 1241 1938 viel
1260 1906 1294 1945 iſt

253 1973 355 2013 gewiß,
386 1972 440 2009 daß
467 1971 509 2001 die
529 1970 675 2006 Maxime,
696 1969 727 2000 in
748 1970 799 2004 den
820 1966 1071 2004 Raiſonnememts
1090 1965 1164 1993 eines
1188 1961 1293 1998 großen

254 2028 400 2063 Mannes,
421 2032 476 2056 nur
496 2024 583 2059 dann,
605 2029 689 2054 wenn
714 2022 766 2053 alle
786 2025 872 2053 andre
892 2018 1058 2056 Auslegung
1079 2014 1223 2053 ſcheiterte,
1236 2015 1295 2048 Un⸗

253 2078 429 2117 gereimtheit
448 2079 512 2111 oder
532 2073 740 2116 Widerſpruͤche
760 2072 964 2112 anzunehmen,
985 2068 1079 2106 bisher
1098 2076 1155 2101 von
1167 2068 1297 2107 erſprieß⸗

255 2137 339 2173 lichen
368 2135 472 2173 Folgen
501 2137 572 2166 war.
613 2130 708 2167 Außer
729 2132 790 2163 dem
811 2125 955 2167 guͤnſtigen
976 2125 1094 2166 Einfluß
1117 2125 1199 2165 dieſer
1221 2124 1295 2160 Ma⸗

255 2194 326 2230 xime
346 2192 396 2227 auf
416 2193 467 2222 den
490 2186 653 2230 Charakter,
674 2185 760 2226 außer
781 2183 868 2224 ihrem
890 2180 1092 2222 wohlthaͤtigen
1114 2180 1294 2219 Zuſammen⸗

257 2249 334 2290 hang
354 2250 407 2280 mit
428 2245 644 2286 Nuͤchternheit,
665 2239 890 2284 Beſcheidenheit
910 2244 968 2274 und
988 2238 1175 2280 Langſamkeit
1185 2240 1223 2269 im
1237 2237 1294 2271 Ur⸗

257 2304 372 2341 theilen,
404 2298 455 2336 hat
479 2299 514 2336 ſie
543 2301 596 2331 den
623 2294 698 2335 Weg
723 2301 757 2334 zu
776 2291 1024 2337 mannichfaltigen
1044 2296 1102 2324 nnd
1121 2291 1300 2329 tiefſinnigen
