1623 2477
266 407 389 456 ſinnig,
418 409 481 452 daß
498 416 533 447 es
554 411 603 448 die
619 409 750 451 Geduld
767 409 916 449 ermuͤden
939 411 1039 459 hieße,
1068 410 1147 457 auch
1166 422 1229 449 nur

266 469 314 505 die
324 463 553 516 Erheblichſten
570 461 778 515 anzufuͤhren.
837 467 889 508 Es
908 468 1054 515 herrſchte
1071 472 1122 504 der
1139 465 1230 513 groͤß⸗

269 535 300 563 te
326 521 639 570 Gewiſſenszwang,
694 521 741 562 die
768 523 879 571 groͤßte
905 524 1228 570 Gedankenloſigkeit.

267 586 361 625 Man
379 583 483 622 wollte
508 586 556 622 die
572 584 691 622 einmal
713 586 776 624 mit
792 585 987 630 Vorurtheil
1012 592 1084 625 oder
1109 585 1230 635 Unwiſ⸗

263 640 398 693 ſenheit,
438 644 510 680 oder
539 642 763 691 Partheygeiſt
794 654 1048 685 angenommnen
1083 644 1227 693 Lehrmei⸗

263 705 394 743 nungen
411 694 466 747 fuͤr
491 694 671 752 Ewigkeiten
686 691 873 753 feſtgeſetzt
871 700 983 746 haben,
1002 705 1067 737 und
1086 700 1231 743 erlaubte

265 763 384 801 keinem
402 765 535 802 anderes
555 774 591 810 zu
610 764 733 810 lehren,
760 768 812 803 als
835 766 910 813 dieſe
929 765 1154 816 Vorſchriften
1171 776 1228 803 an⸗

263 819 401 862 gaben.
437 821 549 859 Wenn
568 827 603 857 es
630 821 709 857 aber
720 822 805 860 einer
833 827 958 866 wagte,
1006 823 1083 864 ſeine
1110 823 1228 868 beſſern

265 878 454 927 Einſichten
465 877 552 929 ſehen
576 887 612 924 zu
630 877 749 925 laſſen,
779 879 858 930 ſeine
879 878 1010 927 Zweifel
1035 891 1070 927 zu
1089 875 1224 928 aͤußern,

263 934 295 985 ſo
314 935 396 984 ſetzte
411 944 494 973 man
500 935 608 984 ſeinen
626 933 791 976 Gruͤnden
808 938 891 988 nicht
900 935 1039 977 Gruͤnde
1052 944 1227 981 entgegen;

263 996 357 1040 nein,
395 993 693 1044 Scheiterhaufen,
732 992 1063 1046 Landesverweiſung,
1102 994 1232 1036 Lebens⸗

260 1049 392 1089 wiriges
415 1038 619 1092 Gefaͤngniß,
651 1066 760 1090 waren
777 1060 825 1092 die
842 1048 1000 1092 Gruͤnde,
1013 1065 1127 1095 womit
1146 1078 1227 1098 man

244 1106 323 1152 den
337 1113 470 1154 Denker
488 1122 558 1160 zum
570 1111 770 1161 Schweigen
787 1114 922 1162 brachte.
982 1114 1055 1155 Die
1068 1114 1224 1163 Ketzerey,

264 1173 327 1212 mit
344 1173 488 1220 welchem
504 1168 635 1221 Namen
667 1185 734 1213 man
756 1176 804 1214 die
821 1174 1033 1221 abweichende
1042 1176 1226 1221 Meinung,

261 1230 379 1268 womit
395 1239 474 1268 man
482 1229 614 1278 Zweifel
627 1240 724 1275 gegen
740 1239 787 1275 die
802 1241 1072 1278 angenommenen
1084 1227 1226 1282 Lehrſaͤtze

261 1290 392 1339 belegte,
408 1295 519 1329 wurde
530 1287 626 1338 aͤrger
648 1294 700 1331 als
722 1292 819 1333 Mord
835 1297 901 1332 und
918 1292 1162 1341 Straßenraub
1177 1292 1230 1338 be⸗

260 1354 369 1403 ſtraft.
429 1352 556 1394 Selten
574 1363 708 1399 gewann
731 1350 793 1403 alſo
809 1357 857 1393 die
867 1356 1018 1401 Religion
1035 1356 1091 1401 bey
1107 1355 1226 1405 ſolchen

262 1414 418 1462 Zweifeln
446 1425 489 1452 an
499 1414 681 1462 Wahrheit
702 1420 769 1453 und
786 1415 989 1460 Reinigkeit,
1029 1416 1159 1465 ſondern
1185 1417 1244 1463 ſie

262 1465 373 1500 wurde
388 1462 483 1510 durch
500 1462 575 1511 dieſe
593 1452 773 1507 Sklaverey
789 1467 845 1500 des
856 1463 985 1504 Geiſtes
1005 1473 1084 1506 ganz
1099 1471 1164 1500 von
1182 1464 1226 1510 ih⸗

260 1522 313 1562 rer
335 1520 464 1564 Wuͤrde
487 1520 748 1571 herabgeſtoßen,
792 1527 859 1559 und
891 1534 928 1568 zu
961 1513 1235 1573 Pfaffenbetrug,

259 1594 333 1631 zum
352 1583 562 1627 Deckmantel
577 1588 630 1621 der
648 1582 782 1633 groͤßten
799 1585 1055 1639 Abſcheulichkeit
1076 1582 1139 1636 und
1150 1577 1240 1633 zum

261 1641 549 1692 gedankenloſeſten
563 1638 721 1688 Geplaͤrre
746 1642 987 1688 erniedrigt —
1010 1650 1069 1679 um
1078 1647 1153 1681 uns
1172 1635 1234 1681 da⸗

260 1707 357 1751 durch
375 1712 433 1744 den
449 1703 586 1745 Beweis
604 1714 639 1750 zu
657 1703 771 1755 geben,
801 1708 864 1752 daß
881 1707 960 1756 ohne
977 1705 1224 1759 Denkfreyheit,

259 1765 342 1812 ohne
359 1763 407 1800 die
419 1761 567 1811 Freyheit
584 1761 716 1813 Zweifel
731 1775 768 1811 zu
784 1760 908 1811 aͤußern
926 1767 992 1801 und
1008 1771 1123 1805 andrer
1132 1766 1224 1806 Mei⸗

248 1819 353 1867 nung
369 1821 418 1868 zu
418 1818 518 1869 ſeyn,
540 1823 600 1861 als
627 1829 688 1863 das
706 1824 847 1872 Syſtem
872 1821 1020 1872 angiebt,
1060 1828 1108 1866 die
1133 1826 1225 1864 Reli⸗

258 1879 337 1924 gion
361 1873 515 1926 aufhoͤrt,
545 1880 595 1917 die
618 1880 852 1928 Begluͤckerinn
879 1884 934 1919 der
958 1879 1161 1933 Menſchheit
1183 1889 1225 1928 zu

259 1939 352 1991 ſeyn,
374 1938 529 1988 vielmehr
545 1938 684 1989 anfaͤngt
702 1942 767 1992 ihre
782 1940 954 1991 Tyrannin
968 1952 1007 1992 zu
1024 1947 1160 1983 werden.
