1695 2536
496 448 569 497 558

782 451 881 500 Das
896 447 1055 503 deutſche
1071 450 1205 503 Reich.

569 544 602 592 §.
621 548 652 583 6.
680 545 763 587 Das
777 542 968 593 Oberhaupt
983 553 1038 587 des
1052 547 1209 594 deutſchen
1232 549 1356 594 Reichs
1378 553 1417 598 iſt
1438 554 1481 591 ei⸗

495 597 629 642 gentlich
646 596 696 633 ein
716 592 863 642 Koͤnig,
887 603 921 633 es
947 598 984 645 iſt
1008 599 1083 636 aber
1108 599 1242 647 zugleich
1271 606 1336 638 und
1360 605 1386 647 ſo
1405 602 1480 641 bald

494 658 530 684 es
547 649 694 696 erwaͤhlet
710 650 848 691 worden,
861 651 938 694 auch
954 647 1153 698 erwaͤhlter
1169 651 1369 703 roͤmiſcher
1385 656 1481 697 Kai⸗

494 703 563 751 ſer,
585 705 714 746 welches
739 704 814 747 auch
832 705 893 752 ſein
913 707 1108 755 eigentlicher
1131 707 1216 747 Titel
1233 709 1289 756 iſt,
1318 712 1384 747 und
1412 711 1479 748 ita⸗

493 756 690 806 liaͤniſcher
709 765 783 795 oder
803 759 1131 812 longobardiſcher
1154 759 1309 814 Koͤnig,
1335 764 1482 813 wiewohl

493 819 527 846 er
543 809 598 854 ſich
614 806 697 848 nicht
711 807 772 854 alſo
790 819 916 848 nennet.
968 812 1022 851 Es
1038 813 1142 863 fuͤhret
1159 814 1221 856 alſo
1239 813 1405 861 folgenden
1423 815 1480 855 Ti⸗

492 862 554 899 tel:
590 859 650 900 N.
673 868 750 900 von
774 861 923 905 Gottes
947 862 1118 905 Gnaden
1144 861 1346 908 erwaͤhlter
1364 864 1479 907 roͤmi⸗

491 915 594 965 ſcher
617 913 752 966 Kaiſer
779 918 921 967 (electus
945 931 1164 960 romanorum
1192 921 1409 971 imperator),
1435 932 1479 966 zu

490 967 591 1010 allen
606 968 729 1014 Zeiten
746 970 910 1017 Mehrer
927 973 993 1013 des
1016 973 1159 1019 Reichs
1186 972 1336 1025 (ſemper
1362 978 1477 1025 Augu-

487 1020 570 1068 ſtus)
596 1034 633 1060 in
661 1024 731 1071 (zu)
756 1024 995 1068 Germanien
1011 1025 1149 1079 Koͤnig
1171 1029 1378 1076 (Germaniæ
1391 1030 1477 1077 rex).

488 1072 635 1122 Hierauf
647 1077 752 1123 folgen
768 1078 816 1114 die
835 1078 921 1117 Titel
934 1080 1033 1125 ſeiner
1057 1080 1236 1122 Erblande.
1289 1083 1368 1123 Des
1391 1083 1476 1122 Kai⸗

487 1128 554 1174 ſers
579 1131 644 1164 und
673 1131 730 1166 des
751 1129 873 1172 Reichs
891 1130 1077 1178 Wapen,
1101 1133 1141 1176 iſt
1164 1136 1216 1169 ein
1232 1131 1393 1179 ſchwarzer
1416 1136 1477 1172 mit

486 1178 743 1222 ausgebreiteten
762 1177 900 1225 Fluͤgeln
914 1179 1123 1225 ſchwebender
1145 1182 1264 1227 Adler,
1290 1185 1351 1221 mit
1371 1197 1390 1220 2
1406 1185 1476 1224 Koͤ⸗

485 1234 575 1274 pfen,
601 1233 648 1266 im
663 1232 815 1276 goldenen
832 1231 923 1277 Feld.
975 1237 1051 1277 Der
1063 1235 1179 1283 Kaiſer
1209 1238 1290 1276 wird
1312 1246 1375 1276 von
1391 1239 1473 1277 allen

443 1285 610 1320 andern
625 1284 797 1332 gekroͤnten
812 1282 983 1333 Haͤuptern
1007 1289 1074 1326 und
1094 1286 1242 1329 Staaten
1269 1290 1301 1328 in
1325 1289 1472 1337 Europa,

485 1339 540 1388 fuͤr
559 1341 617 1377 den
633 1338 728 1386 erſten
748 1339 964 1388 europaͤiſchen
979 1343 1178 1390 Potentaten
1201 1345 1345 1385 erkannt.

563 1388 597 1438 §.
614 1401 647 1435 7.
687 1391 764 1433 Des
798 1392 935 1442 Kaiſers
966 1394 1129 1438 Gewalt
1151 1397 1184 1434 in
1216 1391 1473 1447 Regierungsſa⸗

482 1442 557 1493 chen
575 1451 629 1485 des
647 1446 804 1496 deutſchen
822 1448 944 1491 Reichs
961 1449 999 1494 iſt
1011 1445 1317 1503 eingeſchraͤnkt,
1346 1457 1410 1489 und
1432 1448 1469 1498 zu

483 1502 545 1538 den
562 1499 756 1549 wichtigſten
773 1501 1082 1552 Reichsgeſchaͤfften
1102 1507 1141 1551 iſt
1161 1510 1211 1544 die
1230 1507 1469 1554 Einwilligung

482 1554 538 1586 der
554 1553 804 1589 unmittelbaren
821 1551 1060 1599 Reichsglieder
1080 1553 1296 1600 nothwendig.
1350 1554 1468 1605 Daher

481 1609 566 1640 wird
583 1616 637 1650 zur
651 1605 977 1654 gemeinſchaftlichen
999 1607 1303 1657 Berathſchlagung
1321 1607 1395 1650 uͤber
1411 1613 1468 1650 des

481 1662 642 1705 deutſchen
660 1658 780 1705 Reichs
797 1659 1105 1711 Angelegenheiten,
1128 1663 1195 1702 eine
1209 1663 1471 1714 Verſammlung

477 1716 641 1760 gehalten,
664 1712 772 1758 welche
787 1718 850 1755 der
867 1713 1080 1767 Reichstag
1095 1726 1250 1763 genennet
1272 1720 1373 1766 wird,
1401 1721 1466 1759 und

480 1768 584 1814 ſeinen
612 1768 688 1816 Sitz
714 1780 752 1817 zu
774 1766 992 1820 Regensburg
1022 1770 1090 1820 hat.
1143 1773 1215 1813 Alle
1242 1773 1479 1818 unmittelbare

477 1820 738 1867 Reichsglieder,
755 1821 866 1864 welche
881 1823 957 1872 Sitz
971 1830 1037 1862 und
1047 1824 1203 1864 Stimme
1219 1827 1281 1873 auf
1293 1826 1466 1869 demſelben

478 1877 595 1918 haben,
623 1875 687 1920 ſind
704 1871 989 1924 Reichsſtaͤnde.
1041 1875 1138 1923 Dieſe
1169 1880 1234 1924 ſind
1257 1881 1290 1915 in
1310 1877 1341 1920 3
1341 1877 1465 1922 Colle-

478 1936 556 1967 gia,
579 1929 778 1972 abgetheilet,
806 1927 943 1970 naͤmlich
971 1929 1001 1974 1)
1026 1927 1060 1964 in
1087 1932 1151 1968 das
1172 1924 1465 1982 churfuͤrſtliche,

477 1983 610 2017 welches
626 1991 689 2016 aus
707 1986 764 2016 den
780 1982 860 2017 oben
883 1982 933 2027 (§.
949 1983 992 2025 5.)
1008 1989 1187 2029 genannten
1214 1994 1235 2028 9
1253 1982 1463 2035 Churfuͤrſten

479 2031 616 2076 beſteht,
643 2038 677 2080 2)
706 2036 739 2072 in
764 2038 825 2072 das
850 2031 1056 2085 fuͤrſtliche,
1086 2047 1125 2082 zu
1152 2036 1297 2080 welchem
1326 2040 1356 2086 ſo
1377 2039 1465 2087 wohl

479 2083 780 2137 Reichsfuͤrſten,
807 2092 872 2130 (die
890 2091 923 2125 in
940 2089 1095 2138 geiſtliche
1118 2094 1184 2129 und
1201 2092 1368 2139 weltliche,
1397 2098 1463 2132 und

479 2140 597 2179 letztere
620 2139 653 2172 in
671 2146 732 2175 alte
755 2146 820 2179 und
839 2151 915 2179 neue
940 2141 1130 2189 abgetheilet
1152 2148 1298 2190 werden,
1326 2149 1393 2183 und
1412 2154 1462 2187 zu⸗

479 2192 623 2238 ſammen
649 2196 694 2231 94
709 2190 886 2230 Stimmen
906 2192 1130 2239 ausmachen,)
1154 2194 1206 2234 als
1226 2189 1462 2241 Reichspraͤ⸗

1349 2257 1462 2305 laten,
