1821 2379
858 440 919 469 130

1144 435 1478 471 PRIVILEGIUM

856 509 1055 561 lergnaͤdigſt
1071 513 1274 553 concediret
1290 519 1357 554 und
1379 514 1573 563 verſtattet/
1596 504 1628 563 ſo
1649 504 1705 557 viel

854 569 988 613 nemlich
1004 570 1102 613 als
1078 563 1114 610 zu
1110 564 1282 613 ſothanem
1297 566 1622 621 Waͤyſen⸗Hauſe/
1648 571 1705 609 wie

857 617 935 664 auch
952 627 987 665 zu
1010 624 1069 658 den
1108 613 1705 670 Armen⸗ und Krancken ⸗ Haͤuſern

855 666 1045 715 vonnothen
1060 667 1111 717 iſt.

1273 739 1326 768 19.

905 769 960 811 Es
974 767 1030 811 ſoll
1054 767 1132 817 auch
1148 771 1213 810 das
1228 767 1516 821 Waͤyſen⸗Haus
1531 768 1624 809 ſalvo
1631 758 1705 817 jure

855 816 1075 861 Retractus,
1094 819 1240 866 welchem
1255 819 1384 869 ſelbiger
1405 820 1579 874 zuſtehet/
1591 822 1704 867 allezeit

857 864 919 911 den
934 868 1114 920 Vorkauff
1134 870 1285 921 haben/
1290 878 1387 910 wenn
1412 879 1478 912 von
1499 871 1706 914 Land ⸗ Guͤ⸗

854 914 978 973 thern/
988 917 1161 973 Aeckern/
1160 926 1298 978 Wieſen
1311 930 1381 968 und
1397 925 1531 970 Gaͤrten
1545 922 1664 979 etwas/
1678 919 1706 983 ſo

854 972 950 1019 ihnen
967 968 1170 1024 anſtaͤndig/
1176 979 1243 1015 und
1263 975 1392 1021 bequem
1406 974 1560 1029 gelegen/
1572 974 1620 1021 zu
1631 971 1703 1015 ver⸗

853 1029 982 1077 kauffen
997 1025 1193 1077 vorfaͤllet/
1198 1029 1307 1077 jedoch
1322 1029 1383 1070 kan
1399 1035 1436 1071 es
1446 1029 1502 1079 ſich
1527 1029 1612 1078 nicht
1638 1028 1703 1074 ent⸗

852 1073 1018 1128 brechen/
1035 1076 1205 1124 dasjenige
1219 1083 1256 1127 zu
1272 1079 1414 1130 geben/
1422 1084 1500 1122 was
1516 1078 1635 1139 andere
1640 1076 1706 1139 bie⸗

852 1130 944 1177 then.

1242 1181 1365 1222 20.

899 1227 1025 1266 Wenn
1048 1207 1235 1261 Stipendia
1252 1234 1289 1270 in
1297 1221 1560 1263 vorerwaͤhnten
1579 1226 1704 1281 beyden

854 1276 1406 1330 Hertzog ⸗ und Fuͤrſtenthuͤmern
1415 1287 1451 1326 zu
1458 1278 1615 1327 vergeben
1624 1276 1703 1329 ſind,

853 1326 971 1377 wollen
980 1335 1065 1379 Wir
1083 1335 1268 1386 diejenige/
1292 1327 1333 1388 ſo
1340 1338 1385 1378 im
1404 1327 1703 1393 Waͤyſen ⸗ Hauſe

851 1394 926 1435 zum
940 1387 1101 1430 Studiren
1116 1386 1278 1436 erzogen/
1297 1393 1423 1430 andern
1446 1385 1702 1437 Competenten

850 1438 981 1478 ceteris
996 1437 1137 1488 paribus
1150 1431 1310 1492 vorziehen
1329 1434 1442 1493 laſſen.
1484 1437 1567 1488 Und

1196 1512 1292 1534 21.

899 1532 1078 1580 Nachdem
1092 1532 1177 1574 Wir
1191 1535 1254 1576 mit
1276 1530 1430 1582 hoͤchſtem
1453 1517 1646 1583 Mißfallen
1661 1543 1702 1583 er⸗

851 1587 1017 1640 fahren/
1026 1590 1091 1637 daß
1109 1596 1158 1634 die
1173 1592 1312 1642 Wirthe
1335 1597 1404 1634 und
1427 1591 1655 1643 Schencken/
1655 1592 1702 1646 ſo

852 1653 912 1681 um
922 1647 990 1682 und
998 1645 1054 1692 bey
1064 1647 1136 1685 dem
1154 1643 1438 1693 Waͤyſen⸗Hauſe
1460 1641 1621 1694 wohnen/
1638 1635 1702 1687 kein

851 1692 1047 1741 Bedencken
1054 1690 1189 1745 tragen/
1192 1690 1432 1743 Spiel⸗Leute/
1432 1690 1568 1742 Taͤntze/
1569 1692 1702 1743 tumul-

850 1746 964 1786 tuiren
979 1749 1048 1788 und
1058 1737 1237 1795 greuliches
1258 1738 1403 1799 Geſchrey
1414 1749 1515 1795 ihren
1523 1739 1657 1797 Gaͤſten
1667 1758 1702 1797 zu

848 1798 1029 1845 geſtatten/
1035 1799 1190 1840 wodurch
1201 1801 1248 1839 die
1255 1795 1398 1847 Jugend
1407 1792 1440 1840 in
1477 1794 1534 1842 dem
1538 1794 1702 1848 Waͤyſen⸗

849 1849 968 1897 Hauſe
977 1851 1057 1896 nicht
1067 1851 1159 1891 allein
1171 1851 1237 1895 ſehr
1244 1845 1423 1900 geaͤrgert/
1425 1849 1560 1897 ſondern
1576 1844 1656 1903 auch
1671 1852 1702 1902 ſo

848 1906 912 1944 gar
922 1900 964 1938 im
975 1890 1140 1943 Singen/
1153 1897 1271 1943 Beten
1278 1899 1352 1940 und
1360 1897 1478 1940 Lernen
1492 1896 1625 1949 geſtoͤret
1631 1898 1706 1953 und

846 1950 911 1989 irre
920 1949 1066 1996 gemacht
1074 1954 1187 1996 wird;
1202 1950 1274 1996 So
1274 1950 1460 1996 verordnen
1476 1955 1544 1992 und
1559 1949 1702 1999 befehlen

843 1990 936 2050 Wir
939 2003 1057 2052 hiemit
1057 1996 1129 2049 und
1139 2004 1171 2046 in
1180 2002 1296 2056 Krafft
1305 1995 1447 2055 dieſes/
1446 2001 1512 2053 daß
1534 2004 1619 2054 nahe
1643 2006 1702 2052 bey

1626 2063 1701 2102 dem
