3113 3411
428 531 480 556 des
504 529 640 555 Missions
665 527 785 554 établies
812 524 866 553 par
890 525 931 554 les
949 521 1036 552 Pères
1051 515 1175 546 Jésuites
1201 515 1271 544 dans
1291 514 1318 543 la

428 573 571 600 Province
594 577 630 602 de
650 567 812 600 Paraguay,
835 564 969 599 presenté
990 570 1028 593 au
1045 562 1159 591 Conseil
1175 562 1270 599 Royal
1291 563 1320 590 et

428 612 568 645 Suprême
598 620 651 646 des
674 620 762 646 Indes
788 617 888 642 contre
917 616 956 637 un
982 607 1094 639 Libelle
1119 605 1317 641 diffamatoire,

429 657 531 691 rempli
551 666 588 692 de
603 664 672 690 faits
686 661 865 690 calomnieux
882 650 973 691 qu'un
985 654 1137 691 Anonyme
1153 655 1287 689 étranger
1302 661 1316 680 a

429 701 561 732 répandu
585 711 658 735 dans
678 710 773 735 toutes
792 710 835 735 les
851 697 959 733 parties
976 698 1012 727 de
1027 693 1173 732 l'Europe,
1191 696 1265 725 trad.
1283 696 1319 725 de

430 744 610 783 l’Espagnol.
625 748 719 778 1735.
746 745 784 777 S.
802 746 897 783 Leipz.
911 746 972 776 Gel.
986 745 1055 777 Zeit.
1079 740 1209 779 Beytrag
1227 738 1319 767 1735.

428 804 496 834 pag.
515 799 587 830 827.

475 839 636 868 Rodewald
658 829 778 869 (Franz)
804 838 847 867 ein
877 827 1033 870 gebohrner
1057 828 1316 868 Braunſchweiger,

430 890 493 912 war
510 880 563 913 erſt
580 889 688 916 Rector
704 895 742 917 an
758 884 807 912 der
823 874 1057 915 Aegydienſchule
1073 874 1196 914 daſelbſt,
1214 873 1318 912 darauf

429 925 595 963 practiſcher
613 925 684 962 Arzt
700 931 735 962 zu
751 921 904 961 Lüneburg
922 922 979 953 und
997 921 1046 962 ſeit
1065 924 1146 954 1551
1167 922 1239 961 Arzt
1259 920 1317 951 und

431 968 572 1007 Phyſikus
589 977 623 1007 zu
641 969 802 1007 Hamburg.
851 968 910 1008 Auf
925 966 1027 1005 Koſten
1053 968 1103 999 der
1120 966 1214 998 Stadt
1238 966 1318 997 ward

431 1029 462 1050 er
480 1021 564 1049 1556
588 1022 691 1051 Medic.
716 1019 766 1051 Dr.
791 1020 825 1050 zu
851 1010 1036 1048 Wittenberg
1061 1008 1119 1040 und
1145 1015 1206 1040 war
1233 1005 1320 1034 1566

431 1060 498 1095 nach
530 1073 576 1096 am
600 1064 701 1095 Leben.
752 1057 789 1089 S.
817 1055 1018 1087 Hamelmanni
1049 1053 1121 1092 Opp.
1154 1061 1219 1090 pag.
1247 1055 1319 1084 914.

431 1108 560 1139 Fabricii
576 1108 694 1138 Memor.
711 1107 870 1140 Hamburg.
888 1105 923 1135 II.
939 1114 1007 1140 pag.
1027 1099 1120 1131 1043.

463 1147 503 1181 §§.
522 1158 621 1183 Oratio
653 1157 689 1181 de
719 1150 813 1181 causis
837 1141 1073 1181 putrefactionis,
1106 1142 1231 1171 recitata
1255 1141 1322 1178 post

522 1199 773 1226 renunciationem
789 1189 913 1220 Gradus.
938 1190 985 1227 Jn
1000 1190 1082 1221 Tom.
1098 1188 1149 1218 IV.
1167 1197 1234 1226 pag.
1248 1189 1319 1218 218.

521 1244 699 1272 Selectarum
717 1240 869 1271 declamat.
910 1238 981 1268 Phil.
998 1234 1237 1272 Melanchthonis,
1265 1234 1320 1263 Ar-

521 1295 598 1323 gent.
619 1290 712 1318 1558.
731 1289 758 1315 8.

476 1329 637 1360 Rodewald
655 1324 754 1362 (Just.)
773 1325 822 1356 der
833 1324 922 1365 Sohn
941 1325 990 1356 des
1002 1323 1163 1365 Predigers
1173 1324 1318 1359 Wilhelm,

430 1377 465 1409 zu
482 1376 595 1405 Linden
625 1370 675 1409 bey
700 1372 861 1401 Hannover
886 1367 943 1408 geb,
971 1370 1052 1402 ward
1080 1372 1165 1402 1670
1191 1370 1319 1408 zweyter,

434 1418 519 1449 1677
537 1415 624 1453 erſter
639 1415 782 1454 Prediger
798 1422 833 1453 zu
849 1411 1024 1452 Horneburg
1048 1414 1106 1446 und
1132 1413 1207 1450 ſtarb
1235 1410 1316 1440 1717

432 1462 471 1493 im
490 1463 540 1493 82.
557 1461 647 1501 Jahr.
682 1462 721 1494 S.
738 1464 838 1501 Pratje
854 1462 939 1493 Altes
955 1464 1013 1493 und
1032 1461 1130 1494 Neues
1146 1454 1196 1483 IX.
1216 1456 1265 1485 49.

464 1504 503 1545 §§.
524 1508 550 1537 1.
562 1504 754 1545 Leichenpred.
766 1506 816 1544 auf
831 1506 951 1544 Margr.
965 1505 1054 1537 Clara
1069 1510 1125 1535 von
1140 1505 1318 1540 Brobergen,

522 1557 618 1588 Stade
636 1557 733 1588 1691.
751 1557 779 1584 4.

464 1600 492 1627 2.
519 1589 748 1624 Leichenpredigt
768 1588 819 1620 auf
841 1589 945 1619 Melch.
970 1589 1026 1614 von
1042 1588 1220 1621 Brobergen,
1248 1581 1319 1612 über

520 1639 636 1669 Baruch
652 1640 702 1669 IV.
723 1642 770 1671 19.
799 1639 895 1670 Stade
914 1635 1007 1664 1695.
1028 1632 1055 1665 4.

463 1686 491 1713 3.
518 1681 611 1713 Ueber
627 1681 671 1711 die
687 1679 976 1720 Privatcommunion
994 1703 998 1709 .
1018 1702 1022 1707 .
1038 1693 1045 1703 .
1063 1693 1071 1702 .

475 1729 576 1754 Rodez
599 1718 734 1754 Mylord,
767 1714 866 1752 ſchrieb
892 1715 971 1745 einen
997 1714 1114 1746 Roman
1146 1713 1230 1744 unter
1256 1712 1317 1743 dem

431 1764 518 1798 Titel,
537 1768 652 1795 Lettres
665 1768 742 1797 pour
757 1762 849 1791 servir
865 1763 882 1790 à
898 1759 1039 1792 l'histoire
1055 1763 1094 1792 du
1111 1757 1217 1788 XVIII.
1224 1756 1315 1787 Siècle

429 1818 513 1846 Paris
532 1813 625 1843 1768.
647 1811 695 1840 12.
720 1813 737 1842 2
759 1808 871 1841 Bände.

476 1852 505 1887 di
520 1849 596 1886 Rodi
613 1848 712 1885 (Isola)
734 1847 832 1887 ſchrieb
859 1846 1015 1885 Geografia
1038 1847 1156 1878 istorica
1181 1847 1277 1876 antica
1301 1854 1318 1874 e

429 1899 578 1931 moderna.
610 1900 713 1931 Venet.
733 1902 827 1932 1688.
846 1902 873 1931 8.

476 1940 584 1973 Rodier
602 1939 662 1978 (Fr.
679 1937 807 1977 August)
825 1941 876 1971 Dr.
894 1940 943 1972 der
960 1939 1146 1981 Philoſophie
1163 1938 1220 1971 und
1240 1938 1317 1972 Can⸗

431 1989 512 2021 didat
544 1989 592 2020 der
617 1985 772 2026 Theologie
805 1985 917 2027 ſchrieb,
955 1987 1073 2024 Magnes
1104 1983 1318 2023 experimentis,

431 2043 565 2070 Theoriis
593 2046 628 2068 ac
656 2036 831 2066 Problemat.
863 2029 1045 2066 explanatus,
1078 2028 1214 2067 publicae
1239 2028 1319 2065 Disp.

431 2082 597 2115 propositus
614 2079 642 2108 in
659 2078 793 2108 Univers.
813 2077 999 2116 Dillingiana,
1018 2078 1136 2116 Dilling.
1164 2078 1248 2109 1740
1271 2076 1323 2107 mit

432 2136 516 2171 Figg.

478 2171 587 2209 Rodier
609 2171 713 2211 (Marc.
745 2168 824 2206 Ant.)
858 2179 915 2203 von
941 2163 1131 2198 Carcassone,
1167 2159 1321 2200 geweſener

432 2214 624 2259 Parlaments
626 2215 758 2255 Advocat
774 2222 808 2254 zu
824 2215 979 2251 Toulouse,
999 2214 1037 2246 S.
1055 2214 1190 2253 Formey,
1208 2214 1321 2243 France

432 2273 507 2302 litér.
524 2279 590 2306 pag.
610 2274 682 2304 279.

466 2306 507 2349 §§.
526 2309 553 2343 1.
577 2305 693 2341 Recueil
719 2310 770 2339 des
793 2308 890 2340 Edits,
924 2299 1131 2334 déclarations,
1157 2299 1258 2328 Arrêts
1282 2296 1320 2327 du

524 2357 641 2387 Conseil
667 2356 696 2383 et
722 2355 761 2385 du
787 2353 953 2383 Parlement
976 2347 1013 2378 de
1037 2347 1195 2382 Toulouse,
1222 2341 1317 2377 1756,

525 2403 544 2431 2
562 2402 625 2432 Vol.
644 2404 672 2432 8.

468 2438 496 2472 2.
526 2448 626 2475 Traité
638 2446 675 2472 de
684 2445 713 2471 la
724 2446 815 2473 forme
833 2444 884 2472 des
900 2434 1000 2463 saisies
1017 2434 1129 2470 réelles,
1148 2432 1324 2464 mobiliaires

526 2496 555 2523 et
565 2492 746 2526 judiciaires,
766 2493 793 2521 8.

468 2527 496 2564 3.
523 2536 678 2567 Questions
696 2533 745 2553 sur
759 2523 977 2554 l'Ordonnance
994 2523 1030 2552 de
1045 2523 1135 2553 Louis
1148 2524 1226 2555 XIV.
1243 2523 1324 2552 rélat.

526 2578 583 2599 aux
598 2573 713 2607 Usages
730 2572 782 2599 des
798 2570 891 2599 Cours
915 2569 951 2599 de
966 2570 1140 2599 Parlement.
1179 2568 1325 2599 Toulouse

528 2628 619 2657 1769.
642 2626 670 2653 4.

480 2658 623 2696 Rodigast
640 2655 780 2693 (Samuel)
799 2655 868 2694 ſiehe
885 2656 990 2695 Jöcher
1006 2657 1058 2685 III.
1075 2664 1141 2693 pag.
1161 2656 1255 2687 2161.
1283 2654 1325 2687 Er

436 2715 500 2740 war
516 2708 561 2741 ein
580 2706 668 2742 Sohn
686 2706 736 2734 des
753 2702 915 2741 Predigers
933 2700 1057 2740 Johann
1074 2717 1118 2722 —
1135 2700 1255 2740 beſuchte
1280 2700 1324 2731 die

437 2750 545 2785 Schule
561 2755 595 2787 zu
612 2751 742 2786 Weimar
758 2748 805 2776 bis
824 2748 908 2777 1668
934 2749 979 2775 wo
1006 2752 1036 2775 er
1059 2744 1111 2776 mit
1135 2743 1223 2774 einem
1250 2743 1324 2780 grie⸗

435 2796 551 2834 chiſchen
570 2794 688 2833 Gedicht
704 2791 836 2832 Abſchied
853 2790 939 2831 nahm
956 2808 995 2813 —
1016 2792 1116 2824 wurde
1134 2787 1216 2817 1671
1236 2790 1322 2828 Mag.

434 2844 469 2874 zu
497 2842 586 2874 Jena,
625 2840 708 2870 1676
739 2837 865 2876 Adjunct
898 2838 947 2869 der
973 2836 1080 2879 Philoſ.
1108 2835 1240 2875 Fakultät
1273 2836 1322 2866 da⸗

1374 508 1451 548 ſelbſt
1466 517 1494 538 u.
1510 510 1538 549 ſ.
1548 504 1582 548 w.
1615 508 1653 539 S.
1672 509 1799 538 Diterich
1812 507 1948 539 Berliner
1959 507 2069 545 Kloſter
2085 507 2143 538 und
2156 505 2260 547 Schul⸗

1375 562 1494 591 hiſtorie.
1522 555 1560 591 S.
1581 557 1652 587 216.

1406 596 1444 635 §§.
1466 599 1491 627 1.
1511 598 1577 629 Das
1593 596 1670 634 Lied,
1696 600 1759 628 was
1776 595 1848 627 Gott
1871 594 1933 634 thut
1949 596 2003 627 das
2021 595 2053 633 iſt
2070 593 2258 634 wohlgethan.

1406 649 1434 677 2.
1462 646 1519 678 Ein
1536 643 1681 682 Werkgen,
1698 643 1770 681 Spes
1787 644 1815 673 in
1832 643 1930 673 fundo.

1407 687 1435 715 3.
1460 684 1710 719 Metamorphoses
1724 682 1838 718 ferales,
1854 683 1925 711 Jena
1947 685 2041 713 1686.
2059 685 2087 712 8.

1407 741 1434 764 4.
1462 738 1618 764 Disputatt.

1419 771 1562 808 Rodigast
1579 766 1706 806 (Samuel
1718 766 1874 804 Christian)
1896 769 1937 800 ein
1948 768 2124 808 Polyhiſtor,
2142 767 2259 806 ſtudirte

1374 821 1421 853 bis
1441 822 1524 852 1732
1541 829 1575 860 zu
1593 818 1747 857 Frankfurt
1769 828 1805 849 an
1831 819 1879 850 der
1898 819 1985 853 Oder,
2011 819 2109 849 wurde
2134 821 2184 849 Dr.
2211 818 2260 849 der

1374 863 1474 900 Rechte
1490 862 1547 893 und
1565 861 1728 899 practicirte
1746 860 1849 896 darauf
1865 869 1899 900 zu
1916 862 2058 893 Dresden.

1405 907 1445 943 §§.
1466 907 1491 935 1.
1518 903 1670 936 Gedanken
1686 903 1755 934 über
1772 904 1815 935 die
1833 902 1946 938 Worte,
1969 903 2040 934 viele
2056 902 2115 941 ſind
2133 900 2258 940 berufen,

1465 952 1532 984 aber
1548 952 1641 988 wenig
1659 950 1719 988 ſind
1737 951 1923 991 auserwählt,
1944 955 2036 984 1733.
2057 954 2083 983 8.

1408 996 1435 1025 2.
1461 994 1605 1031 Kündigte
1622 1001 1651 1022 er
1664 995 1746 1024 1733
1761 993 1805 1023 ein
1817 991 1953 1031 deutſches
1965 992 2074 1029 Corpus
2080 991 2156 1029 juris
2167 991 2259 1022 civilis

1463 1036 1808 1080 Justinianeo - Casuale
1823 1044 1867 1066 an.
1919 1036 1957 1068 S.
1984 1036 2080 1073 Leipz.
2111 1035 2161 1074 gel.
2187 1034 2259 1073 Zeit.

1469 1087 1562 1118 1733.
1585 1092 1650 1121 pag.
1670 1085 1746 1118 526,
1773 1083 1867 1114 wollte
1893 1083 1956 1122 auch
1981 1091 2051 1114 neue
2075 1082 2262 1122 mediciniſche

1466 1131 1524 1162 und
1543 1128 1757 1170 philoſophiſche
1774 1129 1973 1169 Erfindungen
1990 1128 2104 1161 drucken
2120 1129 2216 1168 laſſen.

1422 1182 1593 1220 Rodiginus,
1611 1179 1681 1217 ſiehe
1698 1181 1885 1219 Rhodiginus.

1422 1222 1555 1259 Rodiken
1573 1216 1731 1253 (Gerhard)
1750 1218 1804 1246 aus
1823 1216 1948 1253 Werlen,
1968 1220 2028 1245 war
2052 1215 2082 1246 in
2109 1216 2157 1247 der
2174 1215 2263 1247 Mitte

1377 1268 1427 1299 des
1448 1270 1496 1298 16.
1514 1266 1621 1306 Jahrh.
1642 1265 1785 1306 Prediger
1804 1274 1838 1303 zu
1857 1265 2037 1304 Paderborn,
2064 1266 2121 1297 und
2148 1264 2264 1298 erklärte

1378 1312 1427 1350 ſich
1445 1312 1493 1351 für
1508 1313 1554 1340 die
1570 1307 1756 1348 evangeliſche
1770 1308 1868 1347 Lehre,
1887 1309 2003 1339 änderte
2026 1307 2094 1340 aber
2117 1309 2188 1348 ſeine
2205 1307 2264 1340 Ge⸗

1377 1357 1536 1390 ſinnungen
1569 1354 1686 1387 wieder,
1718 1351 1846 1389 predigte
1877 1352 1936 1382 und
1969 1349 2067 1390 ſchrieb
2102 1359 2189 1388 gegen
2221 1350 2265 1381 die

1377 1400 1557 1436 Lutheraner
1572 1398 1630 1428 und
1649 1398 1728 1429 ward
1746 1397 1858 1437 Probſt.
1884 1397 1938 1428 Um
1956 1397 2004 1436 ſich
2021 1396 2072 1438 bey
2091 1397 2142 1428 den
2162 1395 2263 1437 Päbſt⸗

1377 1445 1427 1484 lich
1445 1443 1602 1481 Geſinnten
1619 1439 1720 1473 beliebt
1736 1450 1769 1479 zu
1788 1440 1910 1479 machen,
1937 1440 2035 1480 ſchrieb
2053 1451 2084 1472 er
2101 1443 2179 1473 einen
2205 1439 2264 1478 ſehr

1377 1487 1583 1524 weitläuftigen
1595 1486 1784 1516 Commentar.
1796 1486 1832 1514 de
1844 1484 2029 1521 Ceremoniis,
2049 1484 2164 1523 welcher
2178 1485 2259 1516 1561

1377 1530 1508 1568 gedruckt,
1526 1530 1584 1561 und
1601 1535 1657 1562 von
1668 1530 1856 1559 Hamelmann
1876 1528 1936 1567 ſehr
1949 1530 2095 1569 gründlich
2115 1528 2263 1565 widerlegt

1374 1580 1480 1611 wurde.

1417 1620 1534 1656 Roding
1549 1617 1637 1656 (Nic.)
1656 1617 1724 1656 ſiehe
1739 1618 1947 1655 Rhodinginus.

1417 1666 1534 1701 Roding
1551 1664 1666 1700 (Wilh.)
1684 1663 1754 1698 ſiehe
1769 1663 1978 1700 Rhodinginus.

1418 1705 1584 1741 Rodington
1602 1703 1739 1741 (Johann)
1757 1702 1826 1739 ſiehe
1844 1703 1949 1738 Jöcher
1964 1705 2016 1732 III.
2033 1712 2098 1736 pag.
2119 1704 2213 1734 2161.

1416 1749 1511 1780 Rodio
1537 1747 1623 1785 (Sgr.)
1649 1748 1694 1780 ein
1719 1748 1901 1788 italieniſcher
1925 1747 2119 1785 Tonkünſtler,
2146 1744 2199 1785 gab
2225 1752 2260 1785 zu

1374 1793 1484 1829 Neapel
1503 1795 1585 1824 1626
1615 1793 1660 1825 ein
1686 1791 1767 1824 Werk
1792 1794 1876 1823 unter
1902 1792 1963 1824 dem
1990 1793 2068 1824 Titel
2093 1793 2202 1829 Regole
2228 1791 2258 1822 di

1372 1844 1483 1875 Musica
1499 1843 1613 1884 heraus.

1418 1887 1536 1923 Rodius,
1555 1885 1624 1922 ſiehe
1640 1885 1731 1917 Rode.

1420 1928 1529 1960 Rodler
1546 1924 1687 1965 (Hieron.)
1713 1925 1866 1967 fürſtlicher
1883 1925 2035 1958 Secretair
2058 1933 2092 1965 zu
2109 1924 2259 1960 Simmern,

1377 1978 1406 2008 in
1423 1978 1473 2008 der
1489 1976 1580 2009 Mitte
1596 1976 1648 2008 des
1667 1978 1755 2006 16ten
1774 1973 1985 2010 Jahrhundert,
2003 1973 2118 2008 ſchrieb:

1467 2016 1663 2054 Perspectiva.
1712 2015 1777 2054 Eyn
1810 2014 1887 2055 ſchön
1920 2015 2032 2055 nützlich
2058 2015 2181 2055 Büchlin
2206 2012 2261 2045 vnd

1468 2061 1678 2101 vnterweiſung
1711 2061 1760 2092 der
1785 2062 1860 2101 kunſt
1892 2063 1942 2094 des
1969 2062 2098 2100 Meſſens
2124 2062 2176 2093 mit
2202 2061 2262 2092 dem

1469 2110 1579 2149 Zirckel,
1604 2107 1768 2151 Richtſcheid
1797 2110 1864 2139 oder
1888 2109 1993 2141 Linial.
2034 2108 2079 2146 Zu
2105 2109 2163 2146 nutz
2189 2106 2263 2138 allen

1469 2151 1719 2195 kunſtliebhabern,
1751 2152 1913 2191 fürnemlich
1940 2154 1992 2184 den
2020 2153 2149 2188 Malern,
2177 2152 2262 2184 Bild⸗

1467 2199 1594 2235 hawern,
1626 2194 1866 2237 Goldſchmieden,
1899 2196 2127 2234 Seidenſtickern,
2158 2195 2262 2228 Stein⸗

1467 2242 1574 2279 metzen,
1592 2240 1777 2278 Schreinern,
1795 2238 1859 2276 auch
1876 2236 1950 2269 allen
1968 2238 2085 2273 andern,
2102 2237 2128 2276 ſo
2146 2238 2194 2278 ſich
2212 2237 2261 2268 der

1468 2288 1542 2321 kunſt
1559 2287 1609 2315 des
1624 2283 1754 2323 Meſſens
1766 2280 1956 2321 (Perſpectiva
1974 2290 2007 2320 zu
2025 2280 2111 2311 latein
2123 2278 2259 2319 genannt)

1467 2340 1501 2365 zu
1532 2329 1702 2366 gebrauchen
1736 2328 1789 2364 luſt
1814 2324 1914 2366 haben,
1949 2327 1999 2357 mit
2024 2326 2104 2365 Figg.
2148 2324 2258 2364 Frankf.

1471 2391 1565 2421 1546.
1583 2390 1641 2419 Fol.

1423 2423 1547 2451 Rodney
1565 2416 1675 2452 (Georg
1690 2410 1835 2450 Brydges)
1863 2414 1906 2443 ein
1929 2411 2091 2452 berühmter
2116 2409 2260 2451 engliſcher

1380 2464 1515 2503 Seeheld,
1533 2465 1630 2495 wurde
1649 2465 1733 2495 1718
1752 2461 1902 2500 gebohren,
1919 2461 2051 2501 zeichnete
2067 2462 2115 2501 ſich
2133 2461 2197 2502 früh
2222 2462 2259 2492 im

1381 2512 1546 2544 Seedienſte
1563 2507 1645 2545 durch
1663 2506 1754 2543 Muth
1780 2506 1839 2536 und
1857 2504 1937 2544 Eifer
1963 2507 2026 2540 aus,
2051 2506 2150 2536 wurde
2177 2507 2257 2536 1751

1382 2555 1581 2588 Commodore,
1603 2551 1686 2583 1759
1704 2548 1845 2584 Admiral,
1870 2547 1955 2587 nahm
1976 2552 2057 2581 1761
2078 2547 2261 2585 Martinique

1378 2614 1432 2641 ein,
1454 2599 1553 2632 erhielt
1569 2597 1622 2624 den
1638 2594 1802 2624 Bathorden
1823 2591 1881 2623 und
1907 2593 1950 2623 die
1967 2592 2061 2624 Stelle
2086 2593 2162 2623 eines
2179 2589 2260 2623 Gou⸗

1379 2657 1519 2680 verneurs
1547 2643 1597 2667 des
1622 2635 1926 2674 InvalidenHoſpitals
1951 2642 1984 2673 zu
2010 2635 2177 2665 Greenwich
2202 2633 2260 2664 und

1381 2689 1439 2720 floh
1457 2700 1492 2723 da
1510 2697 1540 2722 er
1557 2686 1605 2718 ſich
1623 2683 1705 2718 durch
1724 2682 1814 2717 ſeinen
1826 2681 1912 2716 Hang
1930 2686 1992 2716 zum
2005 2679 2091 2716 Spiel
2109 2680 2138 2710 in
2157 2677 2260 2715 Schul⸗

1380 2735 1432 2756 den
1451 2731 1571 2764 geſtürzt
1587 2730 1670 2763 hatte,
1689 2733 1735 2755 um
1753 2725 1805 2756 den
1823 2724 2038 2763 Verfolgungen
2061 2724 2150 2762 ſeiner
2166 2723 2259 2757 Gläu⸗

1379 2776 1459 2812 biger
1483 2780 1518 2817 zu
1544 2773 1691 2811 entgehen,
1718 2768 1783 2799 nach
1810 2765 1982 2800 Frankreich.
2030 2763 2092 2793 Der
2117 2758 2259 2799 Marſchal

1378 2821 1468 2852 Biron
1494 2818 1617 2850 bezahlte
1644 2815 1714 2848 ſeine
1740 2812 1885 2849 Schulden
1912 2810 1969 2840 und
1995 2809 2098 2849 bahnte
2123 2810 2179 2848 ihm
2205 2809 2258 2839 den
