1888 2786
779 385 845 420 330

1034 385 1242 433 Dreyzehnter
1254 392 1355 436 Brief.
1386 397 1486 440 Ethel.

860 470 952 515 Herr
960 469 1080 513 Bevor
1095 472 1156 523 hat
1168 486 1207 523 zu
1223 475 1323 525 ſeiner
1335 480 1465 531 eigenen
1471 483 1691 541 Wirthſchaft
1702 493 1738 532 in

777 520 872 561 allem
889 519 1107 573 fuͤnfhundert
1127 532 1195 568 und
1210 529 1343 581 dreyßig
1356 532 1472 583 Acker,
1498 541 1653 581 darunter
1668 544 1737 592 ſind

775 581 843 611 nur
858 570 997 621 hundert
1011 582 1079 616 und
1094 579 1229 632 dreyßig
1235 581 1438 637 Pflugland,
1460 593 1528 629 und
1543 595 1605 630 das
1620 594 1736 645 uͤbrige

774 621 970 674 Grasland,
1010 628 1124 675 welche
1156 633 1340 683 zuſammen
1371 638 1581 690 vierhundert
1611 644 1734 696 Pfund

773 677 894 721 Sterl.
907 680 1021 732 Pacht
1039 683 1141 733 geben
1161 688 1316 731 koͤnnten.
1365 693 1507 745 Vierzig
1520 698 1619 741 Acker
1633 702 1733 744 Gras

772 728 898 766 werden
923 738 960 776 zu
980 729 1057 777 Heu
1078 735 1246 785 gemacht;
1272 747 1356 787 zwey
1383 745 1450 781 und
1475 734 1609 796 dreyßig
1632 747 1731 794 Acker

770 786 901 824 werden
922 786 986 827 mit
1008 788 1136 831 Ruͤben
1158 792 1285 843 beſaͤet;
1314 805 1382 836 von
1402 798 1535 850 Gerſte,
1562 803 1643 844 Klee
1664 810 1732 848 und

767 837 904 887 Weizen
925 839 1002 880 eben
1021 842 1055 890 ſo
1071 843 1137 885 viel
1159 855 1226 887 von
1247 849 1364 894 jedem.
1408 856 1490 897 Der
1506 857 1730 910 Viehbeſtand

765 889 808 937 iſt
825 899 909 938 zwey
925 895 993 931 und
1011 894 1153 945 zwanzig
1167 896 1274 948 Kuͤhe,
1300 902 1444 954 zwanzig
1457 905 1595 959 Ochſen,
1621 920 1730 957 zwan⸗

763 941 816 989 zig
825 943 941 985 Stuͤck
955 946 1073 996 junges
1088 950 1194 1001 Vieh,
1217 953 1357 999 hundert
1373 963 1440 997 und
1450 961 1572 1013 achtzig
1581 963 1729 1016 Schafe,

762 994 905 1038 hundert
926 995 1071 1050 Pferde,
1099 1000 1176 1052 zehn
1195 1004 1311 1049 Stuͤck
1336 1007 1483 1062 Fohlen,
1514 1016 1582 1053 und
1607 1014 1727 1066 vierzig

760 1043 961 1090 Schweine.

838 1121 912 1163 Die
926 1122 1027 1172 große
1041 1125 1173 1177 Anzahl
1182 1131 1310 1181 Pferde
1323 1135 1450 1176 koͤmmt
1462 1137 1574 1188 daher,
1599 1141 1676 1183 weil
1686 1154 1721 1183 er

757 1173 823 1214 viel
839 1174 996 1223 derſelben
1008 1189 1075 1219 von
1088 1181 1250 1229 Norwich
1267 1186 1440 1238 aufzieht.
1476 1193 1531 1234 Er
1547 1196 1667 1242 fuͤttert
1680 1200 1720 1247 ſie

754 1226 818 1261 das
834 1232 932 1274 ganze
939 1224 1038 1276 Jahr
1052 1230 1148 1277 durch
1177 1236 1226 1274 mit
1255 1236 1341 1284 Gras,
1367 1244 1435 1280 und
1450 1243 1497 1283 im
1505 1244 1642 1287 Winter
1654 1248 1719 1289 mit

751 1275 841 1325 Heu,
866 1285 989 1319 wovon
1003 1281 1042 1331 ſie
1057 1283 1089 1332 ſo
1108 1283 1160 1334 oft
1175 1285 1287 1339 freſſen
1302 1290 1439 1341 koͤnnen,
1465 1294 1519 1335 als
1534 1297 1574 1347 ſie
1587 1298 1718 1349 wollen,

750 1331 958 1381 woͤchentlich
973 1341 1035 1379 das
1051 1337 1168 1383 Stuͤck
1181 1354 1219 1392 zu
1234 1343 1408 1398 drittehalb
1417 1348 1549 1395 Schill.
1601 1354 1718 1400 Seine

748 1384 848 1435 Kuͤhe
865 1387 970 1437 haben
984 1388 1205 1444 durchgaͤngig
1220 1397 1307 1438 keine
1314 1400 1459 1449 Hoͤrner,
1484 1405 1590 1447 damit
1603 1409 1643 1459 ſie
1657 1409 1714 1459 ſei⸗

748 1441 814 1472 nen
827 1434 950 1485 Hecken
965 1445 1033 1479 und
1049 1430 1294 1496 Plantationen
1311 1448 1419 1491 keinen
1440 1450 1603 1502 Schaden
1619 1455 1713 1506 zufuͤ⸗

744 1499 821 1538 gen.
869 1495 1003 1538 Seiner
1019 1498 1203 1550 Maynung
1218 1502 1297 1549 nach
1313 1506 1412 1556 geben
1426 1510 1466 1559 ſie
1480 1511 1571 1563 mehr
1585 1515 1711 1566 Milch,

743 1541 799 1580 als
814 1546 943 1584 andere.
992 1548 1066 1592 Die
1082 1548 1217 1602 Schafe
1237 1554 1307 1603 ſind
1329 1565 1396 1597 von
1417 1548 1471 1598 der
1485 1559 1709 1614 lincolnſhiri⸗

741 1596 831 1644 ſchen
845 1597 932 1647 Art,
958 1601 1072 1648 welche
1087 1604 1145 1654 ſich
1168 1616 1208 1653 zu
1229 1612 1289 1648 den
1305 1610 1537 1664 norfolkiſchen
1551 1618 1614 1658 wie
1629 1623 1707 1669 drey

740 1658 780 1695 zu
794 1649 876 1699 fuͤnf
888 1651 1070 1704 verhalten.
1119 1658 1260 1708 Anſtatt
1275 1663 1497 1715 fuͤnfhundert
1512 1674 1568 1710 der
1580 1671 1706 1717 letztern

738 1695 824 1736 kann
849 1708 881 1735 er
902 1708 968 1737 nur
988 1700 1206 1754 dreyhundert
1227 1715 1296 1746 von
1313 1708 1408 1755 jenen
1431 1706 1563 1766 halten,
1589 1717 1704 1765 welche

737 1746 816 1785 aber
834 1746 910 1786 eben
925 1751 958 1797 ſo
973 1751 1038 1791 viel
1051 1753 1254 1804 einbringen,
1282 1748 1336 1801 als
1350 1758 1573 1814 fuͤnfhundert
1586 1761 1704 1812 Stuͤck

736 1813 802 1844 aus
811 1805 982 1859 Norfolk;
1005 1816 1089 1852 denn
1098 1818 1161 1854 das
1171 1815 1288 1859 Stuͤck
1299 1819 1389 1870 giebt
1403 1822 1461 1873 fuͤr
1477 1823 1562 1876 ſechs
1569 1827 1703 1880 Schill.

732 1864 861 1898 Wolle.

807 1938 880 1981 Die
900 1938 1102 1992 Erfahrung
1122 1942 1183 1994 hat
1203 1950 1265 1987 den
1284 1948 1399 1998 Herrn
1418 1952 1540 1999 Bevor
1562 1955 1699 2011 gelehrt,

727 1985 793 2034 daß
801 1987 849 2026 die
865 1987 1042 2040 ſchottiſche
1047 1980 1163 2043 Kiefer
1175 1996 1209 2035 in
1220 1996 1305 2039 einer
1312 1997 1506 2056 Pflanzung
1522 2005 1601 2051 nach
1609 2006 1697 2055 acht⸗

724 2036 803 2087 zehn
817 2037 954 2092 Jahren
972 2031 1036 2084 das
1053 2044 1171 2092 Stuͤck
1189 2060 1230 2099 zu
1250 2051 1430 2106 drittehalb
1443 2055 1581 2107 Schill.
1598 2066 1696 2111 ange⸗

726 2095 870 2147 ſchlagen
883 2103 1013 2142 werden
1028 2102 1129 2144 kann.
1176 2104 1238 2156 Jn
1253 2110 1341 2151 einer
1354 2116 1478 2158 andern
1487 2114 1695 2170 Pflanzung,

727 2149 777 2186 die
791 2150 882 2190 einen
895 2150 1042 2202 feuchten
1057 2155 1211 2207 ſandigen
1223 2158 1412 2205 Leimboden
1424 2165 1501 2217 hat,
1523 2169 1593 2217 ſind
1606 2170 1694 2219 acht⸗

725 2194 929 2250 zehnjaͤhrige
959 2199 1223 2257 Lerchenbaͤume,
1264 2214 1327 2252 das
1360 2213 1478 2260 Stuͤck
1511 2216 1692 2270 viertehalb

722 2251 856 2309 Schill.
870 2254 987 2308 werth.
1034 2256 1109 2302 Die
1121 2265 1279 2311 darunter
1294 2265 1466 2319 ſtehenden
1494 2270 1691 2321 Rothtannen

1542 2328 1690 2376 (ſpruce-
