1759 2641
463 306 716 358 Gelegenheiten
733 321 772 357 zu
788 309 939 362 ſuͤndigen
959 312 1123 353 darbieten
1139 317 1296 357 werden?
1334 320 1460 360 Werde
1468 320 1513 369 ich
1523 321 1610 369 ſtark

465 374 570 409 genug
597 364 691 414 ſeyn,
723 367 818 416 ihnen
840 380 876 415 zu
893 368 1115 419 widerſtehen,
1150 374 1225 411 oder
1243 378 1347 413 werde
1364 374 1409 424 ich
1426 383 1491 414 von
1509 375 1606 425 ihnen

463 422 707 476 uͤberwunden,
732 428 872 466 alsdann
888 427 1055 483 wuͤnſchen
1071 428 1210 481 muͤſſen,
1235 433 1300 478 daß
1313 432 1402 474 mein
1409 436 1606 478 Verlangen

460 482 542 526 nach
553 482 748 529 Reichthum
759 485 823 518 und
832 482 1068 535 Gluͤckſeligkeit
1077 485 1162 533 nicht
1170 484 1279 535 erfuͤllt
1287 489 1419 526 worden
1430 476 1557 528 waͤre?

547 546 601 592 Ja,
651 551 694 586 du
719 549 826 600 weiſer
846 553 916 590 und
940 549 1066 600 guͤtiger
1089 554 1304 607 Beherrſcher
1328 560 1384 596 der
1409 557 1601 610 Menſchen,

460 604 506 639 du
536 603 679 651 erzeigeſt
711 606 775 643 mir
808 606 889 646 viele
922 611 989 647 und
1024 610 1127 657 groſſe
1151 610 1291 660 Gnade,
1330 612 1382 651 die
1404 614 1450 663 ich
1474 614 1527 652 dir
1552 614 1605 654 nie

458 663 566 699 werde
592 663 750 703 vergelten
776 659 921 703 koͤnnen:
951 666 1030 704 aber
1053 665 1151 718 dieſes
1173 666 1214 715 iſt
1237 668 1341 717 gewiß
1368 669 1438 710 eine
1458 678 1526 710 von
1539 674 1603 710 den

459 715 671 766 allergroͤßten
695 720 936 772 Wohlthaten,
966 725 1030 770 daß
1055 728 1099 763 du
1126 725 1176 765 die
1200 724 1365 780 Wuͤnſche
1388 726 1512 767 meines
1533 726 1601 779 thoͤ⸗

458 781 582 831 richten
611 783 756 831 Herzens
785 784 872 833 nicht
900 784 1050 837 erfuͤlleſt.
1110 786 1237 839 Dafuͤr
1260 792 1345 830 kann
1367 790 1414 840 ich
1442 793 1493 833 dir
1517 792 1602 840 nicht

457 845 563 882 genug
601 838 741 886 danken,
786 850 883 879 wenn
913 841 958 889 ich
988 843 1116 891 anderſt
1145 844 1231 884 mein
1262 847 1392 896 wahres
1420 847 1501 895 Heil
1528 852 1600 888 dem

457 898 675 950 Scheingluͤck
698 909 755 942 der
770 903 947 954 Gottloſen
973 906 1127 952 vorziehe.
1186 910 1275 948 Aber
1301 909 1379 957 doch
1404 911 1536 959 vergehe
1554 911 1598 958 ich

455 955 537 1005 mich
553 955 586 1007 ſo
607 958 676 1009 ſehr
690 968 733 997 an
751 959 822 1008 dir,
848 961 912 1008 daß
930 959 976 1009 ich
999 972 1094 1009 gegen
1113 961 1182 1008 dich
1198 974 1326 1012 murre,
1357 974 1451 1003 wenn
1468 969 1512 1005 du
1533 973 1601 1007 aus

453 1011 533 1051 liebe
566 1023 604 1059 zu
638 1012 705 1053 mir
726 1018 794 1054 und
823 1014 902 1064 nach
929 1017 1039 1056 deiner
1063 1019 1319 1061 vollkommenen
1343 1020 1509 1072 Weisheit
1534 1023 1599 1064 mir

452 1071 617 1121 dasjenige
651 1071 734 1121 nicht
766 1070 958 1125 gewaͤhreſt,
994 1083 1070 1116 was
1105 1077 1150 1128 ich
1180 1086 1247 1118 von
1271 1078 1322 1118 dir
1343 1080 1516 1131 verlange.
1565 1075 1599 1124 O

452 1133 562 1183 mache
582 1135 661 1178 doch
686 1136 763 1187 dieſe
779 1135 997 1186 Wahrheiten
1028 1137 1167 1180 meinem
1183 1140 1309 1190 Herzen
1335 1143 1419 1189 recht
1443 1142 1598 1186 eindruͤck⸗

449 1184 530 1243 lich,
557 1180 663 1232 damit
681 1193 727 1241 ich
743 1194 824 1241 mich
850 1196 902 1236 nie
922 1194 1099 1246 verfuͤhren
1124 1198 1215 1247 laſſe,
1247 1198 1297 1238 ein
1326 1197 1479 1248 groͤßeres
1494 1198 1598 1246 Gluͤck

450 1260 491 1297 zu
514 1251 687 1301 begehren,
719 1254 772 1295 als
799 1259 844 1294 du
868 1253 933 1296 mir
958 1257 1130 1309 geſchenket
1155 1260 1234 1309 haſt.
1295 1260 1491 1310 Ueberzeuge
1514 1261 1596 1312 mich

450 1310 571 1352 immer
586 1302 685 1360 mehr
706 1316 835 1362 davon,
871 1317 937 1363 daß
961 1317 1027 1357 kein
1051 1318 1236 1367 Ungemach
1259 1319 1291 1369 ſo
1320 1320 1399 1367 groß
1424 1321 1495 1373 ſey,
1522 1325 1595 1360 das

437 1370 498 1419 ich
521 1369 608 1419 nicht
634 1370 752 1419 allezeit
776 1376 848 1411 dem
874 1372 1175 1427 entgegengeſetzten
1199 1376 1308 1421 Gluͤck
1327 1379 1493 1428 unendlich
1517 1382 1596 1422 weit

447 1426 617 1478 vorziehen
649 1427 757 1475 muͤſſe.
826 1430 891 1472 So
922 1435 1027 1471 werde
1058 1432 1104 1479 ich
1137 1444 1181 1472 an
1212 1437 1315 1486 jedem
1347 1434 1498 1485 Morgen
1531 1441 1595 1479 den

437 1481 557 1519 neuen
590 1481 666 1527 Tag
702 1481 764 1521 mit
793 1481 927 1532 heiterm
950 1484 1119 1537 Angeſicht
1154 1492 1306 1537 entgegen
1337 1488 1445 1539 ſehen;
1504 1481 1594 1532 mein

435 1543 537 1591 Herz
571 1544 653 1582 wird
688 1544 834 1596 jederzeit
859 1547 921 1587 mit
942 1549 1120 1590 dankbarer
1145 1550 1225 1591 Liebe
1251 1554 1374 1592 meines
1400 1553 1593 1605 Schoͤpfers

446 1608 516 1644 und
542 1605 720 1655 Erhalters
753 1603 861 1658 erfuͤllt
886 1608 978 1659 ſeyn,
1019 1611 1087 1648 und
1115 1608 1159 1660 ich
1181 1605 1284 1658 werde
1303 1609 1449 1666 Urſache
1476 1614 1591 1665 haben,

445 1661 530 1711 mich
561 1663 650 1716 ſelbſt
680 1668 738 1711 bey
764 1666 858 1706 allem
882 1667 1027 1716 Mangel
1052 1671 1119 1710 und
1142 1677 1199 1709 der
1224 1667 1358 1720 groͤßten
1384 1671 1594 1724 Duͤrftigkeit

444 1721 563 1769 reicher
595 1725 662 1761 und
700 1722 877 1775 gluͤcklicher
907 1737 945 1774 zu
972 1721 1122 1779 ſchaͤtzen,
1161 1728 1216 1768 als
1240 1739 1335 1767 wenn
1360 1732 1405 1769 du
1425 1731 1481 1779 mir
1508 1731 1593 1779 alle

446 1777 590 1836 Schaͤtze
607 1788 663 1822 der
671 1784 768 1825 Welt
787 1784 820 1824 in
837 1784 940 1827 meine
951 1786 1089 1830 Gewalt
1104 1786 1241 1837 gegeben
1257 1784 1384 1842 haͤtteſt.

608 1869 722 1933 Beſitz
741 1884 784 1923 ich
801 1892 860 1918 nur
880 1886 926 1918 ein
949 1886 1082 1929 ruhiges
1094 1888 1256 1930 Gewiſſen,

609 1945 666 1981 So
690 1946 724 1987 iſt
745 1945 795 1986 fuͤr
815 1946 907 1985 mich,
950 1955 1038 1981 wenn
1062 1951 1154 1983 andre
1176 1956 1266 1991 zagen
1284 1949 1407 1993 muͤſſen,

611 1999 723 2039 Nichts
746 2001 940 2044 ſchreckliches
962 2003 992 2036 in
1013 1998 1065 2039 der
1086 2005 1206 2041 Natur.

607 2058 691 2095 Dies
708 2061 753 2102 ſey
772 2062 851 2095 mein
860 2061 963 2103 Theil!
984 2066 1049 2098 dies
1065 2065 1117 2103 ſoll
1128 2065 1187 2098 mir
1201 2065 1342 2100 niemand
1355 2065 1483 2103 rauben.

608 2114 671 2152 Ein
694 2116 793 2150 reines
816 2116 894 2157 Herz
917 2124 976 2150 von
998 2117 1207 2159 ungefaͤrbtem
1229 2119 1387 2163 Glauben,

608 2173 679 2216 Der
699 2176 805 2222 Friede
827 2182 944 2217 Gottes
966 2190 1025 2217 nur
1044 2181 1080 2226 iſt
1101 2181 1186 2226 Heil.
