2180 2736
276 451 374 515 und
391 443 647 515 Zunehmen
665 456 709 512 in
734 449 863 512 guten
884 450 1098 518 Werken,
1150 442 1227 502 mit
1249 441 1418 512 unſerm
1444 452 1617 510 ſaͤmtlich
1644 461 1720 500 an⸗

279 544 484 598 daͤchtigen
495 542 631 590 Gebet
648 544 736 597 und
753 526 995 599 Auflegung
1012 542 1084 588 der
1099 522 1275 598 Haͤnde,
1306 540 1418 589 Gott
1436 550 1486 599 zu
1503 528 1628 595 ſeiner
1644 535 1719 586 vaͤ⸗

279 628 466 686 terlichen
491 622 737 687 Regierung
756 618 920 686 beſtens
945 616 1192 687 anbefohlen
1215 629 1406 684 werden,
1477 629 1583 686 dazu
1609 629 1719 676 denn

279 705 394 768 Gott
408 712 513 777 ſeine
525 713 694 773 Gnade,
722 716 896 775 Seegen
910 719 999 767 und
1015 715 1231 775 Gedeihen
1245 716 1452 774 verleihen
1467 714 1612 773 wolle,
1642 723 1722 763 um

279 800 409 869 ſeiner
423 797 670 863 vaͤterlichen
682 799 965 867 Erbarmung
979 799 1070 867 und
1081 798 1198 851 Liebe
1213 786 1373 862 willen.
1401 800 1554 850 Amen.

375 896 560 970 (Darauf
566 891 657 952 folgt
672 909 724 949 ein
747 888 861 947 kurzes
873 903 1034 952 Examen
1051 896 1133 948 uͤber
1147 898 1201 950 die
1217 901 1416 958 wichtigſten
1431 904 1557 960 Lehren
1558 901 1645 953 des

682 962 868 1020 Glaubens
886 969 956 1006 und
975 956 1031 1009 der
1047 950 1348 1016 Gottſeligkeit.)

404 1058 527 1117 Nach
545 1058 688 1115 dieſem
705 1062 765 1120 itzt
780 1055 978 1116 oͤffentlich
997 1057 1232 1118 abgelegten
1248 1057 1724 1112 Glaubens⸗Bekaͤnnt⸗

275 1127 377 1207 niſſe
396 1141 506 1198 frage
532 1136 596 1207 ich
616 1138 706 1207 euch
728 1140 869 1198 ferner
889 1149 979 1197 vor
1001 1144 1101 1191 dem
1111 1135 1342 1206 Angeſichte
1365 1141 1438 1190 des
1451 1138 1725 1200 dreyeinigen

277 1196 563 1273 Gottes,
495 1203 573 1280 des
572 1203 772 1276 Vaters,
801 1220 1021 1284 Sohnes,
1028 1225 1119 1277 und
1135 1212 1310 1271 heiligen
1321 1217 1518 1272 Geiſtes,
1538 1209 1627 1274 und
1641 1211 1724 1275 vor

278 1302 404 1362 dieſer
434 1319 592 1365 ganzen
608 1309 875 1365 Gemeinde,
923 1311 1086 1362 welche,
1139 1311 1306 1361 irofern
1336 1310 1403 1363 ihr
1436 1308 1542 1365 nicht
1571 1308 1726 1362 haltet,

278 1394 351 1452 was
376 1389 452 1448 ihr
475 1386 663 1460 zuſaget,
693 1395 742 1462 an
762 1387 891 1456 jenem
913 1387 1016 1462 Tage
1037 1387 1161 1456 wider
1191 1378 1287 1455 euch
1302 1390 1510 1447 auftreten
1524 1390 1614 1438 und
1630 1398 1725 1447 zeu⸗

281 1477 358 1527 gen
383 1454 545 1517 wuͤrde.

346 1573 389 1626 1)
414 1571 575 1624 Wollet
592 1564 672 1624 ihr
694 1569 872 1623 anheute
896 1579 1024 1620 euren
1047 1564 1285 1628 Taufbund
1310 1570 1386 1620 mit
1415 1569 1535 1621 Gott
1553 1568 1721 1629 herzlich

452 1632 659 1683 erneuern
681 1636 770 1683 und
780 1625 916 1683 euere
939 1628 1129 1692 Geluͤbde
1153 1630 1271 1692 ſelbſt
1297 1626 1367 1699 auf
1392 1633 1484 1690 euch
1515 1631 1720 1688 nehmen?

402 1678 677 1748 Antwort:
702 1682 799 1750 Ja.

334 1782 381 1835 2)
421 1779 619 1838 Entſaget
641 1779 720 1835 ihr
745 1784 818 1832 dem
851 1781 1002 1837 Teufel
1022 1781 1110 1843 und
1134 1768 1241 1832 allen
1265 1770 1398 1838 ſeinen
1421 1780 1610 1832 Werken
1632 1782 1720 1830 und

407 1837 636 1903 Weſen?
665 1845 750 1903 Ja.

341 1929 386 1986 3)
413 1925 609 1976 Glaubet
624 1927 693 1982 ihr
711 1939 767 1977 an
783 1927 898 1978 Gott
909 1930 987 1977 den
995 1927 1169 1977 Vater,
1177 1908 1490 1982 allmaͤchtigen
1506 1921 1721 1983 Schoͤpfer

453 1994 671 2050 Himmels
688 1998 775 2046 und
790 1999 858 2046 der
876 1995 1048 2047 Erden?
1077 1990 1163 2054 Ja.

327 2070 415 2136 4)
415 2067 620 2136 Glaubet
620 2067 702 2136 ihr
725 2086 782 2125 an
802 2071 961 2143 Jeſum
986 2074 1232 2136 Chriſtum,
1261 2073 1394 2134 ſeinen
1419 2076 1721 2134 eingebohrnen

453 2141 607 2196 Sohn,
631 2144 783 2197 unſern
797 2145 961 2201 Herrn,
986 2144 1057 2192 der
1075 2141 1321 2201 empfangen
1338 2142 1382 2195 iſt
1398 2137 1484 2188 von
1501 2136 1593 2193 dem
1608 2132 1721 2197 heili⸗

383 2190 530 2258 gen
541 2199 692 2257 Geiſte,
709 2201 915 2260 gebohren
940 2200 1016 2257 von
1037 2195 1191 2265 Maria,
1214 2204 1279 2252 der
1287 2198 1591 2260 Jungfrauen,
1608 2198 1721 2258 gelit⸗
