1623 2383
408 371 460 411 42

686 349 858 398 Taͤgliche
858 349 1188 398 Kirchen⸗Andacht.

418 435 460 464 tet
480 432 529 462 und
539 426 685 461 erworben
696 425 771 464 hat,
764 423 809 469 im
815 424 933 466 Hertzen

420 476 482 514 alſo
498 472 640 513 annehme
655 475 715 507 und
731 472 808 511 faſſe,
825 471 883 509 daß
900 470 934 502 es

421 524 454 556 in
464 530 520 553 mir
541 520 645 560 groſſen
662 520 730 561 Nutz
750 519 811 552 und
827 516 934 558 Frucht

419 565 538 610 ſchaffe,
569 572 601 607 zu
622 573 729 598 meiner
740 561 853 598 Seelen
868 560 936 597 Heil

419 612 481 645 und
490 607 648 648 Seligkeit:
664 609 723 646 daß
739 607 778 645 ich
789 608 836 638 der
845 601 944 645 Suͤn⸗

419 657 477 690 den
493 650 595 695 taͤglich
610 652 740 689 abſterbe,
757 655 804 685 der
813 647 933 688 Gerech⸗

423 699 520 741 tigkeit
531 701 599 737 lebe,
615 694 786 737 wuͤrdiglich
805 693 935 730 wandele

422 743 486 775 dem
510 738 672 778 Evangelio
695 729 799 775 unſers
824 734 936 776 HErrn

420 781 509 827 JEſu
513 781 632 826 Chriſti,
648 782 709 812 und
719 778 779 818 daß
793 776 833 814 ich
849 774 936 814 durch

419 842 466 867 ein
479 830 632 873 zuͤchtiges,
644 831 781 872 gerechtes
790 831 849 862 und
860 831 937 870 gott⸗

419 878 521 919 ſeliges
532 875 617 911 Leben
633 876 694 909 dich
704 874 792 908 lieben
802 870 937 913 allmaͤch⸗

420 926 502 965 tigen
512 922 606 957 Vater
622 921 684 955 lobe
692 922 753 954 und
762 917 859 958 preiſe,
875 920 936 950 und

420 964 536 998 meinen
552 960 696 1003 Naͤchſten
718 950 832 1001 beſſere,
850 951 948 999 durch

423 1014 542 1058 JEſum
550 1011 709 1056 Chriſtum,
719 1009 824 1045 Amen.

442 1091 526 1125 Zum
535 1086 747 1127 Chriſtlichen
754 1084 916 1121 Glauben.

424 1145 496 1228 G

495 1138 560 1189 Ott,
578 1141 627 1173 der
639 1143 677 1172 du
691 1140 744 1176 biſt
750 1136 837 1177 Drey
852 1138 882 1168 in
891 1127 951 1184 Ei⸗

501 1190 623 1221 nigkeit,
656 1190 702 1221 ein
718 1188 835 1228 wahrer
851 1187 942 1222 GOtt

424 1236 488 1263 von
503 1227 661 1269 Ewigkeit!
683 1226 761 1262 Dich
777 1224 862 1258 allein
880 1213 947 1267 bete

424 1277 471 1318 ich
478 1287 529 1313 an,
545 1286 576 1318 zu
588 1276 630 1309 dir
647 1274 718 1315 habe
728 1274 770 1308 ich
787 1282 878 1308 meine
886 1271 942 1307 Zu⸗

425 1317 562 1357 verſicht,
582 1317 642 1349 und
652 1315 744 1347 werde
758 1317 836 1351 nicht
849 1303 950 1345 betro⸗

425 1374 494 1407 gen.
536 1365 615 1406 Dich
623 1363 739 1398 erkenne
753 1366 814 1396 und
823 1361 942 1397 bekenne

426 1413 469 1455 ich
479 1413 575 1454 eintzig
586 1415 649 1447 dem
658 1412 761 1450 Weſen
776 1410 861 1447 nach,
875 1408 944 1442 aber

427 1457 589 1497 dreyfaltig
603 1465 635 1488 in
648 1453 815 1495 Perſonen,
836 1450 945 1488 Vater,

428 1504 528 1540 Sohn
538 1505 599 1536 und
608 1501 683 1535 Heil.
693 1499 783 1538 Geiſt.
816 1498 946 1535 Welcher

427 1546 552 1584 Glaube
571 1536 634 1579 uns
655 1543 786 1583 Chriſten
803 1547 865 1576 von
884 1538 945 1581 Juͤ⸗

430 1589 496 1627 den,
512 1583 648 1625 Tuͤrcken,
666 1582 786 1624 Heyden
797 1585 857 1615 und
871 1581 947 1613 allen

430 1628 636 1672 unglaͤubigen
650 1628 806 1668 Voͤlckern,
823 1625 947 1664 welchen

432 1681 483 1713 der
491 1678 569 1713 Gott
575 1670 673 1721 dieſer
673 1672 757 1709 Welt
770 1674 852 1713 ihren
860 1669 949 1706 Sinn

433 1722 597 1758 verblendet
606 1721 667 1761 hat,
685 1719 847 1760 abſondert.
893 1716 950 1760 Jch

432 1770 538 1805 dancke
546 1769 590 1801 dir
599 1765 734 1809 hertzlich,
750 1764 809 1801 daß
823 1767 863 1798 du
876 1761 951 1801 mich

435 1817 498 1845 von
528 1806 761 1850 rechtglaͤubigen
784 1807 887 1842 Eltern
920 1815 950 1839 in

435 1857 505 1898 dem
505 1855 631 1896 Schooß
639 1854 690 1894 der
690 1852 872 1894 Chriſtlichen
883 1851 950 1886 Kir⸗

437 1899 484 1941 che
492 1897 553 1937 haſt
562 1896 716 1938 gebohren,
725 1898 786 1928 und
795 1895 835 1929 im
844 1892 952 1935 Chriſt⸗

438 1946 529 1984 lichen
541 1942 692 1981 Glauben,
710 1941 800 1981 deſſen
809 1939 951 1976 Bekennt⸗

436 1991 491 2030 niß
501 1988 542 2028 ich
551 1992 616 2022 ietzo
635 1988 767 2027 abſtatte,
781 1985 867 2025 laſſen
878 1992 952 2025 erzo⸗

438 2038 494 2071 gen
518 2020 643 2063 werden.
681 2028 773 2063 Denn
788 2034 848 2060 wer
861 2026 952 2063 dieſen

438 2078 581 2118 Glauben
599 2077 676 2116 nicht
706 2079 780 2116 ſteiff
799 2081 860 2111 und
888 2075 951 2116 feſte

438 2122 513 2166 haͤlt,
528 2123 600 2164 muß
610 2121 683 2157 ohne
690 2120 817 2162 Zweiffel
824 2119 952 2160 ewiglich

436 2166 603 2198 verdammt
625 2163 687 2196 und
703 2160 856 2201 verlohren
874 2161 951 2199 ſeyn.

434 2211 496 2256 Jch
512 2210 580 2248 bitte
594 2203 813 2253 demuͤthiglich,
828 2209 869 2241 du
879 2204 962 2250 wol⸗

949 422 996 462 leſt
1017 422 1091 456 mich
1112 423 1172 455 und
1201 420 1272 457 dieſe
1292 418 1461 460 Chriſtliche

951 468 1092 504 Gemeine
1103 468 1174 507 ſamt
1191 467 1289 506 unſern
1298 462 1462 504 Nachkom⸗

952 524 1036 554 men,
1059 514 1111 556 bey
1128 514 1227 553 dieſem
1243 512 1358 545 uralten
1375 511 1462 545 allein

951 556 1192 601 ſeligmachenden,
1192 555 1345 597 Glauben,
1360 554 1399 586 all
1409 561 1464 587 un⸗

954 597 994 644 ſer
1004 601 1161 642 Lebenlang
1178 599 1324 640 erhalten,
1340 596 1390 632 bis
1409 599 1466 633 wir

959 641 1006 687 das
1017 646 1095 683 Ende
1110 651 1155 681 des
1158 643 1329 683 Glaubens,
1343 645 1386 677 der
1390 640 1467 676 See⸗

954 693 998 727 len
1008 692 1168 732 Seligkeit,
1185 690 1274 731 durch
1287 692 1341 724 den
1350 685 1466 724 Anfaͤn⸗

954 741 1003 774 ger
1017 737 1071 767 und
1080 723 1239 772 Vollender
1254 731 1358 764 unſers
1366 727 1466 764 Glau⸗

954 772 1028 808 bens
1050 775 1105 806 den
1118 772 1228 814 HErrn
1241 771 1360 811 JEſum
1376 769 1468 809 Chri⸗

955 827 1038 868 ſtum,
1052 825 1190 865 erreichen
1204 827 1263 859 und
1280 827 1378 857 davon
1389 821 1469 855 brin⸗

954 879 1019 910 gen.
1086 869 1117 904 O
1147 872 1187 903 du
1208 865 1468 907 hochgebenedeyte

953 907 1187 960 Dreyeinigkeit,
1202 914 1293 951 GOtt
1302 911 1407 950 Vater,
1421 911 1468 946 dir

955 956 1096 999 gebuͤhret
1127 968 1159 1002 ja
1189 955 1277 990 allein
1305 957 1350 991 die
1369 954 1467 994 Ehre;

954 997 1048 1043 GOtt
1056 1003 1165 1044 Sohn,
1173 1005 1212 1037 du
1228 1000 1281 1038 biſt
1292 1010 1321 1043 ja
1331 1000 1415 1040 unſer
1431 999 1470 1035 ei⸗

957 1049 1038 1092 niger
1054 1048 1162 1089 HErr;
1191 1056 1209 1079 o
1232 1045 1355 1086 werther
1376 1043 1470 1083 Hort,

956 1093 1051 1130 GOtt
1056 1090 1188 1133 Heiliger
1195 1087 1287 1129 Geiſt,
1301 1087 1346 1130 ſey
1355 1077 1472 1121 immer⸗

957 1139 1011 1169 dar
1018 1140 1079 1167 von
1086 1136 1150 1165 uns
1158 1131 1303 1171 gepreiſet.

996 1203 1068 1247 Bey
1077 1197 1274 1244 angehender
1283 1199 1427 1242 Predigt.

946 1257 1021 1354 H

1021 1255 1191 1312 oldſeligſter
1207 1263 1355 1306 Heiland,
1380 1260 1473 1302 HErr

1021 1312 1119 1358 JEſu
1132 1311 1257 1341 Chriſte,
1281 1306 1376 1341 komm
1397 1312 1471 1341 nun,

959 1356 1021 1387 und
1036 1351 1144 1392 mache,
1158 1350 1234 1389 ſamt
1248 1351 1358 1385 deinem
1366 1346 1473 1382 Vater,

961 1404 1022 1434 und
1037 1399 1112 1442 Heil.
1124 1398 1222 1437 Geiſt,
1236 1396 1403 1435 Wohnung
1419 1392 1473 1432 bey

961 1443 1038 1477 mir,
1065 1436 1166 1478 erfuͤlle
1186 1437 1279 1470 meine
1293 1435 1397 1471 Sinne
1417 1433 1474 1469 mit

963 1484 1131 1524 Weisheit,
1154 1481 1231 1515 mein
1239 1480 1320 1523 Hertz
1341 1474 1390 1521 mit
1408 1477 1476 1512 Ver⸗

951 1530 1057 1567 ſtand,
1072 1527 1165 1561 meine
1173 1518 1345 1561 Gedancken
1359 1522 1413 1555 mit
1429 1521 1477 1556 in⸗

952 1570 1125 1615 bruͤnſtiger
1141 1568 1292 1611 Andacht,
1321 1569 1381 1602 und
1398 1567 1476 1602 mein

954 1620 1082 1656 gantzes
1098 1616 1185 1653 Leben
1199 1619 1254 1649 mit
1271 1613 1379 1653 Chriſtl.
1386 1607 1476 1654 Zucht

955 1656 1028 1702 und
1035 1664 1195 1703 Erbarkeit.
1216 1663 1275 1705 Ach
1283 1662 1372 1703 HErr
1377 1661 1476 1701 JEſu,

969 1708 1045 1753 oͤffne
1055 1710 1111 1743 mir
1124 1702 1171 1748 die
1171 1704 1286 1749 Augen,
1302 1706 1361 1744 daß
1370 1704 1410 1742 ich
1418 1702 1479 1745 ſehe

968 1756 1012 1789 die
1030 1753 1166 1789 Wunder
1188 1758 1229 1782 an
1245 1751 1358 1784 deinem
1372 1746 1479 1786 Geſetz.

967 1798 1066 1833 Wecke
1072 1796 1129 1830 mir
1139 1796 1196 1830 das
1204 1793 1282 1834 Ohr,
1299 1792 1359 1831 daß
1368 1791 1410 1832 ich
1424 1780 1479 1827 hoͤ⸗

968 1847 1009 1875 re,
1028 1839 1084 1873 wie
1097 1839 1138 1871 du
1153 1834 1226 1874 mich
1247 1843 1281 1878 zu
1304 1835 1349 1869 dir
1368 1831 1481 1872 ruffeſt.

967 1886 1071 1928 Oeffne
1087 1883 1144 1918 mir
1163 1883 1221 1917 das
1236 1882 1337 1924 Hertz,
1360 1879 1415 1912 wie
1431 1882 1480 1913 der

968 1923 1278 1971 Purpur  ⸗ Kraͤmerin
1287 1918 1393 1964 Lydia,
1416 1922 1483 1957 dein

968 1974 1058 2009 Wort
1080 1971 1238 2009 darinnen,
1268 1977 1302 2010 zu
1317 1965 1482 2007 Bringung

969 2015 1213 2060 hundertfaͤltiger
1219 2010 1339 2055 Frucht,
1355 2009 1465 2054 wohl
1446 2006 1484 2056 zu

968 2062 1133 2103 bewahren.
1175 2059 1234 2099 Laß
1250 2055 1324 2097 mich
1340 2057 1370 2092 in
1383 2057 1428 2091 dir
1436 2062 1484 2094 ge⸗

969 2109 1067 2144 lehret,
1081 2111 1114 2144 zu
1131 2103 1175 2135 dir
1190 2098 1327 2141 bekehret,
1343 2105 1403 2135 von
1412 2088 1485 2140 Her⸗

970 2156 1026 2192 tzen
1034 2152 1156 2191 fromm,
1174 2150 1231 2183 und
1245 2142 1327 2193 durch
1345 2148 1405 2191 dich
1418 2147 1485 2182 end⸗

970 2198 1023 2240 lich
1052 2194 1128 2236 ewig
1150 2190 1219 2239 ſelig
1246 2193 1371 2231 werden.
1428 2190 1488 2229 Laß

1415 2244 1488 2266 mich
