1479 2316
551 338 651 383 77

122 395 187 439 Legt
196 401 231 440 ſie
240 400 312 441 nach
321 399 401 442 ihrer
409 398 465 432 Art
473 397 518 431 dir
526 396 623 437 duͤſtre
636 400 754 439 Zweifel
763 407 827 435 vor,

125 440 178 477 So
194 444 260 485 hebe
271 446 334 479 dein
344 440 476 482 Gemuͤth
486 440 571 480 durch
581 445 660 481 ihren
670 448 771 477 Dunſt
779 450 890 481 empor.

123 486 181 527 Laß
192 491 243 531 ſich
254 490 308 524 den
316 490 414 529 freyen
422 486 504 523 Geiſt
512 487 599 526 durch
608 489 663 519 alle
670 491 766 521 Nebel
777 493 908 523 dringen,

125 530 188 567 Und
199 542 229 568 in
239 534 284 566 die
293 531 382 572 heitre
393 530 456 570 Luft
466 529 518 564 mit
526 528 824 568 Glaubens⸗Fluͤgeln
833 535 1003 566 ſchwingen.

167 578 226 619 Jch
242 579 319 617 ſelbſt
329 577 403 614 weiß
411 574 507 609 keinen
516 574 617 614 Feind,
627 576 676 606 der
687 573 839 610 ſchlimmer
849 579 883 610 iſt
893 574 945 607 als
952 581 1000 612 ſie,

125 614 216 650 Mein
227 616 308 654 ſteter
314 612 431 653 Kampf
442 615 496 645 mit
506 612 554 651 ihr
564 612 596 649 iſt
603 611 694 644 voller
704 614 803 647 ſaurer
811 620 909 651 Muͤh.

125 662 182 702 Oſt
192 663 274 698 denck
283 662 342 701 ich:
357 660 448 696 GOtt
455 658 500 702 ſey
515 657 635 696 Danck!
653 664 714 693 nun
723 653 793 696 liegt
801 649 877 690 mein
885 659 977 697 Feind
995 661 1037 692 im

544 709 663 742 Grabe!

129 743 215 781 Bald
222 742 265 785 ſeh
277 740 330 784 ich,
339 739 395 783 daß
404 742 479 776 mein
487 739 579 783 Feind
592 747 637 776 ein
648 737 749 783 hartes
760 736 849 776 Leben
860 739 943 780 habe.

129 791 182 829 So
192 791 254 828 will
262 790 303 832 ich
310 791 389 828 dann
399 789 452 824 mit
460 789 505 825 dir
513 790 568 831 auf
574 787 682 824 deinem
691 785 895 831 Kampf⸗Platz
905 788 996 828 ſtehn,

128 838 195 876 Und
204 838 255 873 mit
265 836 408 874 vereinter
416 834 505 879 Kraft
511 825 546 880 zu
555 833 686 877 gleichem
692 832 807 877 Treffen
817 832 901 875 gehn.

130 880 192 916 Die
200 878 316 924 Hoͤhen,
326 881 369 916 die
377 880 415 922 ſie
423 878 508 922 baut,
523 878 575 920 ſoll
581 877 665 919 unſer
671 879 744 914 Arm
754 877 926 919 zerbrechen,

131 925 202 963 Wir
211 926 317 963 wollen
334 924 415 966 ihren
424 918 515 968 Stolz
525 922 610 963 durch
622 920 715 967 hoͤhre
730 921 837 964 Kraͤfte
847 921 1083 962 ſchwaͤchen.

131 968 268 1009 Getroſt!
281 971 331 1005 der
338 967 465 1009 Himmel
471 965 545 1010 ſteht
554 966 700 1009 gerechten
706 966 827 1002 Sachen
838 969 944 1004 bey.

133 1012 202 1053 Sey
211 1020 279 1052 nur,
287 1011 380 1048 indem
387 1013 428 1045 du
436 1008 568 1053 kaͤmpfſt,
587 1010 648 1046 dem
659 1011 795 1051 Heyland
804 1012 905 1045 redlich
914 1016 992 1044 treu.

133 1052 191 1095 Laß
200 1057 243 1089 die
252 1052 407 1096 Vernunft
414 1053 473 1093 dich
484 1053 559 1092 nicht
566 1058 625 1089 von
637 1055 730 1088 Wort
742 1057 803 1085 und
819 1057 937 1093 Einfalt
949 1062 1087 1091 trennen,

133 1100 189 1140 So
198 1100 278 1144 wirſt
284 1095 318 1142 du
329 1100 421 1144 dieſen
426 1097 522 1144 Feind
532 1099 587 1136 mit
593 1096 700 1142 Ruhm
707 1099 834 1143 beſiegen
842 1101 968 1133 koͤnnen.

265 1159 450 1245 Der
446 1173 681 1257 ſiebende
689 1182 933 1252 Kampf,

161 1273 302 1324 Wenn
316 1270 394 1326 ſich
411 1273 480 1323 der
497 1268 801 1326 auferſtandene
818 1273 977 1321 JEſus
994 1279 1066 1310 der

399 1325 527 1365 Seelen
542 1325 730 1367 verborgen
746 1324 891 1365 haͤlt.

467 1378 623 1429 (Joh.20,
640 1383 760 1422 11.15.)

409 1449 476 1492 Die
494 1436 687 1495 kaͤmpfende
703 1444 820 1484 Seele.

138 1504 202 1592 E

202 1504 251 1562 Jn
259 1506 377 1562 Kampf
382 1501 414 1560 iſt
424 1510 494 1553 noch
505 1505 613 1555 zuruͤck,
620 1501 672 1546 wo
679 1501 755 1558 ſelbſt
763 1501 839 1555 mein
847 1501 968 1556 treuſter
975 1513 1095 1552 Freund

202 1557 259 1597 Als
259 1557 351 1599 Feind
359 1562 392 1594 (o
400 1555 672 1595 Donner⸗Wort!)
682 1553 941 1598 undGegen⸗Part
949 1565 1095 1595 erſcheint.

142 1598 203 1635 Ach
212 1596 293 1638 duͤrft
300 1597 341 1639 ich
347 1600 450 1641 armes
457 1603 538 1643 Kind
546 1608 597 1646 nur
605 1600 705 1639 dieſen
714 1599 818 1630 Streit
828 1601 905 1633 nicht
914 1608 1032 1636 wagen,

143 1641 201 1679 Ach
212 1640 299 1675 wolte
309 1639 379 1681 nach
398 1644 549 1688 Vernunft,
562 1649 626 1687 nach
631 1646 703 1681 Hoͤll
712 1652 771 1679 und
782 1650 865 1679 Welt
874 1657 970 1685 nichts
979 1655 1097 1699 fragen.

142 1659 219 1706 Das
229 1673 261 1708 iſt
275 1678 319 1705 ein
320 1686 436 1719 harter
441 1691 565 1735 Kampf,
576 1695 666 1738 wenn
681 1689 734 1732 ſich
743 1690 820 1731 mein
829 1689 951 1736 Freund
959 1699 1100 1744 verſtellt,

145 1726 210 1762 Und
220 1725 292 1768 ſeine
300 1717 525 1776 Freundlichkeit
533 1737 590 1778 vor
608 1739 653 1776 mir
661 1734 823 1763 verborgen
833 1736 918 1766 haͤlt;

144 1767 245 1806 Wenn
254 1767 297 1808 Er
306 1765 365 1804 von
368 1767 464 1819 ſeiner
480 1779 549 1819 Huld
559 1785 615 1808 mir
628 1781 709 1817 keine
724 1780 821 1816 Proben
839 1778 971 1807 giebet,

143 1806 193 1855 Und
214 1818 280 1864 mich
302 1814 378 1864 nicht
386 1817 482 1862 wiſſen
492 1822 566 1863 laͤßt,
574 1832 611 1862 ob
620 1827 689 1858 mich
700 1822 757 1858 ſein
765 1824 847 1860 Hertz
857 1830 928 1858 noch
937 1826 1037 1868 liebet.

145 1859 178 1896 O
187 1860 271 1905 welch
282 1861 327 1898 ein
336 1860 475 1903 Schauer
483 1870 592 1913 dringt
589 1881 620 1911 in
629 1871 722 1912 meine
735 1870 854 1912 Glieder
863 1877 973 1918 ein,

146 1903 249 1942 Wenn
258 1907 330 1950 ſeine
339 1904 519 1949 Gegenwart
526 1919 575 1956 mir
594 1915 697 1950 ſcheint
703 1917 833 1961 entfernt
836 1931 869 1962 zu
882 1921 1008 1963 ſeyn,

145 1947 247 1985 Wenn
255 1950 300 2002 ich
303 1952 352 1994 ein
359 1955 452 1992 leeres
462 1957 549 1989 Grab
557 1969 596 1991 an
605 1960 725 2006 meinem
735 1961 847 2007 Herzen
859 1962 965 2012 finde,

146 1992 223 2039 Das
231 1997 280 2052 ihn
288 1998 367 2048 nicht
374 2001 407 2038 in
415 2000 468 2044 ſich
475 2005 599 2047 ſchließt,
607 2011 662 2037 den
670 2003 770 2040 Tilger
777 2009 888 2043 meiner
895 2008 1020 2051 Suͤnde.

1048 2088 1103 2126 Da
