1639 2340
653 438 753 478 Seite,
770 439 832 475 und
859 439 953 469 wollen
968 445 1057 475 beydes
1077 439 1133 472 mit
1151 438 1279 472 einander
1294 440 1468 483 vereinigen:

657 493 741 520 wenn
753 492 786 519 es
800 495 861 519 nun
873 488 1016 528 beſonders
1030 489 1186 533 angehende
1193 488 1298 533 Lehrer,
1312 493 1374 523 oder
1389 494 1470 533 ſolche

657 542 724 582 ſind,
744 544 785 575 die
804 543 836 573 in
863 544 912 575 den
928 543 1008 584 Geiſt
1028 545 1074 577 der
1087 545 1232 586 roͤmiſchen
1247 543 1378 582 Sprache
1397 548 1470 586 nicht

659 592 740 631 durch
763 594 869 631 eigenes
883 593 1029 626 Studium
1052 596 1109 627 und
1128 593 1309 635 Nachdenken
1330 594 1399 633 recht
1415 599 1470 629 ein⸗

656 645 814 681 gedrungen
835 643 901 683 ſind,
923 646 949 683 ſo
970 644 1056 688 gehen
1077 646 1111 685 ſie
1133 646 1210 685 leicht
1224 648 1297 692 ohne
1311 645 1398 686 Regel
1412 653 1469 682 und

656 693 796 737 Methode
818 690 919 736 einher,
942 697 1005 727 und
1026 693 1173 729 verderben
1198 697 1241 737 oft
1260 699 1321 737 das,
1349 698 1412 730 was
1435 698 1468 737 ſie

658 745 728 785 recht
741 752 790 785 gut
802 746 911 786 machen
928 748 1034 782 wollen.

733 800 787 833 Da
799 800 837 839 ich
851 797 925 840 ſelbſt
938 800 1055 835 daruͤber
1064 799 1298 841 Beobachtungen
1312 810 1344 841 zu
1356 802 1469 840 machen

655 854 814 891 veranlaſſet
833 854 953 889 worden,
972 856 1031 886 und
1050 859 1082 887 es
1101 854 1230 896 wuͤnſche,
1255 858 1308 895 daß
1323 858 1365 888 die
1378 857 1468 892 Erler⸗

654 909 735 942 nung
748 904 828 944 dieſer
843 903 890 944 fuͤr
898 904 1076 939 Studirende
1082 905 1108 945 ſo
1119 904 1330 949 nothwendigen
1336 906 1468 946 Sprache

659 958 705 989 der
717 956 845 998 Jugend,
859 957 886 998 ſo
900 958 955 991 viel
969 961 999 990 es
1014 961 1060 994 der
1073 959 1281 1000 Gruͤndlichkeit
1293 960 1468 1002 unbeſchadet

654 1007 796 1052 geſchehen
817 1010 896 1049 kann,
917 1010 1064 1052 erleichtert
1080 1013 1193 1050 wuͤrde;
1213 1013 1242 1051 ſo
1261 1012 1329 1058 habe
1344 1013 1386 1053 ich
1400 1013 1467 1048 uͤber

657 1062 699 1094 die
713 1062 910 1102 verſchiedenen
923 1062 1018 1101 Wege,
1041 1064 1081 1095 die
1096 1070 1162 1095 man
1176 1069 1316 1102 gegangen
1327 1063 1369 1103 iſt,
1391 1066 1466 1105 nach⸗

657 1112 776 1152 gedacht,
796 1115 853 1146 und
872 1116 930 1153 lege
950 1115 1009 1157 hier
1031 1118 1081 1149 das
1095 1117 1226 1157 Reſultat
1248 1116 1384 1155 deſſelben,
1406 1119 1466 1156 und

657 1164 701 1196 die
715 1163 852 1207 Methode
865 1163 959 1203 welche
973 1163 1028 1195 mir
1041 1169 1092 1204 gut
1107 1172 1137 1204 zu
1153 1163 1216 1205 ſeyn
1228 1166 1387 1207 geſchienen,
1409 1169 1466 1199 und

653 1217 701 1247 die
721 1217 759 1254 ich
783 1216 865 1257 daher
887 1218 952 1255 auch
973 1217 1005 1249 in
1025 1219 1071 1250 der
1092 1219 1147 1251 mir
1168 1222 1364 1251 anvertrauten
1378 1218 1465 1258 Erzie⸗

654 1260 849 1301 hungsanſtalt
863 1263 1040 1304 einzufuͤhren
1048 1266 1130 1304 ſuche,
1143 1264 1364 1302 einſichtsvollern
1392 1264 1470 1310 Maͤn⸗

655 1313 726 1338 nern
741 1313 800 1342 vor,
819 1296 872 1338 mit
884 1310 930 1339 der
942 1308 1123 1347 aufrichtigen
1135 1308 1341 1349 Verſicherung,
1362 1308 1416 1348 daß
1426 1315 1465 1352 ich

653 1362 715 1408 jede
742 1360 919 1404 dargebotene
939 1363 1136 1405 Verbeſſerung
1153 1360 1281 1400 dankbar
1307 1365 1463 1411 annehmen

655 1420 756 1452 werde.
793 1416 862 1452 Wer
873 1417 962 1453 wollte
977 1417 1049 1460 nicht
1061 1427 1127 1461 gern
1141 1419 1186 1452 ein
1201 1419 1349 1456 Studium
1363 1421 1463 1461 erleich⸗

653 1477 726 1511 tern,
748 1476 798 1506 das
820 1476 871 1507 den
892 1475 995 1513 jungen
1016 1475 1114 1508 Leuten
1137 1474 1202 1514 noch
1223 1476 1388 1520 gewoͤhnlich
1409 1480 1464 1511 viel

651 1523 715 1562 Zeit
727 1528 783 1558 und
790 1524 889 1567 Muͤhe
897 1525 993 1565 koſtet;
1014 1531 1072 1559 wer
1084 1526 1174 1559 wollte
1189 1534 1237 1565 zur
1248 1527 1467 1561 vollkommenen

653 1569 812 1609 Erlernung
832 1561 907 1616 einer
924 1568 1041 1617 Sprache
1061 1573 1133 1611 nicht
1153 1575 1219 1611 gern
1235 1573 1381 1619 geſchaͤftig
1393 1576 1462 1614 ſeyn,

653 1627 750 1665 welche
769 1630 827 1658 dem
843 1627 1039 1662 Studirenden
1058 1627 1259 1672 unentbehrlich
1281 1632 1321 1671 iſt,
1343 1631 1399 1663 und
1414 1637 1461 1669 zur

652 1680 785 1718 Bildung
807 1679 892 1718 ſeines
911 1678 1020 1720 Geiſtes
1041 1684 1097 1716 und
1111 1680 1286 1722 Geſchmacks
1301 1684 1327 1724 ſo
1348 1682 1463 1724 trefliche

651 1729 838 1764 Materialien
854 1730 993 1769 darreicht.

728 1786 770 1820 Es
790 1786 822 1825 iſt
842 1792 891 1825 gar
911 1785 983 1824 nicht
1000 1794 1032 1825 zu
1054 1784 1180 1827 laͤugnen,
1211 1788 1262 1827 daß
1282 1788 1325 1820 die
1341 1786 1461 1829 Jugend

648 1837 703 1877 auf
721 1838 917 1879 verſchiedenen
931 1837 1058 1880 Schulen
1079 1841 1142 1880 noch
1164 1835 1258 1880 haͤufig
1280 1838 1375 1885 Jahre
1396 1843 1461 1880 lang
