1383 2178
789 351 893 399 108

478 433 591 471 Elv.
612 432 664 467 So
684 433 786 473 ſpricht
807 433 897 472 jeder,
930 434 976 465 der
1000 433 1072 475 nicht
1099 431 1215 475 handeln

465 494 540 528 mag.
591 488 663 529 Haſt
680 493 715 525 du
735 490 863 526 Kinder?

515 551 623 589 Alonz.
646 551 702 585 Ein
714 552 812 592 Pfand
827 555 872 585 der
885 552 999 592 reinſten
1015 551 1100 587 Liebe.

515 611 592 646 Elv.
619 611 690 647 Das
706 612 786 652 willſt
799 615 835 644 du
851 620 899 652 zur
912 612 1004 654 Waiſe
1018 614 1154 653 machen?

515 664 622 698 Alonz.
640 671 669 700 O
688 672 760 701 mein
776 666 933 705 Fernando!

476 731 590 772 Elv.
615 729 705 769 Ziemt
716 737 747 763 es
760 732 819 763 dem
833 730 938 770 Helden
951 737 983 770 zu
999 731 1103 771 klagen,
1124 736 1168 763 wo
1184 737 1213 763 er

466 789 575 828 muthig
592 790 706 830 handeln
720 791 786 829 ſoll?
801 804 852 820 —
877 787 952 829 Hoͤre
972 789 1056 834 mich!
1077 798 1158 825 wenn
1178 793 1213 824 du

465 850 525 878 dem
537 847 644 885 Herzen
666 849 762 881 deiner
775 849 884 881 Gattin
904 850 972 882 alles
990 850 1049 887 biſt,
1079 856 1159 881 wenn
1180 849 1214 887 ſie

467 906 528 943 dein
545 904 627 939 Leben
641 914 689 938 um
702 907 797 939 keinen
809 905 902 946 Preiß
916 914 948 945 zu
961 906 1054 944 theuer
1068 907 1160 947 kauft;
1186 908 1212 948 ſo

466 972 535 997 wird
558 961 590 1001 ſie
611 967 698 1001 willig
717 963 775 998 ihre
800 963 952 1005 Anſpruͤche
977 969 1069 1003 opfern
1088 972 1144 996 und
1162 979 1214 1003 den

466 1028 628 1063 Geretteten
642 1030 688 1062 der
702 1027 834 1063 Retterin
856 1025 1013 1071 uͤberlaſſen.

513 1091 621 1127 Alonz.
641 1090 711 1123 Das
727 1089 819 1122 wuͤrde
839 1093 897 1131 ſie.

513 1152 590 1189 Elv.
610 1142 749 1182 Wohlan!

477 1209 620 1249 Alonz.
658 1209 885 1252 Nimmermehr!
935 1206 1070 1246 Meine
1108 1209 1211 1251 Feſſeln

464 1267 520 1309 loͤßt
546 1270 590 1303 ein
611 1271 730 1309 ſchneller
751 1270 829 1308 Tod,
862 1270 938 1311 ihren
963 1269 1100 1305 Kummer
1119 1268 1212 1305 wuͤrde

464 1339 519 1367 nur
538 1331 582 1363 ein
600 1331 755 1370 langſames
775 1332 979 1372 Dahinſterben
995 1336 1089 1367 enden.
1137 1335 1211 1369 Sie

465 1389 557 1423 wuͤrde
572 1391 626 1426 mit
643 1390 802 1427 verhaltnen
824 1390 953 1431 Thraͤnen
979 1393 1046 1430 mich
1065 1394 1095 1425 in
1116 1392 1213 1425 Euren

462 1449 571 1487 Armen
591 1449 678 1490 ſehen,
695 1451 752 1490 ich
772 1447 864 1483 wuͤrde
883 1450 943 1484 laut
964 1460 999 1484 an
1017 1452 1121 1485 Eurem
1135 1451 1211 1488 Bu⸗

463 1505 512 1544 ſen
526 1496 688 1545 ſchluchzen.
740 1505 867 1548 Liebende
886 1503 988 1540 koͤnnen
1012 1505 1079 1538 alles
1104 1507 1211 1545 opfern,

462 1580 516 1604 nur
531 1571 587 1612 ihre
602 1570 678 1605 Liebe
692 1571 778 1609 nicht!
806 1573 839 1612 ſie
853 1569 954 1606 koͤnnen
972 1571 1039 1604 alles
1055 1572 1210 1614 entbehren,

462 1640 516 1664 nur
537 1633 607 1674 nicht
626 1634 667 1675 die
690 1633 774 1668 Liebe.
826 1633 884 1674 Jch
908 1635 954 1668 bin
976 1634 1080 1669 meiner
1100 1636 1209 1670 Gattin

461 1693 548 1729 alles,
575 1695 608 1735 ſie
633 1695 666 1733 iſt
686 1695 741 1728 mir
762 1693 837 1733 mehr
857 1694 900 1727 als
920 1693 993 1727 mein
1016 1692 1114 1728 Leben!
1152 1694 1209 1729 Um

460 1750 576 1796 Schaͤtze
597 1762 628 1793 zu
648 1755 758 1787 erobern
782 1755 875 1788 kamen
898 1754 951 1787 wir
972 1755 1001 1789 in
1023 1755 1106 1795 dieſes
1124 1754 1208 1793 Land,

460 1822 510 1852 den
527 1818 681 1860 koſtbarſten
702 1817 804 1858 Schatz
821 1818 874 1859 hab
888 1818 926 1859 ich
943 1820 1087 1861 gefunden,
1102 1818 1146 1851 ein
1159 1825 1219 1855 gu⸗

1163 1884 1209 1914 tes
