1417 2026
541 436 615 461 wenn
636 436 686 460 von
706 430 802 464 ſolchen
821 428 956 465 zufaͤlligen
982 431 1072 466 Dingen
1094 431 1133 463 die
1155 433 1227 464 Rede
1247 432 1296 466 iſt?

542 490 629 520 Alles,
652 492 708 518 was
729 496 776 516 um
798 495 853 516 uns
879 488 925 521 iſt,
946 490 1057 522 Ketten,
1079 490 1293 521 Ordensbaͤnder,

543 557 611 586 Geld
646 558 698 584 und
735 557 792 583 was
823 554 902 588 dahin
923 554 1032 590 gehoͤrt,
1061 555 1089 588 iſt
1122 555 1197 588 heute
1227 554 1292 589 dieß,

543 624 649 650 morgen
668 619 749 647 etwas
764 619 885 650 Anders,
909 620 962 649 und
987 618 1056 653 heißt
1075 620 1132 649 dem
1151 619 1235 651 Einen
1256 619 1291 652 ſo,

545 686 602 715 dem
626 685 733 714 Andern
754 684 847 714 wieder
867 685 974 715 anders.
1008 684 1048 716 Es
1065 683 1182 715 verdient
1202 685 1289 715 kaum,

546 751 596 784 daß
621 758 682 781 man
703 753 787 781 davon
808 750 925 785 ſpricht.”

599 827 632 834 —
654 815 736 844 “Und
757 815 813 842 was
834 811 951 843 verdient
976 813 1061 846 denn,
1089 810 1139 847 daß
1163 819 1225 843 man
1247 812 1290 843 da⸗

547 879 597 900 von
618 872 757 904 ſpricht?“
777 872 862 903 fragte
881 859 1006 902 Clarton.

600 943 737 977 “Nichts,
758 945 799 974 als
820 946 868 974 das
889 942 1010 978 Wenige,
1031 944 1080 974 das
1099 947 1150 974 uns
1170 944 1290 976 niemand

545 1009 653 1041 nehmen
685 1010 761 1040 kann.
814 1011 885 1041 Was
921 1008 948 1040 in
982 1012 1052 1043 uns,
1064 1005 1125 1050 im
1159 1010 1290 1045 ſtrengſten

543 1075 635 1106 Sinne
666 1076 695 1104 in
726 1082 782 1103 uns
811 1074 855 1107 iſt;
900 1077 957 1106 was
990 1074 1039 1105 mit
1070 1076 1173 1109 unſerm
1199 1077 1291 1111 Weſen

544 1138 612 1171 Eins
633 1138 680 1170 iſt;
704 1143 762 1167 was
786 1137 834 1167 mit
861 1141 912 1167 uns
933 1138 1041 1171 bleibt,
1069 1145 1143 1169 wenn
1168 1138 1212 1173 ſich
1241 1142 1290 1169 von

545 1199 611 1227 allen
642 1198 724 1230 dieſen
752 1188 859 1231 Dingen
885 1196 978 1232 umher
1007 1196 1077 1228 keine
1110 1198 1191 1232 Spur
1219 1196 1290 1232 mehr

544 1266 627 1301 zeigen
648 1265 731 1299 wird;
752 1266 800 1297 mit
820 1266 902 1298 einem
922 1265 1027 1301 Worte,
1046 1270 1104 1297 was
1125 1275 1198 1303 ewig
1217 1267 1290 1303 unſer

545 1334 591 1366 iſt,
622 1336 670 1363 das
699 1335 750 1362 und
779 1336 869 1364 weiter
895 1333 977 1365 nichts
1007 1334 1140 1368 verdient,
1160 1334 1209 1369 daß
1229 1336 1289 1365 man

544 1396 589 1432 ſich
611 1396 737 1430 ernſthaft
757 1399 841 1426 davon
862 1395 1033 1431 unterhaͤlt.”

599 1461 678 1491 Unſer
696 1462 798 1493 Freund
819 1459 888 1493 ſagte
909 1459 957 1491 das
984 1458 1034 1491 mit
1053 1459 1123 1491 einer
1143 1458 1290 1498 Heiterkeit,

544 1523 586 1550 als
610 1523 642 1549 ob
664 1526 692 1550 er
708 1521 779 1554 ſchon
800 1520 827 1550 in
855 1520 895 1550 ein
920 1511 1059 1556 kuͤnftiges'
1072 1522 1150 1553 Leben
1169 1521 1288 1556 hinuͤber⸗

542 1594 638 1624 blickte.
698 1596 766 1623 Aber
803 1594 932 1626 Clarton,
969 1596 1013 1624 der
1042 1595 1198 1629 Skeptiker,
1234 1595 1289 1624 war

542 1656 664 1700 grauſam
686 1662 789 1690 genug,
820 1656 873 1691 ihm
895 1657 1111 1692 Einwendungen
1128 1664 1158 1692 zu
1178 1658 1289 1688 machen.
