1557 2136
622 416 685 448 138

622 497 682 527 aus
707 487 855 536 Jntereſſe
878 494 983 531 liebte,
1010 495 1071 531 und
1097 496 1176 534 nicht
1197 488 1286 545 lange
1304 489 1378 546 Luſt

620 547 720 583 hatte,
741 549 795 578 den
822 548 999 585 unerhoͤrten
1017 548 1174 588 Liebhaber
1196 558 1231 590 zu
1250 549 1380 591 ſpielen.

620 602 688 637 Der
706 602 806 637 Kanal
825 603 912 639 durch
926 605 976 636 die
992 603 1136 641 Damen,
1155 607 1216 639 der
1228 606 1298 644 doch
1316 610 1383 641 im⸗

618 663 680 688 mer
698 655 767 696 bloß
787 658 817 689 in
835 657 1299 698 Gardinenrekommendationen
1320 661 1372 696 be⸗

618 712 708 751 ſteht,
743 713 830 751 gieng
865 715 930 745 dem
967 713 1208 757 Kammerjunker
1231 724 1265 757 zu
1288 716 1372 756 lang⸗

619 770 697 806 ſam;
722 779 751 802 er
770 770 863 808 ſuchte
880 771 1092 813 Gelegenheit,
1115 774 1171 807 wie
1188 784 1222 808 er
1241 775 1296 816 ſich
1312 776 1377 817 bey

618 829 669 858 der
698 825 862 865 fuͤrſtlichen
878 825 1014 868 Familie
1042 823 1230 873 unmittelbar
1244 825 1370 875 einfuͤh⸗

620 890 672 915 ren
687 881 799 917 koͤnnte.
845 883 900 920 So
918 885 1024 924 ſchwer
1038 885 1113 926 dieſe
1125 885 1261 927 Aufgabe
1279 887 1367 926 fuͤrei⸗

619 944 676 968 nen
695 935 855 973 Menſchen
875 944 935 970 von
958 937 1055 977 ſeinen
1074 939 1221 975 Talenten
1237 949 1271 981 zu
1287 942 1376 982 loͤſen

617 998 699 1024 war,
720 992 750 1028 ſo
770 992 851 1030 leicht
871 991 977 1033 gelang
999 995 1059 1032 ihm
1077 996 1154 1035 ſeine
1172 996 1304 1039 Abſicht,
1327 998 1371 1031 da

616 1049 676 1077 das
693 1044 787 1080 Gluͤck
819 1046 873 1086 ſich
901 1046 953 1084 fuͤr
977 1049 1030 1085 ihn
1049 1037 1111 1093 ins
1129 1036 1236 1094 Mittel
1257 1043 1363 1092 ſchlug.

616 1105 679 1141 Die
698 1104 875 1145 Prinzeßin,
899 1109 946 1140 ein
965 1106 1132 1145 Maͤdchen,
1156 1111 1214 1142 das
1233 1110 1262 1143 in
1282 1111 1364 1145 Liebe

615 1160 690 1194 lebte
708 1164 767 1192 und
786 1162 894 1196 webte,
915 1161 996 1198 hatte
1022 1163 1107 1195 einen
1124 1163 1235 1204 jungen
1251 1165 1363 1202 Sekre⸗

616 1217 676 1242 tair
700 1211 783 1246 ihres
810 1210 927 1246 Vaters
956 1219 1018 1251 zum
1043 1202 1263 1256 Gegenſtande
1285 1215 1367 1251 ihrer

616 1272 696 1301 Liebe
716 1268 849 1303 erwaͤhlt.
894 1269 958 1305 Sie
976 1270 1094 1308 wußten
1112 1267 1193 1306 beide
1213 1271 1275 1311 ihre
1293 1264 1370 1309 Nei⸗

615 1334 696 1364 gung
719 1327 748 1363 ſo
774 1327 885 1367 geheim
911 1338 943 1369 zu
969 1329 1091 1370 halten,
1118 1332 1179 1370 daß
1201 1334 1274 1370 auch
1303 1334 1367 1368 das

612 1385 840 1426 feinſpaͤhendſte
864 1386 950 1426 Auge
973 1391 1033 1422 des
1055 1387 1233 1427 Hofmanns
1263 1392 1360 1428 nichts

613 1443 710 1469 davon
736 1436 855 1476 gewahr
883 1441 992 1472 wurde.
1047 1438 1110 1478 Auf
1138 1442 1232 1475 einem
1257 1443 1358 1482 Balle,

613 1503 660 1527 wo
693 1495 745 1532 ſich
772 1497 817 1529 die
833 1496 993 1538 Prinzeßin
1018 1501 1078 1532 und
1097 1501 1148 1532 der
1162 1500 1309 1539 Sekretaͤr
1327 1505 1359 1540 in

611 1551 719 1589 tiefſter
738 1551 974 1590 Vermummung
1002 1552 1177 1591 einfanden,
1207 1555 1287 1594 hatte
1308 1558 1368 1590 der

613 1606 853 1650 Kammerjunker
874 1609 936 1648 ſein
962 1608 1073 1650 Tempo
1103 1610 1222 1653 erſehn;
1240 1619 1284 1645 er
1306 1613 1358 1653 ſah

613 1662 715 1693 immer
736 1667 786 1697 zu,
814 1663 871 1693 wie
895 1662 933 1698 ſie
959 1661 1164 1703 unaufhoͤrlich
1181 1663 1238 1700 mit
1254 1668 1355 1699 einan⸗

610 1719 660 1746 der
679 1719 812 1755 tanzten,
840 1718 908 1749 und
927 1714 1003 1762 nach
1024 1715 1085 1763 dem
1100 1718 1200 1760 Tanze
1214 1718 1305 1758 Hand
1325 1722 1355 1754 in

609 1772 698 1813 Hand
729 1773 768 1806 im
792 1771 897 1809 Saale
920 1773 974 1814 auf
1007 1777 1068 1810 und
1096 1774 1269 1818 abgiengen.
1310 1778 1370 1813 Er

1255 1839 1352 1878 ſchlich
