1792 2856
339 571 365 595 1.
393 561 547 595 entweder
562 566 623 594 von
642 559 744 594 einem
764 556 965 600 beſtimmten
986 556 1149 603 Subjecte,
1164 558 1230 591 und

288 618 330 650 da
346 616 428 649 kann
444 620 477 647 es
497 612 542 648 im
559 611 737 656 Deutſchen
754 608 814 656 auf
830 610 897 645 eine
913 608 1073 656 dreyfache
1089 607 1153 646 Art
1166 616 1227 644 von

288 669 464 716 demſelben
485 668 591 713 geſagt
608 670 749 703 werden:

392 718 453 764 (1)
477 715 531 751 Auf
557 707 634 759 eine
658 712 782 760 gewiſſe
802 716 867 750 und
891 711 1070 758 beſtimmte
1088 710 1169 757 Art,
1197 711 1229 755 ſo

290 774 353 817 daß
378 778 430 809 der
447 766 653 813 Sprechende
672 767 840 814 gleichſam
865 766 916 813 für
934 766 1098 810 dasjenige
1123 766 1229 812 ſtehet,

289 833 361 857 was
385 833 416 857 er
429 828 490 857 von
507 823 579 856 dem
596 819 757 866 Subjecte
774 818 859 865 ſagt;
882 820 944 857 der
959 815 1176 867 Jndicativ.

395 872 461 916 (2)
488 871 563 914 Auf
578 872 646 907 eine
660 869 734 913 noch
749 866 955 914 zweifelhafte
972 870 1044 904 oder
1062 867 1230 913 ungewiſſe

290 926 371 966 Art,
401 944 463 969 der
485 924 728 967 Conjunctiv,
758 918 852 965 beſſer
875 919 953 956 der
960 905 1228 958 Dubitativus.

288 983 417 1029 Wohin
440 980 516 1023 auch
541 980 591 1016 die
615 978 704 1024 Fälle
727 977 881 1024 gehören,
906 987 998 1013 wenn
1024 986 1102 1013 man
1126 982 1228 1011 etwas

286 1033 444 1071 wünſchet
463 1033 536 1061 oder
556 1029 692 1073 anräth,
714 1025 818 1071 wofür
833 1027 883 1062 die
898 1022 1096 1070 Griechiſche
1112 1022 1227 1067 Spra⸗

289 1087 339 1124 che
356 1087 446 1115 einen
463 1081 590 1122 eigenen
598 1081 758 1119 Modum,
768 1080 826 1113 den
836 1074 1080 1121 Optativum,
1083 1068 1155 1125 hat,
1174 1077 1229 1111 der

287 1141 365 1181 aber
386 1135 433 1181 im
455 1133 635 1174 Deutſchen
654 1137 716 1164 von
737 1129 807 1164 dem
827 1125 1043 1171 Conjunctivo
1068 1123 1151 1168 nicht
1171 1137 1229 1161 un⸗

290 1192 473 1227 terſchieden
488 1186 585 1223 wird,
604 1180 677 1216 weil
694 1177 877 1223 dasjenige,
894 1182 964 1213 was
984 1187 1061 1214 man
1077 1178 1231 1221 wünſchet

289 1248 362 1267 oder
384 1238 579 1275 empfiehlet,
606 1234 722 1273 ſeinem
745 1220 877 1274 Erfolge
905 1225 981 1271 nach
1011 1226 1129 1264 immer
1147 1215 1255 1270 noch

289 1299 440 1346 ungewiß
459 1298 507 1344 iſt.

392 1347 454 1392 (3)
474 1342 1013 1394 Befehls⸗ oder verbothsweiſe,
1045 1340 1108 1381 der
1137 1350 1229 1389 Jm⸗

290 1407 497 1456 perativus.

342 1460 372 1486 2.
397 1451 486 1487 Oder
509 1435 588 1495 ohne
614 1448 673 1486 alle
695 1445 935 1493 Beſtimmung
960 1449 1017 1482 des
1040 1444 1234 1492 Subjectes,

289 1506 378 1554 ſelbſt
399 1504 480 1554 ohne
500 1502 696 1552 Beziehung
719 1501 777 1549 auf
797 1504 947 1549 daſſelbe,
970 1505 1033 1540 der
1053 1500 1234 1551 Jnfiniti⸗

289 1569 381 1596 vus,
410 1556 537 1597 welcher
562 1559 624 1590 das
645 1545 799 1592 Verbum
822 1552 885 1587 mit
908 1554 980 1588 dem
1007 1549 1232 1595 Subſtantivo

289 1613 465 1647 verbindet,
481 1609 589 1638 indem
601 1613 633 1638 er
646 1605 698 1639 als
713 1603 763 1640 ein
773 1600 1035 1646 Subſtantivum
1052 1597 1233 1646 gebraucht,

289 1667 357 1692 und
372 1658 561 1699 vermittelſt
580 1660 630 1692 des
648 1653 781 1693 Artikels
796 1653 961 1690 decliniret
974 1656 1098 1689 werden
1113 1651 1209 1688 kann.

344 1721 373 1754 3.
400 1711 469 1755 Jch
494 1709 574 1756 habe
604 1709 638 1746 in
664 1714 718 1747 der
737 1707 918 1755 Deutſchen
942 1706 1161 1754 Sprachlehre
1183 1706 1235 1752 für

291 1767 442 1808 Schulen
465 1761 542 1806 auch
558 1761 629 1803 das
646 1758 901 1807 Participium
923 1761 974 1796 als
994 1758 1084 1796 einen
1105 1758 1235 1803 eigenen

292 1825 414 1855 Modum
441 1818 499 1851 des
534 1813 643 1851 Verbi
662 1805 861 1860 angegeben;
890 1809 1004 1855 allein,
1027 1812 1068 1848 da
1091 1816 1125 1846 es
1148 1809 1234 1847 keine

293 1871 547 1909 Einverleibung
565 1866 653 1899 eines
667 1861 864 1908 Prädicates
888 1860 920 1897 in
938 1862 1041 1898 einem
1066 1861 1131 1896 und
1158 1857 1234 1896 eben

291 1925 467 1965 demſelben
492 1916 608 1958 Worte
630 1917 815 1963 ausdruckt,
845 1915 975 1962 ſondern
1001 1919 1059 1955 den
1086 1914 1235 1963 Wurzel⸗

289 1983 410 2024 begriff
433 1977 489 2012 des
506 1975 618 2027 Verbi,
638 1974 691 2011 als
708 1974 777 2011 eine
790 1969 1067 2020 Beſchaffenheit,
1081 1968 1154 2013 doch
1171 1971 1237 2007 mit

291 2030 364 2069 dem
381 2028 632 2076 Nebenbegriffe
646 2031 699 2065 der
706 2024 789 2073 Zeit,
807 2026 980 2073 darſtellet:
1010 2027 1039 2073 ſo
1054 2025 1137 2062 kann
1154 2035 1234 2061 man

290 2094 327 2120 es
348 2086 424 2121 auch
451 2089 514 2113 von
535 2085 607 2115 dem
630 2078 745 2116 Verbo
768 2083 849 2121 ganz
878 2074 1070 2120 abſondern,
1106 2076 1171 2110 und
1198 2081 1234 2110 es

291 2143 344 2167 als
365 2139 416 2165 ein
437 2141 500 2166 von
520 2131 592 2165 dem
608 2129 723 2167 Verbo
746 2124 948 2172 abgeleitetes
963 2123 1166 2164 Adverbium
1185 2123 1235 2160 be⸗

292 2193 448 2229 trachten,
489 2181 618 2226 welches
644 2185 703 2222 den
724 2180 964 2229 Nebenbegriff
986 2185 1039 2218 der
1059 2177 1133 2224 Zeit
1160 2178 1235 2226 bloß

289 2246 387 2285 dieſer
412 2240 586 2279 Ableitung
611 2244 649 2279 zu
676 2230 853 2272 verdanken
878 2221 951 2279 hat,
983 2230 1138 2279 übrigens
1159 2228 1237 2268 aber

291 2302 385 2335 durch
404 2296 454 2326 die
469 2293 680 2332 Concretion,
701 2287 762 2322 wie
782 2285 834 2322 ein
855 2285 942 2331 jedes
960 2289 1096 2324 anderes
1111 2283 1236 2321 Adver⸗

292 2356 397 2390 bium,
417 2359 455 2393 zu
472 2346 575 2381 einem
591 2341 756 2391 Adjective
772 2339 907 2390 erhoben
923 2347 1048 2381 werden
1063 2341 1158 2377 kann.
