1525 2208
603 390 815 457 Vierter
850 390 1144 455 Grundſatz.

391 482 483 555 W

483 474 522 535 er
537 480 641 523 ſeinen
660 480 767 519 Sohn
782 476 1004 519 unterweiſet,
1028 480 1088 512 der
1107 475 1193 511 wird
1215 474 1283 509 von
1295 473 1357 517 ſei⸗

496 531 560 557 nen
573 522 744 561 Freunden
756 517 929 562 geruͤhmet
945 522 1095 554 werden.
1116 516 1239 553 Sirach
1256 523 1309 557 30.

746 619 1007 676 Auslegung.

391 697 481 761 W

483 698 525 753 er
535 701 636 749 ſeinen
653 699 765 746 Sohn
780 697 952 744 ſorgfaͤltig
967 695 1114 740 erziehet,
1143 699 1196 731 der
1218 695 1351 732 arbeitet

502 745 604 785 ſowol
632 745 690 785 fuͤr
708 744 855 789 andere,
882 743 936 780 als
969 742 1026 785 fuͤr
1054 741 1112 789 ſich
1145 740 1245 785 ſelbſt.
1298 739 1351 780 Er

392 797 482 838 kann
506 796 563 845 ſich
586 795 643 841 bey
667 795 769 842 ſeinen
779 792 1055 836 Anverwandten
1077 796 1145 831 und
1168 789 1353 834 Nachbarn

393 848 559 897 ruͤhmen,
587 843 715 891 daß
670 845 713 895 er
743 851 842 891 gegen
871 843 910 890 ſie
939 843 995 881 als
1018 843 1068 881 ein
1099 839 1352 891 rechtſchaffener

394 897 531 943 Freund
551 893 704 941 handelt,
732 893 807 931 weil
827 902 860 929 er
889 893 935 931 ein
946 881 1210 945 rechtſchaffener
1238 889 1353 929 Vater

394 950 458 993 iſt,
480 950 548 983 und
572 946 630 993 fuͤr
653 934 804 992 dieſelben
826 944 917 979 einen
942 940 1111 989 wuͤrdigen
1133 936 1354 987 Nachfolger,

394 999 490 1038 einen
530 1001 677 1045 getreuen
713 993 827 1035 Erben
861 989 995 1039 erzieht,
1035 990 1166 1034 welcher
1205 989 1354 1035 diejenige

396 1043 653 1097 Freundſchaft,
683 1045 733 1084 die
748 1048 772 1094 er
764 1043 851 1087 itzo
867 1050 965 1090 gegen
989 1041 1058 1086 jene
1080 1034 1193 1090 traͤgt,
1218 1048 1284 1078 und
1305 1037 1355 1081 die

393 1098 496 1147 guten
510 1098 702 1145 Beyſpiele,
717 1096 830 1140 welche
851 1106 884 1134 er
906 1096 1003 1143 ihnen
1017 1091 1105 1140 gab,
1125 1093 1262 1138 dadurch
1279 1091 1356 1131 wie⸗

396 1157 455 1197 der
469 1152 550 1202 aufs
576 1161 653 1195 neue
667 1150 800 1192 belebet.

724 1246 1075 1314 Betrachtung.

401 1324 486 1397 W

488 1322 524 1370 er
542 1319 628 1365 nicht
643 1319 720 1366 auch
740 1309 800 1364 fuͤr
823 1316 903 1363 ſeine
916 1304 1047 1359 Kinder
1070 1305 1191 1364 einiges
1202 1300 1357 1363 Vermoͤ⸗

507 1381 567 1422 gen
590 1370 686 1411 uͤbrig
706 1368 786 1410 hat,
811 1369 865 1399 der
888 1366 973 1399 kann
991 1362 1075 1406 nicht
1092 1362 1215 1406 ſagen,
1242 1359 1306 1405 daß
1322 1367 1358 1395 er

400 1427 504 1476 deſſen
519 1426 582 1464 viel
598 1426 691 1472 habe.
740 1416 923 1476 Derjenige
943 1414 1019 1470 aber
1041 1422 1100 1470 hat
1123 1420 1200 1463 noch
1218 1418 1359 1466 weniger

402 1477 564 1526 Tugend,
597 1482 649 1514 der
674 1467 759 1527 nicht
783 1478 814 1524 ſo
831 1467 905 1518 viel
921 1465 1063 1525 beſitzt,
1076 1474 1140 1518 daß
1161 1483 1194 1514 er
1218 1473 1256 1518 ſie
1278 1470 1361 1513 auch

402 1523 469 1574 auf
495 1529 544 1566 die
575 1521 740 1575 Seinigen
766 1518 942 1570 vererben,
958 1521 1051 1559 und
1069 1524 1172 1559 damit
1199 1517 1356 1566 verhuͤten

404 1577 507 1617 kann,
540 1574 603 1626 daß
619 1576 656 1622 ſie
672 1564 757 1619 nicht
771 1573 834 1614 mit
849 1574 916 1622 ihm
930 1566 1068 1629 zugleich
1084 1571 1289 1624 abſterbe.

470 1648 582 1688 Wenn
600 1650 657 1685 du
682 1644 867 1695 unſterblich
888 1654 936 1691 zu
965 1643 1059 1689 ſeyn
1070 1637 1261 1687 wuͤnſcheſt,
1288 1644 1365 1680 und

400 1698 480 1744 dieſe
511 1696 641 1742 loͤbliche
670 1694 831 1741 Begierde
855 1700 914 1732 der
945 1693 1200 1740 Unſterblichkeit
1223 1691 1287 1735 bey
1306 1692 1357 1729 dir

403 1740 607 1793 empfindeſt:
638 1747 669 1792 ſo
692 1733 827 1792 beſtrebe
851 1741 917 1786 dich
945 1736 1052 1793 dahin,
1077 1741 1140 1785 daß
1162 1740 1241 1778 alles
1263 1737 1358 1780 Gute

404 1803 473 1835 und
496 1795 717 1840 Schaͤtzbare,
741 1800 816 1830 was
849 1798 901 1829 du
925 1790 1070 1838 beſitzeſt,
1095 1789 1174 1831 auch
1199 1790 1276 1833 nach
1306 1789 1357 1827 dir

404 1847 503 1894 uͤbrig
537 1845 655 1890 bleibe,
681 1848 748 1883 und
780 1851 868 1890 zwar
899 1844 957 1883 ein
978 1843 1136 1885 jedes
1098 1838 1134 1885 an
1161 1838 1357 1886 demjenigen

403 1894 510 1943 Orte,
528 1902 580 1933 wo
604 1900 639 1933 es
665 1893 735 1941 ſeyn
754 1886 855 1939 muß,
881 1901 938 1933 um
956 1889 1142 1939 unſterblich
1160 1897 1225 1932 und
1243 1885 1358 1936 ruͤhm⸗
