2077 2481
251 246 739 328 Wohlgebohrner
777 242 986 327 Herr,

731 379 1119 449 Hochgeehrteſter
1142 383 1265 441 Herr
1291 382 1716 447 General-Major

1036 452 1129 509 und
1150 449 1579 515 Oberzeugmeiſter,

251 553 437 786 D

437 621 473 670 ie
495 618 580 668 mir
602 614 682 668 mit
696 616 812 667 Ewr.
827 614 1167 674 Wohlgebohren
1180 614 1374 670 Vortrag
1398 608 1567 665 unterm
1594 621 1712 672 13.ten

466 672 593 728 hujus
630 670 874 731 uͤbergebene
913 665 1469 726 Conventional-Artickel,
1518 670 1618 720 uͤber
1655 672 1716 718 die

465 737 586 792 beym
623 735 878 793 Churfuͤrſtl.
916 732 1188 791 Saͤchßiſchen
1217 730 1598 792 Hauptzeughauße
1628 738 1714 783 und

253 783 1227 853 Artillerie - Haußbeſtallungs ⸗ Compagnie,
1270 795 1368 850 nach
1393 797 1496 836 dem
1520 787 1719 851 Exempel

255 859 323 903 der
358 853 633 909 Vorfahren,
677 860 759 898 neu
796 854 998 907 errichtete
1036 847 1717 903 Grab ⸗ Societaͤts ⸗ Beneficien⸗

255 912 370 958 Caſſe
393 912 474 958 sub
501 912 600 956 dato
624 911 841 966 Dreßden,
866 902 941 958 den
966 917 1085 964 13.ten
1109 913 1211 955 Dec.
1239 914 1369 966 1768.
1392 906 1529 966 folgen
1550 910 1629 957 mit
1658 908 1715 965 ih⸗

252 979 327 1020 ren
349 967 569 1027 Beylagen
590 971 675 1017 und
706 970 861 1017 meiner
889 969 1194 1025 Approbation
1201 957 1348 1026 hiebey
1374 971 1508 1015 wieder
1561 965 1716 1024 zuruͤck.

336 1060 529 1110 Damit
550 1070 640 1109 nun
662 1059 781 1118 dieſes
802 1057 964 1120 loͤbliche
987 1060 1224 1106 Inſtitutum
1250 1061 1334 1107 und
1360 1058 1420 1106 die
1440 1057 1611 1115 zugleich
1632 1065 1717 1107 ver⸗

255 1121 466 1171 abredeten
492 1121 649 1167 Puncta
670 1131 747 1169 um
769 1120 807 1174 ſo
830 1119 909 1169 viel
932 1117 1048 1177 mehr
1071 1129 1143 1177 zur
1164 1116 1390 1176 Erfuͤllung
1412 1114 1608 1176 gebracht,
1625 1118 1717 1168 mit⸗

254 1182 329 1241 hin
351 1183 441 1231 dem
462 1180 675 1238 Jnnhalte
697 1180 1005 1235 nachgegangen
1026 1183 1201 1232 werde;

372 1273 448 1324 So
476 1278 590 1327 trage
614 1271 701 1322 kein
723 1270 977 1321 Bedenken,
1002 1268 1042 1325 ſo
1063 1270 1157 1319 bald
1180 1276 1393 1326 angeregte
1411 1269 1585 1319 Artickel
1602 1268 1716 1328 behoͤ⸗

253 1330 317 1388 rig
354 1330 667 1386 unterſchrieben
702 1332 788 1379 und
826 1331 906 1378 mit
941 1332 1034 1378 dem
1069 1320 1717 1388 Artillerie - Gerichts ⸗ Siegel

253 1390 456 1450 vollzogen
479 1388 583 1449 ſind,
613 1387 773 1447 ſelbige,
794 1387 926 1442 iedoch
949 1389 1065 1430 salvo
1089 1392 1181 1433 iure
1203 1391 1363 1438 Tertii,
1400 1387 1507 1444 kraft
1525 1386 1644 1441 dieſes
1665 1397 1717 1448 zu

256 1448 540 1498 confirmiren.
607 1447 892 1507 Dannenhero
917 1445 1045 1511 Mein
1068 1445 1420 1506 Hochgeehrteſter
1440 1446 1553 1505 Herr
1578 1448 1717 1491 Gene-

255 1508 477 1563 ral-Major
498 1508 670 1565 zugleich
694 1508 859 1561 hiermit
880 1506 1128 1565 angewieſen
1150 1510 1340 1558 werden,
1369 1507 1452 1562 auf
1471 1509 1589 1556 deren
1616 1507 1717 1566 Feſt⸗

255 1568 432 1623 haltung
453 1564 610 1615 uͤberall
630 1572 705 1613 den
726 1565 917 1622 Bedacht
936 1576 988 1622 zu
1012 1565 1201 1620 nehmen.
1258 1564 1345 1621 Jch
1359 1563 1527 1620 beharre
1548 1565 1627 1621 mit
1641 1567 1717 1613 vie⸗

255 1626 315 1674 ler
337 1622 668 1675 Conſideration,

722 1721 852 1774 Ewr.
879 1715 1245 1785 Wohlgebohren

311 1817 521 1877 Dreßden,

252 1887 329 1931 den
354 1886 424 1931 26.
448 1881 562 1937 Jan.

315 1934 450 1996 1769.

1013 1818 1341 1876 Dienſtergebener
1362 1820 1521 1877 Diener,

1002 1938 1331 2014 Chevalier
1374 1942 1454 2012 de
1498 1943 1671 2010 Saxe.

486 2050 549 2094 An
580 2051 708 2093 den

252 2100 409 2171 Herrn
441 2095 861 2169 General-Major

285 2178 379 2241 und
414 2176 859 2247 Oberzeugmeiſter

387 2245 765 2314 Haußmann.
