1655 2453
681 355 755 401 302

812 349 910 386 Leben
931 351 997 392 und
1016 351 1145 392 Thaten
1164 349 1260 388 Peter
1282 355 1395 384 Ernſts

685 442 870 509 nehme,
933 440 1069 509 muͤſſe
1096 442 1212 511 groß
1243 447 1339 499 und
1367 443 1524 502 Wun⸗

684 512 1022 578 dernswuͤrdig
1020 507 1159 568 ſeyn.
1216 507 1344 578 Doch
1364 511 1524 577 gleich⸗

685 579 776 633 wie
788 579 892 646 auff
904 583 984 637 der
998 582 1130 638 Welt
1140 579 1290 644 nichts
1303 578 1421 644 ewig
1431 579 1525 633 und

683 648 1044 704 vollkommenes
1069 645 1376 714 anzutreffen:
1428 646 1525 708 alſo

686 714 829 777 muſte
854 713 969 779 auch
994 703 1164 782 endlich
1197 714 1342 782 dieſes
1367 712 1526 782 Hoch⸗

685 786 921 843 verdiente
952 784 1130 852 Haupt
1149 784 1197 841 in
1217 785 1363 840 einem
1387 786 1524 843 Alter

685 866 782 914 von
800 864 885 921 87.
902 854 1094 920 Jahren
1122 856 1206 924 ſich
1228 855 1525 921 niederlegen,

686 929 781 980 und
791 936 886 979 von
898 920 1039 983 ſeinen
1058 921 1318 989 glorieuſen
1334 922 1527 990 Thaten

645 990 840 1054 nichts
862 989 941 1045 als
959 988 1030 1045 ein
1058 989 1233 1053 ewiges
1254 987 1526 1045 Andencken

648 1053 990 1126 hinterlaſſen.
1058 1049 1175 1117 Der
1186 1060 1456 1127 erblaßte
1393 1048 1532 1118 Coͤr⸗

684 1140 765 1191 per
783 1131 943 1185 wurde
960 1124 1322 1196 einbalſamiret,
1347 1126 1450 1197 auff
1456 1129 1528 1185 ein

686 1193 1063 1260 Parade-Bette
1086 1196 1289 1266 geleget,
1317 1201 1411 1255 und
1438 1201 1526 1255 mit

689 1267 836 1325 einem
896 1267 1163 1336 praͤchtigen
1184 1268 1527 1336 Leichen⸗Be⸗

686 1333 895 1401 gaͤngniß
906 1336 992 1403 bey
1005 1340 1147 1393 denen
1164 1339 1206 1392 P.
1228 1340 1272 1388 P.
1280 1337 1525 1392 Recollets

690 1405 741 1458 in
752 1394 823 1460 die
832 1403 1051 1467 Capelle,
1066 1402 1233 1469 welche
1242 1415 1290 1457 er
1299 1403 1384 1470 ſich
1393 1400 1528 1473 ſelbſt

693 1472 846 1525 Anno
871 1474 1008 1539 1586.
1034 1468 1159 1534 hatte
1189 1467 1352 1532 bauen
1376 1471 1527 1540 laſſen,

692 1535 918 1601 gefuͤhret.
989 1528 1176 1611 Dieſer
1192 1528 1378 1610 Capelle
1400 1543 1525 1610 hatte

692 1620 741 1664 er
766 1607 960 1679 zugleich
995 1604 1151 1668 2000.
1194 1602 1429 1670 Brabant.
1469 1607 1525 1676 fl.

692 1673 953 1739 vermacht,
977 1676 1073 1728 und
1094 1676 1405 1740 angeordnet,
1432 1670 1526 1739 daß

691 1734 884 1814 jaͤhrlich
902 1742 990 1813 ſein
1009 1733 1310 1813 Gedaͤchtniß
1330 1745 1437 1811 ſolte
1456 1746 1529 1800 be⸗

691 1822 896 1878 gangen,
924 1816 1012 1869 alle
1036 1812 1248 1880 Wochen
1289 1813 1403 1869 aber
1435 1811 1527 1870 und

693 1876 822 1950 zwar
844 1885 1085 1953 Freytags
1096 1884 1191 1944 eine
1223 1871 1353 1955 Meſſe
1375 1871 1529 1954 gehal⸗

695 1947 787 2010 ten
775 1949 999 2012 werden.
1082 1952 1218 2011 Was
1233 1946 1314 2012 ſein
1293 1948 1529 2018 praͤchti⸗

693 2031 781 2093 ges
799 2022 1086 2095 Begraͤbniß
1103 2024 1299 2097 betrifft,
1326 2025 1374 2092 ſo
1393 2024 1529 2080 ward

1377 2080 1531 2143 daſſel⸗
