1544 2488
464 475 578 528 koͤnte.
648 483 826 524 Thomas
847 488 962 540 ſparte
989 490 1107 535 keinen
1126 490 1247 545 Fleiß,
1280 496 1393 550 dieſes

463 538 563 588 Geld
573 551 601 589 zu
601 539 891 590 verdienen,
829 542 885 597 und
903 547 934 598 ſo
944 547 1039 595 bald,
1065 551 1122 591 als
1140 559 1176 590 er
1186 549 1253 592 mit
1265 551 1387 606 ſeinem

462 594 589 647 Herrn
600 608 639 646 zu
651 595 786 642 Londen
796 603 971 652 anlangte,
984 607 1086 656 ſahen
1099 609 1139 658 ſie
1149 609 1212 659 ſich
1224 609 1309 657 nach
1319 613 1387 655 des

462 654 685 701 Vaughams
696 657 804 709 Logis
830 670 888 707 um,
907 658 1013 718 nahmẽ
1037 664 1095 713 ihn
1106 665 1167 714 bey
1178 666 1386 722 demKopff,

462 706 533 747 und
547 693 709 756 fuͤhrten
728 706 787 757 ihn
805 719 872 754 vor
891 713 1105 766 Obrigkeit,
1132 720 1184 757 die
1204 721 1262 766 ihn
1295 726 1385 770 nach

460 773 662 821 Nevvgate
673 773 823 827 ſchaffte,
850 784 918 820 von
941 781 1087 823 wannen
1105 791 1153 829 er,
1174 778 1280 840 krafft
1297 782 1386 841 eines

459 825 629 873 Befehls,
635 826 722 880 nach
746 830 992 875 Chelmsford
1012 836 1067 879 ins
1087 835 1294 890 Gefaͤngniß
1323 849 1385 891 ge⸗

460 876 582 937 bracht
610 891 732 938 wurde;
755 893 799 932 da
814 892 871 941 ihn
890 893 983 938 dann
1003 896 1053 940 die
1081 897 1129 941 im
1143 897 1255 951 Mertz
1269 898 1385 951 1714.

461 943 608 994 daſelbſt
617 945 794 994 gehaltene
805 950 1090 1007 Verſammlung
1101 954 1272 1005 verhoͤrte,
1305 964 1379 1004 und

453 1009 531 1049 zum
543 1000 646 1048 Tode
657 1006 885 1052 verdammte.
961 1009 1062 1055 Weil
1062 1012 1124 1057 es
1143 1014 1229 1058 aber
1247 1017 1316 1059 das
1326 1027 1380 1060 er⸗

454 1064 499 1110 ſte
509 1062 744 1109 Verbrechen
759 1075 850 1114 war,
864 1069 934 1111 und
945 1078 980 1111 er
1001 1068 1071 1119 gute
1097 1072 1235 1124 Freunde
1263 1074 1384 1125 hatte,

454 1122 507 1164 die
522 1133 557 1164 er
567 1122 630 1173 ſich
643 1124 708 1168 mit
719 1137 813 1176 500.
822 1126 889 1180 Pf.
905 1129 1086 1185 erkauffet,
1107 1131 1244 1184 brachte
1264 1146 1300 1179 er
1310 1138 1375 1191 ſich

454 1181 551 1224 einen
571 1181 744 1237 Aufſchub
760 1194 909 1237 zuwege,
936 1188 1006 1234 und
1037 1191 1123 1246 lieſſe
1148 1192 1209 1246 ſich
1229 1194 1377 1242 alsdenn

451 1240 684 1288 vernehmen:
707 1243 806 1298 Daß
825 1257 862 1293 er
883 1249 939 1292 ins
968 1248 1132 1304 kuͤnfftige
1153 1251 1256 1299 lieber
1267 1258 1374 1300 wolte

448 1295 571 1346 muͤßig
582 1299 706 1354 ſtehen,
743 1305 801 1344 als
812 1304 873 1358 ſich
888 1306 983 1349 eines
995 1307 1122 1362 ſolchen
1140 1309 1274 1362 Laſters
1289 1314 1377 1364 noch

445 1349 576 1396 einmal
587 1354 797 1408 theilhafftig
828 1361 962 1415 machen,
983 1367 1108 1418 welches
1122 1368 1196 1416 ihm
1205 1370 1266 1416 bey
1278 1372 1374 1419 nahe

442 1417 513 1467 ſein
525 1420 630 1463 Leben
652 1411 812 1467 gekoſtet.

525 1475 653 1521 Wenn
663 1490 734 1521 nun
747 1482 984 1535 Maccartney
995 1484 1066 1542 auch
1086 1487 1143 1530 ein
1155 1488 1281 1542 ſolches
1291 1488 1372 1536 Ge⸗

437 1528 542 1574 luͤbde
560 1533 693 1582 gethan,
712 1536 768 1575 und
781 1543 821 1579 es
831 1537 922 1585 nicht
934 1542 1062 1582 wieder
1073 1544 1274 1594 gebrochen,
1292 1546 1372 1588 waͤ⸗

437 1596 477 1629 re
492 1594 527 1629 es
532 1579 672 1640 gut
624 1595 680 1646 vor
696 1592 754 1639 ihn
771 1596 944 1648 geweſen;
964 1598 1046 1641 aber
1067 1610 1113 1643 an
1134 1606 1217 1655 ſtatt
1240 1605 1302 1654 ſich
1327 1614 1371 1650 zu

433 1650 589 1705 beſſern,
620 1657 742 1698 wurde
773 1667 809 1700 er
828 1655 952 1703 immer
995 1661 1227 1720 ſchlimmer:
1249 1665 1366 1711 Denn

417 1712 604 1763 nachdem
623 1727 660 1758 er
678 1720 741 1761 den
762 1717 959 1774 Vaugham
971 1724 1042 1776 alſo
1072 1727 1107 1766 in
1131 1729 1197 1770 den
1218 1726 1365 1782 Moraſt

432 1761 552 1809 hinein
563 1761 732 1822 gefuͤhret,
747 1766 864 1824 reiſete
866 1781 900 1811 er
910 1777 994 1822 nach
1007 1779 1155 1821 Briſtol,
1165 1763 1364 1829 woſelbſten

439 1827 505 1877 ſich
517 1828 616 1877 Herr
628 1832 812 1873 Beachere
822 1844 890 1881 von
900 1838 1098 1880 Wiltshire
1116 1839 1282 1892 befande,
1296 1846 1359 1886 des

436 1886 649 1942 Vorſatzes,
647 1884 747 1948 nach
751 1890 890 1943 Jrland
900 1907 938 1946 zu
951 1896 1079 1950 reiſen;
1112 1899 1218 1955 dieſen
1230 1902 1365 1955 betraff

431 1948 504 1991 das
528 1949 703 2000 Ungluͤck,
742 1953 808 1994 mit
827 1954 1001 2007 beſagtem
1013 1958 1165 2004 Raͤuber
1184 1964 1220 2005 in
1231 1964 1363 2015 Geſell⸗

428 2005 552 2058 ſchafft
564 2005 603 2057 zu
616 2007 805 2061 gerathen,
836 2015 896 2057 der
911 2014 1100 2068 gleichfalls
1120 2018 1228 2074 ſeinen
1246 2018 1360 2070 Sinn

432 2067 500 2119 auf
517 2068 625 2124 dieſes
635 2069 842 2127 Koͤnigreich
851 2074 1014 2130 gerichtet
1025 2078 1135 2131 hatte.
1208 2082 1293 2135 Alſo
1305 2085 1362 2127 be⸗
