2660 3006
387 424 507 468 Vom
535 420 658 462 Amte
678 420 770 464 und
784 410 1065 464 Wohlthaten
1077 416 1161 460 des
1183 414 1343 468 Koͤnigs
1377 412 1508 468 JEſu
1534 416 1720 458 CHriſti.

1748 418 1830 476 905

260 547 336 589 len.
388 546 481 592 Wir
498 545 590 596 ſehen
603 547 638 589 in
651 546 713 588 den
724 542 936 597 Propheten,
950 542 1018 596 daß

259 603 304 656 ſie
317 601 399 645 uͤber
409 603 476 645 kein
486 601 606 652 Elend,
616 600 698 644 uͤber
716 601 828 643 keinen
839 598 1019 652 Jammer,

260 658 346 704 uͤber
368 659 436 702 kein
447 657 597 707 Ungluͤck
613 657 697 707 noch
712 657 837 708 Leiden,
849 658 881 707 ſo
898 655 1011 709 hefftig

257 715 393 766 klagen,
415 717 472 757 als
487 715 570 759 uͤber
585 716 636 758 die
655 714 792 763 ſchwere
810 711 1013 764 unertraͤgli-

260 773 317 825 che
327 773 400 823 Laſt
415 775 474 813 des
485 770 622 824 Zornes
632 772 796 821 GOttes,
813 775 870 815 der
887 772 1015 821 verzeh⸗

256 840 294 873 re
312 828 440 873 Marck
457 830 527 870 und
542 827 661 881 Bein,
680 828 748 871 das
762 826 863 879 ihnen
883 824 1013 879 Sehen

257 885 331 928 und
349 880 472 937 Hoͤren
487 881 634 934 vergehe.

311 962 441 1009 David
451 961 573 1016 ſpricht
591 956 647 1019 Pſ.
650 975 709 1015 32.
735 963 862 1014 Denn,
867 956 907 1007 da
928 960 1014 1013 ichs

258 1018 383 1059 wolte
394 1015 689 1068 verſchweigen,
700 1016 1015 1068 verſchmachten

258 1073 382 1112 meine
398 1071 587 1119 Gebeine,
606 1068 730 1117 durch
742 1071 841 1110 mein
865 1067 1013 1122 taͤglich

256 1122 420 1177 Heulen,
435 1128 536 1166 denn
554 1126 660 1167 deine
679 1124 799 1174 Hand
817 1135 905 1166 war
923 1122 1016 1175 Tag

256 1187 339 1226 und
368 1183 512 1233 Nacht
546 1182 691 1236 ſchwer
723 1182 796 1232 auf
813 1185 907 1233 mir,
938 1182 1015 1230 daß

255 1238 357 1278 mein
376 1235 495 1286 Safft
511 1234 781 1287 vertrocknete,
799 1235 872 1277 wie
890 1244 932 1277 es
956 1236 1009 1276 im

255 1290 456 1338 Sommer
472 1290 592 1334 duͤrre
608 1294 726 1332 wird.

305 1376 387 1420 Und
403 1373 586 1426 abermahl
607 1372 673 1427 Pſ.
696 1381 751 1427 38.
775 1375 893 1419 Denn
905 1374 1014 1417 deine

256 1427 385 1480 Pfeile
395 1426 527 1478 ſtecken
538 1429 575 1468 in
604 1429 675 1476 mir,
674 1421 759 1476 und
774 1428 882 1469 deine
893 1425 1012 1475 Hand

254 1485 410 1528 druͤcket
427 1485 552 1536 mich;
577 1484 643 1528 Es
641 1479 704 1538 iſt
707 1483 851 1534 nichts
869 1483 1015 1537 Geſun⸗

256 1544 328 1581 des
354 1549 406 1580 an
429 1540 592 1581 meinem
618 1538 753 1590 Leibe,
780 1537 846 1591 fuͤr
868 1540 1016 1582 deinem

252 1595 434 1647 Draͤuen,
454 1601 535 1640 und
552 1598 596 1649 iſt
617 1597 698 1640 kein
716 1597 851 1649 Friede
871 1599 912 1639 in
928 1598 1015 1638 mei⸗

254 1658 330 1690 nen
360 1647 580 1698 Gebeinen,
603 1647 671 1695 fuͤr
694 1650 836 1691 meiner
854 1647 1015 1692 Suͤnde.

254 1706 384 1761 Jtem:
429 1707 554 1749 Mein
586 1704 699 1755 Hertz
737 1705 865 1755 bebet,
892 1706 1015 1747 meine

256 1754 406 1806 Krafft
423 1754 493 1804 hat
505 1752 607 1805 mich
623 1753 821 1806 verlaſſen,
843 1756 924 1795 und
936 1757 1013 1795 das

249 1813 375 1864 Licht
389 1815 521 1854 meiner
541 1806 637 1867 Augen
677 1813 718 1862 iſt
737 1806 833 1863 nicht
853 1811 913 1863 bey
924 1812 1013 1854 mir.

248 1874 335 1916 Und
355 1872 549 1920 abermahl,
569 1870 635 1924 Pſ.
645 1878 698 1919 88.
723 1872 904 1918 Warum
928 1880 1013 1911 ver⸗

251 1925 389 1977 ſtoͤſſeſt
405 1931 469 1975 du,
518 1924 625 1976 HErr,
646 1927 749 1968 meine
762 1924 902 1973 Seele,
931 1926 1013 1967 und

249 1981 465 2034 verbirgeſt
481 1984 570 2024 dein
577 1980 719 2029 Antlitz
728 1981 794 2028 fuͤr
807 1981 911 2023 mir?
920 1978 1010 2038 Jch

251 2036 321 2079 bin
337 2038 446 2078 elend
463 2036 543 2079 und
560 2034 833 2088 ohnmaͤchtig,
852 2034 929 2084 daß
947 2036 1010 2077 ich

250 2093 291 2143 ſo
316 2093 514 2145 verſtoſſen
545 2093 634 2140 bin;
678 2091 767 2146 Jch
792 2095 891 2136 leide
922 2095 1010 2133 dein

249 2150 477 2199 Schrecken,
510 2148 586 2198 daß
605 2146 666 2200 ich
685 2148 803 2199 ſchier
822 2155 1009 2197 verzage;

242 2199 357 2242 Dein
371 2200 538 2240 Grimm
549 2196 659 2251 gehet
675 2197 771 2241 uͤber
791 2196 908 2248 mich,
919 2199 1008 2238 dein

251 2254 478 2305 Schrecken
498 2255 651 2297 druͤcket
666 2251 793 2304 mich,
817 2254 865 2303 ſie
876 2259 1007 2303 umge⸗

249 2310 325 2354 ben
342 2308 446 2356 mich
461 2307 614 2359 taͤglich
634 2314 709 2353 wie
724 2308 903 2361 Waſſer,
925 2312 1006 2348 und

250 2357 459 2409 umringen
483 2356 588 2405 mich
611 2359 882 2399 miteinander.
925 2356 1004 2400 Und

250 2414 435 2463 abermahl
453 2410 518 2465 Pſ.
535 2424 616 2455 102.
629 2414 746 2456 Denn
763 2417 884 2457 meine
892 2412 1006 2464 Tage

252 2471 337 2519 ſind
352 2476 577 2522 vergangen
596 2471 670 2509 wie
680 2474 740 2512 ein
753 2469 914 2521 Rauch,
926 2470 1004 2509 und

251 2523 372 2561 meine
391 2515 562 2563 Gebeine
584 2518 664 2565 ſind
688 2521 907 2560 verbrannt
930 2520 1005 2558 wie

250 2578 313 2620 ein
330 2578 490 2630 Brand,
517 2578 617 2620 mein
636 2573 748 2625 Hertz
773 2576 815 2628 iſt
840 2576 1004 2630 geſchla⸗

1072 554 1158 597 gen,
1169 548 1248 588 und
1269 549 1477 587 verdorret
1499 548 1571 589 wie
1592 547 1728 595 Graß,
1745 550 1820 593 daß

1074 602 1134 653 ich
1145 601 1244 649 auch
1253 595 1435 654 vergeſſe,
1431 595 1530 647 mein
1530 595 1652 648 Brod
1659 613 1701 648 zu
1713 601 1814 649 eſſen,

1064 654 1165 695 mein
1205 654 1357 696 Gebein
1393 654 1513 694 klebet
1561 663 1612 693 an
1656 656 1816 693 meinem

1064 709 1236 761 Fleiſche,
1254 709 1319 758 fuͤr
1339 708 1483 757 Heulen
1509 713 1588 752 und
1610 706 1819 759 Seuffzen;

1065 768 1181 810 Denn
1196 767 1256 817 ich
1278 766 1341 817 eſſe
1359 764 1479 816 Aſche
1498 770 1571 808 wie
1588 767 1722 812 Brod,
1738 768 1817 806 und

1067 816 1203 866 miſche
1216 818 1362 858 meinen
1379 816 1530 859 Tranck
1551 820 1622 859 mit
1638 817 1820 864 Weinen,

1067 871 1132 923 fuͤr
1163 872 1289 914 deinem
1314 865 1458 923 Draͤuen
1471 871 1545 918 und
1545 871 1670 920 Zorn,
1682 872 1755 921 daß
1768 874 1820 911 du

1069 924 1171 974 mich
1189 924 1520 978 aufgehaben,
1456 920 1523 971 und
1537 934 1580 971 zu
1597 925 1740 967 Boden
1762 934 1821 975 ge⸗

1069 983 1199 1034 ſtoſſen
1210 984 1301 1032 haſt.
1322 985 1464 1027 Meine
1475 982 1585 1034 Tage
1602 983 1682 1030 ſind
1702 983 1822 1030 dahin

1067 1036 1140 1073 wie
1150 1036 1209 1074 ein
1228 1032 1444 1082 Schatten,
1458 1035 1535 1074 und
1553 1031 1613 1082 ich
1631 1034 1820 1073 verdorre

1067 1091 1142 1129 wie
1153 1089 1281 1137 Graß.
1299 1088 1390 1133 Das
1400 1089 1470 1139 ſind
1482 1087 1515 1137 ja
1523 1087 1659 1137 zumahl
1669 1086 1820 1132 betruͤbte

1068 1145 1140 1187 und
1156 1142 1314 1196 klaͤgliche
1331 1144 1454 1189 Reden
1474 1148 1530 1188 der
1547 1145 1653 1193 hohen
1672 1145 1740 1187 und
1749 1143 1821 1190 fuͤr⸗

1067 1196 1246 1249 trefflichen
1262 1198 1435 1249 Heiligen,
1444 1200 1493 1239 die
1511 1198 1563 1240 die
1580 1193 1821 1248 unertraͤgliche

1064 1248 1141 1306 Laſt
1162 1260 1223 1297 des
1242 1254 1439 1304 Goͤttlichen
1464 1253 1581 1302 Zorns
1600 1255 1686 1300 nicht
1711 1254 1820 1297 haben

1064 1313 1219 1356 ertragen
1248 1306 1389 1350 koͤnnen.
1441 1308 1535 1352 Wie
1557 1312 1651 1356 gantz
1679 1305 1820 1355 klaͤglich

1064 1361 1142 1409 thut
1160 1361 1239 1413 Job
1256 1362 1304 1404 im
1322 1369 1356 1405 6.
1373 1360 1466 1409 Cap.
1482 1363 1528 1405 da
1543 1372 1576 1405 er
1592 1363 1643 1402 die
1666 1361 1738 1404 Laſt
1757 1365 1819 1404 des

1067 1416 1267 1466 Goͤttlichen
1284 1415 1400 1469 Zorns
1426 1416 1547 1468 fuͤhlet:
1602 1418 1678 1462 Die
1694 1417 1819 1464 Pfeile

1069 1475 1139 1516 des
1158 1468 1458 1524 Allmaͤchtigen,
1476 1468 1595 1520 ſpricht
1614 1481 1668 1521 er,
1685 1469 1819 1521 ſtecken

1070 1526 1109 1568 in
1131 1527 1220 1575 mir,
1238 1523 1428 1573 derſelben
1444 1526 1607 1570 Grimm
1622 1523 1735 1575 ſaͤufft
1745 1535 1820 1566 aus

1069 1584 1218 1625 meinen
1230 1581 1351 1633 Geiſt,
1360 1584 1442 1625 und
1457 1586 1519 1627 die
1542 1581 1820 1637 Schrecknuͤſſe

1070 1638 1243 1682 GOttes
1282 1638 1366 1687 ſind
1398 1637 1472 1686 auf
1503 1635 1605 1685 mich
1643 1635 1819 1687 gefallen.

1070 1691 1150 1735 Und
1159 1690 1339 1738 abermahl
1357 1693 1406 1733 im
1428 1691 1534 1736 10.
1508 1684 1551 1738 C.
1554 1692 1650 1734 Wie
1662 1695 1720 1731 ein
1740 1689 1822 1736 auf⸗

1068 1743 1256 1797 gereckter
1272 1741 1395 1788 Loͤwe
1413 1743 1528 1797 jageſt
1547 1746 1597 1784 du
1612 1744 1726 1793 mich,
1738 1747 1821 1785 und

1034 1797 1239 1848 handelſt
1248 1799 1458 1839 wiederum
1476 1795 1638 1846 treulich
1659 1799 1720 1836 mit
1739 1797 1819 1845 mir,

1067 1855 1120 1893 du
1132 1853 1297 1900 erneueſt
1306 1853 1412 1894 deine
1423 1850 1568 1902 Zeugen
1580 1854 1703 1892 wider
1712 1851 1817 1900 mich

1067 1910 1149 1947 und
1167 1906 1333 1954 macheſt
1348 1908 1477 1947 deines
1498 1896 1625 1950 Zorns
1648 1905 1722 1946 viel
1749 1904 1822 1954 auf

1067 1963 1203 2009 mich;
1213 1964 1286 2009 Es
1286 1960 1466 2009 zerplagt
1474 1958 1576 2004 mich
1587 1962 1688 2000 eines
1699 1959 1816 1999 uͤbers

1064 2021 1206 2054 andere
1215 2017 1289 2053 mit
1303 2009 1484 2061 Hauffen.
1509 2012 1591 2058 Alſo
1609 2011 1714 2060 klaget
1732 2009 1819 2059 auch

1063 2069 1216 2125 Hißkias
1234 2073 1282 2114 im
1300 2077 1351 2118 38.
1368 2069 1464 2119 Cap.
1490 2071 1525 2113 in
1545 2069 1645 2118 ſeiner
1667 2070 1819 2112 Kranck⸗

1064 2129 1148 2175 heit:
1172 2123 1238 2168 Er
1258 2122 1389 2176 ſaͤuget
1403 2122 1504 2174 mich
1520 2121 1635 2165 duͤrre
1656 2133 1742 2166 aus,
1762 2125 1815 2163 du

1061 2179 1251 2223 macheſts
1270 2178 1344 2214 mit
1360 2177 1435 2215 mir
1448 2177 1505 2217 ein
1515 2174 1632 2216 Ende
1640 2178 1712 2215 den
1723 2171 1816 2221 Tag

1061 2241 1133 2273 vor
1159 2231 1297 2274 Abend.
1319 2230 1404 2283 Jch
1414 2228 1568 2278 dachte,
1589 2219 1722 2283 moͤchte
1749 2216 1815 2282 ich

1060 2288 1125 2328 bis
1148 2294 1312 2334 morgen
1328 2285 1445 2334 leben,
1460 2284 1551 2325 aber
1572 2295 1612 2325 er
1628 2281 1814 2334 zerbrach

1059 2344 1136 2382 mir
1150 2340 1225 2380 alle
1245 2342 1365 2381 meine
1383 2341 1555 2383 Gebeine
1573 2341 1646 2379 wie
1660 2342 1719 2380 ein
1735 2338 1814 2383 Loͤ⸗

1059 2404 1132 2442 we,
1143 2397 1243 2437 denn
1262 2395 1313 2434 du
1323 2393 1487 2443 macheſt
1506 2404 1547 2434 es
1564 2401 1637 2434 mit
1650 2403 1725 2433 mir
1737 2404 1812 2434 aus

1059 2456 1133 2496 den
1150 2453 1242 2506 Tag
1261 2463 1336 2494 vor
1353 2454 1510 2498 Abend;
1537 2450 1623 2505 Jch
1645 2453 1814 2500 winſelte

1059 2511 1132 2548 wie
1153 2512 1213 2548 ein
1233 2507 1443 2555 Krannich
1470 2512 1549 2549 und
1575 2507 1813 2559 Schwalbe,

1059 2568 1139 2605 und
1158 2564 1303 2613 girrete
1323 2561 1399 2603 wie
1422 2570 1501 2605 eine
1521 2558 1668 2612 Taube,
1692 2571 1810 2601 meine

1177 2620 1222 2668 K
1222 2620 1269 2668 2

1666 2618 1816 2666 Augen
