1493 2405
397 349 437 383 10

803 351 1006 393 Lob ⸗ Geſaͤnge.

401 421 475 452 blum
500 423 551 452 und
575 423 668 456 fallend
695 423 776 458 laub,
814 425 873 458 Der

400 462 468 488 wind
484 467 534 489 nur
550 458 645 490 druͤber
663 463 756 493 wehet,
781 460 827 493 So
844 463 873 496 iſt

399 497 427 522 es
438 502 549 525 nimmer
563 499 612 526 da:
638 498 697 532 Alſo
714 500 758 529 der
774 499 864 533 menſch

399 533 531 566 vergehet,
551 534 624 563 Sein
635 537 695 564 ende
707 534 733 568 iſt
745 537 798 570 ihm
809 536 860 568 nah.

433 576 448 599 4.
489 568 542 599 Die
559 572 670 600 GOttes
692 572 763 604 gnad
779 571 871 602 alleine

396 598 486 631 Steht
499 597 537 632 feſt
557 601 609 629 und
624 599 703 628 bleibt
719 601 746 629 in
756 602 876 635 ewigkeit

396 639 458 669 Bey
476 637 554 670 ſeiner
570 638 652 670 lieben
669 639 796 675 gemeine,
815 642 871 672 Die

396 673 496 707 ſteht
474 669 503 704 in
515 674 595 708 ſeiner
608 677 695 710 furcht
706 677 798 708 bereit,
815 677 870 707 Die

396 710 482 740 ſeinen
493 709 559 740 bund
571 710 705 744 behalten;
726 714 764 743 Er
773 713 870 746 herſcht

394 744 431 775 im
441 745 622 781 himmelreich.
660 749 714 782 Jhr
723 749 817 781 ſtarken
826 757 869 778 en⸗

391 775 435 809 gel
444 776 556 806 waltet*
564 777 653 809 Seins
661 773 731 812 lobs,
744 781 787 809 und
797 778 869 809 dient

393 818 504 851 zugleich
523 819 595 850 Dem
612 822 709 852 groſſen
720 821 818 852 HErrn
837 827 867 853 zu

393 853 481 885 ehren,
502 856 556 884 Und
568 856 647 884 treibt
660 859 689 873 **
707 856 758 886 ſein
773 855 867 889 heiligs

390 889 481 915 wort;
501 885 579 916 Mein
595 886 645 920 ſeel
667 886 712 920 ſoll
732 887 796 917 auch
811 893 867 917 ver⸗

378 923 497 956 mehren
514 924 588 956 Sein
601 924 642 954 lob
658 932 691 954 an
700 924 775 956 allem
788 929 838 956 ort.

418 962 430 976 *
454 959 547 984 Richtet
562 960 621 983 ſeine
631 960 728 988 Befehle
752 960 864 990 gewaltig

445 985 495 1009 aus
511 992 537 1011 zu
550 988 634 1013 ſeinem
644 988 711 1013 Lobe.

387 1010 415 1028 **
423 1009 565 1036 Vollbringt
574 1012 618 1033 mit
627 1011 678 1037 fleiß
691 1005 762 1042 ſeinen
779 1006 863 1043 Willen.

428 1052 451 1077 5.
464 1043 525 1077 Sey
540 1040 585 1073 lob
603 1045 655 1074 und
671 1045 740 1079 preis
757 1045 807 1076 mit
822 1048 865 1078 eh⸗

388 1087 435 1111 ren
443 1082 526 1110 GOtt
534 1083 633 1115 Vater,
643 1082 727 1116 Sohn
735 1084 789 1114 und
798 1082 862 1115 heil⸗

388 1121 448 1150 gem
457 1117 542 1150 Geiſt!
556 1118 614 1149 Der
629 1117 689 1149 woll
704 1117 731 1148 in
741 1122 793 1149 uns
808 1125 862 1149 ver⸗

388 1151 512 1183 mehren,
543 1152 614 1182 Was
634 1160 660 1182 er
684 1156 734 1183 aus
760 1154 861 1186 gnaden

387 1191 441 1217 uns
457 1186 591 1221 verheißt,
610 1190 674 1222 Daß
687 1188 738 1219 wir
752 1190 807 1222 ihm
818 1190 862 1221 feſt

386 1228 539 1256 vertrauen,
557 1225 613 1256 Uns
628 1224 742 1259 gaͤnzlich
761 1227 860 1258 laſſen*

387 1260 438 1292 auf
454 1259 517 1292 ihn,
552 1261 617 1293 Von
637 1264 727 1294 herzen
748 1262 798 1292 auf
813 1261 859 1295 ihn

386 1294 483 1327 bauen,
499 1296 562 1329 Daß
571 1295 648 1329 unſer
655 1298 733 1332 muth
742 1301 795 1329 und
804 1298 860 1330 ſinn

385 1332 456 1363 Jhm
475 1331 573 1365 allezeit
590 1334 746 1366 anhangen;
767 1333 864 1368 Drauf

384 1350 473 1392 ſingen
483 1360 530 1388 wir
538 1364 583 1391 zur
591 1360 679 1390 ſtund:
701 1362 796 1392 Amen,
812 1363 862 1390 wir

384 1401 501 1431 werdens
516 1402 659 1435 erlangen,
686 1402 797 1433 Glaͤubn
814 1403 862 1434 wir

383 1437 434 1465 aus
450 1436 651 1471 herzensgrund.
706 1441 860 1467 *Verlaſſen.

630 1471 691 1498 Joh.
703 1467 859 1498 Poliander.

453 1501 514 1536 Auf
527 1504 587 1533 eine
605 1507 710 1532 andere
726 1506 789 1533 Art.

379 1526 441 1565 Mel.
452 1534 496 1565 Wir
509 1537 597 1560 danken
608 1534 707 1571 dirHErr
718 1530 861 1568 JeſuChriſt.

383 1568 468 1627 17.
468 1568 530 1628 N

530 1568 570 1603 un
588 1566 650 1601 lob,
665 1570 682 1604 o
711 1570 794 1601 meine
812 1570 860 1601 ſeel

550 1605 603 1634 und
621 1604 687 1634 ſinn,
710 1604 774 1636 Den
791 1603 859 1638 Her⸗

379 1644 439 1671 ren,
448 1640 494 1671 deß
502 1640 623 1677 geſchoͤpf
635 1642 672 1676 ich
684 1641 746 1675 bin;
763 1643 802 1675 Es
820 1643 857 1672 lo⸗

381 1672 423 1707 be,
433 1676 489 1702 was
498 1681 548 1706 nur
560 1675 587 1707 iſt
595 1683 622 1705 in
631 1676 693 1709 mir,
711 1676 786 1710 Sein
795 1674 857 1712 heil⸗

381 1716 431 1745 gen
447 1718 542 1742 namen
560 1712 605 1749 fuͤr
620 1716 673 1744 und
691 1714 743 1748 fuͤr.
763 1714 836 1749 Hall.

416 1751 441 1772 2.
459 1744 526 1774 Nun
544 1744 598 1777 lob,
614 1753 628 1774 o
644 1745 728 1775 meine
736 1746 785 1779 ſeel
802 1746 854 1776 und

378 1780 454 1813 geiſt!
473 1781 536 1812 Den
545 1783 669 1818 HErren,
678 1783 722 1812 der
730 1790 780 1812 mir
789 1787 854 1817 guts

379 1818 492 1851 erweiſt;
515 1820 618 1855 Vergiß
628 1830 657 1851 es
666 1820 747 1854 nicht,
762 1823 856 1855 gedenk

378 1855 473 1886 daran,
489 1856 560 1887 Was
577 1863 603 1886 er
616 1856 659 1891 fuͤr
667 1852 800 1893 wohlthat
815 1854 861 1891 mir

379 1893 486 1926 gethan.
502 1893 575 1924 Hall.

416 1930 441 1955 3.
456 1922 515 1955 Der
530 1924 572 1956 dir
587 1925 622 1956 all
634 1925 707 1956 deine
723 1925 788 1960 ſuͤnd
802 1931 857 1956 ver⸗

378 1957 448 1993 gibt,
476 1958 575 1991 Damit
585 1960 619 1990 du
631 1961 741 1996 oftmals
760 1961 804 1996 ihn
816 1961 854 1992 be⸗

379 1991 471 2029 truͤbt;
499 1997 558 2029 Der
574 1997 622 2028 alle
642 1996 699 2030 dein
717 1998 855 2035 gebrechen

377 2034 462 2065 heilt,
498 2036 589 2066 Wenn
608 2036 775 2072 ſchwachheit
795 2037 851 2072 dich

377 2071 440 2102 noch
457 2070 576 2101 uͤbereilt.
612 2073 685 2104 Hall.

415 2110 440 2133 4.
460 2102 521 2134 Der
535 2103 589 2137 dich
611 2105 637 2134 in
659 2105 759 2137 deinem
777 2106 850 2136 leben

377 2136 457 2172 troͤſt,
475 2137 532 2168 und
546 2144 608 2168 vom
622 2140 759 2170 verderben
776 2144 804 2169 es
813 2148 852 2171 er⸗

379 2173 442 2207 loͤſt,
463 2174 522 2207 Der
537 2172 587 2204 mit
602 2174 653 2205 viel
671 2178 757 2210 gnade
772 2177 850 2211 jeder⸗

907 427 955 461 zeit
979 428 1048 463 Dich
1064 427 1139 461 kroͤnt
1154 430 1207 461 und
1225 429 1278 461 mit
1295 430 1383 463 barm⸗

906 468 1052 503 herzigkeit.
1072 468 1146 500 Hall.

942 508 966 534 5.
977 499 1035 532 Der
1043 500 1130 535 ſegnet
1147 496 1241 535 deinen
1237 504 1317 532 mund
1326 504 1380 534 und

906 537 979 571 tiſch,
994 538 1057 570 Daß
1067 541 1100 568 du
1110 541 1171 573 noch
1183 540 1269 573 bleibſt
1285 541 1380 576 geſund

908 578 962 604 und
981 575 1073 606 friſch,
1111 576 1166 606 Und
1190 575 1272 611 gleich
1294 576 1379 610 hierin

907 609 964 638 dem
980 608 1051 638 adler
1072 606 1137 640 biſt,
1166 611 1225 642 Der
1244 609 1307 646 jung
1327 610 1380 642 und

907 640 969 676 ſtark
980 652 1021 672 von
1038 641 1131 674 kraͤften
1146 642 1194 679 iſt.
1202 647 1275 680 Hall.

939 683 966 710 6.
974 680 1035 711 Der
1044 680 1126 713 HErr
1133 681 1233 713 verlaͤßt
1239 683 1281 713 die
1288 689 1381 713 armen

904 714 986 747 nicht,
1003 714 1104 747 Schaft
1114 715 1178 745 allen
1189 717 1266 751 recht,
1284 716 1324 747 die
1341 718 1378 748 im

905 749 1020 784 gericht,
1041 753 1096 782 Und
1107 746 1169 783 ſonſt
1182 747 1252 785 durch
1272 755 1309 786 liſt
1326 756 1381 786 und

904 787 981 819 durch
997 786 1113 820 gewalt,
1135 786 1245 822 Unrecht
1255 789 1381 821 erdulden

903 821 1075 855 mannigfalt.
1094 823 1167 855 Hall.

940 862 966 887 7.
980 853 1040 886 Des
1049 853 1162 888 HErren
1172 861 1238 893 weg,
1257 855 1308 891 ſein
1325 856 1379 890 will

903 893 958 923 und
965 892 1038 923 rath,
1055 893 1102 921 Da
1113 892 1205 925 Moſes
1223 902 1275 924 von
1293 893 1378 931 geleh⸗

903 930 943 957 ret
953 927 1010 960 hat,
1025 929 1068 960 Jſt
1078 927 1181 962 klaͤrlich
1191 935 1247 959 nun
1258 930 1302 959 der
1314 935 1378 964 gan⸗

901 959 945 978 zen
954 951 1016 980 welt
1027 943 1075 982 Jn
1082 954 1150 980 allen
1156 959 1280 985 zungen*
1287 961 1378 987 vorge⸗

899 989 970 1031 ſtellt.
990 993 1064 1029 Hall.
1223 1002 1376 1031 *Sprachen.

934 1036 959 1063 8.
982 1032 1065 1064 GOtt
1080 1030 1108 1064 iſt
1125 1029 1296 1068 barmherzig,
1312 1035 1373 1063 treu

898 1069 951 1098 und
970 1068 1087 1101 fromm,
1103 1068 1208 1107 Aufdaß
1223 1072 1267 1103 der
1282 1070 1376 1107 ſuͤnder

899 1110 930 1135 zu
948 1103 1005 1138 ihm
1020 1106 1118 1136 komm,
1127 1101 1158 1136 Es
1191 1107 1219 1137 iſt
1227 1107 1278 1139 ſein
1287 1107 1375 1140 vaͤter⸗

898 1138 946 1174 lich
970 1139 1079 1174 gemuͤth
1103 1139 1233 1177 Gedultig
1254 1144 1306 1173 und
1320 1150 1374 1175 von

897 1177 992 1211 groſſer
1007 1176 1065 1210 guͤt.
1090 1177 1165 1211 Hall.

930 1214 958 1242 9.
976 1206 1066 1238 Wenn
1078 1213 1142 1238 man
1157 1215 1209 1238 nur
1224 1211 1300 1238 traut
1313 1210 1373 1240 dem

895 1246 1076 1285 gnadenwort,
1089 1247 1136 1279 So
1146 1249 1258 1282 hadert*
1267 1258 1294 1281 er
1302 1249 1372 1284 nicht

897 1283 1063 1316 immerfort,
1091 1286 1147 1314 Und
1164 1285 1223 1316 haͤlt
1244 1288 1292 1316 den
1309 1293 1371 1319 zorn

896 1315 967 1351 nicht
980 1316 1106 1353 ewiglich,
1134 1321 1226 1349 Wenn
1239 1325 1302 1349 man
1318 1326 1371 1351 von

897 1353 984 1388 herzen
1001 1354 1089 1390 beſſert
1104 1354 1160 1388 ſich.
1188 1356 1262 1387 Hall.

927 1391 940 1405 *
950 1391 983 1414 Er
990 1390 1017 1418 iſt
1026 1389 1087 1416 nicht
1108 1384 1228 1424 immerfort
1245 1389 1369 1422 ungnädig.

936 1434 976 1455 10.
997 1426 1036 1458 Er
1051 1423 1161 1460 handelt
1170 1432 1234 1461 gern
1250 1428 1301 1457 mit
1314 1432 1369 1460 uns

896 1464 995 1499 gelind,
1010 1465 1093 1498 Nicht
1105 1466 1168 1499 nach
1177 1466 1300 1500 verdienſt
1315 1471 1369 1502 und

896 1500 987 1534 unſrer
996 1499 1077 1534 ſuͤnd;
1097 1499 1209 1537 Vergilt
1219 1503 1283 1536 auch
1300 1503 1370 1538 nicht

895 1536 937 1566 die
951 1535 1100 1570 miſſethat,
1117 1538 1182 1568 Wie
1196 1536 1253 1573 ſehr
1266 1538 1307 1569 die
1322 1538 1370 1575 ihn

895 1570 1018 1605 beleidigt
1031 1574 1087 1605 hat.
1123 1574 1195 1607 Hall.

934 1613 974 1634 11.
991 1603 1037 1636 So
1047 1603 1108 1639 hoch
1125 1607 1169 1638 der
1185 1604 1294 1640 himmel
1305 1605 1368 1638 uͤber

893 1645 948 1675 erd,
964 1645 1021 1674 Und
1028 1646 1105 1676 allem
1113 1644 1152 1680 iſt,
1166 1651 1225 1678 was
1234 1647 1281 1681 ſich
1288 1647 1371 1680 drauf

893 1678 989 1712 naͤhrt:
1010 1680 1056 1712 So
1073 1681 1166 1712 waltet
1180 1681 1245 1713 uͤber
1255 1684 1367 1717 fromme

891 1715 948 1747 leut
964 1716 1023 1747 Des
1038 1717 1153 1752 HErren
1171 1719 1240 1753 gnad
1255 1719 1308 1749 und
1321 1718 1368 1755 guͤ⸗

886 1751 990 1789 tigkeit.
1010 1756 1083 1784 Hall.

930 1789 969 1811 12.
991 1779 1027 1813 Er
1046 1780 1101 1815 laßt
1116 1782 1151 1813 all
1168 1780 1245 1814 unſre
1258 1782 1322 1816 ſuͤnd
1339 1784 1365 1819 ſo

892 1819 948 1853 fern
958 1820 1023 1852 Von
1032 1824 1083 1851 uns
1093 1820 1164 1853 ſeyn,
1181 1819 1223 1850 als
1240 1822 1285 1853 der
1298 1830 1366 1854 mor⸗

891 1854 1007 1888 genſtern
1021 1856 1095 1886 Vom
1103 1855 1187 1885 abend
1194 1852 1235 1890 iſt,
1251 1856 1294 1887 als
1303 1856 1366 1888 mit⸗

892 1890 1038 1925 tagsſchein
1056 1892 1112 1923 und
1127 1891 1295 1928 mitternacht
1312 1900 1364 1925 von

893 1929 973 1958 ander
992 1927 1061 1959 ſeyn.
1098 1927 1172 1960 Hall.

931 1965 973 1992 13.
994 1957 1057 1989 Wie
1071 1956 1123 1989 mit
1138 1959 1184 1989 der
1197 1956 1284 1991 kinder
1299 1961 1364 1997 noth

889 2000 942 2031 und
959 1999 1065 2035 ſchmerz
1082 1998 1239 2035 Erbarmniß
1258 2005 1306 2036 hat
1321 2002 1364 2036 ein

885 2037 1036 2069 vaterherz;
1074 2038 1135 2068 Alſo
1163 2038 1292 2069 erbarmet
1317 2039 1364 2076 ſich

878 2075 951 2108 auch
960 2074 1055 2106 GOtt,
1071 2075 1127 2105 Und
1140 2075 1206 2105 reißt
1220 2076 1262 2107 die
1276 2074 1362 2113 ſeinen

888 2112 938 2141 aus
954 2111 998 2139 der
1015 2110 1088 2143 noth.
1125 2111 1198 2145 Hall.

925 2151 966 2176 14.
986 2142 1069 2175 Denn
1085 2150 1111 2174 er
1127 2151 1180 2175 uns
1196 2144 1286 2175 kennet
1301 2146 1363 2181 groß

883 2186 939 2216 und
956 2181 1035 2219 klein,
1053 2183 1117 2218 Wie
1131 2192 1181 2222 gar
1195 2183 1238 2216 ein
1253 2185 1363 2221 ſchwach

1282 2222 1372 2252 gefaͤß
