1709 2565
941 425 975 474 §.
1026 405 1055 463 I.

620 515 804 558 Erklaͤrung
823 520 882 550 des
898 516 1019 555 Satzes
1040 525 1121 551 vom
1139 515 1376 559 Zureichenden

920 566 1072 600 Grunde.

567 657 630 710 D

708 655 741 698 er
749 654 932 695 Freyherr
946 665 1027 689 von
1041 626 1199 689 Leibnitz
1216 642 1271 686 hat
1280 642 1380 689 zween
1391 640 1507 689 Gruͤn⸗

734 712 770 744 de
792 707 1008 756 menſchlicher
1030 694 1237 755 Erkenntniß
1258 705 1457 754 angegeben,
1457 705 1526 754 ᵃ)

732 765 841 798 davon
860 764 913 799 der
929 761 994 809 eine
1007 766 1060 800 der
1071 760 1159 807 Satz
1177 767 1232 801 des
1254 761 1506 811 Widerſpruchs

730 814 818 864 heißt
841 819 906 852 und
926 814 1115 853 iedermann
1125 814 1276 858 bekannt
1296 816 1355 864 iſt,
1377 819 1431 853 der
1448 825 1506 853 an⸗

493 873 564 907 dere
579 872 648 910 der
658 869 758 915 Satz
774 870 842 906 des
859 868 1129 917 Zureichenden
1141 863 1322 914 Grundes
1329 865 1506 921 genennet,

493 916 562 961 und
577 929 645 960 von
659 919 725 967 ihm
744 919 811 967 alſo
828 921 1056 967 ausgedruͤcket
1068 922 1175 961 wird:
1203 921 1326 967 Alles,
1333 922 1430 962 was
1443 924 1509 967 ge⸗

1328 971 1511 1024 ſchieht

499 1031 537 1089 a)
559 1044 618 1087 Jch
633 1044 704 1085 habe
724 1048 755 1080 in
771 1046 819 1081 der
837 1043 918 1086 Logik
940 1044 971 1084 §.
981 1044 1064 1084 272.
1083 1049 1153 1081 548.
1170 1052 1245 1082 432.
1270 1045 1359 1083 einige
1374 1044 1510 1084 Urſachen

544 1086 721 1125 angegeben,
742 1089 854 1119 warum
873 1092 965 1124 einer,
984 1086 1031 1119 der
1050 1083 1100 1125 bey
1117 1085 1204 1119 einem
1222 1083 1342 1129 ſcharfen
1358 1085 1509 1128 Nachden⸗

537 1133 588 1168 ken
604 1130 676 1172 nicht
693 1130 811 1174 zugleich
827 1132 871 1166 die
885 1127 1014 1173 gehoͤrige
1031 1131 1278 1174 Aufmerkſamkeit
1295 1132 1347 1170 auf
1356 1133 1410 1167 das
1425 1140 1511 1171 ganze

543 1174 664 1217 Syſtem
679 1175 725 1211 der
741 1173 836 1216 Logik,
851 1176 908 1210 und
924 1174 977 1217 auf
989 1175 1031 1209 die
1048 1174 1235 1216 Kennzeichen
1245 1176 1297 1210 der
1312 1174 1464 1214 Wahrheit
1482 1177 1511 1210 in

543 1223 632 1255 ihrem
652 1221 755 1255 ganzen
770 1216 910 1256 Umfange
930 1216 1056 1253 wendet,
1078 1217 1133 1248 wie
1149 1219 1181 1249 es
1198 1215 1247 1255 ſich
1262 1215 1312 1254 bey
1336 1218 1398 1249 dem
1412 1215 1512 1256 Herrn

542 1268 611 1290 von
625 1263 767 1297 Leibnitz
784 1255 923 1304 wuͤrklich
945 1253 1035 1301 fand,
1043 1258 1175 1295 warum,
1196 1256 1258 1299 ſage
1274 1256 1332 1300 ich,
1353 1259 1397 1293 ein
1411 1258 1512 1301 ſolcher

541 1306 621 1346 leicht
636 1305 689 1346 auf
699 1308 768 1346 dieſe
784 1304 888 1348 beyden
900 1300 1071 1348 Grundſaͤtze
1084 1302 1227 1347 gefuͤhret,
1246 1305 1303 1340 und
1317 1305 1427 1345 geneigt
1441 1311 1512 1340 wer⸗

544 1351 598 1384 den
611 1348 700 1389 kann,
721 1348 755 1392 ſie
770 1356 820 1385 vor
838 1344 962 1392 adaͤquat
976 1356 1009 1389 zu
1023 1346 1131 1390 halten.
1175 1349 1325 1389 Nehmlich
1339 1353 1371 1385 es
1387 1351 1442 1388 ſind
1457 1352 1515 1385 die⸗

542 1393 633 1436 ſelben
647 1395 714 1428 vors
727 1389 792 1434 erſte
806 1392 849 1426 die
863 1392 963 1431 einzige
975 1391 1077 1428 Quelle
1091 1391 1157 1427 aller
1172 1392 1397 1431 Schlußregeln:
1418 1393 1451 1429 ſie
1466 1392 1514 1431 ha⸗

548 1439 601 1469 ben
622 1438 716 1483 ferner
736 1430 826 1477 dieſen
842 1433 977 1473 Vorzug,
999 1434 1052 1474 daß
1074 1434 1108 1472 ſie
1124 1435 1172 1473 ſich
1189 1433 1329 1473 niemahls
1354 1435 1514 1471 collidiren:

542 1484 601 1510 und
616 1479 745 1515 uͤberdieß
760 1477 818 1515 ſind
831 1476 880 1515 ſie,
902 1477 932 1508 in
945 1469 975 1515 ſo
989 1476 1050 1516 fern
1062 1474 1097 1514 ſie
1110 1474 1184 1513 recht
1199 1472 1307 1517 gefaſſet
1329 1476 1459 1516 werden,
1478 1476 1514 1510 ei⸗

547 1528 613 1554 nem
633 1521 829 1560 vernuͤnftigen
846 1519 940 1562 Geiſte
962 1528 1010 1559 zur
1026 1517 1199 1561 Erkenntniß
1219 1521 1266 1555 der
1281 1520 1515 1562 allerwichtigſten

544 1565 735 1607 Wahrheiten
759 1571 828 1604 ganz
850 1562 1070 1607 unentbehrlich.
1114 1563 1185 1600 Von
1203 1566 1264 1600 dem
1279 1567 1368 1604 Satze
1384 1569 1433 1600 des
1448 1567 1515 1602 Wi⸗

550 1608 728 1653 derſpruches
741 1608 772 1652 iſt
787 1608 873 1649 dieſes
889 1615 940 1645 vor
953 1607 1002 1651 ſich
1017 1608 1089 1645 klar.
1129 1608 1203 1650 Daß
1220 1607 1286 1644 aber
1299 1613 1347 1645 der
1360 1609 1442 1647 Satz
1442 1609 1513 1645 vom

545 1655 739 1692 zureichenden
757 1650 878 1687 Grunde
895 1657 950 1686 von
965 1650 1043 1688 Gott
1057 1652 1087 1686 in
1102 1651 1153 1687 alle
1172 1649 1350 1691 vernuͤnftige
1362 1644 1515 1693 Geſchoͤpfe

547 1699 726 1736 nothwendig
754 1695 824 1735 habe
844 1693 936 1735 gelegt
961 1697 1070 1729 werden
1096 1692 1217 1737 muͤſſen,
1247 1695 1318 1730 wird
1341 1702 1407 1729 man
1430 1695 1516 1738 gleich

543 1754 658 1779 daraus
677 1739 829 1777 begreiffen,
847 1738 911 1771 weil
927 1734 997 1775 ohne
1015 1736 1063 1777 ihn
1075 1736 1150 1772 keine
1163 1734 1336 1777 Erkenntniß
1350 1739 1401 1771 des
1415 1735 1515 1780 Schoͤ⸗

544 1789 643 1822 pfers,
666 1788 722 1816 und
746 1781 857 1822 folglich
879 1783 927 1817 der
947 1780 1102 1822 Religion,
1123 1783 1172 1815 der
1195 1779 1307 1818 wahren
1324 1783 1383 1816 und
1398 1781 1515 1824 ſattſam

544 1832 627 1869 ſicher
640 1828 774 1867 geſtellten
788 1826 909 1866 Tugend
926 1825 1044 1867 moͤglich
1057 1824 1146 1861 waͤre.
1189 1826 1271 1861 Man
1288 1825 1350 1866 laſſe
1366 1826 1416 1867 ſich
1430 1827 1515 1868 durch

546 1875 617 1910 dieſe
637 1873 819 1905 Erinnerung
833 1865 977 1907 vorſichtig
997 1868 1130 1905 machen,
1157 1864 1212 1906 daß
1228 1873 1295 1904 man
1316 1868 1389 1908 nicht
1410 1871 1515 1906 etwan,

546 1921 609 1955 zum
628 1911 781 1954 Nachtheil
796 1916 844 1947 der
857 1911 974 1954 uͤbrigen
988 1913 1077 1955 Logik,
1091 1915 1158 1946 oder
1172 1919 1219 1951 zur
1232 1912 1466 1954 Vertheydigung
1481 1914 1518 1947 ei⸗

547 1968 597 1990 ner
617 1960 698 1997 boͤſen
714 1956 831 1995 Sache,
853 1954 895 1988 die
915 1955 1084 1992 gemeldeten
1103 1952 1225 1991 Gruͤnde
1248 1954 1316 1991 uͤber
1336 1958 1378 1991 die
1393 1955 1517 1995 Gebuͤhr

548 2006 703 2038 ausdehne.
746 1998 900 2041 Uebrigens
916 1991 945 2041 iſt
962 2003 991 2034 es
1009 1999 1211 2039 Verwirrung,
1228 2004 1308 2034 wenn
1322 1998 1446 2039 Leibnitz,
1459 2000 1515 2032 und

551 2050 621 2086 ſeine
638 2046 766 2080 Schuͤler
789 2046 841 2078 den
863 2043 937 2084 Satz
960 2050 1014 2080 von
1035 2041 1250 2085 Widerſpruche
1270 2046 1322 2078 den
1342 2045 1448 2080 Grund
1468 2046 1518 2078 der

546 2093 776 2125 nothwendigen,
799 2085 855 2117 und
876 2085 929 2116 den
950 2082 1024 2125 Satz
1045 2089 1099 2116 von
1119 2084 1170 2116 der
1190 2079 1382 2125 zureichenden
1400 2082 1518 2124 Urſache

544 2142 601 2164 den
623 2136 729 2164 Grund
754 2134 801 2165 der
830 2125 975 2170 zufaͤlligen
996 2128 1185 2171 Wahrheiten
1210 2134 1243 2168 zu
1268 2135 1375 2166 nennen
1396 2126 1517 2171 pflegen.
