3192 3190
1054 221 1162 295 998

1657 226 1825 290 Epiſtel
1839 236 1916 283 am
1939 224 2162 292 zehenden
2176 230 2440 297 Sonntage

1056 300 1164 353 nicht
1189 309 1266 356 gar
1282 302 1321 356 ſo
1349 303 1642 361 nohtwendig;
1668 308 1771 354 denn
1792 313 1875 354 wer
1887 305 2017 363 achtet

1058 351 1171 414 das/
1189 354 1274 408 daß
1292 371 1334 409 er
1354 362 1474 415 durch
1493 367 1564 412 den
1586 364 1749 419 helligen
1769 366 1881 419 Geiſt
1899 365 2017 424 moͤge

1055 421 1150 469 gute
1168 415 1351 470 geiſtliche
1359 418 1510 466 Gaben
1524 416 1680 472 haben/
1693 426 1774 468 und
1785 423 1909 476 durch
1918 425 2017 478 heil⸗

1054 471 1160 520 ſame
1172 467 1320 517 Gaben
1337 471 1410 518 viel
1423 471 1565 519 Gutes
1584 470 1787 521 wircken?
1814 465 2017 528 Dennoch

1052 529 1211 576 werden
1234 530 1434 582 gleichwol
1459 531 1588 584 etliche
1610 534 1743 585 ſeyn/
1770 539 1829 582 die
1845 535 2015 588 hertzlich

1053 577 1283 636 wuͤnſchen/
1286 581 1325 626 in
1325 581 1458 629 GOtt
1467 579 1558 634 viel
1553 592 1748 641 Gutes
1719 582 1765 639 zu
1782 582 1887 641 thun;
1926 584 2017 643 Auch

1051 641 1220 690 befindet
1235 642 1309 692 ſich
1335 648 1413 688 das
1448 644 1547 694 noch
1564 639 1753 695 allezeit/
1747 656 1815 692 wo
1828 647 2014 700 herrliche

1051 696 1204 742 Gaben
1229 688 1340 748 ſeyn/
1362 701 1413 742 da
1434 698 1552 751 folget
1565 698 1657 745 bald
1682 700 1910 753 Hochmuht
1930 706 2012 749 und

1052 743 1345 804 Verachtung/
1356 753 1463 799 nicht
1481 755 1596 802 allein
1606 755 1676 799 bey
1686 748 1928 810 Zuhoͤrern/
1929 760 2012 811 ſon⸗

1049 808 1150 852 dern
1160 805 1259 852 auch
1278 806 1346 857 bey
1362 807 1550 858 Lehrern.
1607 809 1679 862 Jſt
1697 816 1825 857 einer/
1845 818 1932 858 dem
1952 817 2017 860 ein

1051 861 1308 912 ſonderliches
1327 861 1439 914 Licht
1455 862 1622 918 gegeben
1620 858 1703 915 iſt/
1706 860 1764 913 die
1770 865 1956 921 Schrifft
1962 864 2017 918 zu

1048 913 1247 966 verſtehen
1264 920 1345 961 und
1362 909 1616 973 außzulegen/
1631 909 1683 967 der
1710 921 1816 971 laͤſſet
1830 924 1904 974 ſich
1921 914 2017 973 bald

1050 970 1152 1023 groß
1168 973 1371 1020 duͤncken/
1385 976 1467 1021 will
1487 978 1701 1023 niemands
1722 979 1869 1027 Gaben
1888 979 2010 1027 neben

1048 1015 1126 1080 ſich
1145 1014 1286 1079 leiden/
1299 1026 1485 1076 alldieweil
1495 1036 1536 1074 er
1546 1020 1734 1080 meynet/
1730 1029 1808 1079 daß
1824 1032 2011 1079 niemand

1049 1090 1172 1136 gegen
1192 1086 1277 1130 ihm
1294 1091 1427 1130 etwas
1445 1088 1532 1135 ſey;
1554 1087 1673 1137 daher
1692 1086 1871 1144 begehret
1880 1091 1924 1134 er
1933 1091 2011 1138 das

1047 1130 1174 1188 Volck
1194 1138 1311 1184 allein
1329 1148 1384 1184 an
1407 1138 1479 1192 ſich
1491 1150 1538 1193 zu
1547 1134 1725 1194 haͤngen/
1736 1141 1838 1191 allein
1853 1144 2010 1196 gehoͤret

1047 1197 1097 1242 zu
1110 1190 1208 1241 ſeyn.
1236 1190 1326 1238 Alſo
1347 1194 1496 1238 nimmt
1513 1197 1590 1240 das
1599 1193 1742 1249 Fleiſch
1786 1183 1857 1250 auß
1878 1199 2009 1245 Gottes

1049 1244 1203 1295 Gaben
1213 1236 1468 1301 Gelegenheit
1476 1255 1568 1302 zum
1580 1248 1838 1305 Hochmuht/
1838 1250 1910 1306 zur
1921 1255 2008 1304 Be⸗

1045 1304 1174 1364 gierde
1192 1302 1266 1352 ſich
1276 1295 1420 1353 hervor
1435 1313 1485 1357 zu
1497 1298 1626 1358 thun/
1632 1315 1703 1361 zur
1720 1302 2016 1367 Verachtung/

1046 1357 1220 1409 darauff
1228 1359 1351 1413 folget
1372 1358 1474 1410 auch
1480 1362 1749 1416 gemeiniglich
1760 1365 2005 1418 Trennung;

1044 1419 1124 1460 das
1149 1415 1192 1463 iſt
1204 1421 1305 1460 denn
1320 1421 1380 1460 ein
1399 1417 1659 1468 ſchaͤndlicher
1676 1422 1759 1467 und
1769 1420 2003 1475 ſchaͤdlicher

1044 1466 1302 1521 Mißbrauch
1318 1474 1386 1516 der
1394 1476 1519 1524 guten
1535 1474 1685 1521 Gaben
1696 1475 1861 1530 Gottes.
1889 1473 2005 1528 Auch

1044 1526 1168 1576 findet
1190 1524 1262 1577 ſich
1277 1529 1354 1572 das
1364 1527 1477 1573 wol/
1505 1529 1541 1575 ſo
1562 1536 1623 1574 ein
1638 1529 1891 1583 Schwacher
1901 1536 1943 1577 in
1952 1536 2010 1579 ei⸗

1044 1585 1137 1623 nem
1171 1581 1324 1626 andern
1339 1579 1638 1633 fuͤrtrefflichere
1655 1582 1805 1631 Gaben
1821 1589 1903 1631 und
1922 1584 2017 1638 Er⸗

1042 1635 1210 1689 zeigung
1227 1635 1297 1685 deß
1315 1636 1472 1685 Geiſtes
1486 1635 1644 1687 ſpuͤret/
1672 1638 1799 1689 daß
1762 1636 1805 1692 er
1807 1644 2017 1695 gedencke:

1041 1691 1109 1739 Ey
1127 1683 1219 1737 was
1235 1690 1302 1737 bin
1319 1691 1422 1742 ich?
1446 1692 1530 1745 Jch
1541 1691 1648 1745 muß
1665 1696 1704 1745 ja
1725 1698 1805 1741 kein
1816 1697 1930 1749 Theil
1943 1705 2017 1749 an

1040 1747 1202 1799 Chriſto
1226 1747 1383 1795 haben;
1410 1754 1487 1795 wie
1508 1750 1580 1799 hat
1598 1755 1665 1796 der
1686 1752 1855 1806 Menſch
1869 1754 1907 1806 ſo
1925 1753 2017 1804 viel

1042 1799 1270 1852 herrlichere
1283 1796 1451 1853 Gaben/
1471 1796 1529 1850 als
1533 1803 1625 1855 ich?
1653 1806 1730 1854 Da
1749 1805 1792 1855 iſt
1809 1812 1851 1854 es
1861 1809 1900 1860 ja
1917 1805 2017 1855 von

1040 1850 1220 1908 noͤhten/
1216 1855 1293 1902 daß
1304 1866 1403 1902 man
1415 1860 1589 1909 gedencke
1602 1870 1658 1906 an
1667 1864 1725 1909 die
1763 1855 1865 1917 Lehre
1901 1862 2017 1912 Pau⸗

1040 1912 1094 1958 li/
1105 1916 1177 1957 wie
1196 1915 1261 1958 der
1270 1911 1513 1965 Unterſcheid
1535 1919 1601 1961 der
1611 1916 1757 1963 Gaben
1772 1922 1851 1964 von
1862 1919 2017 1968 GOtt

1040 1959 1141 2020 ſey/
1141 1970 1224 2013 und
1238 1973 1318 2013 wir
1333 1967 1507 2019 dennoch
1524 1972 1596 2017 allle
1622 1973 1745 2023 durch
1763 1977 1874 2021 einen
1885 1973 2017 2025 Geiſt

1040 2020 1089 2073 zu
1104 2025 1229 2066 einem
1251 2020 1361 2069 Leibe
1375 2022 1568 2078 getauffet
1589 2020 1693 2081 ſeyn/
1729 2021 1788 2083 daß
1791 2032 1870 2075 wir
1887 2031 1995 2076 eines

1039 2076 1179 2124 Leibes
1192 2067 1355 2120 Glieder
1358 2072 1463 2120 ſeyn.

1094 2137 1272 2180 Darum
1293 2138 1432 2181 wollen
1449 2140 1529 2182 wir
1538 2146 1586 2188 zu
1600 2141 1665 2185 der
1677 2140 1913 2196 Erklaͤrung
1921 2143 1992 2187 die⸗

1037 2186 1094 2236 ſer
1105 2185 1252 2238 Epiſtel
1266 2180 1494 2238 ſchreiten/
1514 2192 1709 2236 darinnen
1725 2196 1809 2238 uns
1819 2192 1995 2247 Paulus

1036 2244 1203 2296 lehret/
1221 2242 1310 2290 wie
1331 2244 1409 2290 der
1433 2244 1706 2301 Unterſcheid
1728 2251 1805 2298 der
1826 2249 1995 2302 Gaben

1036 2306 1135 2347 von
1146 2298 1296 2349 GOtt
1310 2298 1596 2355 herkomme/
1622 2293 1788 2355 welches
1797 2308 1876 2352 wir
1898 2299 2017 2370 doch

1035 2355 1114 2408 alſo
1126 2354 1349 2404 betrachten
1360 2353 1518 2408 wollen/
1524 2354 1616 2413 daß
1630 2360 1720 2411 wir
1727 2361 1902 2415 darauß
1911 2361 2017 2412 ler⸗

1036 2403 1149 2461 nen/
1147 2415 1231 2456 mit
1251 2410 1403 2461 unſern
1416 2411 1584 2462 Gaben
1604 2413 1798 2468 friedlich
1812 2426 1867 2472 zu
1879 2416 1993 2472 ſeyn/

1032 2465 1129 2510 und
1147 2459 1372 2520 dieſelbige
1387 2469 1471 2510 mit
1480 2462 1834 2521 Danckbahrkeit
1844 2469 1891 2517 in
1914 2475 1993 2516 der

1032 2514 1243 2568 Demuht
1269 2530 1323 2565 zu
1343 2517 1629 2576 gebrauchen.
1686 2524 1817 2581 Dazu
1830 2525 1992 2580 verleihe

1030 2573 1167 2620 GOtt
1184 2558 1282 2622 ſeine
1310 2574 1449 2621 Gnade.
1461 2575 1614 2623 Amen!

1028 2622 1118 2733 E

1137 2623 1255 2678 Saiaͤ
1263 2639 1333 2676 am
1352 2637 1410 2675 26.
1436 2635 1474 2676 v.
1495 2647 1550 2677 12.
1571 2632 1751 2683 bekennet
1776 2639 1832 2683 die
1848 2635 1989 2693 Kirche

1139 2675 1312 2722 Gottes:
1339 2671 1499 2736 Alles/
1505 2684 1613 2733 was
1622 2683 1712 2739 wir
1715 2683 2004 2743 außrichten/

1025 2743 1115 2790 das
1128 2739 1227 2793 haſt
1242 2743 1316 2792 du/
1319 2741 1570 2796 HErr!uns
1579 2742 1783 2801 gegeben.
1806 2741 1873 2802 Deñ
1893 2755 2014 2797 was

1025 2806 1087 2851 ein
1111 2800 1280 2857 Menſch
1300 2803 1441 2855 Gutes
1457 2805 1660 2861 gedencket
1670 2808 1763 2858 oder
1772 2799 1909 2866 thut./
1911 2801 2017 2863 das

2017 306 2284 366 empfaͤnget
2300 321 2343 359 er
2357 320 2439 362 von
2448 315 2611 365 GOtt.
2623 316 2735 365 Eben
2755 316 2905 372 daſſelbe
2920 321 2991 375 leh⸗

2017 366 2114 419 ret
2135 369 2235 424 auch
2254 371 2367 426 allhie
2386 372 2564 434 Paulus
2574 379 2653 422 von
2673 376 2771 425 allen
2791 377 2990 435 geiſtlichen

2017 425 2214 477 Gaben.
2272 428 2336 477 Er
2348 430 2486 484 fuͤhret
2500 435 2586 478 uns
2595 426 2667 486 aber
2696 429 2902 494 zuforderſt
2911 437 2996 492 auff

2044 466 2165 532 unſer
2177 476 2489 540 Unvermoͤgen/
2477 482 2526 538 in
2531 482 2618 528 dem
2634 489 2674 528 er
2692 480 2845 543 ſpricht/
2852 493 2990 538 v.1.2.3.

2066 526 2145 588 Von
2164 528 2238 587 den
2267 531 2512 597 geiſtlichen
2544 533 2655 598 Gaben
2686 543 2775 593 will
2793 544 2858 599 ich
2878 547 2994 611 euch/

2050 594 2188 645 lieben
2210 593 2444 649 Bruͤder/
2470 597 2594 651 nicht
2607 594 2846 655 verhalten.
2898 601 2989 661 Jhr

2051 643 2234 706 wiſſet/
2224 650 2315 706 daß
2346 645 2404 710 ihr
2438 652 2580 711 Heiden
2597 653 2693 712 ſeyd
2702 655 2889 712 geweſen
2902 662 2986 708 und

2050 700 2364 762 hingegangen
2384 716 2441 760 zu
2468 708 2555 757 den
2577 706 2782 759 ſtummen
2808 709 2990 775 Goͤtzen/

2049 758 2139 807 wie
2152 757 2226 814 ihr
2239 757 2441 819 gefuͤhret
2460 769 2653 813 wurdet.
2702 760 2886 821 Darum
2886 766 2984 823 thue

2049 812 2116 867 ich
2139 813 2243 868 euch
2253 811 2402 872 kund/
2406 810 2479 875 daß
2522 813 2698 875 niemand
2731 815 2862 880 JEſum
2899 833 2984 870 ver⸗

2064 868 2258 927 fluchet/
2287 874 2368 922 der
2400 874 2541 923 durch
2572 875 2647 924 den
2672 870 2799 935 Geiſt
2820 878 2982 931 Gottes

2017 915 2184 975 redet.
2220 926 2333 975 Und
2344 925 2557 981 niemand
2579 926 2662 976 kan
2673 925 2854 985 JEſum
2872 934 2981 979 eineu

2052 978 2231 1035 HErrn
2249 979 2438 1040 heiſſen/
2440 981 2556 1039 ohne
2571 983 2707 1040 durch
2721 989 2801 1037 den
2810 984 2980 1046 heiligen

2049 1031 2195 1088 Geiſt.

2103 1091 2184 1149 Hie
2192 1098 2308 1150 zeiget
2321 1096 2498 1157 Paulus
2511 1098 2586 1151 ſein
2594 1093 2815 1153 Vorhaben
2821 1102 2902 1158 an/
2910 1101 2980 1155 daß

2047 1156 2089 1194 er
2099 1152 2179 1193 von
2193 1139 2407 1203 geiſtlichen
2419 1150 2567 1199 Gaben
2592 1155 2706 1200 reden
2718 1153 2811 1213 will/
2831 1154 2984 1215 nemlich/

2047 1205 2121 1247 wie
2141 1202 2317 1252 dieſelben
2337 1207 2417 1248 von
2435 1204 2574 1253 GOtt
2591 1204 2783 1252 kommen.
2835 1208 2978 1258 Verſte⸗

2047 1255 2109 1309 het
2129 1253 2224 1303 aber
2243 1255 2498 1309 inſonderheit
2515 1258 2628 1310 ſolche
2649 1261 2853 1320 Gaben/
2824 1265 2870 1321 die
2876 1262 2977 1315 noht⸗

2044 1313 2201 1366 wendig
2219 1316 2311 1360 oder
2326 1312 2485 1366 dienlich
2501 1314 2621 1377 ſeyn/
2620 1325 2668 1372 zu
2676 1315 2897 1373 Erbauung
2918 1319 2975 1364 der

2043 1365 2234 1426 Kirchen/
2246 1372 2388 1417 andere
2397 1380 2446 1424 zu
2457 1371 2666 1426 befoͤrdern
2676 1378 2717 1420 in
2726 1376 2789 1421 der
2800 1377 2977 1426 Erkennt⸗

2043 1426 2112 1476 niß
2124 1425 2274 1479 Chriſti
2290 1431 2372 1475 und
2391 1430 2510 1481 ſeines
2526 1429 2663 1486 Heils.
2716 1430 2889 1484 Sonſten
2904 1432 2974 1486 ſind

2041 1478 2143 1532 auch
2156 1477 2372 1535 auſſerhalb
2390 1485 2432 1529 in
2442 1487 2510 1530 der
2531 1484 2702 1537 Kirchen
2713 1483 2888 1539 herrliche
2896 1486 2974 1537 Ga⸗

2041 1535 2114 1581 ben
2129 1536 2283 1584 Gottes
2298 1545 2348 1593 zu
2362 1535 2522 1592 finden/
2531 1541 2597 1586 als
2606 1540 2890 1596 Beredſamkeit
2901 1543 2973 1588 und

2017 1584 2284 1643 Erfahrung
2303 1594 2344 1635 in
2355 1589 2613 1645 Sprachen;
2640 1595 2725 1639 und
2745 1598 2784 1640 in
2804 1596 2885 1643 dem
2893 1592 2972 1649 Fall

2039 1645 2124 1698 ſind
2139 1649 2198 1692 die
2214 1643 2463 1702 aͤuſſerlichen
2479 1648 2630 1697 Gaben
2655 1658 2737 1698 nur
2753 1649 2820 1700 fuͤr
2840 1654 2975 1708 gemein

2017 1705 2084 1753 zu
2098 1698 2258 1761 achten/
2263 1704 2333 1749 die
2352 1701 2421 1756 bey
2431 1702 2664 1760 Glaͤubigen
2697 1706 2758 1761 und
2770 1704 2972 1763 Unglaͤubi⸗

2017 1755 2111 1810 gen
2131 1764 2180 1811 zu
2196 1756 2328 1811 finden
2338 1758 2437 1814 ſeyn.
2482 1760 2623 1808 Wenn
2642 1761 2736 1808 aber
2755 1768 2796 1809 in
2808 1766 2870 1811 der
2891 1763 2972 1814 Kir⸗

2017 1806 2129 1856 chen
2164 1809 2236 1865 bey
2256 1810 2439 1865 Chriſten
2481 1813 2598 1865 ſolche
2611 1813 2763 1865 Gaben
2787 1815 2965 1872 gefunden

2017 1862 2210 1924 werden/
2208 1866 2374 1920 dadurch
2391 1871 2449 1915 die
2456 1868 2597 1920 Kirche
2607 1869 2790 1931 gebauet/
2811 1870 2865 1929 das
2884 1869 2974 1931 Reich

2017 1921 2117 1970 und
2133 1925 2191 1967 die
2201 1921 2312 1977 Ehre
2323 1924 2479 1972 Gottes
2489 1924 2686 1980 befoͤrdert
2701 1926 2825 1986 wird/
2840 1929 2972 1982 alsdenn

2017 1975 2193 2028 werden
2212 1976 2260 2030 ſie
2277 1976 2460 2035 geiſtliche
2475 1979 2626 2030 Gaben
2642 1987 2840 2039 genennet.
2890 1985 2973 2033 Und

2034 2039 2152 2078 wenn
2162 2033 2214 2078 da
2225 2037 2285 2079 ein
2295 2030 2432 2087 Chriſt
2439 2042 2559 2099 gegen
2568 2037 2639 2083 den
2650 2037 2798 2084 andern
2810 2037 2972 2093 gehalten

2034 2083 2167 2144 wird/
2186 2085 2233 2138 iſt
2268 2088 2332 2145 der
2353 2087 2485 2136 Glaube
2506 2092 2587 2134 eine
2601 2094 2771 2145 gemeine
2782 2091 2916 2151 Gabe/
2922 2095 2974 2150 ne⸗

2034 2143 2109 2190 ben
2119 2142 2258 2196 welche
2275 2144 2488 2198 nachmals
2503 2151 2646 2197 andere
2664 2147 2875 2205 aͤuſſerliche
2893 2151 2970 2199 Ga⸗

2032 2195 2105 2240 ben
2120 2203 2194 2250 zur
2202 2195 2435 2253 Erbauung
2444 2201 2511 2245 der
2523 2199 2716 2246 Gemeine
2724 2205 2803 2247 von
2813 2204 2893 2247 dem
2903 2200 2971 2255 hei⸗

2033 2253 2133 2310 ligen
2145 2253 2256 2306 Geiſt
2270 2252 2533 2313 außgetheilet
2546 2256 2723 2316 werden/
2734 2264 2789 2306 die
2807 2258 2904 2312 nicht
2907 2260 2972 2319 ge⸗

2017 2303 2139 2371 mein
2149 2306 2249 2361 ſeyn.
2295 2309 2400 2358 Von
2423 2311 2544 2364 dieſen
2565 2313 2648 2359 will
2665 2313 2839 2370 Paulus
2855 2310 2977 2377 reden/

2017 2362 2115 2413 und
2126 2362 2276 2422 lehren/
2298 2366 2359 2424 wie
2366 2365 2415 2419 ſie
2425 2372 2507 2415 von
2516 2369 2653 2418 GOtt
2661 2368 2761 2425 ſeyn.

2085 2420 2162 2468 Da
2180 2420 2315 2476 fuͤhret
2327 2431 2369 2469 er
2383 2427 2471 2469 uns
2487 2421 2733 2479 zuforderſt/
2761 2429 2833 2472 wie
2845 2424 2973 2480 gemel⸗

2028 2471 2111 2532 det/
2116 2471 2211 2525 auff
2242 2473 2337 2533 unſer
2374 2473 2647 2536 Unvermoͤgen/
2665 2481 2746 2526 und
2757 2477 2974 2534 uͤberzeuget

2028 2527 2129 2588 uns/
2138 2524 2202 2585 daß
2238 2537 2301 2578 wir
2321 2527 2462 2591 muͤſſen
2485 2533 2678 2588 bekennen/
2699 2534 2736 2588 ſo
2770 2535 2876 2593 etwas
2904 2530 2973 2588 Gu⸗

2027 2584 2090 2625 tes
2119 2587 2205 2629 und
2227 2582 2495 2636 Erbauliches
2519 2593 2574 2631 an
2606 2585 2818 2642 geiſtlichen
2835 2587 2973 2638 Gaben

2028 2638 2099 2693 bey
2113 2645 2197 2687 uns
2212 2638 2302 2694 iſt/
2302 2639 2379 2695 daß
2402 2646 2447 2690 es
2461 2642 2567 2696 nicht
2586 2648 2666 2692 von
2680 2644 2808 2698 uns/
2821 2649 2975 2694 ſondern

2028 2694 2110 2738 von
2123 2694 2212 2743 dem
2239 2692 2371 2745 Geiſte
2392 2695 2546 2751 Gottes
2560 2699 2726 2747 komme.
2769 2688 2869 2741 Jhr
2881 2693 2978 2736 wiſ⸗

2017 2745 2107 2808 ſet/
2110 2750 2253 2808 ſpricht
2285 2762 2323 2808 er
2327 2753 2418 2810 daß
2439 2750 2516 2809 ihr
2529 2754 2706 2815 Heiden
2723 2755 2820 2815 ſeyd
2838 2765 2979 2816 gewe⸗

2030 2810 2138 2870 ſen/
2160 2809 2255 2865 und
2274 2805 2585 2866 hingegangen
2603 2822 2660 2866 zu
2675 2814 2759 2866 den
2775 2814 2983 2873 ſtummen

2781 2873 2975 2932 Goͤtzen/
