1811 2787
198 520 258 558 gar
281 511 346 552 kein
372 511 476 553 Genie
502 510 613 562 haben.
666 511 833 561 Verlaſſen
865 520 926 549 von
950 512 1040 558 dem,
1075 517 1146 548 was
1171 521 1248 549 man

198 581 380 629 Geſchmack
403 592 445 619 an
469 583 527 618 den
550 579 827 631 Wiſſenſchaften,
848 588 918 618 was
936 591 1011 617 man
1034 579 1189 626 Neigung
1213 589 1250 626 zu

197 648 291 698 ihnen
316 653 429 693 nennt,
454 647 586 695 dringen
612 649 650 699 ſie
675 647 725 684 nie
749 647 781 685 in
808 650 869 686 das
899 648 985 687 innre
1005 648 1118 695 Weſen
1145 650 1252 696 derſel⸗

197 710 285 753 ben;
311 713 374 744 und
397 708 456 744 wie
484 696 600 750 koͤnnen
622 712 660 756 ſie
682 714 762 754 das,
787 714 828 745 da
852 713 890 755 ſie
913 712 1015 745 keinen
1037 711 1117 753 Reiz
1143 722 1183 741 an
1204 713 1251 754 ih⸗

197 801 256 828 nen
280 788 415 835 finden?
435 788 504 830 Sie
530 787 649 829 bleiben
670 788 731 835 auf
750 791 802 827 der
827 788 1011 839 Oberflaͤche
1036 792 1088 827 der
1102 787 1251 839 Gelehr⸗

196 861 341 911 ſamkeit;
388 862 427 911 ſie
463 861 592 912 erfuͤllen
626 862 676 911 ihr
707 861 906 908 Gedaͤchtniß
936 862 995 899 mit
1020 862 1156 901 Worten
1184 865 1250 899 und

195 933 366 982 Begriffen
389 936 442 973 der
467 933 652 984 Gelehrten,
676 932 755 982 ohne
780 934 843 982 daß
868 933 917 981 ihr
933 933 1096 981 Verſtand
1114 931 1249 980 dadurch

195 997 347 1050 gebildet,
378 1001 450 1038 oder
479 996 653 1048 angebauet
680 999 772 1037 wird.
825 1003 896 1038 Und
929 1006 999 1037 was
1032 998 1182 1037 braucheu
1211 998 1250 1046 ſie

195 1084 231 1122 zu
255 1073 342 1124 ihren
364 1074 523 1126 Abſichten
548 1074 648 1123 mehr,
671 1075 724 1111 als
746 1074 794 1112 die
819 1073 921 1123 Figur
945 1078 997 1113 der
1015 1073 1250 1124 Wiſſenſchaft,

196 1147 248 1182 als
280 1145 328 1183 die
351 1145 451 1185 Mine
481 1149 536 1184 der
556 1143 821 1193 Gelehrſamkeit,
847 1142 912 1179 eine
937 1140 1062 1189 geringe
1083 1141 1250 1192 Kenntniß

195 1217 251 1252 der
275 1212 469 1260 Sprachen,
498 1214 562 1251 und
590 1214 652 1252 das
680 1212 765 1258 Echo
790 1212 907 1257 etlichtr
933 1211 1132 1261 Lehrbuͤcher,
1158 1222 1249 1250 wenn

195 1285 234 1334 ſie
249 1294 309 1321 nur
325 1283 376 1333 fuͤr
391 1282 506 1331 dieſes,
531 1285 603 1321 oder
622 1283 708 1330 jenes
727 1281 824 1330 Amt,
852 1282 902 1330 fuͤr
926 1283 1001 1330 dieſe
1019 1282 1112 1326 reiche
1129 1282 1252 1329 Pfruͤn⸗

193 1359 242 1404 de,
263 1356 314 1405 fuͤr
331 1358 398 1406 jene
414 1355 662 1406 Gerichtsſtelle,
692 1355 744 1407 fuͤr
759 1356 857 1403 dieſen
876 1357 978 1404 Titel,
1003 1356 1054 1404 fuͤr
1075 1360 1140 1403 jene
1165 1358 1252 1396 Ver⸗

194 1425 337 1473 bindung
360 1424 418 1464 mit
440 1424 540 1463 einem
565 1423 754 1474 angeſehnen
780 1424 905 1473 Hauſe,
946 1425 998 1473 fuͤr
1023 1428 1079 1462 den
1106 1423 1253 1471 Hunger,

195 1499 269 1534 oder
291 1496 342 1544 fuͤr
365 1496 414 1534 die
434 1496 582 1536 Eitelkeit
608 1495 785 1544 ſtudieren?
817 1496 911 1543 Alſo,
933 1493 1038 1540 duͤrfte
1055 1504 1129 1531 man
1150 1492 1253 1539 ſagen,

196 1562 348 1608 brauchen
370 1563 429 1601 wir
451 1563 535 1602 keine
557 1562 808 1610 mittelmaͤßigen
829 1563 1028 1612 Gelehrten?
1062 1564 1136 1611 Alſo
1159 1563 1253 1609 ſollen

194 1644 257 1673 nur
279 1632 328 1673 die
353 1631 452 1682 beſten
471 1632 578 1682 Koͤpfe
607 1633 781 1681 ſtudieren?
812 1630 1030 1680 Einbildung!
1056 1633 1134 1672 Wie
1159 1633 1252 1681 ſollen

194 1701 319 1750 geringe
343 1701 472 1743 Aemter
493 1700 594 1752 beſetzt
616 1702 773 1743 werden?
825 1703 900 1744 Mit
928 1703 1044 1750 großen
1080 1702 1253 1750 Geiſtern?

195 1777 346 1819 Wuͤrden
373 1777 428 1828 ſich
449 1775 527 1826 dieſe
550 1778 627 1826 dazu
653 1774 804 1824 ſchicken?
832 1778 903 1817 Und
931 1786 980 1814 wo
1007 1776 1072 1825 ſind
1097 1777 1177 1815 denn
1202 1776 1253 1817 die

194 1848 313 1899 großen
341 1850 496 1902 Geiſter?

273 1995 341 2045 Jch
367 1998 433 2037 will
463 1995 578 2047 erſtlich
611 1992 756 2047 zugeben,
791 1996 854 2045 daß
884 1997 932 2036 die
954 1997 1048 2039 Welt
1071 1996 1254 2047 mittelmaͤſ⸗

193 2059 255 2110 ſige
288 2060 440 2109 Gelehrte
468 2059 577 2110 noͤthig
600 2057 674 2108 hat,
716 2057 786 2096 weil
820 2058 857 2105 ſie
883 2056 1006 2106 geringe
1032 2058 1161 2098 Aemter
1186 2060 1254 2107 hat.

194 2111 282 2163 Aber
303 2122 454 2171 gelangen
477 2126 557 2162 denn
579 2125 628 2163 die
650 2121 824 2171 Gelehrten
850 2120 944 2170 dieſer
971 2124 1032 2162 Art
1054 2136 1114 2159 nur
1129 2140 1165 2169 zu
1188 2130 1255 2159 nie⸗

193 2201 304 2249 drigen
324 2200 509 2239 Aemtern?
561 2200 677 2251 Haben
705 2201 744 2249 ſie
766 2197 846 2244 nicht
870 2199 915 2249 oft
941 2203 1002 2240 das
1033 2202 1154 2248 Gluͤck,
1183 2205 1257 2240 oder

194 2267 347 2317 Ungluͤck,
373 2268 405 2307 in
424 2268 540 2319 hoͤhere
560 2282 598 2319 zu
622 2267 747 2315 ruͤcken,
771 2277 807 2315 zu
830 2270 927 2307 denen
960 2271 999 2319 ſie
1027 2269 1109 2307 keine
1132 2270 1254 2318 Eigen⸗

192 2340 304 2394 ſchaft,
327 2342 380 2383 als
402 2341 453 2382 die
472 2338 726 2392 Verwegenheit,
757 2337 904 2391 beſitzen?
933 2341 1065 2390 Ringen
1088 2341 1168 2388 nicht
1192 2343 1256 2379 die⸗
