1548 2447
472 364 550 407 142

638 347 794 414 VI.Die
794 347 1218 414 Gefangennehmung

471 458 589 513 ſchon
600 455 800 510 erſtorben
816 468 921 506 war,
947 460 1044 501 weil
1060 472 1100 501 er
1118 458 1195 512 faſt
1205 458 1401 510 hundert⸗

472 509 603 565 jaͤhrig
612 524 710 557 war,
738 512 836 556 auch
847 514 954 558 nicht
962 518 1036 556 den
1047 512 1293 564 erſtorbenen
1312 507 1400 563 Leib

472 567 541 612 der
553 572 686 612 Sara:
712 572 829 609 Denn
850 580 890 610 er
908 569 1114 622 zweiffelte
1133 570 1240 611 nicht
1256 581 1307 610 an
1328 572 1398 611 der

469 625 740 679 Verheiſſung
755 628 1002 672 GOTTES
1016 630 1139 669 durch
1151 625 1397 679 Unglauben,

469 677 638 729 ſondern
656 678 773 716 ward
801 673 917 726 ſtarck
934 689 985 718 im
1002 677 1199 721 Glauben,
1217 677 1299 718 und
1317 674 1397 729 gab

470 734 580 772 Gott
588 730 653 779 die
653 730 787 782 Ehre,
787 731 869 777 und
882 727 1008 779 wuſte
1017 730 1110 781 aufs
1121 729 1401 784 allergewiſſe⸗

469 786 550 839 ſte,
578 784 669 838 daß,
689 796 784 828 was
795 789 919 831 GOtt
943 786 1163 839 verheiſſet,
1178 789 1254 830 das
1272 788 1342 831 kan
1356 797 1399 829 er

467 836 568 883 auch
578 840 695 891 thun,
705 832 799 885 Rom.
816 842 874 885 IV,
889 845 941 884 18.
953 850 1001 885 19.
1015 849 1077 879 20.
1088 850 1153 881 21.
1157 832 1210 887 O!
1221 850 1293 883 eine
1303 840 1400 890 ſelige

468 892 745 943 Verlaͤugnung
757 897 812 937 der
822 893 1043 948 Vernunfft!
1070 897 1149 939 Und
1166 896 1246 939 eben
1257 897 1398 945 derglei⸗

468 950 549 992 chen
566 945 696 997 muͤſſen
713 955 779 987 wir
801 946 886 997 auch
900 959 946 988 an
965 948 1086 994 dieſem
1103 946 1252 998 ſtarcken
1271 947 1396 993 Glau⸗

466 1001 673 1052 bens⸗Held
685 1013 720 1043 in
741 1006 798 1043 der
814 1001 1081 1052 Auſopfferung
1100 1002 1237 1055 Jſaacs
1255 1001 1399 1046 bewun⸗

465 1047 564 1099 dern.
619 1053 738 1102 GOtt
754 1056 849 1101 hatte
863 1058 1058 1102 nunmehro
1072 1057 1125 1098 die
1142 1058 1212 1096 ihm
1229 1054 1399 1105 gegebene

464 1101 712 1156 Verheiſſung
726 1103 828 1152 wahr
844 1104 1019 1154 gemacht,
1042 1110 1114 1149 und
1126 1108 1198 1152 ihm
1215 1116 1251 1148 in
1268 1097 1396 1157 ſeinem

467 1162 566 1209 Alter
578 1166 679 1206 einen
699 1160 819 1212 Sohn
829 1159 1049 1213 geſchencket.
1104 1166 1181 1208 Und
1202 1163 1267 1211 auſ
1279 1163 1396 1208 dieſen

468 1214 594 1260 Sohn
610 1210 775 1261 gruͤndete
794 1212 857 1265 ſich
879 1217 985 1262 alles,
1012 1219 1092 1257 was
1109 1217 1181 1264 ihm
1205 1213 1397 1262 GOTT

466 1271 538 1307 von
560 1265 671 1314 ſeinen
688 1261 946 1318 Nachkommen
972 1261 1167 1320 verheiſſen
1191 1267 1296 1315 hatte,
1326 1265 1398 1312 daß

468 1326 504 1355 er
532 1314 576 1361 ſie
604 1315 749 1360 nemlich
775 1315 811 1360 ſo
840 1315 912 1362 ſehr
940 1318 1080 1359 mehren
1106 1317 1226 1360 wolle,
1249 1315 1290 1365 ja
1325 1313 1398 1362 daß

467 1374 528 1413 der
545 1370 698 1418 Meßias
715 1369 854 1417 ſelbſten
875 1375 948 1410 aus
971 1372 1086 1413 ſeinen
1126 1371 1398 1419 Nachkommen

466 1419 551 1470 ſolte
559 1419 707 1467 geboren
715 1421 871 1461 werden.
894 1419 1006 1467 Doch
1017 1419 1125 1471 dieſen
1132 1419 1249 1468 ſeinen
1257 1417 1395 1470 Sohn,

464 1472 576 1521 dieſen
616 1472 730 1521 ſeinen
757 1474 914 1519 eintzigen
949 1473 1100 1524 Sohn,
1125 1472 1238 1525 dieſen
1269 1474 1397 1525 Sohn

467 1527 595 1581 ſolcher
614 1526 803 1578 herrlichen
821 1524 1110 1579 Verheiſſungen
1128 1526 1208 1580 ſolte
1230 1540 1263 1573 er
1280 1530 1399 1576 GOtt

466 1578 656 1634 ſchlachten
683 1580 752 1620 und
777 1576 995 1629 aufopffern.
1050 1579 1122 1624 Ein
1145 1581 1315 1631 anderer,
1338 1583 1400 1624 der

468 1633 560 1685 nicht
570 1633 605 1683 ſo
624 1633 729 1684 ſtarck
748 1635 784 1675 in
803 1632 924 1684 ſeinem
936 1633 1103 1682 Glauben
1119 1634 1269 1687 geweſen
1284 1631 1398 1679 waͤre,

466 1686 588 1733 wuͤrde
613 1688 785 1728 entweder
816 1684 878 1735 auf
904 1682 1028 1739 einmal
1049 1699 1097 1732 an
1116 1692 1175 1731 der
1192 1688 1398 1738 Wahrheit

466 1742 570 1795 dieſer
595 1738 778 1793 goͤttlichen
800 1740 1084 1794 Verheiſſungen
1106 1743 1306 1795 gezweiffelt
1330 1745 1399 1793 ha⸗

468 1797 555 1845 ben,
588 1796 664 1837 oder
688 1793 793 1838 wuͤrde
816 1788 887 1845 doch
905 1795 968 1849 zum
986 1798 1173 1846 wenigſten
1191 1796 1299 1846 dieſen
1318 1797 1398 1844 har⸗

468 1857 537 1900 ten,
549 1852 616 1899 und
632 1851 744 1892 wider
762 1849 815 1891 die
833 1848 957 1895 Natur
973 1852 1066 1896 eines
1075 1850 1228 1897 Vaters
1246 1851 1397 1903 lauffen⸗

468 1910 535 1951 den
547 1903 685 1956 Befehl
695 1902 783 1954 nicht
795 1906 830 1945 in
850 1905 975 1953 ſeinem
991 1906 1207 1957 eigentlichen
1217 1906 1421 1955 Verſtan⸗

468 1969 508 2007 de
519 1960 630 2006 haben
649 1957 844 2001 annehmen
857 1958 993 1998 wollen.
1048 1957 1184 2002 Alleine
1201 1957 1322 2000 keines
1331 1960 1400 1997 von

469 2016 603 2058 beyden
617 2011 693 2056 that
713 2007 783 2057 hier
793 2004 1005 2057 Abraham,
1034 2020 1067 2050 er
1085 2012 1171 2061 ſetzte
1182 2011 1296 2052 weder
1314 2004 1400 2049 eini⸗

469 2076 532 2118 ges
566 2066 782 2118 Mißtrauen
813 2074 848 2104 in
881 2065 934 2106 die
959 2065 1116 2120 goͤttliche
1141 2064 1401 2117 Verheiſſung,

468 2126 554 2167 noch
568 2124 744 2170 meynete,
773 2116 842 2168 daß
867 2121 919 2164 der
951 2111 1066 2176 Befehl
1078 2121 1240 2172 GOttes
1254 2120 1400 2170 anders,

467 2180 523 2222 als
538 2177 728 2229 eigentlich,
756 2180 825 2221 und
844 2187 910 2222 wie
935 2171 995 2234 die
1014 2171 1121 2234 Worte
1144 2181 1277 2227 lauten,
1297 2184 1401 2223 anzu⸗

1251 2223 1407 2278 nehmen
