1574 2486
146 496 322 548 Hertzogin
361 510 431 541 von
472 500 650 542 Landevelc
690 518 928 555 angeſchrieben
966 521 1127 559 geweſen,

144 548 232 595 ſagte
247 561 278 590 er
294 561 331 598 zu
349 553 429 597 ihm,
464 554 529 597 daß
540 566 569 593 er
580 555 638 602 ſich
649 558 741 602 wohl
751 566 785 599 in
796 569 881 603 Acht
892 571 1029 605 nehmen
1040 575 1125 611 ſolle,

144 594 253 636 damit
269 607 299 636 er
315 599 381 637 eine
394 598 493 647 ſolche
509 601 747 649 Verwirrung
766 616 852 650 nicht
863 621 920 647 ben
932 623 984 647 der
995 623 1127 656 Hertzo⸗

141 647 201 690 gin
218 646 338 689 blicken
359 649 454 699 lieſſe,
481 648 608 696 wofern
625 652 753 700 dieſelbe
772 664 952 704 ohngefehr
970 675 1023 698 der
1036 675 1127 694 Raza

141 701 241 740 gegen
259 695 327 742 ihm
338 694 507 747 gedencken
516 700 643 752 wuͤrde,
670 704 743 744 weil
758 705 878 752 ſolches
892 719 962 751 ihm
974 723 1039 755 ihre
1055 723 1127 757 Ey⸗

109 743 278 792 ferſucht
294 748 438 796 zuziehen
452 748 588 800 moͤchte.
638 752 757 801 Dieſer
774 754 971 804 Vorwurff
1000 777 1127 806 machte

140 797 204 838 den
221 798 340 841 Ritter
348 797 432 844 aufs
442 809 519 843 neue
530 801 649 851 ſtutzig.
699 804 807 852 Doch
817 808 859 844 da
871 816 902 845 er
911 813 970 845 den
981 819 1125 856 Hertzog

141 843 176 885 ſo
200 837 295 887 wohl
295 843 545 896 aufgeraͤumet
561 850 663 900 fand,
689 856 852 901 entſchloß
870 865 900 893 er
924 859 984 903 ſich
1002 869 1126 906 endlich

138 900 238 935 gegen
264 892 321 936 ihn
338 895 394 944 loß
410 904 448 944 zu
470 898 610 947 brechen,
637 904 708 941 und
725 906 783 946 ihn
799 912 857 943 um
875 907 1068 951 Erlaubniß
1086 923 1127 954 zu

140 941 258 984 bitten,
282 941 349 992 daß
364 954 395 984 er
403 945 452 985 die
482 947 550 981 Raza
567 948 675 1001 lieben
692 954 833 1003 moͤchte,
834 961 917 995 auch
937 963 1005 992 ihm
1016 966 1127 1002 anbey

140 993 177 1031 zu
202 989 363 1038 erſuchen,
391 993 456 1039 daß
480 1004 511 1034 er
528 995 586 1040 ihn
604 1004 666 1037 vor
688 1003 748 1038 den
773 1006 1045 1050 Verfolgungen
1069 1015 1126 1041 der

139 1032 316 1086 Hertzogin
327 1038 460 1089 ſchuͤtzen
469 1043 576 1085 wolle.
633 1049 703 1089 Eht
721 1055 757 1085 es
767 1054 825 1094 ſich
843 1063 916 1089 nun
936 1062 988 1089 der
1006 1064 1125 1099 Printz

138 1089 286 1134 verſahe,
309 1090 405 1137 warf
424 1103 456 1134 er
478 1093 539 1144 ſich
562 1104 624 1137 vor
648 1100 706 1138 ihn
731 1107 837 1139 nieder
861 1111 932 1140 und
956 1113 1043 1150 ſagte
1061 1119 1124 1143 mit

138 1137 370 1186 ſtammlender
387 1138 529 1194 Zunge:
557 1142 631 1196 Jch
651 1150 785 1188 bekenne
801 1156 890 1191 Eur.
907 1160 1037 1199 Hoheit
1054 1167 1124 1201 daß

138 1184 185 1228 ich
218 1186 267 1226 die
304 1188 580 1240 unvergleichliche
612 1201 702 1230 Raza
733 1204 822 1236 liebe.
880 1211 966 1237 Eur.
990 1213 1123 1246 Hoheit

136 1230 225 1278 thun
259 1243 297 1281 zu
321 1235 423 1280 Dero
444 1244 617 1288 unzaͤhlich
645 1250 831 1287 erwieſenen
856 1257 1008 1286 Gnaden
1037 1267 1122 1295 noch

137 1282 212 1329 dieſe
236 1283 333 1332 hinzu
358 1289 429 1327 und
452 1294 606 1329 erlauben
638 1300 702 1329 mir
726 1304 846 1338 ſolches
871 1309 1120 1345 allergnaͤdigſt.

134 1331 204 1376 Da
227 1335 309 1380 mich
332 1336 408 1377 aber
430 1338 478 1378 die
493 1341 670 1388 Hertzogin
697 1352 766 1382 von
784 1355 962 1381 Landevelc
979 1367 1017 1393 zu
1041 1366 1121 1387 eini⸗

133 1392 195 1430 gen
221 1386 553 1443 Ausſchweiffungen
577 1401 616 1441 zu
646 1398 776 1436 bereden
803 1404 947 1445 geſucht,
979 1415 1050 1440 und
1069 1417 1119 1448 ich

133 1439 256 1486 dahero
282 1444 436 1494 derſelben
463 1444 558 1496 Zorn
583 1450 655 1490 und
678 1450 801 1508 Rache
805 1451 1017 1508 befuͤrchten
1020 1469 1119 1505 muß,

132 1494 260 1541 wofern
284 1497 373 1541 Eur.
395 1497 525 1547 Hoheit
540 1502 710 1552 gnaͤdigſte
733 1508 927 1548 Erlaubniß
945 1515 1116 1553 hierinnen

131 1544 275 1593 erhalte;
299 1544 376 1593 So
387 1548 467 1597 flehe
482 1551 659 1601 deroſelben
695 1560 777 1611 hohe
801 1562 894 1597 Gnade
904 1571 964 1597 um
979 1568 1115 1612 Schutz

129 1595 249 1639 wieder
266 1593 373 1654 dieſer
396 1603 480 1640 Dame
488 1605 760 1655 Verfolgungen
771 1622 832 1645 an.
883 1618 970 1651 Eur.
979 1626 1113 1660 Hoheit

129 1643 250 1690 kennen
276 1650 324 1689 die
348 1650 479 1702 Macht
495 1661 550 1695 der
567 1665 675 1699 Liebe;
701 1666 824 1702 dahero
846 1678 974 1702 werden
992 1682 1032 1709 ſie
1050 1691 1113 1704 um

128 1701 215 1753 deſto
239 1703 358 1753 leichter
379 1709 544 1756 glauben,
570 1724 668 1753 wenn
692 1719 739 1756 ich
760 1724 944 1765 verſichere,
971 1737 1038 1765 daß
1063 1739 1111 1765 ich

128 1750 220 1806 lieber
237 1756 374 1809 tauſend
391 1759 826 1814 Gnaden ⸗ Bezeugungen
852 1785 905 1838 der
929 1789 1109 1838 Hertzogin

128 1815 299 1865 entbehren
316 1820 365 1862 als
386 1812 463 1873 mich
474 1817 668 1872 ungeſchickt
686 1830 820 1874 machen
838 1842 952 1877 wolle,
979 1845 1028 1871 die
1044 1845 1110 1874 Er⸗

128 1863 276 1922 oberung
301 1870 389 1913 eines
405 1870 439 1921 ſo
459 1869 652 1924 ſchaͤtzbaren
670 1879 826 1928 Hertzens
842 1898 880 1927 zu
899 1899 1109 1931 unterlaſſen,

127 1918 184 1959 als
199 1925 253 1964 der
266 1925 420 1977 geliebten
436 1928 524 1966 Raza
553 1930 601 1973 iſt.
663 1935 736 1979 Jch
764 1944 841 1974 bitte
866 1949 952 1977 Eur.
975 1954 1106 1985 Hoheit

113 1980 188 2015 um
202 1981 280 2022 aller
295 1978 476 2046 derjenigen
488 1981 694 2039 Zaͤrtlichkeit
709 1997 832 2039 willen,
846 2002 893 2034 die
908 2004 946 2042 ſie
957 2004 1105 2045 jemahls
