1625 2231
750 510 816 535 durch
835 511 871 534 die
894 510 975 538 Groͤſſe
996 509 1035 533 des
1055 510 1184 536 Gewinnes
1208 513 1234 535 zu
1254 508 1472 537 Unternehmungen

752 544 824 570 Muth
843 543 924 570 macht.

775 673 859 706 214.
897 667 989 710 Dieſe
1030 659 1317 714 Unterſtuͤtzung
1356 663 1474 714 beſtehet

720 724 753 748 zu
784 711 952 754 Praͤmien,
996 714 1099 754 welche
1136 716 1196 754 auf
1218 705 1285 748 den
1323 715 1472 756 Ausgang

720 767 891 808 derjenigen
930 769 1069 804 Waaren
1111 767 1210 811 geſetzt
1250 769 1392 810 werden,
1430 766 1472 802 bei

721 825 816 857 denen
857 825 904 857 die
954 819 1394 870 Nationalfabrikanten
1439 822 1470 856 es

722 871 853 908 ſremden
875 869 1079 905 Mitwerbern
1114 870 1146 903 in
1178 872 1242 904 dem
1267 872 1369 913 Preiſe
1400 866 1473 907 nicht

721 925 812 964 gleich
847 925 923 964 thun
960 924 1091 960 koͤnnen.
1144 923 1373 968 Hauptſaͤchlich
1416 920 1472 962 alſo

721 980 784 1022 ſind
812 980 848 1020 ſie
880 974 1127 1025 angehenden
1164 981 1313 1023 Fabriken
1347 986 1376 1024 ſo
1406 982 1472 1016 lan⸗

720 1038 755 1068 ge
787 1029 1006 1071 nothwendig,
1053 1033 1105 1064 bis
1145 1033 1221 1071 dieſe
1267 1033 1355 1067 einen
1392 1032 1473 1074 feſten

721 1080 835 1116 Stand
869 1088 1037 1119 gewonnen
1060 1080 1177 1119 haben,
1208 1080 1270 1115 und
1306 1082 1357 1122 ſich
1386 1079 1473 1123 gegen

721 1130 846 1170 Fremde
871 1124 955 1169 ſelbſt
991 1130 1031 1175 zu
1054 1127 1246 1167 behaupten,
1288 1129 1371 1172 faͤhig
1406 1125 1475 1170 ſind.

722 1185 892 1224 Eigentlich
955 1186 987 1226 iſt
1052 1186 1099 1219 die
1152 1175 1472 1234 Ausfuhrpraͤmie

723 1236 788 1268 eine
831 1233 1123 1274 Rechnungsſache:
1176 1236 1227 1269 der
1263 1237 1380 1278 Preis,
1427 1235 1473 1268 um

724 1285 849 1321 welchen
889 1285 936 1319 die
985 1287 1168 1320 Mitwerber
1215 1285 1369 1329 abſetzen,
1411 1285 1474 1322 oder

722 1339 849 1380 abſetzen
878 1334 1056 1383 koͤnnen,
1095 1339 1172 1372 wird
1199 1340 1257 1374 mit
1289 1328 1470 1382 demjenigen

720 1385 1063 1422 zuſammengehalten,
1093 1395 1144 1413 um
1174 1387 1301 1421 welchen
1326 1388 1377 1418 der
1409 1373 1471 1416 Na⸗

722 1437 1054 1476 tionalhandelsmann
1130 1440 1291 1477 verkaufen
1367 1436 1471 1479 kann.

722 1498 785 1532 Die
831 1494 939 1538 Groͤſſe
993 1498 1045 1531 der
1093 1485 1254 1540 Praͤmie
1307 1499 1342 1541 iſt
1395 1494 1471 1532 dann

720 1543 911 1583 dasjenige,
966 1547 1035 1578 was
1079 1539 1138 1588 zur
1190 1539 1469 1593 Ausgleichung

719 1595 820 1628 beider
879 1594 980 1637 Preiſe
1040 1593 1195 1635 abgaͤngig
1259 1597 1308 1637 iſt.
1385 1592 1472 1633 Dieſe

719 1643 920 1684 Berechnung
977 1645 1042 1689 ſetzt
1111 1647 1172 1680 das
1234 1639 1468 1683 vollkommenſte

718 1694 876 1732 Kenntniß
917 1703 976 1729 von
1016 1700 1084 1727 dem
1131 1698 1257 1739 Handel
1304 1700 1355 1731 der
1402 1690 1469 1727 mit⸗

722 1750 899 1787 werbenden
947 1753 1097 1790 Nation,
1155 1752 1234 1789 und
1254 1750 1353 1793 aller
1398 1753 1472 1794 ihrer
