1551 2303
882 366 933 421 58

492 448 539 491 fen
561 446 621 489 auf
642 441 698 490 den
703 449 775 491 Tag
802 448 854 489 bey
877 449 990 493 unſerm
1010 447 1164 496 Phariſaͤer
1185 453 1240 494 ein,
1261 455 1310 489 die

490 498 591 541 Briefe
600 499 711 533 werden
719 503 818 543 promt
825 501 884 535 und
892 503 963 544 nach
972 502 1096 547 Wunſch
1104 502 1304 546 beantwortet,

489 549 545 582 mit
567 548 658 584 einem
681 549 800 586 Worte:
836 549 971 586 niemand
993 553 1044 592 hat
1059 554 1156 596 Arges
1183 553 1236 588 wie
1254 556 1303 588 der

487 602 626 645 ſchwarze
633 604 862 649 Korreſpondent
868 605 956 650 ſelbſt,
965 609 1014 641 der
1021 607 1067 649 fuͤr
1074 608 1145 652 ſeine
1152 609 1249 648 Muͤhe
1260 610 1306 644 die

488 656 595 693 Gelder
607 656 722 700 ſogleich
738 655 806 693 uͤber
819 657 921 702 juͤdiſch
932 658 1047 702 umſezt,
1063 662 1121 697 und
1136 665 1191 696 das
1203 663 1300 702 Porto

488 705 649 748 anrechnet.
663 726 713 734 —
729 706 804 744 Aber
829 709 902 745 alles
924 718 989 745 nur
1004 709 1157 753 ſchwacher
1178 711 1303 752 Schim⸗

487 766 548 793 mer
576 760 627 793 des
651 758 789 801 Unrechts
810 768 899 804 gegen
922 763 979 796 das
1002 762 1156 807 Folgende.
1176 780 1225 795 —
1245 765 1301 800 Als

487 808 661 853 Jnſpizient,
683 811 739 843 mit
761 813 808 845 der
828 810 1025 854 Untergebnen
1048 813 1208 855 bekannter,
1227 816 1297 856 nuzt

487 861 538 891 der
552 859 677 896 fromme
689 860 834 899 Betruͤger
849 861 894 893 die
907 859 1023 901 laͤngere
1041 861 1304 904 Entfernung
1239 859 1305 907 des

486 905 648 949 Geliebten,
657 910 716 942 und
726 909 785 944 Sie
798 909 906 945 koͤnnen
920 910 1001 952 leicht
1017 911 1198 953 denken,
1148 907 1193 958 daß
1212 913 1301 953 dieſes

484 953 561 996 nicht
584 954 655 998 ohne
677 953 810 999 ſichtbare
831 955 941 1001 Folgen
962 954 1082 1000 abging.
1096 975 1148 984 —
1164 949 1303 1002 Jndeſſen

483 1012 592 1048 bleiben
607 1014 666 1049 Sie
679 1015 710 1056 ja
724 1012 771 1057 fuͤr
785 1017 837 1049 den
851 1014 959 1057 Helden
974 1017 1021 1051 der
1035 1014 1196 1059 Geſchichte
1210 1015 1299 1052 unbe⸗

484 1057 572 1096 ſorgt,
588 1058 636 1088 der
645 1058 796 1094 Liebhaber
804 1059 913 1092 kommt
927 1060 979 1098 erſt
989 1063 1040 1091 den
1054 1063 1119 1092 oder
1134 1063 1186 1094 den
1195 1057 1298 1102 zuruͤk;

483 1116 524 1148 da
540 1116 613 1149 wird
622 1114 684 1156 ſich
699 1115 780 1158 ſchon
797 1111 847 1161 ein
847 1111 961 1162 junger
976 1112 1053 1163 Kerl
1053 1112 1161 1165 finden,
1173 1121 1234 1158 der
1255 1122 1300 1154 die

482 1167 569 1202 Rolle
581 1168 659 1200 eines
669 1166 952 1211 Nebeninſpizienten
964 1167 1065 1210 ſpielt,
1084 1173 1131 1205 und
1147 1169 1298 1212 beſtochen,

481 1211 656 1258 wenigſtens
684 1225 737 1251 vor
759 1220 808 1251 der
830 1219 943 1262 Gefahr
965 1218 1133 1263 oͤffentlicher
1153 1221 1301 1264 Beſchim⸗

481 1258 576 1304 pfung
590 1259 700 1303 ſichert.
713 1280 763 1289 —
778 1264 831 1299 So
844 1264 933 1308 ſchloß
950 1268 998 1301 der
1013 1265 1110 1305 Lehrer
1127 1270 1176 1304 des
1190 1256 1298 1310 Volks,

480 1322 541 1354 und
557 1319 636 1363 ſiehe,
651 1324 683 1355 es
699 1319 818 1364 gelingt.
833 1339 883 1349 —
897 1325 946 1359 Er
957 1323 990 1363 iſt
1005 1324 1169 1364 unſchuldig
1184 1318 1235 1370 wie
1247 1324 1297 1364 die

480 1368 600 1406 Sonne,
614 1371 673 1401 und
689 1370 763 1403 einer
779 1368 882 1412 erzehlt
895 1372 960 1405 dem
975 1371 1084 1405 andern
1098 1378 1155 1405 nur
1167 1368 1216 1414 die
1234 1374 1296 1415 Ge⸗

479 1420 594 1462 ſchichte
613 1422 661 1454 ins
680 1423 755 1459 Ohr.
777 1441 827 1449 —
850 1424 916 1463 Bey
939 1426 1003 1459 dem
1024 1424 1098 1459 allen
1121 1424 1191 1467 ſteht
1212 1424 1295 1466 dieſer

478 1470 584 1508 Mann
599 1470 683 1514 beym
698 1469 811 1507 blinden
824 1475 928 1517 Volke,
942 1478 999 1510 das
1014 1476 1042 1518 ſo
1057 1474 1137 1515 leicht
1145 1473 1291 1519 getaͤuſcht

476 1521 561 1559 wird,
576 1512 702 1563 vieleicht
716 1522 745 1557 in
760 1517 893 1570 groͤſſerm
911 1524 1021 1567 Anſehn,
1035 1526 1083 1560 als
1098 1525 1164 1566 einſt
1173 1526 1291 1564 Tomas

477 1574 581 1609 Becket
606 1582 664 1609 von
690 1573 890 1615 Kanterbury,
905 1577 957 1608 den
989 1584 1067 1617 zwar
1092 1576 1219 1615 Raͤuber
1241 1587 1292 1617 am

478 1620 636 1665 Hochaltar
656 1626 811 1666 mordeten,
833 1625 883 1658 der
895 1624 976 1668 aber
987 1626 1070 1666 auch
1088 1628 1160 1667 nach
1191 1627 1292 1669 ſeinem

478 1675 563 1710 Tode
585 1678 627 1711 die
644 1678 751 1720 Freude
767 1678 852 1719 dafuͤr
864 1679 954 1719 hatte,
971 1679 1027 1721 daß
1039 1679 1069 1713 in
1092 1680 1181 1715 einem
1196 1680 1294 1721 Jahre

477 1723 706 1769 funfzigtauſend
737 1726 860 1770 fromme
881 1722 1105 1772 Muͤſſiggaͤnger
1130 1738 1165 1771 zu
1179 1730 1291 1772 ſeinem

479 1777 585 1815 Grabe
595 1779 814 1820 wallfahrteten.
832 1798 882 1807 —
896 1780 995 1824 Dieſer
1011 1780 1044 1821 iſt
1073 1790 1120 1816 nun
1141 1783 1202 1829 zwar
1232 1782 1291 1817 kein

478 1827 649 1874 Erzbiſchof,
668 1829 716 1872 ſoll
732 1831 798 1866 aber
819 1830 886 1873 doch
902 1830 1053 1875 ungemein
1068 1836 1121 1876 gut
1128 1834 1226 1875 ſtehn,
1248 1833 1293 1869 in⸗

1227 1886 1291 1917 dem
