1417 2239
434 398 490 430 mit
504 398 595 430 einem
613 400 735 438 zweyten
752 395 903 436 Prinzen,
926 395 991 435 dem
991 395 1037 434 ſie
1066 397 1118 430 den
1140 392 1226 435 Nah⸗

436 460 503 483 men
512 453 622 483 Bruno
641 447 708 479 gab,
720 461 770 482 der
792 458 860 482 aber
872 445 941 476 nach
954 443 978 492 4
994 452 1112 485 Jahren
1131 456 1226 489 (957)

432 505 538 535 wieder
553 493 722 544 verſtarb.

523 623 596 658 Das
623 622 751 662 folgende
779 619 863 662 Jahr
897 618 1006 659 (954)
1036 619 1152 658 breitete
1177 608 1227 660 ſich

438 671 486 704 der
499 660 593 709 Krieg
609 669 678 702 uͤber
690 676 762 708 ganz
786 670 981 708 Deutſchland
1005 672 1085 702 aus,
1112 670 1170 699 und
1189 672 1229 697 er⸗

437 738 536 771 weckte
553 741 615 772 dem
631 737 703 771 Otto
719 746 790 782 neue
805 736 921 774 Feinde.
973 733 1083 776 Hierzu
1105 735 1159 772 gab
1184 735 1230 767 die

439 791 624 832 Beraubung
652 789 785 825 Conrads
808 800 867 830 von
894 788 1065 832 Lothringen
1090 788 1230 827 Gelegen⸗

437 847 522 887 heit,
553 849 670 886 welches
692 845 807 885 erſterer
836 849 943 886 ſeinem
972 845 1093 879 Bruder
1118 843 1230 879 Bruno

439 909 590 952 ertheilte,
629 909 682 939 den
697 915 766 940 man
790 914 856 948 zum
885 904 1047 948 Erzbiſchof
1065 915 1122 953 von
1151 904 1230 941 Coͤln

437 965 563 1008 gewaͤhlt
583 964 671 1008 hatte.
717 963 832 1004 Conrad
846 968 924 999 ward
943 964 1074 1006 hieruͤber
1093 969 1121 1005 ſo
1145 964 1229 998 erbit⸗

439 1027 518 1067 tert;,
540 1029 594 1069 daß
610 1035 658 1064 er,
682 1028 749 1061 weil
763 1036 793 1066 er
814 1027 863 1069 ſich
888 1026 1035 1068 vielleicht
1047 1034 1084 1066 zu
1112 1025 1246 1065 ſchwach

439 1084 527 1126 hielt,
550 1087 611 1117 dem
629 1082 743 1122 Koͤnige
764 1084 818 1118 mit
841 1081 1003 1122 Ludolphen
1026 1076 1111 1114 allein
1130 1079 1231 1121 ferner

439 1137 622 1177 widerſtehen
640 1145 676 1176 zu
699 1136 836 1176 koͤnnen,
862 1138 907 1168 die
933 1127 1053 1175 Ungarn
1078 1142 1113 1174 zu
1138 1134 1233 1179 Huͤlfe

441 1199 537 1236 rufte,
560 1199 618 1231 und
636 1196 855 1237 ſolchergeſtalt,
878 1203 927 1229 um
953 1196 1043 1236 ſeiner
1059 1195 1154 1235 Rache
1172 1196 1233 1230 Ge⸗

441 1261 516 1301 nuͤge
533 1270 567 1300 zu
582 1261 698 1301 leiſten,
731 1262 788 1302 ſein
810 1260 970 1308 Vaterland
997 1259 1049 1294 den
1072 1258 1233 1302 ſchrecklich⸗

443 1320 499 1360 ſten
517 1316 745 1358 Verwuͤſtungen
765 1317 843 1351 eines
867 1316 971 1352 Volcks
992 1317 1144 1354 ausſetzte,
1171 1323 1230 1347 von

442 1374 572 1411 welchem
592 1371 705 1415 ehedem
725 1374 769 1407 die
786 1371 953 1414 Tapferkeit
969 1373 1018 1404 des
1044 1371 1154 1405 Vaters
1173 1371 1228 1406 Ot⸗

442 1428 510 1455 tons
528 1437 584 1464 und
601 1433 788 1467 Großvaters
801 1432 889 1465 ſeiner
904 1420 1064 1457 Gemahlin
1079 1423 1111 1450 es
1129 1407 1234 1459 befrey⸗

443 1497 476 1537 et
487 1491 575 1531 hatte.
618 1492 709 1534 Dieſe
731 1490 886 1526 Barbaren
913 1489 1058 1534 drangen,
1086 1489 1122 1522 da
1148 1486 1231 1530 ihren

443 1543 617 1592 zahlreichen
629 1543 823 1585 Schwaͤrmen
839 1542 931 1581 nichts
948 1532 1128 1590 widerſtehen
1148 1545 1235 1575 konn⸗

445 1620 492 1652 te,
513 1616 544 1648 in
562 1614 642 1648 einer
662 1614 883 1655 unglaublichen
907 1609 1164 1656 Geſchwindigkeit
1185 1613 1249 1646 bis

445 1679 514 1720 nach
530 1678 615 1714 Coͤlln
634 1680 693 1714 nnd
712 1676 845 1714 Worms.
888 1676 959 1710 Von
982 1674 1043 1716 hier
1059 1675 1184 1717 ſtreiften
1198 1674 1236 1716 ſie

445 1732 493 1768 bis
511 1732 580 1775 nach
595 1727 770 1774 Lothringen
789 1732 848 1767 und
863 1728 1060 1773 Champagne,
1084 1729 1143 1763 und
1159 1733 1235 1762 wen⸗
