1788 2745
622 537 674 571 die
689 532 860 579 Reſultate
873 535 932 573 des
948 534 1039 571 einen
1055 530 1154 581 durch
1168 533 1219 569 die
1234 536 1357 574 andern
1371 532 1485 584 pruͤfen
1502 536 1568 575 und
1585 535 1639 575 be⸗

624 584 791 635 richtigen.

1069 733 1102 778 §.
1156 740 1193 777 3.

964 813 1302 870 Aufgabe.

695 905 783 949 Den
809 903 916 956 Weg
943 903 1090 956 finden,
1122 904 1289 957 welchen
1317 906 1392 948 das
1419 905 1560 959 Schiff
1577 916 1634 957 zu⸗

622 947 858 1010 rǔckgeleget
881 961 966 1008 hat.

697 1030 821 1081 Hierzu
861 1035 976 1073 dienen
1015 1034 1091 1081 zwei
1128 1042 1209 1082 ganz
1248 1034 1465 1086 verſchiedene
1495 1038 1658 1082 Mittel;

620 1087 759 1135 naͤmlich
787 1088 907 1135 erſtlich
932 1094 984 1128 die
1010 1087 1176 1137 Verſuche
1200 1089 1350 1139 wodurch
1377 1094 1427 1129 die
1448 1091 1636 1141 Geſchwin⸗

617 1139 739 1180 digkeit
777 1142 836 1174 des
871 1139 1027 1186 Schiffes
1065 1138 1279 1179 unmittelbar
1320 1141 1498 1185 beſtimmet
1535 1141 1631 1184 wird,

620 1185 690 1221 und
724 1187 876 1229 zweitens
908 1190 960 1222 die
983 1187 1154 1231 Kenntniß
1187 1192 1255 1224 und
1279 1186 1503 1234 Berechnung
1535 1186 1635 1233 derje⸗

589 1233 720 1280 nigen
750 1235 918 1273 krummen
951 1234 1058 1280 Linie,
1100 1228 1216 1283 welche
1246 1239 1311 1275 das
1338 1236 1460 1288 Schiff
1488 1238 1552 1288 auf
1577 1242 1634 1277 der

621 1286 828 1337 kugelhaften
855 1287 1097 1340 Meeresflaͤche
1125 1288 1327 1341 durchlaͤuft,
1355 1291 1462 1330 indem
1488 1295 1524 1331 es
1551 1286 1631 1336 nach

617 1344 724 1380 einem
749 1342 898 1392 gewiſſen
923 1341 1142 1396 Windſtriche
1168 1342 1342 1394 fortſegelt.

694 1424 723 1459 I.
762 1421 859 1462 Was
885 1425 936 1461 die
962 1422 1198 1470 Beſtimmung
1223 1424 1279 1459 der
1305 1424 1537 1471 jedesmaligen
1562 1422 1632 1466 Ge⸗

616 1471 853 1525 ſchwindigkeit
874 1478 933 1513 des
959 1462 1114 1524 Schiffes
1142 1475 1283 1522 betrifft,
1310 1478 1340 1524 ſo
1368 1477 1406 1524 iſt
1433 1474 1531 1525 ſolche
1557 1481 1631 1522 gro⸗

613 1525 679 1572 ßen
703 1522 998 1574 Schwierigkeiten
1034 1527 1266 1575 unterworfen.
1317 1528 1390 1569 Die
1416 1524 1630 1577 gewoͤhnlich⸗

614 1582 662 1626 ſte
687 1578 852 1624 Methode
880 1580 919 1624 iſt
944 1582 1109 1625 folgende:
1157 1581 1253 1619 Man
1288 1579 1346 1626 hat
1377 1584 1448 1620 eine
1474 1577 1633 1631 Schnur,

614 1634 668 1668 die
692 1629 887 1675 Lochlinie
911 1637 1077 1675 genannt,
1120 1631 1251 1678 welche
1251 1631 1363 1679 durch
1387 1634 1521 1672 Knoten
1556 1637 1631 1671 oder

614 1682 737 1719 andere
762 1678 900 1729 Zeichen
923 1683 956 1720 in
982 1680 1122 1729 Ruthen
1148 1686 1225 1720 oder
1252 1683 1369 1720 andere
1395 1681 1511 1734 gleiche
1532 1682 1628 1734 Thei⸗

613 1733 647 1771 le
689 1729 840 1780 getheilet
874 1734 925 1784 iſt.
991 1731 1076 1775 Das
1119 1745 1189 1774 eine
1224 1732 1322 1777 Ende
1364 1736 1403 1785 iſt
1441 1727 1498 1775 an
1522 1738 1629 1774 einem

612 1785 878 1839 ſchwimmbaren
904 1788 1035 1837 Koͤrper
1060 1786 1235 1840 befeſtiget,
1262 1790 1318 1829 der
1343 1789 1451 1840 jedoch
1478 1789 1629 1840 hinlaͤng⸗

609 1842 674 1890 lich
698 1846 758 1881 mit
783 1842 869 1884 Blei
899 1842 1086 1893 beſchweret
1113 1844 1176 1892 ſein
1203 1841 1303 1890 muß,
1343 1846 1447 1885 damit
1480 1857 1513 1884 er
1541 1844 1626 1893 nicht

608 1898 679 1934 viel
710 1894 791 1935 uͤber
827 1900 884 1936 der
913 1895 1108 1946 Oberflaͤche
1141 1900 1199 1936 des
1227 1896 1382 1947 Waſſers
1413 1898 1627 1947 hervorrage,

604 1947 678 1985 und
704 1949 761 1985 der
786 1943 955 1994 Wirkung
983 1948 1043 1984 des
1067 1948 1215 1988 Windes
1240 1948 1407 1996 ausgeſezt
1429 1951 1484 1996 ſei.
1535 1951 1624 1991 Das

604 1995 729 2032 andere
763 1993 861 2035 Ende
891 1996 929 2043 iſt
960 1995 1024 2041 auf
1047 1997 1140 2032 einen
1166 1995 1291 2042 Haſpel
1322 2000 1399 2036 oder
1427 2002 1497 2037 eine
1519 1997 1622 2040 Rolle

602 2046 780 2093 gewickelt,
804 2048 856 2085 die
880 2058 959 2086 man
987 2057 1040 2086 am
1068 2047 1287 2096 Hintertheile
1309 2053 1368 2090 des
1393 2051 1548 2102 Schiffes
1572 2050 1625 2087 be⸗

603 2097 738 2145 feſtigen
773 2098 879 2142 kann,
924 2100 1001 2137 oder
1037 2100 1090 2136 die
1128 2109 1208 2137 man
1244 2098 1320 2148 bloß
1354 2105 1388 2140 in
1425 2106 1481 2140 der
1519 2100 1625 2146 Hand

604 2147 691 2189 haͤlt.
768 2147 873 2189 Wird
912 2158 981 2187 nun
1021 2148 1078 2185 der
1118 2147 1359 2198 ſchwimmbare
1401 2153 1529 2193 Koͤrper
1565 2150 1625 2188 ins

606 2197 711 2238 Meer
745 2199 930 2246 geworfen,
969 2200 1001 2246 ſo
1033 2200 1116 2238 wird
1150 2209 1402 2248 angenommen
1421 2200 1486 2244 daß
1517 2211 1552 2241 er
1576 2207 1623 2240 da

604 2242 729 2285 bleibt,
753 2256 804 2280 wo
832 2258 909 2283 man
934 2251 992 2291 ihn
1018 2249 1245 2293 hingeworfen
1271 2250 1350 2292 hat,
1377 2245 1529 2293 waͤhrend
1554 2238 1621 2290 daß

603 2307 670 2347 das
697 2300 819 2353 Schiff
837 2306 1000 2354 fortſegelt
1033 2309 1100 2348 und
1126 2309 1178 2352 die
1203 2304 1352 2354 Schnur
1369 2303 1428 2355 ſich
1456 2307 1619 2350 abwickelt
