2348 2723
1351 383 1395 422 6.

778 450 894 513 Bey
906 438 1155 512 ereigneter
1162 439 1495 510 Feuersbrunſt
1508 433 1650 511 ſollen
1661 432 1707 501 in
1717 429 1939 500 Staͤdten
1963 428 2086 498 Buͤr⸗

678 517 935 585 gemeiſter/
940 501 1167 577 Beamte/
1169 492 2086 580 Gerichts⸗Herrn/Stadt⸗Leutenante/

676 587 1026 659 Wachmeiſter/
1034 584 1310 656 Schultzen/
1323 573 1638 652 Heimbuͤrgen
1650 586 1746 637 und
1764 582 1960 643 andere/
1969 577 2085 646 alſo⸗

677 665 776 734 fort
798 667 877 719 die
872 659 1187 725 Verordnung
1199 656 1344 724 thun/
1358 655 1449 722 daß
1461 660 1532 713 die
1542 650 1932 723 Waſſerſpritzen/
1947 650 2087 707 leder⸗

678 750 734 791 ne
746 730 1124 801 Eymer/
962 730 1124 789 Leitern
1139 734 1227 785 und
1232 725 1525 798 Feuerhaken
1535 721 1817 797 foͤrderlichſt
1823 720 1925 795 zum
1937 718 2088 789 Feuer

680 803 919 873 gebracht/
938 808 1032 860 und
1056 804 1123 858 die
1137 799 1271 860 Leute
1291 811 1394 868 zum
1416 795 1587 867 loͤſchen
1610 799 1703 854 und
1714 795 1935 860 Rettung
1954 798 2089 858 ange⸗

681 871 852 934 trieben
874 874 1073 927 werden.

1359 879 1407 924 7.

783 953 887 1010 Alle
900 950 1144 1016 diejenige/
1165 948 1208 1013 ſo
1231 950 1329 1003 wol
1337 947 1579 1006 Mannes⸗
1599 944 1680 1001 als
1692 939 2090 1012 Weibes⸗Perſo⸗

682 1026 798 1084 nen/
807 1020 992 1081 zumaln
1017 1023 1096 1074 der
1104 1020 1306 1083 gemeine
1322 1013 1504 1081 Poͤbel/
1516 1014 1718 1072 Knaben
1731 1018 1825 1067 und
1834 1011 2041 1075 Kinder/
2049 1004 2093 1080 ſo

684 1099 767 1155 bey
783 1101 884 1152 dem
895 1092 1042 1162 Feuer
1056 1090 1208 1160 nichts
1219 1101 1273 1159 zu
1286 1087 1473 1161 ſchaffen
1484 1086 1660 1160 haben/
1671 1083 1864 1156 ſondern
1878 1093 1968 1142 nur
1976 1074 2094 1153 muͤſ⸗

682 1153 746 1240 ſig
749 1155 936 1235 ſtehen/
954 1160 1136 1235 zuſehen
1146 1166 1241 1219 und
1257 1163 1401 1218 denen
1422 1161 1596 1217 andern
1610 1151 1854 1227 hinderlich
1870 1152 2001 1223 ſeyn/
2013 1151 2093 1224 ſol⸗

684 1243 759 1297 leit
784 1239 994 1308 gaͤntzlich
1013 1244 1168 1298 davon
1186 1236 1387 1300 bleiben/
1411 1239 1509 1291 oder
1514 1229 1774 1303 gewarten/
1791 1225 1865 1296 daß
1874 1224 1975 1302 ſie/
1980 1229 2093 1294 nach

689 1311 1022 1379 Gelegenheit/
1033 1322 1114 1373 zur
1125 1307 1326 1371 Straffe
1344 1310 1539 1370 gezogen
1550 1305 1761 1364 werden/
1778 1299 1940 1371 geſtalt
1957 1296 2094 1366 durch

686 1379 837 1448 etliche
860 1387 956 1435 von
976 1384 1077 1434 dem
1095 1375 1342 1445 Ausſchuß
1368 1373 1522 1442 hierzu
1544 1358 1905 1429 commandirte
1929 1369 2096 1437 Perſo⸗

685 1460 803 1518 nen/
817 1451 952 1522 ſolche
973 1449 1110 1512 Leute
1132 1452 1219 1510 mit
1229 1443 1431 1511 Gewalt
1431 1442 1529 1509 ab⸗
1570 1446 1667 1507 und
1690 1438 1850 1515 zuruͤck
1867 1433 2096 1513 getrieben

685 1528 871 1582 werden
889 1506 1044 1582 ſollen.

1374 1604 1415 1649 8.

789 1668 899 1726 Die
917 1662 1160 1728 Ordnung
1181 1666 1275 1719 und
1305 1647 1631 1730 Austheilung
1658 1659 1738 1715 der
1756 1651 1994 1723 Perſonen
2017 1661 2100 1720 zur

691 1734 1082 1806 Feuer-Ruͤſtung
1107 1719 1188 1801 bey
1208 1737 1355 1789 denen
1373 1728 1597 1790 Staͤdten
1617 1732 1711 1785 und
1725 1723 2101 1798 Dorffſchafften

690 1809 775 1872 ſoll
795 1806 1030 1875 folgender
1046 1803 1233 1872 Geſtalt
1251 1799 1512 1870 angeſtellet
1541 1802 1744 1857 werden.

750 1895 824 1953 (1.)
832 1893 939 1943 Soll
949 1892 1050 1942 nach
1062 1888 1325 1947 Gelegenheit
1334 1891 1444 1936 iedes
1453 1886 1590 1940 Orts/
1608 1880 1648 1936 in
1642 1883 1840 1935 Staͤdten
1850 1883 2105 1941 dreyen/
2031 1880 2108 1938 auf

695 1960 769 2003 den
775 1949 1090 2006 Dorffſchafften
1117 1944 1205 2000 aber
1230 1957 1367 2005 zweyen
1389 1940 1606 2007 Perſonen/
1609 1942 1765 2000 nebenſt
1775 1946 1899 1990 denen
1924 1935 1994 1996 des
2010 1939 2102 1994 Orts

696 2016 767 2071 ſich
777 2011 1029 2070 befindlichen
1044 2011 1276 2063 regirenden
1287 2002 1649 2064 Buͤrgemeiſtern/
1680 2000 1843 2054 Beamten/
1889 1998 2105 2053 Gerichts⸗

706 2069 852 2126 Herrn/
864 2072 961 2116 oder
972 2064 1265 2118 inwohnenden
1280 2071 1365 2111 von
1374 2061 1498 2116 Adel/
1516 2066 1568 2110 die
1576 2047 1907 2117 Ober ⸗ Aufſicht
1927 2055 2000 2105 und
2000 2054 2105 2104 dire-

698 2102 813 2175 ction
813 2116 1057 2173 anbefohlen
1059 2113 1181 2177 ſeyn/
1186 2110 1348 2166 welche/
1370 2116 1435 2174 was
1449 2112 1542 2167 dieſe
1552 2104 1774 2167 Ordnung
1774 2104 2052 2164 beſagt/
1938 2106 2048 2167 fleiſig
2062 2108 2103 2151 in

697 2180 987 2241 achtnehmen/
996 2172 1054 2236 die
1047 2176 1326 2238 Anſchaffung
1326 2175 1458 2233 thun/
1482 2172 1545 2230 und
1568 2161 1633 2230 das
1650 2166 1752 2231 Werck
1773 2171 1959 2230 dirigiren
1969 2162 2103 2230 ſolſen.

753 2252 836 2307 (2.)
854 2250 1000 2304 Dieſen
1018 2250 1135 2303 ſollen
1155 2246 1340 2302 diejenige
1355 2241 1595 2303 Perſonen/
1611 2243 1650 2298 ſo
1659 2245 1700 2291 in
1717 2239 1912 2294 Staͤdten
1929 2244 2015 2289 und
2031 2233 2113 2290 auf

698 2313 791 2364 dem
802 2303 931 2363 Lande
947 2317 991 2365 zu
1001 2295 1296 2366 Beſichtigung
1304 2305 1374 2352 der
1382 2295 1633 2362 Feuerſtaͤtte
1643 2293 2105 2355 verordnet/
1903 2293 2105 2353 zugegeben
