2352 2859
419 1752 459 1775 N.
477 1740 520 1770 1.

629 523 705 572 nige
725 530 795 565 von
821 522 986 573 England
1011 530 1083 568 und
1112 525 1279 577 Preußen
1311 527 1457 579 daſſelbe
1486 526 1734 580 unentbehrlich
1762 529 1929 581 gemacht,
1952 532 2024 577 und

622 576 706 625 daß,
721 586 821 619 wenn
836 581 888 619 die
903 577 1066 628 Freyheit
1085 583 1147 624 des
1162 581 1276 628 Roͤm.
1294 582 1425 632 Reichs
1441 582 1505 624 mit
1519 587 1578 625 der
1598 583 1742 634 groͤßten
1759 583 1898 636 Gefahr
1907 587 2025 629 bedro⸗

622 628 678 678 het
694 630 743 676 iſt,
769 635 808 669 es
822 638 893 669 von
910 629 1043 676 Seiten
1061 634 1153 673 derer
1169 631 1234 680 ſey,
1256 631 1377 682 welche
1399 632 1535 681 dieſelbe
1556 632 1767 683 angegriffen
1799 633 1926 686 haben,
1956 640 2030 679 und

621 681 744 729 welche
759 679 894 730 dieſelbe
910 692 949 730 zu
965 679 1204 730 unterdruͤcken
1222 685 1285 736 ſich
1299 684 1478 734 bemuͤhen,
1491 694 1568 734 zum
1581 687 1769 738 Nachtheil
1778 693 1871 733 derer
1878 688 2024 739 Reichs⸗

621 734 744 783 geſetze,
760 742 830 778 und
846 739 931 778 alles
949 737 1067 788 deſſen,
1084 743 1169 781 was
1187 747 1287 782 unter
1300 740 1482 790 gekroͤnten
1500 739 1693 794 Haͤuptern
1710 753 1770 784 am
1789 743 1953 793 heiligſten
1965 745 2023 791 iſt;

622 794 696 830 und
713 788 799 836 nicht
816 799 885 830 von
902 790 1033 835 Seiten
1048 794 1154 839 derer,
1172 790 1295 840 welche
1309 792 1453 844 dieſelbe,
1473 793 1564 840 kraft
1573 796 1661 843 ihrer
1676 794 2024 846 Verbindlichkeiten,

621 845 694 884 und
711 845 768 884 der
783 839 1053 891 Reichsſchluͤße,
1069 842 1134 886 mit
1144 845 1283 893 Gefahr
1292 846 1379 895 ihrer
1398 840 1525 896 eigenen
1543 841 1742 899 Sicherheit,
1756 848 1999 899 vertheidigen.

727 897 782 940 Es
808 898 845 941 iſt
867 899 970 942 Welt
993 899 1151 946 bekannt,
1164 900 1233 945 daß
1250 907 1314 943 vor
1337 899 1480 948 Anfang
1499 904 1555 942 der
1572 912 1640 944 von
1657 901 1788 946 Seiten
1805 907 1864 946 des
1879 904 2023 952 Koͤnigs

623 942 656 986 in
674 939 842 994 England
867 944 971 988 wider
1004 946 1056 987 die
1086 945 1223 997 Koͤnigl.
1253 945 1462 999 franzoͤſiſche
1489 948 1725 1000 Unterthanen
1757 943 1803 992 im
1830 950 2024 999 noͤrdlichen

618 998 740 1047 Theile
755 1010 824 1042 von
846 998 1007 1045 America
1022 1001 1240 1050 begangenen
1258 1001 1565 1054 Feindſeligkeiten,
1578 1008 1638 1047 der
1651 1003 1767 1055 Koͤnig
1783 1006 1821 1057 in
1821 1006 2023 1058 Frankreich

619 1051 814 1104 beſchloſſen
830 1053 937 1102 hatte,
963 1053 1024 1104 ſich
1040 1056 1103 1098 mit
1127 1057 1225 1105 ſeiner
1245 1056 1531 1108 Vertheidigung
1548 1054 1722 1105 begnuͤgen
1745 1070 1783 1105 zu
1801 1059 1916 1109 laſſen,
1936 1063 2023 1108 und,

618 1111 677 1145 wo
694 1109 732 1144 es
749 1102 893 1152 moͤglich
913 1105 1020 1152 waͤre,
1045 1105 1193 1153 Europa
1206 1104 1402 1156 uͤberhaupt
1419 1113 1489 1149 und
1505 1116 1580 1151 dem
1599 1110 1711 1152 Roͤm.
1730 1104 1831 1163 Reich
1855 1105 2024 1160 inſonder⸗

618 1157 686 1206 heit
703 1159 757 1196 die
775 1156 962 1203 Vortheile
978 1163 1038 1198 des
1050 1159 1226 1200 Friedens
1247 1158 1515 1207 beyzubehalten,
1530 1164 1627 1201 deren
1646 1172 1679 1203 er
1695 1163 1755 1211 ſich
1776 1162 1876 1215 durch
1894 1163 1942 1206 die
1952 1164 2021 1208 Un⸗

616 1204 847 1253 gerechtigkeit
874 1212 946 1248 und
971 1214 1034 1248 den
1056 1207 1209 1258 Ehrgeitz
1223 1209 1323 1257 ſeiner
1340 1209 1466 1260 Feinde
1484 1212 1646 1253 beraubet
1669 1211 1737 1261 ſah.

735 1259 846 1301 Allein
872 1262 980 1302 andre
1000 1257 1146 1312 Maͤchte
1169 1269 1287 1302 waren
1308 1270 1395 1311 ganz
1423 1265 1553 1304 anders
1572 1263 1736 1313 geſinnet:
1761 1269 1818 1307 der
1838 1266 1956 1310 Koͤnig
1982 1266 2019 1308 in

617 1307 784 1361 Preußen
803 1309 865 1358 ließ
891 1311 962 1360 ſich,
986 1312 1050 1353 wie
1068 1324 1101 1353 er
1120 1312 1212 1362 ſelbſt
1238 1313 1389 1364 bekennt,
1419 1314 1520 1362 durch
1543 1315 1592 1357 die
1610 1313 1780 1366 praͤchtige
1796 1308 2021 1367 Verheißun⸗

615 1371 680 1410 gen
703 1367 764 1403 des
786 1361 922 1411 Koͤnigs
945 1366 978 1405 in
1000 1364 1164 1413 England
1176 1367 1337 1412 blenden;
1362 1377 1395 1409 er
1415 1366 1536 1416 verließ
1548 1375 1613 1412 das
1629 1368 2023 1422 Buͤndniß
1823 1365 1881 1419 mit
1899 1370 2023 1422 Frank⸗

612 1412 712 1462 reich,
733 1420 805 1463 und
820 1415 878 1461 ehe
895 1426 977 1458 man
993 1423 1030 1456 es
1056 1417 1278 1464 vermuthete,
1293 1419 1371 1460 kam
1389 1420 1441 1461 ein
1456 1419 1610 1468 zwiſchen
1628 1425 1735 1464 denen
1751 1421 1872 1474 Hoͤfen
1888 1434 1926 1470 zu
1935 1422 2019 1466 Lon⸗

613 1471 685 1510 don
706 1474 776 1510 und
795 1478 830 1516 zu
856 1470 977 1515 Berlin
995 1471 1225 1521 geſchloſſener
1244 1471 1397 1517 Tractat
1415 1483 1489 1522 zum
1506 1473 1715 1524 Vorſchein,
1736 1475 1877 1522 welcher
1896 1479 1946 1519 die
1965 1486 2018 1525 ge⸗

615 1516 805 1567 faͤhrlichſte
831 1519 1006 1568 Abſichten
1033 1521 1066 1560 in
1097 1521 1158 1572 ſich
1186 1517 1342 1570 enthaͤlt,
1375 1526 1445 1564 und
1469 1522 1607 1572 welcher
1636 1527 1743 1567 unter
1757 1529 1887 1570 andern
1912 1531 2018 1568 denen

613 1571 871 1622 Reichsfuͤrſten
890 1573 1022 1620 Geſetze
1038 1574 1265 1623 vorſchreibet,
1283 1577 1396 1619 indem
1412 1588 1444 1618 er
1465 1577 1677 1627 denenſelben
1702 1581 1753 1624 die
1778 1579 1939 1632 Freyheit
1961 1581 2016 1621 be⸗

612 1623 749 1666 nimmt,
768 1624 829 1673 ſich
854 1616 999 1669 fremder
1016 1624 1126 1675 Huͤlfe
1142 1637 1179 1675 zu
1196 1628 1365 1671 bedienen,
1390 1626 1441 1669 die
1457 1627 1540 1679 doch
1560 1629 1606 1671 im
1627 1628 1707 1680 Fall
1725 1632 1818 1675 eines
1840 1630 2015 1674 erlittenen

612 1677 773 1727 Angrifs,
790 1681 893 1729 durch
918 1681 970 1722 die
984 1680 1227 1730 Reichsgeſetze
1241 1679 1455 1730 denenſelben
1476 1682 1665 1732 vergoͤnnet
1682 1686 1730 1736 iſt.

731 1724 842 1776 Zwar
869 1728 979 1776 gabey
1004 1728 1107 1776 beyde
1123 1728 1218 1780 Hoͤfe
1236 1739 1316 1777 vor,
1343 1730 1411 1777 daß
1441 1732 1538 1781 dieſer
1560 1729 1714 1784 Tractat
1734 1735 1845 1782 nichts
1871 1734 1928 1776 als
1958 1734 2013 1778 die

603 1774 814 1828 Erhaltung
840 1782 896 1818 der
921 1779 1142 1835 allgemeinen
1176 1779 1284 1831 Ruhe
1313 1783 1347 1825 in
1371 1779 1615 1833 Deutſchland
1631 1795 1707 1834 zum
1725 1785 1796 1832 Ziel
1811 1784 1919 1833 haͤtte,
1941 1789 2013 1828 und

610 1828 681 1875 daß
701 1829 804 1876 dieſes
828 1835 885 1872 der
908 1832 1039 1874 Grund
1065 1837 1121 1872 der
1139 1829 1382 1881 angehaͤngten
1407 1832 1552 1882 Clauſul
1568 1837 1673 1882 waͤre,
1700 1834 1789 1885 kraft
1806 1833 1945 1885 welcher
1972 1838 2015 1889 ſie

606 1884 671 1935 ſich
688 1882 895 1932 verbanden,
913 1886 1024 1927 keinen
1041 1887 1193 1935 fremden
1204 1889 1383 1931 Voͤlkern,
1398 1895 1499 1930 unter
1508 1887 1663 1935 welchem
1674 1888 1871 1936 Vorwand
1881 1897 1917 1935 es
1927 1890 2024 1942 auch

610 1934 687 1983 ſeyn
707 1933 846 1984 moͤchte,
874 1939 936 1975 den
953 1935 1084 1983 Einzug
1111 1944 1146 1982 zu
1165 1939 1342 1985 geſtatten.
1379 1938 1490 1983 Allein
1512 1942 1559 1982 da
1576 1943 1643 1983 das
1667 1939 1773 1991 Reich
1796 1942 2012 1991 denenſelben

609 1989 696 2038 dieſe
718 1988 907 2039 Vorſorge
924 1990 1073 2030 niemals
1091 1989 1328 2041 aufgetragen,
1349 1994 1420 2033 und
1441 1999 1486 2035 da
1508 1986 1623 2050 ſowohl
1645 1994 1701 2039 der
1716 1995 1833 2047 Koͤnig
1850 1997 1877 2037 in
1885 1996 2014 2050 Preuſ⸗

610 2042 663 2090 ſen
690 2041 747 2083 als
778 2048 834 2089 der
860 2042 974 2091 Koͤnig
993 2044 1025 2084 in
1045 2040 1209 2091 England
1231 2052 1316 2092 ganz
1340 2043 1635 2109 unbeſchreibliche
1654 2046 2012 2100 Kriegszuruͤſtungen

610 2091 768 2139 machten
805 2103 842 2143 zu
859 2094 947 2136 einer
961 2093 1037 2141 Zeit
1070 2100 1116 2136 da
1133 2095 1293 2145 nirgends
1311 2097 1382 2141 kein
1392 2094 1499 2149 Feind
1515 2097 1576 2150 ſich
1590 2105 1718 2149 zeigete,
1736 2103 1769 2147 ſo
1785 2102 1910 2144 konnte
1922 2110 2013 2144 man

607 2139 705 2187 leicht
723 2140 899 2189 urtheilen,
922 2142 991 2190 daß
1015 2130 1072 2184 der
1086 2135 1258 2197 Endzweck
1277 2139 1392 2198 einer,
1412 2148 1514 2187 denen
1522 2146 1831 2197 Reichsgeſetzen
1806 2152 1840 2202 ſo
1846 2144 2012 2195 entgegen

607 2200 787 2248 ſtehenden
808 2199 951 2247 Clauſul
971 2210 1059 2246 war,
1083 2202 1182 2244 allem
1200 2202 1432 2253 Widerſtand
1448 2210 1511 2247 den
1528 2203 1629 2255 Weg
1647 2206 1914 2255 abzuſchneiden,
1928 2201 2030 2250 wel⸗

607 2253 679 2298 cher
702 2254 892 2303 außerhalb
910 2255 1175 2303 Deutſchlands
1194 2255 1257 2305 ſich
1273 2262 1350 2299 dem
1371 2258 1593 2309 Kriegsfeuer
1612 2259 1709 2306 haͤtte
1723 2262 1923 2310 widerſetzen
1933 2261 2011 2303 koͤn⸗

606 2312 686 2345 nen,
707 2305 850 2352 welches
866 2307 949 2355 dieſe
965 2304 1109 2356 Fuͤrſten
1131 2307 1164 2349 in
1190 2311 1248 2349 der
1272 2311 1383 2354 Mitte
1408 2311 1514 2356 dieſes
1534 2310 1667 2361 Reichs
1689 2308 1902 2358 anzuzuͤnden
1935 2317 2011 2356 ent⸗

605 2351 757 2399 ſchloſſen
785 2362 924 2400 waren;
951 2353 984 2400 ſo
1009 2353 1097 2402 ferne
1119 2359 1176 2397 der
1209 2355 1441 2405 Wieneriſche
1466 2358 1548 2407 Hof
1573 2363 1648 2397 dem
1671 2355 1828 2408 gefaßten
1846 2360 2010 2410 Vorſatz,

607 2403 703 2443 einen
718 2405 935 2450 allgemeinen
951 2404 1059 2450 Krieg
1077 2415 1114 2453 zu
1132 2415 1278 2453 erregen,
1298 2409 1330 2446 in
1349 2407 1492 2456 welchen
1502 2417 1586 2450 man
1598 2405 1799 2463 Frankreich
1816 2409 2010 2457 verwickeln

609 2450 743 2500 koͤnnte,
760 2440 821 2501 ſich
845 2451 934 2502 nicht
955 2447 1081 2502 gemaͤß
1103 2455 1244 2503 erzeigen
1266 2456 1370 2501 ſollte.
