2212 2636
272 518 521 553 νο£
546 517 660 550 naon
691 517 838 553 a—
863 517 1011 550 vedu
1038 516 1127 550 ano
1153 519 1239 552 n
1265 518 1337 563 ſoxn
1357 506 1458 551 poeb
1478 517 1591 552 droer

268 559 400 595 ſondern
415 560 456 596 ſie
472 559 579 593 halten
596 559 653 595 ihn
670 559 747 595 hoch
762 562 828 590 und
844 557 962 600 preiſen
980 559 1037 595 ihn
1052 563 1118 590 und
1134 558 1171 598 iſt
1187 561 1238 596 ihr
1253 561 1504 598 Gottes ⸗ Dienſt
1519 561 1587 591 und

269 600 500 640 Rauch⸗Opfer
509 600 609 633 reiner
617 604 686 633 und
693 601 816 640 ſchoͤner
823 609 890 634 von
905 601 971 639 ihm
979 602 1114 640 geachtet
1126 602 1175 633 als
1183 611 1270 634 euer/
1286 602 1362 635 weil
1362 602 1397 635 er
1408 602 1483 634 nach
1493 604 1585 640 ihren

270 645 373 681 beſten
380 644 498 681 Wiſſen
515 646 580 676 und
595 641 777 681 Vermoͤgen
799 644 944 682 gebracht
957 638 1058 679 wird/
1072 647 1136 675 und
1146 644 1184 682 iſt
1197 644 1299 676 keiner
1311 651 1399 675 unter
1413 644 1509 680 ihnen
1527 647 1584 676 der

270 684 350 722 ſeine
364 684 506 714 exiſtence
528 686 593 716 und
617 685 681 722 daß
697 692 727 717 er
745 685 794 715 die
812 685 888 722 erſte
906 684 1019 722 Urſach
1037 685 1113 716 aller
1135 684 1239 723 Dinge
1254 684 1320 724 ſey,
1347 684 1478 722 leugnen
1494 684 1581 722 ſolte.

273 725 401 773 Gewiß
421 736 477 767 wo
497 726 547 767 die
566 724 708 774 Heyden
730 735 768 772 zu
782 728 959 764 Malachiæ
976 726 1090 775 Zeiten
1115 724 1147 774 ſo
1168 726 1347 777 beſchaffen
1361 735 1494 771 waren,
1512 725 1582 772 daß

271 778 384 822 GOtt
402 780 492 826 ihren
510 771 624 827 Dienſt
646 774 746 823 hoͤher
755 780 831 823 hielt
845 778 899 818 als
917 782 971 820 der
979 776 1161 826 Juͤdiſchen
1171 778 1343 827 Prieſter,
1362 779 1394 823 ſo
1407 779 1522 819 konten
1538 777 1584 824 ſie

268 827 353 872 ohne
362 823 569 872 Bekehrung
597 816 681 870 GOtt
702 816 887 871 gefallen.
901 823 972 871 Hie
989 834 1069 870 mag
1086 833 1165 863 man
1184 826 1291 872 ſagen,
1305 825 1371 871 daß
1381 827 1578 862 Abarbenel

267 878 338 908 von
355 873 428 908 dem
449 871 718 918 geoffenbahrten
729 870 861 912 Worte
878 871 1057 916 abnehme,
1084 871 1138 909 der
1153 871 1232 917 kurtz
1247 877 1346 916 zuvor
1362 873 1406 910 R.
1416 873 1582 907 Salomon

269 922 339 961 und
349 921 523 958 Abeneſra
531 920 759 969 beſchuldiget,
777 921 843 966 daß
858 922 900 969 ſie
916 925 990 963 dem
1004 920 1135 965 Worte
1146 922 1295 964 GOttes
1307 926 1416 962 etwas
1432 920 1585 967 hinzuge⸗

267 973 364 1020 ſetzet.
415 972 509 1015 Das
518 972 758 1020 Prophetiſche
770 972 884 1014 Wort
900 972 1056 1017 bezeuget,
1072 974 1138 1017 daß
1154 975 1313 1017 GOTT
1327 976 1378 1014 die
1386 974 1529 1019 Heyden
1546 980 1585 1018 zu

271 1019 422 1064 Gnaden
443 1019 624 1064 annehme,
649 1024 752 1060 wenn
770 1019 811 1064 ſie
826 1021 886 1060 den
903 1020 963 1066 ſich
983 1021 1016 1060 in
1041 1020 1145 1065 ſeinen
1165 1019 1280 1062 Wort
1303 1021 1585 1068 offenbahrenden

270 1063 381 1120 GOtt
390 1063 509 1120 Jehova
535 1067 729 1115 heilſamlich
738 1069 904 1109 erkennen.
931 1069 1062 1114 Dieſen
1079 1073 1173 1105 Ron
1191 1069 1336 1115 Beding
1352 1064 1460 1112 nimmt
1480 1064 1584 1111 Abar-

272 1118 373 1155 benel
402 1126 465 1158 vom
470 1116 586 1162 Wort
590 1112 635 1161 ab
655 1112 700 1161 und
727 1117 813 1163 ſetzet,
833 1110 885 1160 daß
904 1119 954 1158 die
966 1117 1109 1165 Heyden
1118 1118 1199 1165 auch
1211 1118 1322 1162 GOtt
1329 1113 1494 1166 gefallen,
1507 1125 1586 1157 wenn

272 1172 316 1207 ſie
332 1177 384 1205 nur
400 1163 470 1212 eine
488 1162 666 1213 natuͤrliche
687 1166 940 1218 Wiſſenſchafft
958 1175 1025 1208 von
1036 1166 1105 1215 ihm
1120 1166 1232 1214 haben,
1248 1168 1304 1206 und
1321 1168 1377 1211 ihn
1396 1167 1477 1211 nach
1493 1167 1589 1212 ihren

270 1211 381 1269 beſten
389 1219 528 1271 Wiſſen
558 1222 617 1262 und
622 1215 824 1269 Vermoͤgen
844 1220 910 1260 d.i.
930 1219 1016 1264 nicht
1029 1220 1110 1267 nach
1126 1220 1274 1264 GOttes
1291 1219 1424 1268 Wort,
1447 1220 1587 1271 ſondern

271 1264 373 1312 durch
382 1267 474 1307 einen
493 1265 582 1316 ſelbſt
598 1266 794 1314 erfundenen
810 1264 1042 1315 Gottesdienſt
1060 1267 1227 1313 verehren.

372 1313 451 1356 Die
468 1313 658 1361 Chriſtliche
677 1311 840 1360 Ausleger
862 1312 996 1359 machen
1012 1316 1174 1353 entweder
1184 1320 1253 1361 gar
1274 1311 1365 1354 keine
1378 1315 1589 1355 connexion,

269 1366 406 1417 ſondern
418 1366 527 1414 halten
541 1367 647 1417 dieſen
671 1356 734 1411 Vers
763 1369 817 1409 als
827 1366 897 1407 eine
907 1368 1220 1415 digreſſiunculam,
1245 1367 1322 1406 oder
1337 1367 1378 1413 ſie
1393 1367 1493 1416 geben
1503 1365 1586 1413 auch

272 1413 422 1462 ſolgende
430 1418 646 1453 connexion:
671 1416 745 1456 Du
753 1414 880 1466 ſageſt,
905 1419 946 1454 du
956 1415 1056 1460 wilſt
1064 1415 1172 1460 unſer
1182 1413 1472 1467 Speiß⸗Opffer
1480 1414 1586 1459 nicht

270 1460 511 1511 annehmen:
526 1461 593 1511 was
614 1453 678 1515 iſt
677 1461 777 1503 denn
784 1456 894 1511 wohl
901 1473 975 1503 vor
984 1465 1044 1503 ein
1066 1454 1178 1514 Volck,
1194 1465 1254 1508 das
1269 1465 1329 1503 dir
1337 1465 1472 1503 dienen
1479 1457 1584 1503 wird

271 1517 387 1550 wenn
397 1512 496 1549 wirs
506 1510 611 1554 nicht
621 1509 732 1561 ſeyn?
755 1504 886 1560 Dieſen
900 1512 1078 1560 Einwurff
1087 1515 1322 1559 præoccupire
1329 1513 1384 1554 der
1417 1505 1512 1563 HErr,
1529 1514 1586 1551 und

270 1563 387 1611 leugne
394 1564 445 1602 die
453 1561 579 1610 Folge,
598 1567 707 1599 ratio:
731 1565 831 1605 denn
839 1572 924 1603 von
941 1564 1123 1613 Morgen
1137 1563 1206 1611 biß
1219 1565 1374 1612 Abend,
1400 1563 1468 1613 ſoll
1481 1566 1585 1604 mein

271 1612 438 1659 Nahme
447 1608 547 1660 groß
554 1612 710 1650 werden
721 1620 833 1651 unter
840 1611 912 1650 den
922 1610 1087 1659 heyden.
1104 1614 1197 1651 conf.
1211 1614 1454 1654 Tarnovium,
1476 1611 1581 1648 Gro-

270 1665 380 1704 tium,
397 1662 633 1700 Himmelium.
682 1660 774 1705 Aber
771 1657 833 1709 hier
860 1657 1000 1706 enſtehet
1024 1657 1079 1710 der
1071 1662 1242 1710 Zweiffel,
1270 1662 1312 1704 ob
1328 1664 1382 1703 der
1393 1661 1584 1710 damahlige

270 1707 421 1757 Zuſtand
431 1711 489 1750 des
504 1709 657 1756 Volcks,
681 1710 773 1758 wohl
791 1709 830 1760 ſo
840 1696 1026 1763 beſchaͤffen
1043 1700 1174 1758 geweſen
1185 1709 1253 1758 ſey,
1281 1709 1348 1756 daß
1364 1719 1445 1750 man
1461 1707 1585 1758 ſolchen

271 1760 449 1809 Einwurff
460 1767 525 1801 von
543 1761 611 1804 ihm
627 1763 818 1810 vermuthen
833 1754 972 1803 koͤnnen.
1023 1762 1107 1806 Der
1132 1759 1270 1812 Beruff
1280 1763 1334 1802 der
1351 1761 1493 1808 Heyden
1510 1768 1587 1807 zum

269 1814 379 1858 Reich
389 1812 536 1861 Chriſti,
561 1812 653 1854 konte
673 1802 765 1863 ihnen
778 1814 865 1862 nicht
886 1813 1077 1855 unbekannt
1093 1812 1186 1861 ſeyn,
1208 1812 1402 1860 ingleichen,
1427 1812 1514 1859 daß,
1527 1822 1585 1852 wo

271 1862 317 1910 ſie
326 1861 413 1906 nicht
423 1857 559 1901 wuͤrden
570 1861 619 1900 die
628 1866 848 1908 angetragene
856 1861 982 1905 Gnade
992 1862 1199 1905 annehmen,
1224 1862 1266 1911 ſie
1281 1862 1489 1909 verwerffen,
1516 1862 1592 1904 her⸗

270 1913 372 1953 gegen
382 1907 433 1945 die
467 1905 591 1959 Heyden
610 1909 815 1960 angenommen
846 1910 976 1949 werden
985 1906 1097 1954 ſolten.
1122 1906 1260 1954 Hievon
1279 1907 1391 1953 hatten
1407 1910 1469 1949 alle
1489 1903 1585 1957 Pro⸗

272 1957 414 2005 pheten,
426 1957 458 2007 ſo
467 1958 531 1997 viel
540 1959 623 2003 ihrer
634 1969 694 2000 vor
706 1960 869 1997 Malachia
877 1958 1087 2009 geſchrieben,
1101 1959 1298 2005 geprediget.
1347 1958 1585 2007 Jnſonderheit

272 2010 362 2062 aber,
383 2010 472 2056 hatte
500 2002 660 2054 Zacharias
676 2002 744 2060 ſehr
754 2007 883 2060 haͤuffig
894 2013 962 2052 und
970 2009 1120 2056 deutlich,
1144 2020 1223 2053 vom
1233 2011 1370 2060 Beruff
1376 2015 1429 2051 der
1439 2011 1588 2057 Heyden

273 2055 479 2100 geprediget,
495 2055 562 2092 und
574 2049 667 2092 waͤre
682 2056 842 2098 wunder,
860 2064 959 2094 wenn
977 2056 1073 2099 ihnen
1093 2055 1233 2099 ſolches,
1253 2057 1320 2093 und
1338 2055 1470 2101 zumahl
1483 2056 1587 2094 denen

272 2097 472 2156 Prieſtern,
486 2104 518 2155 ſo
528 2098 646 2155 taͤglich
655 2106 717 2147 mit
727 2111 786 2149 den
797 2104 1052 2158 Prophetiſchen
1063 2106 1258 2156 Schrifften
1269 2108 1477 2153 umgiengen,
1493 2107 1587 2153 ſchon

273 2155 349 2200 ſolte
373 2150 525 2205 entfallen
541 2151 637 2207 ſeyn.
657 2151 727 2198 So
736 2157 777 2204 ſie
795 2165 863 2195 nun
880 2155 1030 2203 gewuſt,
1052 2156 1117 2199 daß
1134 2156 1184 2195 die
1202 2147 1341 2204 Heyden
1360 2152 1496 2195 wuͤrden
1511 2163 1585 2201 zum

274 2209 381 2251 Reich
390 2208 516 2253 Chriſti
516 2208 665 2256 beruffen
676 2209 827 2253 werden,
851 2210 882 2255 ſo
893 2211 984 2251 konte
995 2214 1029 2247 es
1057 2204 1092 2252 ja
1110 2204 1178 2251 GOtt
1200 2211 1287 2253 nicht
1304 2209 1407 2256 fehlen
1420 2219 1464 2250 an
1476 2210 1582 2247 einem

273 2253 410 2300 Volck,
429 2251 498 2300 daß
512 2254 579 2300 ihm
595 2253 721 2297 diente,
754 2252 797 2294 ob
814 2254 906 2298 ſchon
928 2255 978 2295 die
993 2252 1110 2301 Juden
1125 2252 1330 2302 verworffen
1345 2251 1494 2298 wuͤrden,
1514 2249 1587 2301 faͤllt

273 2307 342 2357 alſo
350 2305 428 2356 dieſe
436 2307 606 2356 objection
615 2307 758 2357 hinweg.
808 2304 926 2356 Jndeß
942 2308 974 2356 ſo
990 2308 1126 2353 leugnen
1141 2307 1204 2350 wir
1219 2309 1324 2358 nicht,
1350 2309 1416 2356 daß
1430 2308 1479 2356 hie
1498 2308 1586 2350 nicht
