1653 2535
454 449 519 481 der
519 449 661 481 neueſten
661 449 781 481 Kaͤyſer.

946 450 1039 498 1011

234 530 356 558 worden.
384 530 449 561 Der
463 530 605 576 beruͤhmte
623 530 756 577 Muratori
781 535 857 579 hatte
870 540 956 573 wider
966 541 1037 583 ſeine

232 579 339 618 Abſicht
353 580 420 617 dazu
437 575 620 622 Gelegenheit
634 581 760 622 gegeben.

274 630 379 669 Heinſii
393 631 570 678 Kirchenhiſt.
587 630 727 678 ſupplem.
742 645 765 677 3.
784 647 813 680 p.
826 644 864 675 811
877 639 919 685 ſq.
960 644 1031 680 Von

232 684 292 709 dem
313 682 427 717 vorigen
452 683 508 712 und
531 680 627 724 dieſem
648 684 762 722 Streite
781 686 850 731 ſiehe
871 691 938 730 auch
956 693 1031 727 Acta

230 728 295 751 hiſt.
322 729 390 753 eccl.
416 735 486 754 tom.
499 735 520 762 5.
558 735 585 764 p.
602 735 640 767 155
656 728 695 769 ſq.
733 737 805 763 tom.
816 733 843 763 6.
881 742 911 773 p.
924 738 972 774 805
986 731 1027 777 ſq.

196 778 303 804 tom.
314 783 340 811 7.
361 782 389 814 p.
402 776 438 805 60
452 774 492 819 ſq.
516 778 569 818 674
584 774 623 821 ſq.
657 785 763 818 tom.8.
786 792 814 824 p.
825 789 865 820 128
879 783 921 825 ſq.

185 841 221 891 d)
256 841 340 886 Der
378 841 501 890 Streit
529 852 645 896 wegen
670 846 792 901 einiger
828 848 1027 907 aͤrgerlichen

234 896 347 944 Saͤtze
368 900 428 938 des
450 899 544 943 Abts
560 901 640 949 Jean
658 905 779 944 Martin
795 907 833 945 de
851 907 974 951 Prades
988 910 1026 953 in

232 947 349 1002 Paris
364 960 465 1000 gegen
477 956 530 995 die
548 955 917 1008 Transſubſtantiation.

267 1014 308 1049 Er
325 1017 384 1055 fing
402 1017 450 1057 ſich
470 1019 500 1050 in
520 1019 616 1061 Paris
629 1032 683 1060 1751
696 1031 750 1061 an,
770 1028 827 1058 und
841 1029 948 1070 endigte
964 1030 1025 1071 ſich,

222 1057 351 1097 nachdem
375 1062 443 1094 viele
472 1063 624 1102 Schriften
645 1067 764 1101 daruͤber
781 1072 932 1112 gewechſelt
952 1082 1024 1109 wor⸗

222 1102 292 1134 den,
321 1102 425 1140 damit,
459 1106 514 1145 daß
536 1111 582 1140 der
604 1109 664 1143 Abt
682 1115 732 1145 des
749 1113 855 1148 Landes
874 1118 1024 1159 verwieſen

221 1147 336 1184 wurde,
357 1151 416 1181 und
430 1152 498 1190 nach
511 1152 618 1189 Berlin
631 1155 707 1195 ging.

263 1203 325 1240 Die
346 1202 496 1247 Nachricht
522 1210 612 1242 davon
631 1210 712 1255 ſtehet
732 1213 762 1247 in
784 1218 834 1249 den
853 1216 933 1251 Actis
952 1219 1021 1257 hiſt.

218 1249 286 1283 eccl.
307 1257 380 1293 part.
392 1259 431 1289 91.
450 1263 481 1294 p.
496 1258 546 1286 106
558 1255 600 1298 ſq.

175 1313 211 1360 e)
236 1314 314 1358 Die
333 1323 440 1356 neuen
460 1314 717 1371 Streitigkeiten
741 1323 811 1365 der
825 1316 1020 1381 Franzoͤſi⸗

225 1374 330 1422 ſchen
345 1367 599 1425 Geiſtlichkeit
619 1377 691 1417 mit
704 1377 777 1421 den
792 1375 1015 1431 Parlamen⸗

225 1436 309 1462 tern
332 1429 370 1463 in
386 1424 626 1481 Frankreich,
648 1427 885 1484 hauptſaͤchlich
898 1444 1016 1484 wegen

220 1483 276 1517 der
291 1481 401 1524 Bulle
418 1481 629 1530 Vnigenitus,
652 1486 730 1527 oder
742 1489 800 1529 der
815 1486 1017 1538 Verweige⸗

223 1539 313 1575 rung
332 1536 388 1570 der
402 1531 653 1583 Sacramente,
673 1537 726 1584 ſeit
741 1550 814 1587 1751
830 1542 901 1582 und
921 1552 1014 1589 1752,

221 1586 355 1626 welcher
369 1585 492 1626 endlich
506 1584 566 1622 mit
578 1582 816 1635 Vertreibung
830 1591 888 1635 der
900 1586 1013 1639 Jeſui⸗

219 1643 274 1676 ten
286 1641 355 1679 aus
372 1636 573 1694 Frankreich
589 1643 650 1693 ſich
671 1643 810 1693 endigte.

252 1700 353 1730 Dieſer
370 1702 471 1732 Streit
491 1698 602 1741 gehoͤret
619 1701 809 1746 groͤſtentheils
822 1707 853 1737 in
866 1706 908 1738 die
921 1707 1011 1747 politi⸗

210 1744 262 1780 ſche
275 1748 407 1783 Hiſtorie.
451 1746 523 1779 Eine
542 1747 618 1788 kurze
638 1748 788 1789 Nachricht
803 1754 894 1786 davon
911 1755 942 1792 iſt
954 1762 1009 1789 ent⸗

208 1794 301 1826 halten
331 1794 360 1816 in
387 1793 438 1818 den
468 1794 556 1820 neuen
586 1790 705 1825 Geneal.
733 1793 793 1834 hiſt.
826 1794 1010 1838 Nachrichten

208 1845 280 1857 tom.
294 1844 314 1863 3.
342 1843 370 1867 p.
383 1839 430 1868 176
444 1836 483 1872 ſq.
512 1837 570 1864 und
585 1843 613 1873 p.
626 1842 678 1873 977
688 1834 728 1877 ſq.
775 1839 873 1873 Neuer
898 1840 1006 1881 Europ.

205 1884 382 1914 Staatsſecr.
404 1890 477 1908 tom.
490 1889 512 1915 3.
538 1889 560 1918 p.
569 1889 619 1920 750
631 1882 670 1924 ſq.
713 1882 797 1921 Neue
810 1886 931 1923 Geneal.
945 1888 1006 1933 hiſt.

204 1937 311 1977 Nachr.
336 1947 409 1972 tom.
422 1949 454 1972 11.
468 1951 501 1973 12.
517 1950 549 1979 13.

161 1989 199 2037 f)
225 1991 367 2035 Wegen
390 1996 451 2028 des
470 1988 633 2046 heiligen
645 1988 795 2045 Jahrs,
816 1996 907 2038 oder
923 1997 1006 2052 Ju⸗

209 2043 374 2090 beljahrs
390 2048 426 2081 in
440 2047 498 2084 der
511 2044 711 2095 Romiſchen
727 2046 858 2100 Kirche,
874 2054 940 2093 das
957 2055 1005 2098 im

205 2101 305 2144 Jahr
321 2104 404 2142 1750
421 2096 562 2147 gefeyret
582 2101 718 2152 wurde,
740 2102 812 2155 ſind
827 2105 910 2158 auch
922 2107 1004 2154 viele

205 2153 472 2211 Streitigkeiten
481 2158 690 2210 entſtanden.

1059 548 1151 596 A.C.

573 2214 661 2245 Sss
661 2214 694 2245 2

929 2214 1003 2252 Das
