1588 2490
497 580 577 611 A.C

647 556 705 587 vita
718 553 809 596 Lipſii
824 563 923 589 tom.1.
941 563 1076 598 operum.
1084 556 1149 600 lipſ.
1171 553 1211 603 p.7
1218 557 1280 602 ſqq.
1301 563 1378 596 Roll.

648 611 738 634 mem.
752 601 823 641 phil.
846 602 909 634 dec.
918 613 941 633 2.
963 612 993 642 p.
1008 609 1048 642 73.

608 691 676 740 43)
686 691 900 733 Guilielmus
911 693 1142 742 Cambdenus,
1151 704 1219 739 von
1225 697 1379 745 London,

658 746 824 785 Profesſor
840 746 1044 794 hiſtoriarum
1061 755 1098 795 zu
1105 746 1246 798 Oxfort,
1258 744 1378 798 geſtor⸗

654 800 716 843 ben
733 814 761 836 a.
776 804 890 849 1623.

651 850 777 880 Witten.
786 851 909 878 memor.
919 846 991 887 phil.
1008 856 1101 889 p.130.
1147 851 1267 885 Whaer.
1282 852 1378 885 relect.

644 900 736 934 hiem.
749 908 778 937 p.
792 907 849 937 104
864 901 894 934 et
905 908 954 939 113.

518 1020 596 1050 1590

606 985 678 1036 44)
703 987 856 1030 Marcus
876 988 1050 1042 Velſerus,
1082 1001 1149 1036 von
1171 991 1378 1046 Augsburg,

653 1043 736 1093 auch
768 1043 873 1093 zuletzt
889 1046 1136 1098 Stadtpfleger
1159 1049 1306 1097 daſelbſt,
1315 1051 1376 1093 da⸗

653 1093 779 1143 bey
731 1094 787 1146 ein
798 1092 957 1144 gelehrter
973 1095 1110 1140 Mann
1121 1098 1192 1138 und
1201 1096 1377 1148 ſonderba⸗

649 1158 703 1192 rer
718 1142 929 1200 Befoͤrderer
944 1151 1003 1193 der
1021 1148 1197 1200 Studien,
1205 1149 1407 1201 geſtorben

651 1218 678 1244 a.
696 1207 809 1253 1614.

645 1266 761 1300 Freher.
784 1275 812 1306 p.
827 1272 977 1302 1004.

515 1385 590 1422 1565

602 1348 671 1399 45)
684 1349 865 1391 Conradus
872 1347 1137 1403 Rittershuſius,
1144 1361 1214 1398 von
1220 1353 1368 1402 Braun⸗

650 1405 798 1462 ſchweig,
826 1403 994 1449 Profesſor
1015 1413 1096 1451 iuris
1118 1421 1158 1462 zu
1170 1411 1299 1465 Altorf,
1316 1423 1372 1463 ge⸗

650 1465 779 1517 ſtorben
802 1481 828 1507 a.
843 1469 958 1513 1613.

640 1516 793 1553 Freher.
775 1532 805 1557 p.
804 1523 872 1554 994.
913 1514 1041 1552 Witten.
1054 1510 1179 1551 memor.
1187 1519 1256 1553 ICt.
1264 1518 1334 1551 dec.
1345 1528 1369 1553 1.

641 1575 669 1603 p.
684 1575 716 1597 II.
758 1565 933 1599 Clarmund.
950 1567 1000 1596 vit.
1009 1576 1082 1607 part.
1095 1576 1119 1599 2.
1137 1579 1165 1609 p.
1181 1578 1215 1609 13.
1238 1571 1370 1609 Fabric.

641 1618 670 1649 d.
680 1617 699 1647 l.
719 1626 791 1659 part.
808 1620 844 1650 6.
850 1629 878 1659 p.
895 1625 943 1657 553.

598 1693 665 1742 46)
691 1692 942 1746 Marquardus
951 1695 1147 1745 Freherus,
1173 1706 1240 1741 von
1247 1700 1369 1749 Augs⸗

648 1749 768 1797 burg,
804 1746 1085 1804 Churpfaͤlziſcher
1131 1754 1236 1799 Rath
1297 1757 1368 1796 und

647 1800 821 1838 Profesſor
857 1802 936 1836 iuris
975 1799 1045 1840 und
1087 1797 1212 1850 endlich
1252 1801 1367 1849 Vice⸗

646 1848 813 1904 praͤſident
845 1863 885 1906 zu
927 1852 1153 1910 Heidelberg,
1196 1857 1368 1908 geſtorben

645 1928 672 1951 a.
691 1918 792 1961 1614

638 1956 753 1983 Freher.
767 1959 796 1990 p.
808 1958 897 1984 1002.
916 1951 1090 1987 Clarmund.
1103 1952 1159 1985 vid.
1168 1959 1267 1996 part.
1254 1953 1278 2002 2.
1283 1964 1312 1995 p.
1322 1963 1364 1985 10.

697 2048 843 2090 *Ferner
872 2043 991 2098 gehoͤren
1010 2049 1104 2091 hieher
1135 2048 1221 2092 uoch:
1260 2052 1294 2089 1)
1307 2059 1366 2084 aus

636 2094 691 2118 der
714 2093 812 2127 erſten
830 2089 942 2130 Haͤlfte
962 2092 1017 2122 des
1044 2088 1242 2132 ſechzehnten
1268 2091 1367 2129 ſæculi

633 2131 805 2163 Ludouicus
846 2129 962 2175 Cœlius
994 2130 1185 2176 Rhodiginus,
1231 2132 1366 2175 Raphael
