1758 2626
553 397 608 427 nes
623 389 810 437 Zuckerglas,
833 393 894 427 und
908 389 983 437 ſetzte
999 396 1032 427 es
1049 391 1079 426 in
1093 391 1152 426 das
1165 387 1283 437 Fenſter
1297 392 1351 426 des
1363 387 1528 434 Zimmers.
1550 389 1627 428 Den

554 440 709 486 folgenden
724 437 794 485 Tag
809 439 873 486 ſahe
887 449 916 475 er
937 444 992 479 mit
1006 437 1265 484 Verwunderung
1278 439 1339 473 eine
1353 437 1538 483 erſtaunliche
1551 438 1628 476 Nie⸗

554 497 668 541 derlage
681 501 740 532 von
763 493 900 540 Fliegen,
931 495 976 530 die
995 495 1025 530 in
1046 495 1112 529 dem
1133 501 1242 539 ganzen
1257 491 1377 539 Fenſter
1398 492 1544 538 zerſtreuet
1565 494 1627 527 und

553 543 709 590 beſonders
730 542 783 589 bey
808 546 874 581 dem
898 541 992 589 Glaſe
1017 538 1120 591 herum
1142 543 1205 579 todt
1225 541 1323 588 lagen.
1372 540 1477 580 Kaum
1500 540 1580 589 hatte
1598 550 1627 576 er

552 600 642 644 dieſes
660 596 845 644 beobachtet,
866 598 914 635 als
927 607 957 634 er
972 596 1026 644 ſich
1048 597 1195 645 vorſetzte,
1221 598 1276 635 den
1291 595 1411 643 Fliegen
1426 596 1471 645 ihr
1484 595 1559 642 Gift
1573 606 1628 634 an⸗

553 650 726 700 nehmlicher
747 662 780 699 zu
795 651 927 696 machen.
979 651 1028 691 Er
1050 651 1132 699 ſtrich
1151 649 1292 695 demnach
1310 648 1383 687 oben
1400 649 1439 697 an
1470 643 1527 697 den
1528 651 1629 690 Rand

554 708 608 743 des
625 703 738 750 Glaſes
754 712 850 742 etwas
866 701 996 748 Suͤſſes,
1009 705 1069 739 und
1085 703 1175 748 durch
1192 702 1262 747 dieſe
1278 702 1326 747 Liſt
1334 699 1554 747 verſammleten
1574 698 1628 746 ſich

554 758 610 795 alle
636 756 756 804 Fliegen
775 768 818 792 im
842 755 975 800 Zimmer
991 755 1063 798 nach
1077 758 1139 792 und
1159 756 1232 799 nach
1250 755 1304 798 bey
1319 758 1384 792 dem
1405 752 1512 800 Glaſe.
1562 755 1629 795 Sie

556 806 688 853 genoſſen
701 795 737 842 in
755 806 906 845 trunkener
914 806 1048 854 Wolluſt
1062 808 1107 843 die
1115 803 1264 852 vergiftete
1272 801 1455 852 Suͤßigkeit,
1481 806 1543 840 und
1551 814 1630 841 wur⸗

552 868 608 902 den
627 870 721 906 matt,
749 865 810 900 und
833 862 942 901 blieben
965 863 1030 900 todt
1049 861 1149 909 liegen.
1201 858 1261 901 So
1277 862 1339 899 eine
1352 859 1503 906 beſondere
1518 859 1630 906 Eigen⸗

551 916 640 962 ſchaft
656 913 748 963 beſitzt
763 920 821 953 das
835 913 1089 964 Queckſilber,
1109 915 1167 952 alle
1180 913 1275 952 Arten
1289 923 1349 951 von
1363 913 1503 959 Jnſekten
1518 924 1552 954 zu
1568 911 1631 949 toͤd⸗

552 977 618 1013 ten,
640 972 701 1008 und
716 970 744 1013 ſo
759 972 853 1016 wenig
870 972 903 1013 iſt
921 971 989 1015 dieſe
1004 968 1190 1016 Eigenſchaft
1210 971 1278 1007 dem
1290 966 1480 1017 verſuͤßten
1494 967 1631 1010 Queck⸗

554 1018 659 1068 ſilber
675 1018 763 1065 durch
779 1017 871 1064 deſſen
886 1015 1086 1064 Zubereitung
1102 1025 1290 1062 genommen.

804 1110 950 1152 Mittel
972 1109 1096 1152 wider
1115 1108 1174 1152 die
1197 1112 1379 1152 Motten.

657 1171 718 1211 So
734 1171 918 1214 betraͤchtlich
933 1172 983 1208 der
1000 1170 1130 1216 Schade
1142 1170 1193 1217 iſt,
1219 1168 1343 1214 welchen
1364 1171 1409 1208 die
1429 1167 1557 1208 Motten
1576 1171 1633 1205 den

554 1217 731 1261 wollenen
746 1220 890 1269 Zeugen
905 1216 1040 1267 zufuͤgen,
1065 1228 1138 1255 man
1153 1227 1224 1263 mag
1239 1217 1276 1263 ſie
1290 1228 1352 1254 nun
1367 1228 1401 1264 zu
1415 1216 1556 1257 Kleidern
1572 1220 1632 1254 und

553 1277 668 1313 andern
688 1273 935 1324 Geraͤthſchaften
954 1263 1076 1314 wirklich
1091 1265 1289 1321 gebrauchen,
1313 1275 1381 1310 oder
1395 1275 1437 1311 im
1452 1269 1573 1313 Stuͤcke
1587 1274 1632 1310 lie⸗

553 1340 609 1376 gen
625 1328 740 1376 haben;
763 1329 793 1375 ſo
807 1330 859 1377 hat
872 1339 946 1367 man
961 1328 1034 1372 doch
1049 1328 1148 1377 bisher
1163 1330 1236 1374 noch
1248 1329 1310 1366 kein
1330 1329 1450 1375 ſicheres
1465 1327 1575 1369 Mittel
1587 1340 1630 1365 er⸗

556 1384 655 1429 finden
670 1380 800 1425 koͤnnen,
821 1391 874 1418 um
886 1378 939 1427 ſich
954 1390 1044 1426 gegen
1058 1381 1127 1426 dieſe
1141 1380 1249 1418 kleinen
1263 1377 1369 1426 Thiere
1383 1389 1416 1423 zu
1429 1378 1633 1426 vertheidigen.

556 1433 624 1481 Ja,
649 1443 735 1471 wenn
756 1445 829 1472 man
846 1437 891 1473 die
911 1431 1027 1479 Tuͤcher
1049 1435 1127 1479 nicht
1151 1431 1301 1480 beſtaͤndig
1320 1431 1491 1479 auskehret,
1517 1433 1578 1469 und
1592 1439 1632 1470 an

555 1485 600 1519 die
614 1480 691 1528 freye
706 1479 769 1526 Luft
786 1480 921 1528 bringet,
945 1480 973 1526 ſo
988 1484 1104 1518 werden
1118 1481 1155 1526 ſie
1171 1478 1308 1526 dieſelben
1321 1478 1417 1525 gewiß
1436 1480 1498 1516 und
1521 1479 1633 1528 unfehl⸗

556 1537 613 1575 bar
626 1537 795 1577 verderben.
846 1536 960 1583 Nichts
986 1537 1193 1583 deſtoweniger
1218 1535 1281 1580 ſind
1299 1534 1387 1582 dieſes
1402 1534 1477 1579 nicht
1492 1539 1536 1572 die
1554 1534 1634 1580 einzi⸗

555 1600 611 1635 gen
635 1587 783 1636 Sachen,
819 1589 921 1630 welche
941 1589 1033 1635 ihrem
1047 1584 1207 1638 nagenden
1227 1586 1364 1632 Appetite
1380 1585 1515 1635 gefallen.
1566 1587 1633 1628 Sie

524 1645 702 1693 ſchleichen
714 1646 768 1690 ſich
784 1649 814 1683 in
829 1649 874 1684 die
888 1643 1133 1692 beſtverwahrten
1145 1640 1327 1691 Schraͤnke,
1350 1644 1473 1689 Kiſten,
1496 1641 1634 1688 Koffers,

556 1700 652 1736 worin
666 1700 723 1735 das
739 1697 892 1745 koſtbarſte
905 1692 1092 1746 Pelzwerk
1106 1693 1270 1744 verwahret
1282 1697 1369 1739 wird,
1393 1697 1455 1731 und
1468 1694 1504 1742 ſie
1517 1694 1634 1740 ſchonen

556 1750 672 1797 nichts,
695 1758 728 1788 es
752 1761 824 1798 mag
847 1750 876 1793 ſo
894 1750 961 1787 weit
981 1749 1189 1798 herkommen,
1220 1751 1283 1785 und
1287 1744 1325 1801 ſo
1363 1748 1462 1796 theuer
1480 1747 1563 1794 ſeyn,
1585 1747 1634 1785 als

556 1812 592 1842 es
609 1805 681 1844 will.
734 1806 814 1846 Das
828 1805 993 1851 ſchlimmſte
1007 1792 1067 1856 iſt,
1086 1805 1146 1852 daß
1162 1803 1198 1850 ſie
1210 1803 1265 1848 ſich
1281 1813 1341 1840 von
1356 1800 1443 1849 Jahr
1457 1813 1489 1848 zu
1504 1801 1591 1847 Jahr
1606 1801 1634 1846 ſo

557 1858 726 1904 erſtaunlich
743 1855 936 1903 vermehren,
963 1859 1027 1905 daß
1044 1858 1120 1895 keine
1135 1856 1275 1902 Rettung
1295 1854 1347 1902 fuͤr
1370 1860 1414 1894 die
1432 1854 1549 1902 Tuͤcher
1574 1858 1635 1893 und

555 1910 644 1956 Pelze
660 1910 716 1953 iſt,
739 1919 835 1946 worin
850 1910 885 1951 ſie
899 1908 960 1956 ihre
975 1908 1149 1955 Wohnung
1164 1896 1382 1953 aufgeſchlagen
1395 1902 1502 1952 haben.
1551 1905 1636 1948 Sol⸗

558 1961 722 2007 chergeſtalt
737 1962 791 1999 kan
806 1972 878 1998 man
894 1961 947 2006 ſich
962 1963 1022 2000 und
1043 1962 1157 1997 andern
1169 1962 1252 1995 einen
1266 1959 1385 2007 wahren
1402 1958 1513 2005 Dienſt
1530 1960 1635 2004 leiſten,

556 2024 645 2051 wenn
666 2025 739 2050 man
763 2014 857 2059 weiß,
882 2013 970 2059 durch
996 2015 1098 2060 welche
1118 2012 1228 2052 Mittel
1248 2013 1284 2060 ſie
1298 2021 1358 2050 von
1375 2011 1548 2058 dergleichen
1564 2011 1636 2052 Sa⸗

558 2062 629 2106 chen
644 2061 818 2109 abgehalten
832 2064 957 2098 werden.

661 2119 750 2156 Man
774 2117 878 2166 nehme
899 2128 981 2154 einen
994 2118 1079 2166 Theil
1096 2112 1338 2165 Terpentinoͤl
1350 2118 1413 2153 und
1437 2125 1515 2164 zwey
1535 2113 1635 2163 Theile

559 2164 782 2213 Weingeiſt,
808 2164 960 2209 vermiſche
967 2159 1086 2208 beydes
1099 2164 1180 2211 wohl
1193 2163 1376 2210 zuſammen,
1398 2169 1461 2199 und
1477 2163 1563 2200 tunke
1576 2164 1636 2199 eine

556 2207 690 2270 Buͤrſte
705 2215 781 2267 oder
782 2218 889 2257 Ruthe
906 2217 1021 2266 hinein,
1048 2226 1100 2252 um
1116 2217 1211 2255 damit
1226 2219 1284 2254 das
1302 2215 1456 2264 Geraͤthe,
1482 2216 1527 2253 die
1542 2214 1636 2258 Tape⸗

562 2284 622 2317 ten,
646 2269 779 2321 Stuͤhle,
800 2261 918 2314 Decken
933 2277 995 2312 und
1011 2273 1190 2320 Bettſtellen
1204 2283 1237 2322 zu
1251 2270 1431 2319 beſtreichen.
1482 2269 1558 2317 Bey
1572 2275 1635 2308 dem
