1116 2310
306 305 401 361 mehr
426 309 520 346 reden
538 309 610 356 kan,
636 314 667 359 ſo
692 314 774 354 wird
800 317 877 364 noch
903 320 1046 361 niemand

310 358 410 409 leben,
436 365 490 402 der
508 365 567 405 alle
585 367 764 420 Wohlthat
780 371 862 416 recht
877 375 1046 423 beſchreibt.

308 412 380 454 Die
393 414 514 463 ſonſten
526 416 760 470 unverkuͤndigt
776 422 888 464 bleibt:
905 429 971 466 und
987 431 1046 468 das

303 468 342 514 iſt
358 468 459 506 meine
475 468 610 514 Freude.

356 521 390 557 6.
409 518 473 557 Ach
490 528 593 560 treuer
604 522 724 566 GOtt!
749 525 892 568 erbarme
910 530 976 575 dich
991 536 1046 572 der

302 570 532 621 hochgeliebten
547 575 692 626 Herzen!
722 580 788 629 Jch
812 596 856 622 an
870 589 935 625 mir
949 588 1044 635 ſelber

299 612 388 668 freue
412 623 490 671 mich
523 628 600 671 nach
626 622 808 683 abgelegten
831 628 1040 689 Schmerzen.

299 678 405 720 Denn
422 683 465 718 du
482 681 540 729 biſt
558 683 642 723 mein
659 688 727 724 und
743 688 788 733 ich
804 689 860 728 bin
875 691 960 738 dein,
973 695 1042 732 und

298 729 356 768 alle
373 731 498 770 werden
522 731 580 780 bey
598 735 661 774 mir
684 737 767 790 ſeyn.
821 732 906 783 Das
923 747 985 784 das
1002 746 1040 796 iſt

294 785 397 824 meine
419 784 555 832 Freude.

345 850 379 887 7.
391 839 477 881 Kein
486 841 621 891 Menſch
638 846 697 885 kan
713 853 748 886 es
764 849 825 887 mit
835 848 949 899 Augen
962 849 1039 902 ſehn

290 891 350 930 wie
368 893 447 939 mich
468 896 517 935 die
531 895 638 945 Engel
662 905 785 946 tragen.
838 902 963 953 Jedoch
978 909 1034 946 der

289 944 364 992 Fall
378 945 457 993 muß
473 946 550 993 auch
558 950 715 1001 geſchehn,
737 956 803 1003 daß
819 958 860 1004 ſie
875 963 930 1000 der
939 961 1032 1003 Welt

288 995 447 1043 entſagen.
486 999 592 1043 GOtt
607 1003 677 1048 Lob,
702 1005 747 1051 ich
763 1007 867 1047 komm
885 1011 940 1048 ins
957 1012 1031 1056 Pa⸗

285 1047 408 1095 radieß,
433 1050 483 1088 die
498 1042 661 1102 Seligkeit
675 1054 713 1105 iſt
728 1056 791 1096 mir
809 1058 925 1109 gewiß.
962 1061 1029 1112 Ach

284 1104 348 1142 das
363 1103 401 1151 iſt
416 1103 518 1145 meine
535 1102 669 1153 Freude.

320 1211 422 1270 Bey
449 1215 540 1266 dem
560 1217 707 1270 Grabe
729 1223 801 1271 der
815 1224 1040 1278 Kinder

446 1274 533 1321 und
552 1274 705 1333 jungen
722 1277 861 1331 Leute.

339 1350 432 1389 Mel.
451 1353 539 1389 Nun
562 1354 666 1393 ruhen
688 1357 751 1394 alle
765 1359 957 1400 Waͤlder
916 1358 957 1400 ꝛc.

274 1410 356 1471 68.
364 1402 486 1475 GOtt
497 1420 577 1466 Lob!
607 1428 655 1465 die
668 1425 794 1472 Stund
808 1430 846 1478 iſt
861 1432 1016 1480 kommen,

273 1475 316 1513 da
333 1473 377 1518 ich
392 1477 478 1514 werd
493 1474 740 1525 aufgenommen
758 1484 812 1522 ins
829 1484 934 1534 ſchoͤne
942 1490 1017 1535 Pa⸗

272 1528 403 1578 radeis;
424 1531 474 1579 ihr
489 1530 604 1575 Eltern
619 1532 709 1586 duͤrft
726 1536 809 1586 nicht
827 1533 946 1590 klagen,
961 1542 1016 1583 mit

270 1581 418 1631 Freuden
437 1586 507 1632 ſollt
522 1587 573 1638 ihr
590 1588 704 1636 ſagen:
755 1592 849 1636 Dem
857 1592 1012 1649 Hoͤchſten

269 1640 318 1688 ſey
335 1638 404 1687 Lob,
425 1641 497 1690 Ehr
517 1648 585 1687 und
602 1646 716 1688 Preis.

323 1699 358 1725 2.
374 1690 454 1727 Wie
482 1691 587 1731 kanns
603 1690 708 1735 GOtt
731 1693 825 1745 beſſer
854 1698 1010 1746 machen?

266 1739 318 1783 Er
333 1739 413 1789 reißt
428 1742 506 1788 mich
523 1753 585 1783 aus
603 1749 672 1786 dem
688 1748 823 1796 Rachen
846 1756 904 1793 des
920 1753 1006 1795 Teu⸗

264 1792 324 1839 fels
351 1795 418 1831 und
441 1798 495 1833 der
523 1797 627 1846 Welt,
653 1802 701 1839 die
734 1802 783 1850 itzt
809 1804 868 1841 wie
899 1801 1006 1845 Loͤwen

260 1845 457 1897 bruͤllen,
413 1842 475 1900 ihr
473 1847 613 1891 Grimm
629 1854 666 1901 iſt
681 1855 764 1903 nicht
776 1868 812 1905 zu
828 1857 939 1907 ſtillen,
952 1859 1007 1901 bis

262 1903 340 1942 alles
366 1900 466 1944 uͤbern
483 1903 615 1954 Haufen
633 1910 715 1955 faͤllt.

316 1966 351 2005 3.
360 1953 453 2007 Dieß
469 1956 536 2005 ſind
553 1959 602 1998 die
621 1961 724 2009 lezten
731 1960 886 2012 Tage,
847 1959 883 2010 da
899 1964 1002 2014 nichts
