1502 2354
585 464 663 509 185

271 564 374 609 Carl:
395 564 558 605 Kommen
569 564 658 602 Sie,
675 564 865 607 Charlotte,
880 564 931 608 ihr
948 556 1037 612 Fluch

224 614 303 657 muß
320 612 409 655 unſre
421 611 547 655 Freude
555 613 587 653 ſo
601 611 704 653 wenig
712 609 859 652 ſtoͤren,
862 610 944 651 als
945 617 973 658 er
986 617 1041 646 un⸗

224 661 286 703 ſere
309 654 547 702 Gluͤckſeligkeit
547 648 676 701 treffen
715 652 827 705 wird.
829 655 919 693 Sie
943 657 1039 693 bleibt

223 708 315 753 unſre
329 699 588 749 Anverwandte;
613 696 688 753 auch
701 706 803 750 wider
803 706 907 749 ihren
907 705 1037 749 Willen

222 758 337 793 wollen
350 760 412 792 wir
422 757 488 799 ihr
488 757 615 799 dienen,
644 756 719 787 und
728 756 807 794 nach
840 760 912 794 dem
928 753 1045 798 Rathe

224 805 359 841 meines
367 804 503 839 Vaters
522 804 594 846 ſoll
615 804 678 839 das
681 801 860 841 Andenken
870 804 927 840 des
947 803 1046 847 Jhri⸗

224 863 286 897 gen
301 850 398 902 durch
422 848 519 902 ſeine
537 858 623 898 zwote
651 848 725 894 Frau
758 853 839 896 nicht
862 842 1044 895 beſchimpft

225 908 435 944 werden.

277 946 502 1000 Charlotte.
502 945 598 999 Jch
614 950 700 998 folge
725 950 914 1002 blindlings
929 949 1044 1001 dieſem

224 1007 415 1058 Rathe;
368 1002 413 1061 ſo
428 1010 490 1050 wie
499 1011 549 1047 in
567 996 688 1053 Allem,
724 1007 784 1057 was
808 998 885 1060 Jhre
909 1007 1044 1053 redliche

226 1061 455 1103 Klugheit
400 1057 453 1108 von
474 1057 527 1107 mir
534 1063 707 1106 verlangt.

270 1104 451 1151 Belcour.
522 1107 610 1140 Nun,
635 1100 910 1150 liebenswuͤrdige
926 1087 1045 1147 Grau⸗

226 1163 332 1209 ſame,
360 1163 461 1205 macht
484 1156 554 1210 Sie
554 1157 624 1207 dies
642 1153 785 1211 Beyſpiei
793 1152 873 1204 nicht
884 1160 991 1208 ſanft?

235 1203 399 1245 Louiſe.
421 1207 535 1245 Was
535 1206 663 1244 koͤnnen
684 1203 743 1248 Sie
760 1208 842 1244 mehr
842 1196 1038 1243 verlangen?

226 1263 311 1311 Hier
324 1265 372 1308 iſt
389 1258 488 1308 meine
510 1262 614 1309 Hand,
637 1266 716 1299 und
727 1261 792 1308 mit
792 1261 851 1308 ihr
859 1263 945 1298 mein
960 1262 1042 1305 frey⸗

233 1316 372 1355 williges
387 1313 484 1360 Herz.

272 1360 446 1405 Belcour.
458 1358 495 1404 O
496 1354 799 1411 unausſprechliches
817 1360 935 1402 Gluͤck!
946 1358 1041 1399 Bru⸗

231 1408 309 1453 der,
309 1408 405 1452 Herr
411 1409 608 1451 Stockwell,
629 1403 767 1460 Freund,
774 1407 891 1461 Herr
879 1410 1013 1449 Major!

281 1451 329 1506 O'
327 1455 552 1506 Flaherty.
552 1455 663 1506 Ja,
682 1453 793 1508 Freude
808 1460 872 1502 muß
887 1462 945 1495 das
956 1455 1042 1502 wohl

231 1503 333 1560 ſeyn!
355 1502 456 1554 Aber,
474 1515 577 1544 wenn
594 1508 646 1544 die
656 1503 837 1558 verliebten
850 1508 929 1558 Leute
946 1507 1041 1552 Eſſen

227 1557 310 1610 und
322 1557 453 1600 Trinken
474 1557 662 1604 vergeſſen;
674 1557 718 1602 ſo
727 1556 852 1602 thun's
866 1559 1045 1601 deswegen

232 1605 318 1647 nicht
318 1603 401 1646 alle.
433 1599 514 1655 Jch
533 1595 648 1651 wollte
650 1601 754 1649 wohl,
780 1606 841 1649 daß
862 1609 919 1640 wir
932 1614 968 1648 zu
984 1601 1044 1641 Ti⸗

232 1662 297 1705 ſche
310 1662 434 1705 gingen.
487 1662 596 1699 Wenn
611 1668 684 1695 man
702 1662 758 1695 den
773 1658 872 1704 Feind
887 1660 935 1694 ein
963 1665 1043 1698 paar

234 1711 363 1750 Meilen
379 1719 435 1747 vor
450 1710 505 1756 ſich
528 1706 759 1755 weggeſchoſſen
783 1708 854 1755 hat,
882 1708 1041 1754 ſchmeckts

236 1763 329 1806 Eſſen
347 1761 559 1809 vortreflich.

274 1791 490 1837 Stockwell.
526 1794 622 1832 Nur
647 1778 721 1833 noch
744 1803 792 1829 ein
808 1773 896 1838 paar
911 1801 1041 1828 Worte.

233 1859 300 1900 Als
321 1856 393 1904 Jhr
415 1859 544 1910 einziger
569 1855 696 1905 Freund
716 1856 782 1910 hier
808 1859 870 1903 hab
883 1859 928 1900 ich
943 1858 1043 1892 meine

234 1912 386 1962 Stimme
395 1921 432 1960 zu
432 1902 548 1963 Jhrer
570 1898 765 1966 Verbindung
782 1902 936 1958 gegeben,
956 1910 1042 1950 Herr

955 1955 1043 1998 Bel⸗
