<?xml version='1.0' encoding='utf-8'?>
<PcGts xmlns="http://schema.primaresearch.org/PAGE/gts/pagecontent/2019-07-15" xmlns:xsi="http://www.w3.org/2001/XMLSchema-instance" pcGtsId="PAGE_01" xsi:schemaLocation="http://schema.primaresearch.org/PAGE/gts/pagecontent/2019-07-15 http://schema.primaresearch.org/PAGE/gts/pagecontent/2019-07-15/pagecontent.xsd">
  <Metadata>
    <Creator>OCR-D DFG Phase III</Creator>
    <Created>2024-01-19T13:08:01Z</Created>
    <LastChange>2024-01-19T13:08:01Z</LastChange>
    <Comments>ODEM: OCR-D extension for mass digitization (2021-2024)</Comments>
  </Metadata>
  <Page imageFilename="MAX/urn+nbn+de+gbv+3+1-301587-p0222-1_ger.png" imageWidth="1670" imageHeight="2407" type="content" primaryLanguage="German">
    <Border>
      <Coords points="276,258 278,2314 1541,2311 1524,261"/>
    </Border>
    <ReadingOrder>
      <OrderedGroup id="ro_1658212957295" caption="Regions reading order">
        <RegionRefIndexed index="1" regionRef="region0001"/>
        <RegionRefIndexed index="2" regionRef="region0002"/>
      </OrderedGroup>
    </ReadingOrder>
    <TextRegion orientation="-0.07372813" readingDirection="left-to-right" id="region0001" custom="readingOrder {index:1;}">
      <Coords points="450,435 1422,435 1422,1109 450,1109"/>
      <TextLine id="region0001_line0001" custom="readingOrder {index:0;}">
        <Coords points="536,435 533,447 501,447 496,438 483,437 478,441 476,448 451,449 451,496 514,495 556,501 624,495 659,496 667,503 676,499 706,500 712,508 721,508 727,501 762,502 764,509 772,511 788,503 806,504 810,509 817,510 823,509 827,504 875,501 1085,501 1182,504 1184,511 1189,513 1203,512 1210,505 1315,512 1345,509 1350,512 1422,513 1422,462 1337,460 1327,459 1322,455 1309,455 1304,459 1270,458 1214,452 1212,444 1208,441 1194,441 1180,450 1173,442 1161,442 1128,451 1074,452 1069,448 1057,448 1051,452 1032,452 932,453 899,453 895,443 883,442 877,447 875,454 853,454 805,447 792,449 790,443 783,439 763,442 757,449 740,449 738,443 730,439 701,440 693,444 689,435 651,436 643,445 617,444 609,435"/>
        <Baseline points="451,486 1124,491 1422,502"/>
        <Word id="region0001_line0001_word0000" custom="readingOrder {index:0;}">
          <Coords points="461,491 539,491 539,448 476,448 461,448"/>
          <TextEquiv conf="0.9231137">
            <Unicode>eine</Unicode>
          </TextEquiv>
        </Word>
        <Word id="region0001_line0001_word0001" custom="readingOrder {index:1;}">
          <Coords points="559,442 559,500 624,495 659,496 664,501 671,501 676,499 706,500 706,501 727,501 828,501 828,450 805,447 792,449 790,443 788,442 763,442 757,449 740,449 738,443 736,442 697,442 693,444 692,442 645,442 643,445 617,444 615,442"/>
          <TextEquiv conf="0.9223079">
            <Unicode>Zweifelſucht,</Unicode>
          </TextEquiv>
        </Word>
        <Word id="region0001_line0001_word0002" custom="readingOrder {index:2;}">
          <Coords points="878,446 877,447 875,454 860,454 860,489 937,489 937,452 932,453 899,453 896,446"/>
          <TextEquiv conf="0.92573595">
            <Unicode>eine</Unicode>
          </TextEquiv>
        </Word>
        <Word id="region0001_line0001_word0003" custom="readingOrder {index:3;}">
          <Coords points="1155,444 1128,451 1074,452 1069,448 1057,448 1051,452 1032,452 961,453 961,500 1230,501 1230,454 1214,452 1212,444 1212,444 1190,444 1180,450 1175,444"/>
          <TextEquiv conf="0.92343503">
            <Unicode>unordentliche</Unicode>
          </TextEquiv>
        </Word>
        <Word id="region0001_line0001_word0004" custom="readingOrder {index:4;}">
          <Coords points="1255,493 1332,493 1332,459 1327,459 1322,455 1309,455 1304,459 1270,458 1255,456"/>
          <TextEquiv conf="0.93270546">
            <Unicode>und</Unicode>
          </TextEquiv>
        </Word>
        <Word id="region0001_line0001_word0005" custom="readingOrder {index:5;}">
          <Coords points="1351,492 1416,492 1416,461 1351,460"/>
          <TextEquiv>
            <Unicode>un⸗</Unicode>
          </TextEquiv>
        </Word>
        <TextEquiv>
          <Unicode>eine Zweifelſucht, eine unordentliche und un⸗</Unicode>
        </TextEquiv>
      </TextLine>
      <TextLine id="region0001_line0002" custom="readingOrder {index:1;}">
        <Coords points="508,496 496,504 451,506 451,554 635,557 646,560 700,561 705,567 712,569 724,568 733,561 823,560 829,565 836,566 843,562 904,562 968,557 1089,561 1097,562 1103,569 1115,572 1124,571 1134,563 1145,565 1149,562 1180,562 1185,570 1193,572 1208,561 1217,561 1224,565 1323,570 1324,576 1329,579 1338,579 1352,571 1392,573 1396,578 1402,579 1411,578 1415,573 1422,573 1422,523 1352,520 1351,514 1345,510 1325,512 1320,519 1304,519 1228,513 1045,510 1040,506 1029,505 1024,509 939,509 926,508 920,503 876,502 872,505 852,505 829,511 797,510 792,505 785,505 772,512 750,510 745,502 731,502 726,511 721,511 706,509 682,500 667,504 659,497 608,504 588,504 584,499 566,500 562,504 523,504 519,497"/>
        <Baseline points="451,544 697,551 986,547 1422,563"/>
        <Word id="region0001_line0002_word0000" custom="readingOrder {index:0;}">
          <Coords points="461,508 626,508 626,550 461,550"/>
          <TextEquiv conf="0.9136205">
            <Unicode>erlaubte</Unicode>
          </TextEquiv>
        </Word>
        <Word id="region0001_line0002_word0001" custom="readingOrder {index:1;}">
          <Coords points="644,506 644,559 646,560 700,561 733,561 823,560 824,561 845,561 845,506 829,511 797,510 793,506 783,506 772,512 750,510 747,506 728,506 726,511 721,511 706,509 698,506"/>
          <TextEquiv conf="0.93055415">
            <Unicode>Begierde,</Unicode>
          </TextEquiv>
        </Word>
        <Word id="region0001_line0002_word0002" custom="readingOrder {index:2;}">
          <Coords points="870,509 870,559 939,559 968,557 1046,560 1173,560 1173,512 1045,510 1044,510"/>
          <TextEquiv conf="0.9267147">
            <Unicode>Einwendungen</Unicode>
          </TextEquiv>
        </Word>
        <Word id="region0001_line0002_word0003" custom="readingOrder {index:3;}">
          <Coords points="1183,514 1233,514 1233,559 1183,559"/>
          <TextEquiv conf="0.93111074">
            <Unicode>zu</Unicode>
          </TextEquiv>
        </Word>
        <Word id="region0001_line0002_word0004" custom="readingOrder {index:4;}">
          <Coords points="1250,562 1416,562 1416,522 1352,520 1351,514 1345,510 1325,512 1320,519 1304,519 1250,514"/>
          <TextEquiv conf="0.9284169">
            <Unicode>machen,</Unicode>
          </TextEquiv>
        </Word>
        <TextEquiv conf="0.9260834">
          <Unicode>erlaubte Begierde, Einwendungen zu machen,</Unicode>
        </TextEquiv>
      </TextLine>
      <TextLine id="region0001_line0003" custom="readingOrder {index:2;}">
        <Coords points="631,558 620,560 615,565 591,566 451,564 451,613 624,617 717,615 722,618 739,616 756,621 785,618 794,622 843,622 902,615 1031,620 1160,619 1196,621 1205,628 1212,628 1221,621 1258,625 1399,627 1407,621 1414,620 1422,626 1422,580 1357,578 1352,574 1338,580 1323,577 1259,575 1224,571 1223,565 1217,562 1208,562 1193,573 1079,571 1073,562 1058,563 1047,570 999,568 994,559 981,559 976,567 872,568 848,563 832,567 823,561 813,561 758,563 732,570 703,570 649,565 643,559"/>
        <Baseline points="451,603 1422,616"/>
        <Word id="region0001_line0003_word0000" custom="readingOrder {index:0;}">
          <Coords points="460,575 601,575 601,608 460,608"/>
          <TextEquiv conf="0.9234538">
            <Unicode>nennen</Unicode>
          </TextEquiv>
        </Word>
        <Word id="region0001_line0003_word0001" custom="readingOrder {index:1;}">
          <Coords points="623,566 623,610 732,610 732,570 703,570 659,566"/>
          <TextEquiv conf="0.93012017">
            <Unicode>kann.</Unicode>
          </TextEquiv>
        </Word>
        <Word id="region0001_line0003_word0002" custom="readingOrder {index:2;}">
          <Coords points="794,568 923,568 923,615 794,615"/>
          <TextEquiv conf="0.9285625">
            <Unicode>Wenn</Unicode>
          </TextEquiv>
        </Word>
        <Word id="region0001_line0003_word0003" custom="readingOrder {index:3;}">
          <Coords points="976,566 976,567 941,567 941,609 1011,609 1011,568 999,568 997,566"/>
          <TextEquiv conf="0.9301648">
            <Unicode>wir</Unicode>
          </TextEquiv>
        </Word>
        <Word id="region0001_line0003_word0004" custom="readingOrder {index:4;}">
          <Coords points="1049,568 1047,570 1028,569 1028,611 1115,612 1115,571 1079,571 1077,568"/>
          <TextEquiv conf="0.9292855">
            <Unicode>aber</Unicode>
          </TextEquiv>
        </Word>
        <Word id="region0001_line0003_word0005" custom="readingOrder {index:5;}">
          <Coords points="1206,563 1193,573 1134,571 1134,618 1224,618 1224,571 1223,565 1219,563"/>
          <TextEquiv conf="0.9286715">
            <Unicode>auch</Unicode>
          </TextEquiv>
        </Word>
        <Word id="region0001_line0003_word0006" custom="readingOrder {index:6;}">
          <Coords points="1245,578 1322,578 1322,610 1245,610"/>
          <TextEquiv conf="0.92876714">
            <Unicode>nun</Unicode>
          </TextEquiv>
        </Word>
        <Word id="region0001_line0003_word0007" custom="readingOrder {index:7;}">
          <Coords points="1342,611 1418,611 1418,579 1357,578 1352,574 1342,578"/>
          <TextEquiv conf="0.46339852">
            <Unicode>der⸗</Unicode>
          </TextEquiv>
        </Word>
        <TextEquiv conf="0.870303">
          <Unicode>nennen kann. Wenn wir aber auch nun der⸗</Unicode>
        </TextEquiv>
      </TextLine>
      <TextLine id="region0001_line0004" custom="readingOrder {index:3;}">
        <Coords points="490,615 481,617 477,626 451,627 451,681 480,683 486,679 499,677 541,676 546,686 554,687 561,685 569,676 611,674 637,678 694,678 696,684 701,687 713,686 722,677 818,678 826,684 835,685 852,677 920,671 925,674 986,678 1047,679 1058,685 1068,680 1080,680 1090,681 1101,688 1112,688 1123,682 1144,684 1153,681 1188,681 1202,682 1204,689 1212,692 1221,691 1225,683 1303,686 1312,683 1324,686 1350,684 1371,686 1373,693 1379,696 1391,696 1400,689 1422,689 1422,627 1414,621 1407,622 1399,628 1374,628 1368,635 1320,635 1315,631 1305,631 1301,634 1285,632 1281,626 1260,628 1221,622 1212,629 1205,629 1196,622 1175,622 1168,626 1160,620 1144,620 1135,629 1115,629 1111,621 1096,621 1088,629 1083,621 1064,620 1054,621 1049,630 1019,630 919,624 914,619 904,620 901,617 887,617 882,623 876,623 870,618 833,625 825,621 813,621 805,628 795,628 794,623 789,620 773,619 766,622 765,628 756,628 719,624 715,617 709,616 630,617 621,619 617,626 594,627 569,626 563,616 549,616 539,625 508,625 503,615"/>
        <Baseline points="451,668 940,663 1422,678"/>
        <Word id="region0001_line0004_word0000" custom="readingOrder {index:0;}">
          <Coords points="459,627 459,681 480,683 486,679 499,677 541,676 544,683 562,683 569,676 611,674 615,674 615,627 594,627"/>
          <TextEquiv conf="0.93188363">
            <Unicode>gleichen</Unicode>
          </TextEquiv>
        </Word>
        <Word id="region0001_line0004_word0001" custom="readingOrder {index:1;}">
          <Coords points="634,627 634,677 637,678 694,678 696,684 715,684 722,677 818,678 826,684 837,684 852,677 920,671 925,674 960,676 960,627 806,627 805,628 795,628 794,627 765,627 765,628 756,628 746,627"/>
          <TextEquiv conf="0.9286883">
            <Unicode>Schwuͤrigkeiten</Unicode>
          </TextEquiv>
        </Word>
        <Word id="region0001_line0004_word0002" custom="readingOrder {index:2;}">
          <Coords points="984,641 1034,642 1034,674 984,673"/>
          <TextEquiv conf="0.92427796">
            <Unicode>an</Unicode>
          </TextEquiv>
        </Word>
        <Word id="region0001_line0004_word0003" custom="readingOrder {index:3;}">
          <Coords points="1118,630 1053,630 1053,682 1058,685 1068,680 1080,680 1090,681 1096,685 1118,685 1118,685"/>
          <TextEquiv conf="0.9316905">
            <Unicode>ſich</Unicode>
          </TextEquiv>
        </Word>
        <Word id="region0001_line0004_word0004" custom="readingOrder {index:4;}">
          <Coords points="1140,628 1140,683 1144,684 1153,681 1188,681 1202,682 1202,684 1224,684 1225,683 1237,683 1237,628 1213,628 1212,629 1205,629 1203,628"/>
          <TextEquiv conf="0.93166703">
            <Unicode>ſelbſt</Unicode>
          </TextEquiv>
        </Word>
        <Word id="region0001_line0004_word0005" custom="readingOrder {index:5;}">
          <Coords points="1417,685 1417,623 1414,621 1407,622 1399,628 1374,628 1368,635 1320,635 1315,631 1305,631 1301,634 1285,632 1281,626 1260,628 1259,627 1259,684 1277,685 1306,685 1312,683 1320,685 1337,685 1350,684 1360,685"/>
          <TextEquiv>
            <Unicode>betrach⸗</Unicode>
          </TextEquiv>
        </Word>
        <TextEquiv>
          <Unicode>gleichen Schwuͤrigkeiten an ſich ſelbſt betrach⸗</Unicode>
        </TextEquiv>
      </TextLine>
      <TextLine id="region0001_line0005" custom="readingOrder {index:4;}">
        <Coords points="905,672 898,674 893,683 835,686 638,686 621,685 619,677 611,675 600,676 587,685 554,688 463,683 451,685 451,735 521,736 527,742 537,742 543,736 593,735 597,742 609,743 618,735 627,734 773,735 790,732 807,735 886,731 892,732 898,740 908,740 914,734 950,736 961,730 969,739 983,737 1043,744 1096,744 1116,738 1131,741 1204,742 1225,746 1228,752 1235,755 1249,754 1256,746 1299,745 1310,748 1316,743 1332,744 1341,749 1355,745 1395,744 1402,749 1413,750 1416,746 1422,746 1422,697 1358,695 1356,688 1350,685 1335,686 1328,690 1318,684 1312,684 1303,687 1297,695 1170,690 1166,682 1135,684 1129,690 1119,690 1097,688 1090,682 1068,681 1058,686 1047,680 1030,679 999,687 977,685 968,677 951,675 941,675 935,683 927,683 924,674"/>
        <Baseline points="451,725 887,721 1046,733 1422,736"/>
        <Word id="region0001_line0005_word0000" custom="readingOrder {index:0;}">
          <Coords points="457,688 543,688 543,733 457,733"/>
          <TextEquiv conf="0.9292523">
            <Unicode>ten,</Unicode>
          </TextEquiv>
        </Word>
        <Word id="region0001_line0005_word0001" custom="readingOrder {index:1;}">
          <Coords points="591,682 587,685 573,686 573,734 627,734 664,734 664,686 638,686 621,685 620,682"/>
          <TextEquiv conf="0.9292523">
            <Unicode>ohne</Unicode>
          </TextEquiv>
        </Word>
        <Word id="region0001_line0005_word0002" custom="readingOrder {index:2;}">
          <Coords points="692,694 818,694 818,727 692,727"/>
          <TextEquiv conf="0.92930025">
            <Unicode>weiter</Unicode>
          </TextEquiv>
        </Word>
        <Word id="region0001_line0005_word0003" custom="readingOrder {index:3;}">
          <Coords points="918,733 918,680 895,680 893,683 846,685 846,733 846,733 886,731 892,732 893,733"/>
          <TextEquiv conf="0.9248308">
            <Unicode>auf</Unicode>
          </TextEquiv>
        </Word>
        <Word id="region0001_line0005_word0004" custom="readingOrder {index:4;}">
          <Coords points="939,684 939,732 957,732 961,730 962,732 1012,732 1012,684 1010,684 999,687 977,685 975,684"/>
          <TextEquiv conf="0.9277752">
            <Unicode>ihre</Unicode>
          </TextEquiv>
        </Word>
        <Word id="region0001_line0005_word0005" custom="readingOrder {index:5;}">
          <Coords points="1037,683 1037,732 1207,732 1207,691 1170,690 1166,683 1150,683 1135,684 1129,690 1119,690 1097,688 1091,683 1064,683 1058,686 1052,683"/>
          <TextEquiv conf="0.93016696">
            <Unicode>Quellen</Unicode>
          </TextEquiv>
        </Word>
        <Word id="region0001_line0005_word0006" custom="readingOrder {index:6;}">
          <Coords points="1235,695 1279,695 1279,741 1235,741"/>
          <TextEquiv conf="0.9301662">
            <Unicode>zu</Unicode>
          </TextEquiv>
        </Word>
        <Word id="region0001_line0005_word0007" custom="readingOrder {index:7;}">
          <Coords points="1303,736 1416,736 1416,696 1358,695 1356,688 1350,685 1335,686 1328,690 1318,684 1312,684 1303,687"/>
          <TextEquiv conf="0.9276319">
            <Unicode>ſehen,</Unicode>
          </TextEquiv>
        </Word>
        <TextEquiv conf="0.92854697">
          <Unicode>ten, ohne weiter auf ihre Quellen zu ſehen,</Unicode>
        </TextEquiv>
      </TextLine>
      <TextLine id="region0001_line0006" custom="readingOrder {index:5;}">
        <Coords points="957,731 950,737 950,743 910,740 831,743 820,741 799,744 797,736 780,733 771,736 769,746 451,745 451,794 630,791 755,794 785,790 796,799 803,799 813,796 818,791 855,790 863,796 872,796 878,791 995,795 1002,789 1011,789 1021,797 1121,798 1153,801 1158,808 1164,809 1181,801 1194,802 1207,810 1221,810 1230,805 1302,804 1379,806 1384,813 1390,814 1398,812 1402,807 1422,807 1422,756 1413,756 1412,751 1402,750 1395,745 1374,746 1368,752 1358,747 1341,750 1332,745 1316,744 1310,749 1284,746 1246,756 1235,756 1213,752 1211,746 1204,743 1193,743 1187,748 1180,741 1162,742 1154,751 1134,751 1133,742 1126,739 1116,739 1107,743 1105,750 1013,747 998,746 993,742 972,745 961,731"/>
        <Baseline points="451,784 891,780 1422,796"/>
        <Word id="region0001_line0006_word0000" custom="readingOrder {index:0;}">
          <Coords points="456,751 568,751 568,783 456,783"/>
          <TextEquiv conf="0.92406684">
            <Unicode>wenn</Unicode>
          </TextEquiv>
        </Word>
        <Word id="region0001_line0006_word0001" custom="readingOrder {index:1;}">
          <Coords points="595,752 665,752 665,784 595,784"/>
          <TextEquiv conf="0.9272987">
            <Unicode>wir</Unicode>
          </TextEquiv>
        </Word>
        <Word id="region0001_line0006_word0002" custom="readingOrder {index:2;}">
          <Coords points="770,738 769,746 690,745 690,790 785,790 855,790 878,790 878,741 831,743 820,741 799,744 797,738"/>
          <TextEquiv conf="0.92759275">
            <Unicode>erwaͤgen,</Unicode>
          </TextEquiv>
        </Word>
        <Word id="region0001_line0006_word0003" custom="readingOrder {index:3;}">
          <Coords points="957,731 950,737 950,743 910,740 908,740 908,785 993,785 993,742 972,745 961,731"/>
          <TextEquiv conf="0.9278392">
            <Unicode>was</Unicode>
          </TextEquiv>
        </Word>
        <Word id="region0001_line0006_word0004" custom="readingOrder {index:4;}">
          <Coords points="1267,796 1267,750 1246,756 1235,756 1213,752 1211,746 1204,743 1193,743 1187,748 1180,741 1162,742 1154,751 1134,751 1133,742 1126,739 1116,739 1107,743 1105,750 1015,747 1015,792 1018,795"/>
          <TextEquiv conf="0.9305935">
            <Unicode>vernuͤnftiger</Unicode>
          </TextEquiv>
        </Word>
        <Word id="region0001_line0006_word0005" custom="readingOrder {index:5;}">
          <Coords points="1292,797 1417,797 1417,756 1413,756 1412,751 1402,750 1395,745 1374,746 1368,752 1358,747 1341,750 1332,745 1316,744 1310,749 1292,746"/>
          <TextEquiv conf="0.92193484">
            <Unicode>Weiſe</Unicode>
          </TextEquiv>
        </Word>
        <TextEquiv conf="0.9265543">
          <Unicode>wenn wir erwaͤgen, was vernuͤnftiger Weiſe</Unicode>
        </TextEquiv>
      </TextLine>
      <TextLine id="region0001_line0007" custom="readingOrder {index:6;}">
        <Coords points="774,791 767,794 761,803 734,806 687,804 685,795 676,793 667,794 657,802 652,802 650,794 646,792 626,793 620,801 610,801 602,795 588,795 577,802 537,804 460,798 451,800 450,853 585,849 617,850 619,857 632,858 639,851 660,851 682,860 696,860 704,855 721,855 726,859 733,859 744,854 773,852 784,847 804,845 901,845 908,848 926,847 934,850 988,854 1021,854 1027,849 1034,850 1048,856 1053,852 1062,852 1078,865 1089,864 1093,859 1103,860 1109,867 1128,859 1160,860 1172,854 1179,855 1185,861 1221,864 1270,863 1278,867 1291,863 1327,865 1362,862 1388,865 1397,872 1407,872 1414,866 1421,866 1420,815 1348,813 1343,808 1315,813 1313,807 1302,805 1282,805 1275,811 1250,810 1238,806 1230,806 1221,811 1207,811 1194,803 1186,802 1176,803 1164,810 1133,808 1130,801 1121,799 1111,800 1105,804 1102,800 1093,798 1078,799 1072,807 1046,807 1044,801 1039,798 1025,798 1021,805 1008,805 917,798 911,792 902,792 894,798 824,797 796,800 785,791"/>
        <Baseline points="450,843 721,844 877,835 1105,849 1421,855"/>
        <Word id="region0001_line0007_word0000" custom="readingOrder {index:0;}">
          <Coords points="457,805 605,805 604,845 456,845"/>
          <TextEquiv conf="0.93156624">
            <Unicode>daraus</Unicode>
          </TextEquiv>
        </Word>
        <Word id="region0001_line0007_word0001" custom="readingOrder {index:1;}">
          <Coords points="623,801 622,854 636,854 639,851 660,851 667,854 742,854 742,805 734,806 687,804 686,801 658,801 657,802 652,802 651,801"/>
          <TextEquiv conf="0.92715853">
            <Unicode>folge,</Unicode>
          </TextEquiv>
        </Word>
        <Word id="region0001_line0007_word0002" custom="readingOrder {index:2;}">
          <Coords points="768,800 767,851 775,851 784,847 801,845 802,800 796,800"/>
          <TextEquiv conf="0.9329876">
            <Unicode>ſo</Unicode>
          </TextEquiv>
        </Word>
        <Word id="region0001_line0007_word0003" custom="readingOrder {index:3;}">
          <Coords points="823,804 969,804 968,843 822,843"/>
          <TextEquiv conf="0.92755866">
            <Unicode>werden</Unicode>
          </TextEquiv>
        </Word>
        <Word id="region0001_line0007_word0004" custom="readingOrder {index:4;}">
          <Coords points="987,804 986,846 1058,847 1059,807 1046,807 1045,805 1021,804 1021,805 1008,805 997,804"/>
          <TextEquiv>
            <Unicode>wir</Unicode>
          </TextEquiv>
        </Word>
        <Word id="region0001_line0007_word0005" custom="readingOrder {index:5;}">
          <Coords points="1077,802 1076,857 1150,857 1150,809 1133,808 1130,802 1108,802 1105,804 1103,802"/>
          <TextEquiv conf="0.87492967">
            <Unicode>ſehr</Unicode>
          </TextEquiv>
        </Word>
        <Word id="region0001_line0007_word0006" custom="readingOrder {index:6;}">
          <Coords points="1174,805 1173,850 1258,850 1258,810 1250,810 1238,806 1230,806 1221,811 1207,811 1197,805"/>
          <TextEquiv conf="0.930765">
            <Unicode>bald</Unicode>
          </TextEquiv>
        </Word>
        <Word id="region0001_line0007_word0007" custom="readingOrder {index:7;}">
          <Coords points="1277,855 1416,855 1416,814 1348,813 1343,808 1315,813 1313,807 1302,805 1282,805 1277,808"/>
          <TextEquiv conf="0.91757965">
            <Unicode>finden,</Unicode>
          </TextEquiv>
        </Word>
        <TextEquiv>
          <Unicode>daraus folge, ſo werden wir ſehr bald finden,</Unicode>
        </TextEquiv>
      </TextLine>
      <TextLine id="region0001_line0008" custom="readingOrder {index:7;}">
        <Coords points="804,846 784,848 773,853 762,852 733,860 713,861 682,861 666,858 660,852 643,852 632,859 602,859 598,851 585,850 567,852 561,862 540,862 536,854 524,852 513,853 506,861 458,857 450,859 450,911 504,912 508,918 516,919 531,912 575,912 588,907 808,907 862,904 878,905 886,912 908,907 916,915 927,915 934,908 1081,914 1089,908 1096,907 1107,915 1164,920 1176,926 1195,918 1203,921 1246,923 1346,923 1354,932 1369,931 1377,923 1402,923 1409,917 1417,917 1421,921 1421,873 1397,873 1392,868 1375,871 1373,865 1362,863 1354,864 1347,869 1315,864 1291,864 1280,868 1261,865 1231,871 1198,871 1182,870 1184,861 1177,855 1158,861 1153,869 1135,869 1133,863 1128,860 1114,868 1078,866 1062,853 1053,853 1045,857 1034,851 1025,851 1021,855 1024,862 1021,863 933,857 931,850 926,848 911,850 901,846 885,848 881,855 848,847"/>
        <Baseline points="450,901 858,894 1421,913"/>
        <Word id="region0001_line0008_word0000" custom="readingOrder {index:0;}">
          <Coords points="457,859 457,910 533,910 533,859 507,859 506,861 482,859"/>
          <TextEquiv conf="0.92731696">
            <Unicode>daß</Unicode>
          </TextEquiv>
        </Word>
        <Word id="region0001_line0008_word0001" custom="readingOrder {index:1;}">
          <Coords points="566,857 566,907 588,907 611,907 611,859 602,859 601,857"/>
          <TextEquiv conf="0.92598206">
            <Unicode>ſie</Unicode>
          </TextEquiv>
        </Word>
        <Word id="region0001_line0008_word0002" custom="readingOrder {index:2;}">
          <Coords points="640,861 760,861 760,902 640,902"/>
          <TextEquiv conf="0.92862177">
            <Unicode>keinen</Unicode>
          </TextEquiv>
        </Word>
        <Word id="region0001_line0008_word0003" custom="readingOrder {index:3;}">
          <Coords points="785,856 785,907 808,907 862,904 878,905 882,909 899,909 908,907 910,909 933,909 934,908 958,909 980,909 980,860 933,857 932,856"/>
          <TextEquiv conf="0.9282091">
            <Unicode>Menſchen</Unicode>
          </TextEquiv>
        </Word>
        <Word id="region0001_line0008_word0004" custom="readingOrder {index:4;}">
          <Coords points="1002,901 1074,902 1074,862 1062,853 1053,853 1045,857 1034,851 1025,851 1021,855 1024,862 1021,863 1002,861"/>
          <TextEquiv conf="0.9251211">
            <Unicode>mit</Unicode>
          </TextEquiv>
        </Word>
        <Word id="region0001_line0008_word0005" custom="readingOrder {index:5;}">
          <Coords points="1251,911 1251,867 1231,871 1198,871 1182,870 1184,861 1177,855 1158,861 1153,869 1135,869 1133,863 1128,860 1114,868 1097,867 1097,907 1101,911"/>
          <TextEquiv conf="0.93041766">
            <Unicode>einigem</Unicode>
          </TextEquiv>
        </Word>
        <Word id="region0001_line0008_word0006" custom="readingOrder {index:6;}">
          <Coords points="1274,913 1416,913 1416,873 1397,873 1392,868 1375,871 1373,865 1362,863 1354,864 1347,869 1315,864 1291,864 1280,868 1274,867"/>
          <TextEquiv conf="0.9306962">
            <Unicode>Rechte</Unicode>
          </TextEquiv>
        </Word>
        <TextEquiv conf="0.9280521">
          <Unicode>daß ſie keinen Menſchen mit einigem Rechte</Unicode>
        </TextEquiv>
      </TextLine>
      <TextLine id="region0001_line0009" custom="readingOrder {index:8;}">
        <Coords points="830,906 824,911 740,916 703,916 701,911 695,908 675,910 669,916 588,908 575,913 561,911 516,920 450,920 450,968 597,968 605,961 612,961 620,966 635,966 716,964 722,959 730,959 736,963 788,964 816,962 821,956 830,955 837,956 843,961 994,967 1036,967 1086,973 1109,973 1115,967 1121,967 1132,974 1137,974 1144,969 1154,968 1160,976 1172,977 1179,984 1188,984 1194,979 1212,981 1217,976 1225,974 1233,979 1233,986 1239,989 1257,988 1262,984 1292,987 1297,983 1421,978 1421,934 1413,933 1421,929 1421,922 1417,918 1409,918 1402,924 1377,925 1371,932 1354,933 1318,930 1316,925 1311,923 1298,924 1294,929 1286,929 1280,923 1264,923 1252,929 1228,928 1223,923 1213,923 1206,927 1204,922 1196,919 1176,927 1169,923 1140,923 1107,916 1096,908 1076,916 1020,918 1005,917 1000,913 987,913 981,917 916,916 876,911 846,911 842,906"/>
        <Baseline points="450,957 860,950 1258,973 1421,968"/>
        <Word id="region0001_line0009_word0000" custom="readingOrder {index:0;}">
          <Coords points="456,927 546,927 546,962 456,962"/>
          <TextEquiv conf="0.92340636">
            <Unicode>vom</Unicode>
          </TextEquiv>
        </Word>
        <Word id="region0001_line0009_word0001" custom="readingOrder {index:1;}">
          <Coords points="744,962 744,918 563,918 563,962 603,962 605,961 612,961 613,962 718,962 722,959 730,959 734,962"/>
          <TextEquiv conf="0.92373776">
            <Unicode>Glauben</Unicode>
          </TextEquiv>
        </Word>
        <Word id="region0001_line0009_word0002" custom="readingOrder {index:2;}">
          <Coords points="854,960 854,918 776,918 776,960 817,960 821,956 830,955 837,956 841,960"/>
          <TextEquiv conf="0.9168884">
            <Unicode>und</Unicode>
          </TextEquiv>
        </Word>
        <Word id="region0001_line0009_word0003" custom="readingOrder {index:3;}">
          <Coords points="884,926 957,926 957,959 884,959"/>
          <TextEquiv conf="0.9308889">
            <Unicode>von</Unicode>
          </TextEquiv>
        </Word>
        <Word id="region0001_line0009_word0004" custom="readingOrder {index:4;}">
          <Coords points="989,923 1050,924 1050,962 989,961"/>
          <TextEquiv conf="0.92535216">
            <Unicode>der</Unicode>
          </TextEquiv>
        </Word>
        <Word id="region0001_line0009_word0005" custom="readingOrder {index:5;}">
          <Coords points="1328,977 1328,930 1318,930 1316,925 1311,923 1298,924 1294,929 1286,929 1280,923 1264,923 1252,929 1228,928 1223,923 1213,923 1206,927 1204,922 1196,919 1176,927 1169,923 1140,923 1107,916 1096,908 1076,916 1070,916 1070,971 1086,973 1109,973 1115,967 1121,967 1132,974 1137,974 1144,969 1154,968 1160,976 1172,977 1216,977 1217,976 1225,974 1229,977"/>
          <TextEquiv conf="0.9245499">
            <Unicode>Gottſeligkeit</Unicode>
          </TextEquiv>
        </Word>
        <Word id="region0001_line0009_word0006" custom="readingOrder {index:6;}">
          <Coords points="1417,918 1409,918 1402,924 1377,925 1371,932 1354,933 1354,962 1417,962 1417,933 1413,933 1417,931"/>
          <TextEquiv conf="0.4995842">
            <Unicode>ab⸗</Unicode>
          </TextEquiv>
        </Word>
        <TextEquiv conf="0.8634868">
          <Unicode>vom Glauben und von der Gottſeligkeit ab⸗</Unicode>
        </TextEquiv>
      </TextLine>
      <TextLine id="region0001_line0010" custom="readingOrder {index:9;}">
        <Coords points="823,956 816,963 819,969 738,972 737,964 730,960 722,960 716,965 715,972 703,973 658,972 652,965 620,967 612,962 603,963 596,971 568,975 542,975 526,969 515,969 505,975 486,974 482,969 456,971 450,973 450,1027 462,1032 481,1032 485,1027 494,1025 520,1026 527,1019 533,1019 541,1026 554,1026 592,1024 608,1020 653,1022 661,1016 672,1016 678,1020 696,1018 754,1021 758,1026 764,1027 773,1026 779,1021 865,1017 1002,1022 1013,1023 1017,1029 1033,1023 1053,1025 1060,1019 1069,1019 1079,1027 1135,1026 1159,1031 1167,1031 1178,1024 1186,1028 1194,1025 1205,1036 1211,1036 1222,1028 1234,1039 1246,1042 1274,1042 1286,1049 1294,1049 1302,1043 1346,1041 1355,1033 1361,1033 1379,1048 1388,1048 1390,1036 1393,1034 1402,1034 1409,1040 1421,1040 1421,986 1412,982 1398,982 1392,987 1367,990 1239,990 1232,986 1232,979 1225,975 1217,977 1212,982 1213,987 1158,983 1156,981 1160,977 1154,969 1132,975 1125,969 1115,968 1109,974 1109,978 1036,968 1006,967 1001,972 993,973 988,973 980,967 968,967 962,972 951,972 928,970 920,966 876,968 871,964 842,968 842,961 837,957"/>
        <Baseline points="450,1017 885,1007 1129,1016 1285,1032 1421,1031"/>
        <Word id="region0001_line0010_word0000" custom="readingOrder {index:0;}">
          <Coords points="515,969 505,975 486,974 482,969 459,970 459,1021 525,1021 527,1019 533,1019 535,1021 585,1021 585,972 568,975 542,975 526,969"/>
          <TextEquiv conf="0.9317259">
            <Unicode>halten</Unicode>
          </TextEquiv>
        </Word>
        <Word id="region0001_line0010_word0001" custom="readingOrder {index:1;}">
          <Coords points="775,1016 775,970 738,972 737,964 730,960 722,960 716,965 715,972 703,973 658,972 652,965 620,967 612,962 606,962 606,1016 661,1016 672,1016"/>
          <TextEquiv conf="0.91806173">
            <Unicode>koͤnnen;</Unicode>
          </TextEquiv>
        </Word>
        <Word id="region0001_line0010_word0002" custom="readingOrder {index:2;}">
          <Coords points="808,1008 884,1008 884,967 876,968 871,964 842,968 842,961 837,957 823,956 816,963 819,969 808,969"/>
          <TextEquiv conf="0.9281592">
            <Unicode>und</Unicode>
          </TextEquiv>
        </Word>
        <Word id="region0001_line0010_word0003" custom="readingOrder {index:3;}">
          <Coords points="911,971 911,1010 984,1010 984,971 963,971 962,972 951,972 939,971"/>
          <TextEquiv conf="0.9308382">
            <Unicode>das</Unicode>
          </TextEquiv>
        </Word>
        <Word id="region0001_line0010_word0004" custom="readingOrder {index:4;}">
          <Coords points="1005,967 1005,968 1005,1018 1055,1019 1055,970 1036,968 1007,967"/>
          <TextEquiv conf="0.92917717">
            <Unicode>iſt</Unicode>
          </TextEquiv>
        </Word>
        <Word id="region0001_line0010_word0005" custom="readingOrder {index:5;}">
          <Coords points="1072,1010 1153,1010 1153,969 1132,975 1125,969 1115,968 1109,974 1109,978 1072,972"/>
          <TextEquiv conf="0.92033297">
            <Unicode>das</Unicode>
          </TextEquiv>
        </Word>
        <Word id="region0001_line0010_word0006" custom="readingOrder {index:6;}">
          <Coords points="1170,1020 1302,1020 1302,990 1239,990 1232,986 1232,979 1225,975 1217,977 1212,982 1213,987 1170,983"/>
          <TextEquiv conf="0.92459">
            <Unicode>andre,</Unicode>
          </TextEquiv>
        </Word>
        <Word id="region0001_line0010_word0007" custom="readingOrder {index:7;}">
          <Coords points="1328,1018 1416,1018 1416,983 1412,982 1398,982 1392,987 1367,990 1328,990"/>
          <TextEquiv conf="0.91814876">
            <Unicode>was</Unicode>
          </TextEquiv>
        </Word>
        <TextEquiv conf="0.92512923">
          <Unicode>halten koͤnnen; und das iſt das andre, was</Unicode>
        </TextEquiv>
      </TextLine>
      <TextLine id="region0001_line0011" custom="readingOrder {index:10;}">
        <Coords points="661,1017 654,1022 653,1028 645,1029 627,1029 625,1023 608,1021 595,1024 591,1029 540,1033 541,1027 535,1021 527,1020 520,1027 522,1033 513,1033 512,1028 507,1025 485,1028 481,1034 473,1031 455,1031 450,1036 450,1084 484,1085 486,1092 492,1096 502,1096 515,1085 557,1081 585,1081 600,1090 613,1090 622,1081 653,1080 657,1083 666,1083 671,1078 746,1077 820,1079 834,1088 849,1087 857,1080 899,1080 915,1082 926,1094 937,1093 946,1083 975,1084 983,1094 996,1094 1005,1085 1028,1085 1035,1093 1047,1093 1062,1086 1071,1086 1077,1095 1100,1091 1105,1087 1115,1088 1123,1095 1132,1095 1137,1091 1147,1091 1151,1088 1218,1093 1292,1093 1297,1088 1297,1064 1294,1060 1272,1058 1270,1049 1263,1045 1231,1042 1231,1035 1222,1029 1212,1035 1212,1040 1204,1040 1203,1033 1197,1027 1186,1029 1181,1025 1174,1026 1164,1035 1145,1034 1143,1030 1135,1027 1121,1028 1113,1033 1071,1034 1075,1026 1069,1020 1058,1021 1053,1026 1055,1034 1040,1034 1039,1027 1034,1024 1015,1031 1000,1032 931,1028 835,1028 830,1019 816,1020 812,1028 715,1027 696,1019 684,1020 679,1024 672,1017"/>
        <Baseline points="450,1075 781,1067 1297,1084"/>
        <Word id="region0001_line0011_word0000" custom="readingOrder {index:0;}">
          <Coords points="459,1031 459,1084 484,1085 484,1087 512,1087 515,1085 516,1084 516,1033 513,1033 512,1031 483,1031 481,1034 473,1031"/>
          <TextEquiv conf="0.9259668">
            <Unicode>ich</Unicode>
          </TextEquiv>
        </Word>
        <Word id="word_1658212827683_1485" custom="readingOrder {index:1;}">
          <Coords points="529,1021 535,1021 541,1027 540,1033 591,1029 595,1024 608,1021 625,1023 627,1029 630,1029 630,1080 622,1081 619,1084 590,1084 585,1081 557,1081 529,1083"/>
          <TextEquiv conf="0.92863333">
            <Unicode>noch</Unicode>
          </TextEquiv>
        </Word>
        <Word id="region0001_line0011_word0002" custom="readingOrder {index:2;}">
          <Coords points="661,1017 654,1022 653,1028 653,1080 657,1083 666,1083 671,1078 719,1077 719,1027 715,1027 696,1019 684,1020 679,1024 672,1017"/>
          <TextEquiv conf="0.93137765">
            <Unicode>mit</Unicode>
          </TextEquiv>
        </Word>
        <Word id="region0001_line0011_word0003" custom="readingOrder {index:3;}">
          <Coords points="911,1029 733,1029 733,1077 746,1077 820,1079 824,1082 854,1082 857,1080 899,1080 911,1081"/>
          <TextEquiv conf="0.9190947">
            <Unicode>wenigem</Unicode>
          </TextEquiv>
        </Word>
        <Word id="region0001_line0011_word0004" custom="readingOrder {index:4;}">
          <Coords points="969,1037 925,1037 925,1085 944,1085 946,1083 969,1083"/>
          <TextEquiv conf="0.9190947">
            <Unicode>zu</Unicode>
          </TextEquiv>
        </Word>
        <Word id="region0001_line0011_word0005" custom="readingOrder {index:5;}">
          <Coords points="983,1084 1102,1085 1102,1033 1071,1034 1075,1026 1069,1020 1058,1021 1053,1026 1055,1034 1040,1034 1039,1027 1034,1024 1015,1031 1000,1032 983,1031"/>
          <TextEquiv conf="0.9259342">
            <Unicode>zeigen</Unicode>
          </TextEquiv>
        </Word>
        <Word id="region0001_line0011_word0006" custom="readingOrder {index:6;}">
          <Coords points="1121,1083 1255,1083 1255,1044 1231,1042 1231,1035 1222,1029 1212,1035 1212,1040 1204,1040 1203,1033 1197,1027 1186,1029 1181,1025 1174,1026 1164,1035 1145,1034 1143,1030 1135,1027 1121,1028"/>
          <TextEquiv conf="0.92688346">
            <Unicode>habe.</Unicode>
          </TextEquiv>
        </Word>
        <TextEquiv conf="0.92528355">
          <Unicode>ich noch mit wenigem zu zeigen habe.</Unicode>
        </TextEquiv>
      </TextLine>
      <TextEquiv>
        <Unicode>eine Zweifelſucht, eine unordentliche und un⸗&#13;
erlaubte Begierde, Einwendungen zu machen,&#13;
nennen kann. Wenn wir aber auch nun der⸗&#13;
gleichen Schwuͤrigkeiten an ſich ſelbſt betrach⸗&#13;
ten, ohne weiter auf ihre Quellen zu ſehen,&#13;
wenn wir erwaͤgen, was vernuͤnftiger Weiſe&#13;
daraus folge, ſo werden wir ſehr bald finden,&#13;
daß ſie keinen Menſchen mit einigem Rechte&#13;
vom Glauben und von der Gottſeligkeit ab⸗&#13;
halten koͤnnen; und das iſt das andre, was&#13;
ich noch mit wenigem zu zeigen habe.</Unicode>
      </TextEquiv>
    </TextRegion>
    <TextRegion orientation="-0.07372813" readingDirection="left-to-right" id="region0002" custom="readingOrder {index:2;}">
      <Coords points="453,1130 1435,1130 1431,2089 449,2089"/>
      <TextLine id="region0002_line0001" custom="readingOrder {index:0;}">
        <Coords points="503,1130 500,1134 500,1170 510,1176 510,1183 514,1188 527,1190 632,1190 636,1193 660,1193 663,1190 774,1190 817,1192 831,1200 841,1193 874,1193 914,1195 917,1201 931,1203 936,1202 941,1196 956,1195 962,1203 973,1203 985,1196 998,1193 1082,1194 1098,1190 1107,1195 1131,1197 1133,1204 1139,1206 1151,1205 1155,1198 1232,1200 1239,1207 1246,1209 1252,1208 1257,1202 1352,1202 1366,1203 1376,1210 1386,1203 1435,1204 1435,1158 1429,1157 1428,1146 1415,1140 1379,1143 1374,1139 1377,1131 1357,1131 1358,1137 1362,1140 1350,1147 1340,1146 1338,1138 1334,1135 1324,1135 1318,1140 1316,1151 1295,1149 1291,1146 1271,1147 1267,1140 1258,1138 1247,1138 1237,1147 1231,1148 1173,1144 1168,1137 1158,1135 1145,1135 1135,1144 1093,1143 1084,1137 1085,1131 1038,1130 1026,1143 989,1145 906,1144 897,1134 883,1134 865,1142 860,1134 847,1133 843,1136 841,1130 822,1130 821,1134 812,1138 778,1134 772,1139 765,1140 699,1139 694,1134 680,1137 678,1130"/>
        <Baseline points="510,1179 1435,1192"/>
        <Word id="region0002_line0001_word0000" custom="readingOrder {index:0;}">
          <Coords points="696,1144 580,1144 580,1190 632,1190 636,1193 660,1193 663,1190 696,1190"/>
          <TextEquiv>
            <Unicode>Laſſet</Unicode>
          </TextEquiv>
        </Word>
        <Word id="region0002_line0001_word0001" custom="readingOrder {index:1;}">
          <Coords points="718,1148 795,1148 795,1190 718,1190"/>
          <TextEquiv conf="0.9304971">
            <Unicode>uns</Unicode>
          </TextEquiv>
        </Word>
        <Word id="region0002_line0001_word0002" custom="readingOrder {index:2;}">
          <Coords points="820,1144 820,1193 831,1200 841,1193 874,1193 914,1195 916,1200 937,1200 941,1196 943,1195 943,1144 906,1144"/>
          <TextEquiv conf="0.92621726">
            <Unicode>hiebey</Unicode>
          </TextEquiv>
        </Word>
        <Word id="region0002_line0001_word0003" custom="readingOrder {index:3;}">
          <Coords points="1034,1133 1026,1143 989,1145 963,1144 963,1200 978,1200 985,1196 998,1193 1082,1194 1098,1190 1107,1195 1131,1197 1132,1200 1153,1200 1155,1198 1167,1198 1167,1136 1158,1135 1145,1135 1135,1144 1093,1143 1084,1137 1084,1133"/>
          <TextEquiv conf="0.9225655">
            <Unicode>zuvoͤrderſt</Unicode>
          </TextEquiv>
        </Word>
        <Word id="region0002_line0001_word0004" custom="readingOrder {index:4;}">
          <Coords points="1262,1199 1262,1145 1239,1145 1237,1147 1231,1148 1188,1145 1188,1198 1193,1199"/>
          <TextEquiv conf="0.9325936">
            <Unicode>auf</Unicode>
          </TextEquiv>
        </Word>
        <Word id="region0002_line0001_word0005" custom="readingOrder {index:5;}">
          <Coords points="1318,1140 1316,1151 1295,1149 1291,1146 1281,1146 1281,1192 1353,1192 1353,1145 1350,1147 1340,1146 1338,1140"/>
          <TextEquiv conf="0.93236303">
            <Unicode>das</Unicode>
          </TextEquiv>
        </Word>
        <Word id="region0002_line0001_word0006" custom="readingOrder {index:6;}">
          <Coords points="1365,1144 1416,1144 1416,1201 1365,1201"/>
          <TextEquiv conf="0.8946607">
            <Unicode>ſe⸗</Unicode>
          </TextEquiv>
        </Word>
        <TextEquiv>
          <Unicode>Laſſet uns hiebey zuvoͤrderſt auf das ſe⸗</Unicode>
        </TextEquiv>
      </TextLine>
      <TextLine id="region0002_line0002" custom="readingOrder {index:1;}">
        <Coords points="468,1188 464,1191 454,1191 454,1248 466,1254 487,1248 527,1247 537,1257 548,1257 554,1249 615,1248 769,1254 797,1251 877,1251 886,1257 896,1250 907,1249 926,1252 993,1253 1018,1250 1030,1254 1039,1246 1045,1245 1054,1254 1168,1259 1174,1260 1181,1268 1192,1270 1202,1269 1212,1261 1221,1260 1337,1262 1366,1265 1372,1273 1385,1274 1388,1272 1388,1265 1394,1259 1399,1259 1403,1263 1415,1259 1423,1268 1435,1268 1435,1207 1406,1207 1402,1204 1386,1204 1377,1211 1366,1204 1361,1204 1356,1211 1342,1211 1340,1204 1335,1202 1319,1203 1308,1211 1246,1210 1238,1208 1233,1203 1222,1203 1215,1208 1139,1207 1126,1205 1121,1198 1109,1197 1098,1191 1081,1195 1079,1201 1075,1198 1061,1198 1049,1202 1031,1199 1025,1194 998,1194 973,1204 962,1204 956,1196 943,1197 940,1203 933,1204 916,1201 858,1203 831,1201 817,1193 791,1198 777,1192 767,1192 758,1198 726,1200 688,1198 684,1195 663,1198 659,1194 647,1192 638,1194 635,1198 624,1199 583,1196 519,1198 487,1192 482,1188"/>
        <Baseline points="454,1237 1026,1241 1435,1256"/>
        <Word id="region0002_line0002_word0000" custom="readingOrder {index:0;}">
          <Coords points="553,1200 460,1200 460,1251 464,1253 469,1253 487,1248 527,1247 533,1253 551,1253 553,1250"/>
          <TextEquiv conf="0.93241775">
            <Unicode>hen,</Unicode>
          </TextEquiv>
        </Word>
        <Word id="region0002_line0002_word0001" custom="readingOrder {index:1;}">
          <Coords points="572,1203 658,1203 658,1244 572,1244"/>
          <TextEquiv conf="0.9272995">
            <Unicode>was</Unicode>
          </TextEquiv>
        </Word>
        <Word id="region0002_line0002_word0002" custom="readingOrder {index:2;}">
          <Coords points="674,1206 744,1206 744,1246 674,1246"/>
          <TextEquiv conf="0.9300088">
            <Unicode>das</Unicode>
          </TextEquiv>
        </Word>
        <Word id="region0002_line0002_word0003" custom="readingOrder {index:3;}">
          <Coords points="759,1202 759,1247 900,1247 900,1202 858,1203 844,1202"/>
          <TextEquiv conf="0.9205905">
            <Unicode>Leben,</Unicode>
          </TextEquiv>
        </Word>
        <Word id="region0002_line0002_word0004" custom="readingOrder {index:4;}">
          <Coords points="920,1204 975,1204 975,1244 920,1244"/>
          <TextEquiv conf="0.9267056">
            <Unicode>die</Unicode>
          </TextEquiv>
        </Word>
        <Word id="region0002_line0002_word0005" custom="readingOrder {index:5;}">
          <Coords points="1087,1193 1081,1195 1079,1201 1075,1198 1061,1198 1049,1202 1031,1199 1025,1194 998,1194 989,1197 989,1252 993,1253 1018,1250 1030,1254 1039,1246 1045,1245 1054,1254 1112,1256 1206,1257 1206,1207 1139,1207 1126,1205 1121,1198 1109,1197 1102,1193"/>
          <TextEquiv conf="0.9296485">
            <Unicode>Ausuͤbung</Unicode>
          </TextEquiv>
        </Word>
        <Word id="region0002_line0002_word0006" custom="readingOrder {index:6;}">
          <Coords points="1222,1206 1222,1247 1284,1247 1284,1210 1246,1210 1238,1208 1236,1206"/>
          <TextEquiv conf="0.9315692">
            <Unicode>der</Unicode>
          </TextEquiv>
        </Word>
        <Word id="region0002_line0002_word0007" custom="readingOrder {index:7;}">
          <Coords points="1430,1259 1430,1207 1406,1207 1402,1204 1386,1204 1377,1211 1366,1204 1361,1204 1356,1211 1342,1211 1340,1204 1335,1202 1319,1203 1308,1211 1301,1210 1301,1259 1394,1259 1399,1259 1415,1259"/>
          <TextEquiv>
            <Unicode>chriſt⸗</Unicode>
          </TextEquiv>
        </Word>
        <TextEquiv>
          <Unicode>hen, was das Leben, die Ausuͤbung der chriſt⸗</Unicode>
        </TextEquiv>
      </TextLine>
      <TextLine id="region0002_line0003" custom="readingOrder {index:2;}">
        <Coords points="1042,1246 1030,1255 1010,1251 1001,1254 960,1253 927,1257 919,1250 907,1250 896,1251 886,1258 873,1252 865,1259 848,1259 844,1256 815,1259 812,1253 797,1252 786,1254 780,1259 734,1257 729,1260 693,1262 674,1262 653,1252 623,1249 588,1251 556,1258 534,1257 532,1251 527,1248 504,1249 498,1255 493,1250 469,1255 457,1252 454,1254 454,1309 504,1310 508,1318 515,1320 523,1319 531,1310 556,1309 627,1310 635,1313 658,1313 666,1320 679,1320 690,1308 699,1313 705,1310 856,1310 879,1307 885,1318 891,1318 909,1315 913,1310 929,1313 934,1310 975,1307 976,1311 983,1315 1018,1320 1052,1315 1062,1324 1076,1313 1095,1312 1102,1318 1141,1316 1149,1322 1162,1317 1179,1319 1194,1316 1199,1321 1245,1323 1246,1328 1250,1329 1272,1324 1312,1322 1366,1326 1402,1323 1417,1327 1435,1326 1435,1275 1401,1274 1420,1272 1422,1268 1415,1260 1403,1264 1399,1260 1394,1260 1389,1265 1392,1275 1365,1274 1361,1266 1342,1266 1337,1263 1317,1263 1312,1271 1293,1271 1288,1267 1269,1270 1267,1264 1261,1261 1250,1262 1242,1270 1239,1269 1237,1262 1221,1261 1217,1263 1214,1271 1192,1271 1150,1267 1148,1261 1142,1257 1131,1257 1127,1260 1123,1257 1111,1257 1100,1261 1081,1260 1069,1254 1054,1255"/>
        <Baseline points="454,1299 963,1297 1002,1307 1435,1315"/>
        <Word id="region0002_line0003_word0000" custom="readingOrder {index:0;}">
          <Coords points="577,1260 460,1260 460,1309 504,1310 507,1317 524,1317 531,1310 556,1309 577,1309"/>
          <TextEquiv conf="0.93133575">
            <Unicode>lichen</Unicode>
          </TextEquiv>
        </Word>
        <Word id="region0002_line0003_word0001" custom="readingOrder {index:1;}">
          <Coords points="602,1260 602,1309 627,1310 635,1313 658,1313 663,1318 680,1318 690,1308 699,1313 705,1310 758,1310 758,1260 729,1260 693,1262 674,1262 669,1260"/>
          <TextEquiv conf="0.9326557">
            <Unicode>Tugend</Unicode>
          </TextEquiv>
        </Word>
        <Word id="region0002_line0003_word0002" custom="readingOrder {index:2;}">
          <Coords points="941,1261 788,1261 788,1310 856,1310 879,1307 883,1315 909,1315 913,1310 929,1313 934,1310 941,1309"/>
          <TextEquiv conf="0.9312671">
            <Unicode>betrifft.</Unicode>
          </TextEquiv>
        </Word>
        <Word id="region0002_line0003_word0003" custom="readingOrder {index:3;}">
          <Coords points="1038,1248 1030,1255 1010,1251 1001,1254 1000,1253 1000,1317 1018,1320 1052,1315 1058,1320 1066,1320 1076,1313 1078,1312 1078,1258 1069,1254 1054,1255 1045,1248"/>
          <TextEquiv conf="0.9305965">
            <Unicode>Jch</Unicode>
          </TextEquiv>
        </Word>
        <Word id="region0002_line0003_word0004" custom="readingOrder {index:4;}">
          <Coords points="1105,1262 1105,1310 1167,1310 1167,1268 1150,1267 1148,1262"/>
          <TextEquiv conf="0.92782396">
            <Unicode>bin</Unicode>
          </TextEquiv>
        </Word>
        <Word id="region0002_line0003_word0005" custom="readingOrder {index:5;}">
          <Coords points="1219,1262 1217,1263 1214,1271 1192,1271 1192,1316 1194,1316 1196,1318 1290,1318 1290,1268 1288,1267 1269,1270 1267,1264 1263,1262 1250,1262 1242,1270 1239,1269 1237,1262"/>
          <TextEquiv conf="0.9313072">
            <Unicode>nicht</Unicode>
          </TextEquiv>
        </Word>
        <Word id="region0002_line0003_word0006" custom="readingOrder {index:6;}">
          <Coords points="1419,1264 1415,1260 1403,1264 1399,1260 1394,1260 1389,1265 1392,1275 1365,1274 1361,1266 1342,1266 1337,1263 1317,1263 1312,1271 1312,1313 1419,1313 1419,1274 1401,1274 1419,1272"/>
          <TextEquiv>
            <Unicode>uͤber⸗</Unicode>
          </TextEquiv>
        </Word>
        <TextEquiv>
          <Unicode>lichen Tugend betrifft. Jch bin nicht uͤber⸗</Unicode>
        </TextEquiv>
      </TextLine>
      <TextLine id="region0002_line0004" custom="readingOrder {index:3;}">
        <Coords points="865,1308 853,1311 850,1317 789,1320 727,1320 725,1313 719,1311 705,1311 699,1314 692,1309 685,1312 679,1321 657,1322 634,1322 632,1313 627,1311 606,1311 600,1320 568,1320 563,1315 554,1315 548,1320 515,1321 466,1315 454,1318 454,1374 461,1378 480,1368 490,1371 516,1370 522,1377 536,1380 550,1372 565,1374 568,1378 575,1379 585,1374 611,1375 633,1371 638,1377 657,1379 662,1378 670,1369 697,1370 703,1373 716,1370 726,1375 729,1371 854,1367 856,1373 861,1376 870,1375 882,1368 940,1368 949,1374 1034,1374 1048,1384 1054,1378 1060,1379 1063,1385 1072,1388 1082,1386 1088,1380 1093,1384 1116,1380 1143,1380 1151,1381 1153,1387 1159,1390 1172,1389 1180,1382 1195,1383 1197,1389 1207,1391 1217,1377 1223,1377 1230,1383 1264,1384 1292,1387 1296,1390 1355,1386 1361,1381 1389,1381 1397,1385 1404,1381 1413,1381 1420,1385 1435,1385 1435,1334 1419,1334 1418,1328 1404,1324 1388,1326 1384,1334 1351,1333 1316,1323 1275,1330 1265,1327 1241,1331 1225,1328 1219,1322 1207,1321 1200,1324 1194,1317 1179,1320 1162,1318 1147,1325 1145,1319 1132,1317 1121,1327 1102,1325 1101,1318 1095,1313 1076,1314 1062,1325 1052,1316 1042,1316 1032,1322 983,1316 970,1310 919,1313 885,1319 879,1308"/>
        <Baseline points="454,1361 926,1357 1101,1370 1435,1374"/>
        <Word id="region0002_line0004_word0000" custom="readingOrder {index:0;}">
          <Coords points="585,1326 460,1326 460,1375 466,1375 480,1368 490,1371 516,1370 520,1375 544,1375 550,1372 565,1374 565,1375 583,1375 585,1374"/>
          <TextEquiv conf="0.92568505">
            <Unicode>zeugt,</Unicode>
          </TextEquiv>
        </Word>
        <Word id="word_1658212875613_1514" custom="readingOrder {index:1;}">
          <Coords points="605,1317 632,1317 634,1322 657,1322 679,1321 681,1317 691,1317 691,1369 670,1369 664,1375 636,1375 633,1371 611,1375 605,1374"/>
          <TextEquiv conf="0.9183048">
            <Unicode>ſagt</Unicode>
          </TextEquiv>
        </Word>
        <Word id="region0002_line0004_word0002" custom="readingOrder {index:2;}">
          <Coords points="751,1320 727,1320 725,1313 719,1311 707,1311 707,1372 716,1370 726,1375 729,1371 751,1370"/>
          <TextEquiv conf="0.87951636">
            <Unicode>ſo</Unicode>
          </TextEquiv>
        </Word>
        <Word id="region0002_line0004_word0003" custom="readingOrder {index:3;}">
          <Coords points="752,1320 752,1370 854,1367 856,1373 859,1375 870,1375 882,1368 923,1368 923,1320 789,1320"/>
          <TextEquiv conf="0.9286687">
            <Unicode>mancher</Unicode>
          </TextEquiv>
        </Word>
        <Word id="region0002_line0004_word0004" custom="readingOrder {index:4;}">
          <Coords points="938,1316 938,1368 940,1368 949,1374 1034,1374 1046,1382 1049,1382 1054,1378 1060,1379 1061,1382 1085,1382 1088,1380 1091,1382 1099,1382 1111,1380 1111,1325 1102,1325 1101,1318 1099,1316 1072,1316 1062,1325 1052,1316 1041,1316 1032,1322 985,1316"/>
          <TextEquiv conf="0.9251945">
            <Unicode>Menſch;</Unicode>
          </TextEquiv>
        </Word>
        <Word id="region0002_line0004_word0005" custom="readingOrder {index:5;}">
          <Coords points="1188,1318 1179,1320 1162,1318 1147,1325 1145,1319 1132,1317 1127,1321 1127,1380 1143,1380 1151,1381 1153,1387 1174,1387 1180,1382 1188,1382"/>
          <TextEquiv conf="0.9300539">
            <Unicode>ich</Unicode>
          </TextEquiv>
        </Word>
        <Word id="region0002_line0004_word0006" custom="readingOrder {index:6;}">
          <Coords points="1189,1318 1185,1318 1185,1380 1214,1380 1217,1377 1223,1377 1226,1380 1290,1380 1290,1327 1275,1330 1265,1327 1241,1331 1225,1328 1219,1322 1207,1321 1200,1324 1194,1318"/>
          <TextEquiv conf="0.9320934">
            <Unicode>habe</Unicode>
          </TextEquiv>
        </Word>
        <Word id="region0002_line0004_word0007" custom="readingOrder {index:7;}">
          <Coords points="1298,1376 1419,1376 1419,1334 1418,1328 1404,1324 1388,1326 1384,1334 1351,1333 1316,1323 1298,1326"/>
          <TextEquiv conf="0.8966651">
            <Unicode>Zwei⸗</Unicode>
          </TextEquiv>
        </Word>
        <TextEquiv conf="0.9170227">
          <Unicode>zeugt, ſagt ſo mancher Menſch; ich habe Zwei⸗</Unicode>
        </TextEquiv>
      </TextLine>
      <TextLine id="region0002_line0005" custom="readingOrder {index:4;}">
        <Coords points="480,1369 461,1379 454,1378 454,1430 465,1434 475,1434 481,1430 563,1429 571,1423 578,1423 584,1429 602,1428 608,1431 640,1427 660,1429 662,1432 689,1429 698,1438 708,1438 724,1425 735,1425 740,1429 763,1425 781,1433 794,1433 802,1427 809,1426 867,1426 915,1433 927,1425 935,1433 1051,1438 1056,1438 1058,1432 1064,1428 1074,1437 1094,1433 1100,1439 1111,1439 1116,1445 1122,1446 1132,1445 1138,1440 1178,1438 1280,1441 1306,1438 1311,1441 1336,1441 1344,1435 1366,1439 1377,1436 1385,1444 1400,1450 1414,1445 1435,1445 1435,1395 1421,1393 1420,1386 1413,1382 1404,1382 1397,1386 1389,1382 1361,1382 1355,1387 1354,1392 1306,1392 1280,1390 1273,1386 1260,1389 1231,1389 1226,1380 1217,1378 1210,1390 1205,1392 1188,1389 1159,1391 1119,1388 1115,1383 1092,1384 1089,1388 1072,1389 1048,1385 1034,1375 1023,1375 1015,1382 1004,1382 972,1373 949,1375 940,1369 879,1370 867,1377 838,1376 832,1370 822,1370 815,1376 731,1379 726,1379 725,1375 716,1371 703,1374 697,1371 670,1370 662,1379 657,1380 645,1380 622,1373 600,1375 596,1378 559,1380 557,1375 550,1373 536,1381 526,1380 516,1371 501,1371 494,1375"/>
        <Baseline points="454,1419 848,1415 1435,1434"/>
        <Word id="region0002_line0005_word0000" custom="readingOrder {index:0;}">
          <Coords points="514,1379 461,1379 461,1432 465,1434 475,1434 481,1430 514,1429"/>
          <TextEquiv conf="0.93103004">
            <Unicode>fel</Unicode>
          </TextEquiv>
        </Word>
        <Word id="region0002_line0005_word0001" custom="readingOrder {index:1;}">
          <Coords points="581,1385 539,1385 539,1427 565,1427 571,1423 578,1423 581,1426"/>
          <TextEquiv conf="0.93283725">
            <Unicode>in</Unicode>
          </TextEquiv>
        </Word>
        <Word id="region0002_line0005_word0002" custom="readingOrder {index:2;}">
          <Coords points="602,1377 602,1428 608,1431 640,1427 660,1429 662,1432 689,1429 695,1435 711,1435 724,1425 735,1425 740,1429 763,1425 781,1433 794,1433 798,1430 798,1377 787,1377 731,1379 726,1379 725,1377 663,1377 662,1379 657,1380 645,1380 635,1377"/>
          <TextEquiv conf="0.9214955">
            <Unicode>Anſehung</Unicode>
          </TextEquiv>
        </Word>
        <Word id="region0002_line0005_word0003" custom="readingOrder {index:3;}">
          <Coords points="823,1385 887,1385 887,1426 823,1426"/>
          <TextEquiv conf="0.9317392">
            <Unicode>des</Unicode>
          </TextEquiv>
        </Word>
        <Word id="region0002_line0005_word0004" custom="readingOrder {index:4;}">
          <Coords points="912,1379 912,1432 915,1433 927,1425 935,1433 963,1434 1057,1434 1058,1432 1064,1428 1071,1434 1085,1434 1094,1433 1095,1434 1134,1435 1134,1389 1119,1388 1115,1383 1092,1384 1089,1388 1072,1389 1048,1385 1040,1379 1017,1379 1015,1382 1004,1382 994,1379"/>
          <TextEquiv conf="0.9237692">
            <Unicode>Glaubens;</Unicode>
          </TextEquiv>
        </Word>
        <Word id="region0002_line0005_word0005" custom="readingOrder {index:5;}">
          <Coords points="1165,1429 1241,1429 1241,1389 1231,1389 1226,1380 1217,1378 1210,1390 1205,1392 1188,1389 1165,1390"/>
          <TextEquiv conf="0.93013877">
            <Unicode>und</Unicode>
          </TextEquiv>
        </Word>
        <Word id="region0002_line0005_word0006" custom="readingOrder {index:6;}">
          <Coords points="1265,1434 1416,1434 1416,1383 1413,1382 1404,1382 1397,1386 1389,1382 1361,1382 1355,1387 1354,1392 1306,1392 1280,1390 1273,1386 1265,1387"/>
          <TextEquiv conf="0.8837995">
            <Unicode>darum,</Unicode>
          </TextEquiv>
        </Word>
        <TextEquiv conf="0.9221156">
          <Unicode>fel in Anſehung des Glaubens; und darum,</Unicode>
        </TextEquiv>
      </TextLine>
      <TextLine id="region0002_line0006" custom="readingOrder {index:5;}">
        <Coords points="571,1424 563,1430 561,1436 550,1437 541,1437 535,1432 522,1432 514,1438 455,1433 454,1488 520,1489 528,1481 532,1481 540,1487 574,1486 582,1493 602,1488 627,1488 630,1492 638,1493 660,1488 718,1490 748,1485 755,1491 778,1483 804,1483 817,1493 841,1491 844,1488 881,1489 923,1494 938,1501 953,1498 967,1500 972,1496 996,1494 1062,1496 1071,1495 1080,1488 1084,1488 1091,1495 1111,1493 1172,1496 1192,1495 1200,1489 1207,1489 1212,1493 1227,1496 1285,1499 1287,1504 1293,1506 1325,1498 1435,1496 1435,1450 1385,1449 1385,1445 1377,1437 1366,1440 1344,1436 1336,1442 1336,1447 1314,1447 1313,1443 1306,1439 1287,1441 1283,1446 1279,1441 1264,1440 1258,1447 1215,1447 1211,1440 1178,1439 1170,1440 1163,1445 1122,1447 1100,1446 1100,1440 1094,1434 1086,1434 1079,1438 1079,1446 1049,1446 1019,1443 1014,1439 1004,1439 996,1443 933,1441 935,1434 927,1426 915,1434 916,1440 826,1436 821,1427 802,1428 794,1434 781,1434 763,1426 742,1430 735,1426 724,1426 718,1430 717,1438 684,1440 681,1431 662,1433 661,1436 658,1430 640,1428 629,1435 611,1434 602,1429 584,1430 578,1424"/>
        <Baseline points="454,1477 791,1474 949,1484 1435,1486"/>
        <Word id="region0002_line0006_word0000" custom="readingOrder {index:0;}">
          <Coords points="538,1483 538,1442 459,1442 459,1483 526,1483 528,1481 532,1481 534,1483"/>
          <TextEquiv conf="0.9312835">
            <Unicode>das</Unicode>
          </TextEquiv>
        </Word>
        <Word id="region0002_line0006_word0001" custom="readingOrder {index:1;}">
          <Coords points="567,1427 564,1429 564,1486 574,1486 579,1491 590,1491 602,1488 606,1488 606,1431 602,1429 584,1430 581,1427"/>
          <TextEquiv conf="0.93098104">
            <Unicode>iſt</Unicode>
          </TextEquiv>
        </Word>
        <Word id="region0002_line0006_word0002" custom="readingOrder {index:2;}">
          <Coords points="633,1432 632,1433 632,1491 646,1491 660,1488 718,1490 732,1487 732,1432 717,1432 717,1438 684,1440 681,1432 671,1432 662,1433 661,1436 659,1432"/>
          <TextEquiv conf="0.929224">
            <Unicode>ſeine</Unicode>
          </TextEquiv>
        </Word>
        <Word id="region0002_line0006_word0003" custom="readingOrder {index:3;}">
          <Coords points="973,1490 973,1442 933,1441 935,1434 927,1426 915,1434 916,1440 826,1436 821,1427 802,1428 794,1434 781,1434 763,1426 743,1429 743,1485 748,1485 753,1490 757,1490 778,1483 804,1483 813,1490 842,1490 844,1488 881,1489 889,1490"/>
          <TextEquiv conf="0.92835677">
            <Unicode>Folgerung,</Unicode>
          </TextEquiv>
        </Word>
        <Word id="region0002_line0006_word0004" custom="readingOrder {index:4;}">
          <Coords points="1004,1482 1138,1483 1138,1446 1122,1447 1100,1446 1100,1440 1094,1434 1086,1434 1079,1438 1079,1446 1049,1446 1019,1443 1014,1439 1004,1439"/>
          <TextEquiv conf="0.92852575">
            <Unicode>darum</Unicode>
          </TextEquiv>
        </Word>
        <Word id="region0002_line0006_word0005" custom="readingOrder {index:5;}">
          <Coords points="1165,1481 1235,1481 1235,1447 1215,1447 1211,1440 1178,1439 1170,1440 1165,1443"/>
          <TextEquiv conf="0.9238333">
            <Unicode>bin</Unicode>
          </TextEquiv>
        </Word>
        <Word id="region0002_line0006_word0006" custom="readingOrder {index:6;}">
          <Coords points="1264,1493 1315,1493 1315,1447 1314,1447 1313,1443 1306,1439 1287,1441 1283,1446 1279,1441 1264,1440"/>
          <TextEquiv conf="0.9272541">
            <Unicode>ich</Unicode>
          </TextEquiv>
        </Word>
        <Word id="region0002_line0006_word0007" custom="readingOrder {index:7;}">
          <Coords points="1338,1482 1418,1482 1418,1449 1385,1449 1385,1445 1377,1437 1366,1440 1344,1436 1338,1440"/>
          <TextEquiv conf="0.8855443">
            <Unicode>von</Unicode>
          </TextEquiv>
        </Word>
        <TextEquiv conf="0.9231253">
          <Unicode>das iſt ſeine Folgerung, darum bin ich von</Unicode>
        </TextEquiv>
      </TextLine>
      <TextLine id="region0002_line0007" custom="readingOrder {index:6;}">
        <Coords points="528,1482 519,1492 509,1495 479,1494 475,1491 454,1494 453,1547 561,1546 570,1549 661,1548 685,1547 692,1544 753,1545 755,1553 762,1554 775,1546 809,1543 814,1546 831,1547 886,1547 930,1554 1003,1554 1010,1561 1019,1561 1026,1554 1051,1548 1059,1555 1077,1555 1082,1561 1093,1564 1108,1560 1110,1554 1119,1549 1142,1554 1188,1552 1202,1563 1210,1562 1214,1555 1245,1557 1252,1565 1262,1565 1270,1559 1293,1564 1300,1559 1319,1557 1377,1553 1434,1554 1435,1504 1343,1504 1339,1501 1300,1507 1227,1504 1225,1496 1212,1494 1207,1490 1196,1492 1192,1496 1194,1503 1131,1504 1127,1496 1111,1494 1095,1496 1094,1503 1084,1489 1059,1499 996,1495 967,1501 938,1502 923,1495 910,1499 854,1496 839,1491 817,1494 804,1484 785,1487 778,1484 755,1492 748,1486 724,1488 709,1494 694,1491 687,1495 671,1496 665,1490 653,1490 638,1494 627,1491 616,1495 601,1490 582,1494 574,1487 540,1488"/>
        <Baseline points="453,1536 806,1534 1263,1547 1434,1543"/>
        <Word id="region0002_line0007_word0000" custom="readingOrder {index:0;}">
          <Coords points="459,1541 525,1541 526,1486 524,1486 519,1492 509,1495 479,1494 475,1491 459,1493"/>
          <TextEquiv conf="0.92853194">
            <Unicode>den</Unicode>
          </TextEquiv>
        </Word>
        <Word id="region0002_line0007_word0001" custom="readingOrder {index:1;}">
          <Coords points="772,1486 755,1492 748,1486 724,1488 709,1494 694,1491 687,1495 671,1496 665,1490 653,1490 638,1494 627,1491 616,1495 601,1490 582,1494 574,1487 540,1488 540,1488 539,1546 561,1546 570,1549 661,1548 685,1547 692,1544 753,1545 754,1551 767,1551 775,1546 809,1543 814,1546 831,1547 886,1547 895,1548 896,1498 854,1496 839,1491 817,1494 807,1486 791,1486 785,1487 783,1486"/>
          <TextEquiv conf="0.91969573">
            <Unicode>Verbindlichkeiten</Unicode>
          </TextEquiv>
        </Word>
        <Word id="region0002_line0007_word0002" custom="readingOrder {index:2;}">
          <Coords points="919,1502 979,1502 978,1548 918,1548"/>
          <TextEquiv conf="0.92730194">
            <Unicode>der</Unicode>
          </TextEquiv>
        </Word>
        <Word id="region0002_line0007_word0003" custom="readingOrder {index:3;}">
          <Coords points="1172,1551 1173,1503 1131,1504 1127,1496 1111,1494 1095,1496 1094,1503 1084,1489 1059,1499 996,1495 996,1495 995,1550 1042,1550 1051,1548 1054,1550 1116,1551 1119,1549 1127,1551"/>
          <TextEquiv conf="0.9288442">
            <Unicode>Religion</Unicode>
          </TextEquiv>
        </Word>
        <Word id="region0002_line0007_word0004" custom="readingOrder {index:4;}">
          <Coords points="1197,1551 1297,1551 1297,1506 1227,1504 1225,1496 1212,1494 1207,1490 1197,1491"/>
          <TextEquiv conf="0.895652">
            <Unicode>frey;</Unicode>
          </TextEquiv>
        </Word>
        <Word id="region0002_line0007_word0005" custom="readingOrder {index:5;}">
          <Coords points="1329,1503 1328,1540 1413,1540 1413,1504 1343,1504 1341,1503"/>
          <TextEquiv conf="0.7403031">
            <Unicode>dar⸗</Unicode>
          </TextEquiv>
        </Word>
        <TextEquiv conf="0.8900548">
          <Unicode>den Verbindlichkeiten der Religion frey; dar⸗</Unicode>
        </TextEquiv>
      </TextLine>
      <TextLine id="region0002_line0008" custom="readingOrder {index:7;}">
        <Coords points="799,1544 787,1546 783,1553 780,1547 775,1547 762,1555 711,1555 709,1547 692,1545 678,1553 673,1548 662,1548 654,1556 623,1556 617,1549 611,1548 593,1550 588,1555 577,1555 570,1554 568,1549 561,1547 546,1548 537,1554 527,1555 453,1556 453,1605 540,1605 542,1611 547,1614 559,1613 567,1605 681,1607 683,1614 691,1616 702,1614 710,1607 745,1604 786,1605 797,1614 808,1612 814,1606 867,1606 884,1609 915,1608 922,1612 947,1613 956,1618 966,1617 968,1620 975,1619 981,1612 996,1617 1025,1615 1029,1620 1035,1621 1042,1620 1046,1616 1070,1616 1078,1623 1090,1623 1097,1619 1109,1620 1120,1615 1156,1612 1229,1615 1237,1616 1241,1622 1257,1616 1361,1615 1365,1619 1375,1620 1393,1614 1434,1615 1434,1565 1403,1565 1398,1555 1370,1555 1361,1566 1336,1565 1333,1558 1319,1558 1312,1566 1252,1566 1202,1564 1188,1553 1176,1554 1162,1562 1158,1554 1142,1555 1117,1550 1111,1554 1109,1564 1093,1565 1086,1562 1063,1564 1054,1551 1045,1548 1039,1553 1029,1555 1024,1563 997,1564 962,1561 955,1553 930,1555 919,1552 900,1557 897,1550 886,1548 876,1550 872,1556 841,1554 831,1550 815,1553 813,1546"/>
        <Baseline points="453,1594 798,1594 1057,1606 1434,1604"/>
        <Word id="region0002_line0008_word0000" custom="readingOrder {index:0;}">
          <Coords points="460,1569 527,1569 527,1602 460,1602"/>
          <TextEquiv conf="0.9258293">
            <Unicode>um</Unicode>
          </TextEquiv>
        </Word>
        <Word id="region0002_line0008_word0001" custom="readingOrder {index:1;}">
          <Coords points="635,1558 545,1558 545,1611 561,1611 567,1605 635,1606"/>
          <TextEquiv conf="0.92318416">
            <Unicode>habe</Unicode>
          </TextEquiv>
        </Word>
        <Word id="region0002_line0008_word0002" custom="readingOrder {index:2;}">
          <Coords points="711,1556 658,1556 658,1606 681,1607 682,1613 703,1613 710,1607 711,1606"/>
          <TextEquiv conf="0.9297716">
            <Unicode>ich</Unicode>
          </TextEquiv>
        </Word>
        <Word id="region0002_line0008_word0003" custom="readingOrder {index:3;}">
          <Coords points="765,1553 762,1555 737,1555 737,1604 745,1604 786,1605 793,1611 809,1611 814,1606 834,1606 834,1553 815,1553 783,1553"/>
          <TextEquiv conf="0.93173385">
            <Unicode>nicht</Unicode>
          </TextEquiv>
        </Word>
        <Word id="region0002_line0008_word0004" custom="readingOrder {index:4;}">
          <Coords points="850,1557 850,1606 867,1606 884,1609 915,1608 922,1612 947,1613 950,1615 978,1615 981,1612 990,1615 999,1615 999,1563 997,1564 962,1561 958,1557 900,1557"/>
          <TextEquiv conf="0.92957795">
            <Unicode>noͤthig,</Unicode>
          </TextEquiv>
        </Word>
        <Word id="region0002_line0008_word0005" custom="readingOrder {index:5;}">
          <Coords points="1029,1610 1065,1611 1065,1563 1063,1564 1054,1551 1045,1548 1039,1553 1029,1555"/>
          <TextEquiv conf="0.9306637">
            <Unicode>ſo</Unicode>
          </TextEquiv>
        </Word>
        <Word id="word_1658212905859_1523" custom="readingOrder {index:6;}">
          <Coords points="1079,1562 1086,1562 1093,1565 1109,1564 1111,1554 1117,1550 1133,1553 1133,1613 1079,1613"/>
          <TextEquiv>
            <Unicode>zu</Unicode>
          </TextEquiv>
        </Word>
        <Word id="word_1658212905858_1522" custom="readingOrder {index:7;}">
          <Coords points="1133,1553 1142,1555 1158,1554 1162,1562 1176,1554 1188,1553 1202,1564 1252,1566 1259,1566 1259,1613 1180,1613 1156,1612 1144,1613 1133,1613"/>
          <TextEquiv>
            <Unicode>leben,</Unicode>
          </TextEquiv>
        </Word>
        <Word id="region0002_line0008_word0007" custom="readingOrder {index:8;}">
          <Coords points="1316,1561 1312,1566 1278,1566 1278,1604 1347,1604 1347,1565 1336,1565 1334,1561"/>
          <TextEquiv conf="0.93288857">
            <Unicode>wie</Unicode>
          </TextEquiv>
        </Word>
        <Word id="region0002_line0008_word0008" custom="readingOrder {index:9;}">
          <Coords points="1368,1558 1367,1559 1367,1614 1393,1614 1413,1614 1413,1565 1403,1565 1400,1558"/>
          <TextEquiv conf="0.93281174">
            <Unicode>ſie</Unicode>
          </TextEquiv>
        </Word>
        <TextEquiv>
          <Unicode>um habe ich nicht noͤthig, ſo zu leben, wie ſie</Unicode>
        </TextEquiv>
      </TextLine>
      <TextLine id="region0002_line0009" custom="readingOrder {index:8;}">
        <Coords points="472,1606 453,1609 453,1664 496,1664 502,1673 520,1662 533,1664 547,1660 555,1664 583,1663 594,1670 604,1666 679,1664 848,1664 855,1675 862,1674 867,1666 906,1666 910,1673 920,1674 936,1666 954,1665 971,1667 977,1673 994,1670 1048,1673 1053,1680 1059,1681 1066,1680 1072,1673 1165,1671 1225,1674 1233,1668 1255,1676 1360,1673 1370,1680 1384,1675 1434,1675 1434,1617 1393,1615 1375,1621 1361,1618 1354,1624 1347,1625 1265,1624 1262,1617 1242,1623 1192,1623 1185,1616 1174,1616 1168,1623 1110,1620 1078,1624 1002,1620 981,1613 975,1620 968,1621 966,1618 937,1616 915,1609 906,1610 902,1616 898,1610 886,1609 878,1616 875,1609 867,1607 852,1608 846,1615 797,1615 787,1607 779,1607 772,1613 723,1613 691,1617 641,1613 637,1610 622,1613 578,1613 566,1610 561,1614 547,1615 521,1613 515,1606 504,1606 496,1610"/>
        <Baseline points="453,1654 1434,1664"/>
        <Word id="region0002_line0009_word0000" custom="readingOrder {index:0;}">
          <Coords points="598,1619 462,1619 462,1664 496,1664 499,1669 508,1669 520,1662 533,1664 547,1660 555,1664 583,1663 592,1669 596,1669 598,1668"/>
          <TextEquiv conf="0.92449844">
            <Unicode>lehret;</Unicode>
          </TextEquiv>
        </Word>
        <Word id="region0002_line0009_word0001" custom="readingOrder {index:1;}">
          <Coords points="628,1622 762,1622 762,1660 628,1660"/>
          <TextEquiv conf="0.9253496">
            <Unicode>darum</Unicode>
          </TextEquiv>
        </Word>
        <Word id="region0002_line0009_word0002" custom="readingOrder {index:2;}">
          <Coords points="869,1617 780,1617 780,1664 848,1664 852,1671 863,1671 867,1666 869,1666"/>
          <TextEquiv conf="0.9220884">
            <Unicode>darf</Unicode>
          </TextEquiv>
        </Word>
        <Word id="region0002_line0009_word0003" custom="readingOrder {index:3;}">
          <Coords points="883,1616 883,1666 906,1666 908,1670 928,1670 936,1666 936,1616 902,1616"/>
          <TextEquiv conf="0.92387426">
            <Unicode>ich</Unicode>
          </TextEquiv>
        </Word>
        <Word id="region0002_line0009_word0004" custom="readingOrder {index:4;}">
          <Coords points="977,1617 975,1620 968,1621 966,1618 955,1617 955,1665 971,1667 973,1669 1071,1670 1071,1623 1002,1620 994,1617"/>
          <TextEquiv conf="0.9288158">
            <Unicode>thun,</Unicode>
          </TextEquiv>
        </Word>
        <Word id="region0002_line0009_word0005" custom="readingOrder {index:5;}">
          <Coords points="1102,1621 1101,1621 1101,1661 1186,1661 1186,1621 1169,1621 1168,1623 1129,1621"/>
          <TextEquiv conf="0.9327757">
            <Unicode>was</Unicode>
          </TextEquiv>
        </Word>
        <Word id="region0002_line0009_word0006" custom="readingOrder {index:6;}">
          <Coords points="1255,1619 1242,1623 1206,1623 1206,1663 1278,1663 1278,1624 1265,1624 1262,1619"/>
          <TextEquiv conf="0.9213917">
            <Unicode>mir</Unicode>
          </TextEquiv>
        </Word>
        <Word id="region0002_line0009_word0007" custom="readingOrder {index:7;}">
          <Coords points="1300,1671 1416,1671 1416,1618 1384,1618 1375,1621 1361,1618 1354,1624 1347,1625 1300,1624"/>
          <TextEquiv conf="0.59219027">
            <Unicode>wohl⸗</Unicode>
          </TextEquiv>
        </Word>
        <TextEquiv conf="0.883873">
          <Unicode>lehret; darum darf ich thun, was mir wohl⸗</Unicode>
        </TextEquiv>
      </TextLine>
      <TextLine id="region0002_line0010" custom="readingOrder {index:9;}">
        <Coords points="541,1661 533,1665 517,1664 503,1674 473,1672 469,1675 453,1675 453,1728 484,1730 495,1722 506,1719 513,1731 521,1730 525,1724 594,1723 608,1729 614,1722 634,1721 787,1725 797,1726 801,1733 808,1735 818,1734 826,1726 882,1723 1008,1729 1013,1735 1045,1729 1088,1730 1105,1735 1116,1735 1123,1730 1274,1734 1366,1734 1382,1731 1434,1733 1434,1683 1392,1677 1370,1681 1360,1674 1334,1674 1285,1684 1258,1684 1256,1677 1233,1669 1225,1675 1226,1683 1113,1680 1059,1682 1023,1679 1015,1671 1005,1671 1000,1675 993,1672 977,1674 971,1668 954,1666 938,1667 920,1675 910,1674 906,1667 893,1667 888,1674 869,1670 855,1676 848,1665 833,1667 831,1675 719,1673 713,1667 703,1667 695,1673 640,1674 615,1670 594,1671 583,1664 555,1665"/>
        <Baseline points="453,1715 1434,1722"/>
        <Word id="region0002_line0010_word0000" custom="readingOrder {index:0;}">
          <Coords points="510,1669 503,1674 473,1672 469,1675 460,1675 460,1726 489,1726 495,1722 506,1719 510,1726 523,1726 525,1724 594,1723 601,1726 610,1726 614,1722 615,1721 615,1670 594,1671 590,1669"/>
          <TextEquiv conf="0.9204625">
            <Unicode>gefaͤllt,</Unicode>
          </TextEquiv>
        </Word>
        <Word id="region0002_line0010_word0001" custom="readingOrder {index:1;}">
          <Coords points="647,1677 724,1677 724,1717 647,1717"/>
          <TextEquiv conf="0.926677">
            <Unicode>und</Unicode>
          </TextEquiv>
        </Word>
        <Word id="region0002_line0010_word0002" custom="readingOrder {index:2;}">
          <Coords points="849,1671 832,1671 831,1675 744,1673 744,1723 787,1725 797,1726 798,1728 824,1728 826,1726 849,1724"/>
          <TextEquiv conf="0.92125213">
            <Unicode>wozu</Unicode>
          </TextEquiv>
        </Word>
        <Word id="region0002_line0010_word0003" custom="readingOrder {index:3;}">
          <Coords points="868,1675 923,1675 923,1717 868,1717"/>
          <TextEquiv conf="0.9302418">
            <Unicode>die</Unicode>
          </TextEquiv>
        </Word>
        <Word id="region0002_line0010_word0004" custom="readingOrder {index:4;}">
          <Coords points="938,1672 938,1725 945,1726 1162,1727 1162,1681 1113,1680 1059,1682 1023,1679 1016,1672 1003,1672 1000,1675 993,1672 991,1672 977,1674 975,1672"/>
          <TextEquiv conf="0.9324715">
            <Unicode>Neigungen</Unicode>
          </TextEquiv>
        </Word>
        <Word id="region0002_line0010_word0005" custom="readingOrder {index:5;}">
          <Coords points="1180,1720 1314,1720 1314,1678 1285,1684 1258,1684 1256,1677 1233,1669 1225,1675 1226,1683 1180,1681"/>
          <TextEquiv conf="0.9289158">
            <Unicode>meiner</Unicode>
          </TextEquiv>
        </Word>
        <Word id="region0002_line0010_word0006" custom="readingOrder {index:6;}">
          <Coords points="1329,1676 1329,1720 1412,1720 1412,1679 1392,1677 1370,1681 1362,1676"/>
          <TextEquiv>
            <Unicode>Na⸗</Unicode>
          </TextEquiv>
        </Word>
        <TextEquiv>
          <Unicode>gefaͤllt, und wozu die Neigungen meiner Na⸗</Unicode>
        </TextEquiv>
      </TextLine>
      <TextLine id="region0002_line0011" custom="readingOrder {index:10;}">
        <Coords points="504,1720 495,1723 489,1731 453,1731 453,1781 573,1780 586,1777 597,1781 615,1781 621,1788 630,1788 639,1782 718,1782 733,1779 740,1783 804,1783 839,1790 866,1788 873,1791 903,1791 962,1785 1011,1789 1014,1794 1021,1796 1028,1795 1033,1789 1049,1790 1084,1793 1095,1799 1111,1798 1118,1793 1147,1789 1153,1796 1168,1794 1175,1802 1184,1799 1186,1793 1202,1792 1263,1794 1273,1801 1287,1802 1301,1795 1324,1795 1332,1801 1347,1794 1358,1793 1370,1793 1376,1799 1383,1799 1390,1790 1404,1783 1411,1786 1411,1791 1434,1789 1434,1744 1404,1742 1402,1734 1395,1732 1378,1733 1371,1740 1363,1740 1359,1735 1350,1733 1318,1734 1312,1742 1280,1744 1166,1741 1160,1732 1149,1732 1134,1737 1121,1734 1105,1736 1085,1731 1081,1735 1053,1738 1046,1738 1044,1731 1038,1731 1011,1737 1003,1736 997,1730 987,1730 978,1734 970,1730 948,1731 906,1724 835,1727 814,1736 760,1733 754,1725 737,1727 733,1724 724,1724 716,1732 685,1732 680,1728 671,1728 667,1731 640,1730 639,1725 634,1722 614,1723 608,1730 590,1724 583,1731 513,1732 508,1721"/>
        <Baseline points="453,1770 1275,1784 1434,1779"/>
        <Word id="region0002_line0011_word0000" custom="readingOrder {index:0;}">
          <Coords points="492,1727 489,1731 461,1731 461,1777 528,1777 528,1731 513,1732 510,1727"/>
          <TextEquiv>
            <Unicode>tur</Unicode>
          </TextEquiv>
        </Word>
        <Word id="region0002_line0011_word0001" custom="readingOrder {index:1;}">
          <Coords points="640,1733 549,1733 549,1780 573,1780 586,1777 597,1781 615,1781 617,1784 636,1784 639,1782 640,1782"/>
          <TextEquiv conf="0.92908484">
            <Unicode>mich</Unicode>
          </TextEquiv>
        </Word>
        <Word id="region0002_line0011_word0002" custom="readingOrder {index:2;}">
          <Coords points="667,1736 816,1736 816,1778 667,1778"/>
          <TextEquiv conf="0.9266821">
            <Unicode>treiben.</Unicode>
          </TextEquiv>
        </Word>
        <Word id="region0002_line0011_word0003" custom="readingOrder {index:3;}">
          <Coords points="875,1733 938,1733 938,1784 875,1784"/>
          <TextEquiv conf="0.9224456">
            <Unicode>Jn</Unicode>
          </TextEquiv>
        </Word>
        <Word id="region0002_line0011_word0004" custom="readingOrder {index:4;}">
          <Coords points="961,1733 961,1785 962,1785 990,1787 1067,1788 1067,1736 1053,1738 1046,1738 1045,1734 1026,1734 1011,1737 1003,1736 1000,1733 980,1733 978,1734 976,1733"/>
          <TextEquiv conf="0.9224456">
            <Unicode>dieſer</Unicode>
          </TextEquiv>
        </Word>
        <Word id="region0002_line0011_word0005" custom="readingOrder {index:5;}">
          <Coords points="1084,1733 1084,1790 1139,1790 1147,1789 1147,1790 1296,1790 1296,1743 1280,1744 1166,1741 1160,1733 1146,1733 1134,1737 1121,1734 1105,1736 1093,1733"/>
          <TextEquiv conf="0.9287546">
            <Unicode>Folgerung</Unicode>
          </TextEquiv>
        </Word>
        <Word id="region0002_line0011_word0006" custom="readingOrder {index:6;}">
          <Coords points="1318,1734 1316,1736 1316,1789 1358,1789 1358,1734 1354,1734"/>
          <TextEquiv conf="0.93120825">
            <Unicode>iſt</Unicode>
          </TextEquiv>
        </Word>
        <Word id="region0002_line0011_word0007" custom="readingOrder {index:7;}">
          <Coords points="1378,1733 1375,1736 1375,1785 1400,1785 1404,1783 1408,1785 1421,1785 1421,1743 1404,1742 1402,1734 1398,1733"/>
          <TextEquiv>
            <Unicode>ſo</Unicode>
          </TextEquiv>
        </Word>
        <TextEquiv>
          <Unicode>tur mich treiben. Jn dieſer Folgerung iſt ſo</Unicode>
        </TextEquiv>
      </TextLine>
      <TextLine id="region0002_line0012" custom="readingOrder {index:11;}">
        <Coords points="580,1778 571,1781 569,1789 545,1789 539,1781 529,1781 517,1789 510,1789 504,1781 490,1782 485,1789 453,1789 453,1839 594,1837 618,1839 634,1849 645,1848 651,1843 660,1843 668,1849 675,1850 685,1850 694,1843 737,1841 840,1843 941,1840 1002,1846 1065,1849 1071,1856 1080,1858 1092,1857 1102,1849 1203,1849 1266,1853 1271,1860 1277,1861 1283,1860 1289,1853 1299,1852 1382,1849 1386,1854 1393,1855 1405,1849 1434,1849 1434,1800 1427,1800 1426,1792 1411,1792 1408,1784 1390,1791 1383,1800 1352,1800 1346,1796 1332,1802 1305,1800 1284,1803 1273,1802 1263,1795 1252,1795 1246,1800 1229,1800 1224,1796 1214,1796 1209,1800 1183,1800 1175,1803 1168,1795 1153,1798 1147,1790 1133,1792 1130,1800 1021,1797 1006,1793 976,1792 971,1787 959,1787 953,1792 888,1793 851,1789 846,1792 829,1793 824,1789 815,1789 811,1792 784,1792 778,1786 770,1786 761,1792 744,1792 742,1784 733,1780 716,1783 714,1792 600,1791 592,1789 591,1780"/>
        <Baseline points="453,1829 1434,1839"/>
        <Word id="region0002_line0012_word0000" custom="readingOrder {index:0;}">
          <Coords points="462,1789 536,1789 536,1832 462,1832"/>
          <TextEquiv conf="0.9273693">
            <Unicode>viel</Unicode>
          </TextEquiv>
        </Word>
        <Word id="region0002_line0012_word0001" custom="readingOrder {index:1;}">
          <Coords points="572,1783 572,1837 594,1837 618,1839 621,1841 737,1841 869,1841 869,1790 851,1789 846,1792 829,1793 824,1789 815,1789 811,1792 784,1792 778,1786 770,1786 761,1792 744,1792 742,1784 739,1783 716,1783 714,1792 600,1791 592,1789 591,1783"/>
          <TextEquiv conf="0.9282223">
            <Unicode>ungegruͤndetes</Unicode>
          </TextEquiv>
        </Word>
        <Word id="region0002_line0012_word0002" custom="readingOrder {index:2;}">
          <Coords points="953,1792 908,1792 908,1831 983,1831 983,1792 976,1792"/>
          <TextEquiv conf="0.9293352">
            <Unicode>und</Unicode>
          </TextEquiv>
        </Word>
        <Word id="region0002_line0012_word0003" custom="readingOrder {index:3;}">
          <Coords points="1021,1843 1289,1844 1289,1802 1284,1803 1273,1802 1263,1795 1252,1795 1246,1800 1229,1800 1224,1796 1214,1796 1209,1800 1183,1800 1175,1803 1168,1795 1153,1798 1147,1790 1133,1792 1130,1800 1021,1797"/>
          <TextEquiv conf="0.9215526">
            <Unicode>ungereimtes,</Unicode>
          </TextEquiv>
        </Word>
        <Word id="region0002_line0012_word0004" custom="readingOrder {index:4;}">
          <Coords points="1337,1840 1418,1840 1418,1792 1411,1792 1408,1784 1390,1791 1383,1800 1352,1800 1346,1796 1337,1799"/>
          <TextEquiv conf="0.93138117">
            <Unicode>daß</Unicode>
          </TextEquiv>
        </Word>
        <TextEquiv conf="0.9275721">
          <Unicode>viel ungegruͤndetes und ungereimtes, daß</Unicode>
        </TextEquiv>
      </TextLine>
      <TextLine id="region0002_line0013" custom="readingOrder {index:12;}">
        <Coords points="577,1838 573,1839 566,1849 453,1848 453,1895 566,1898 573,1907 583,1906 588,1898 609,1898 611,1906 622,1908 638,1896 756,1901 911,1901 918,1907 926,1907 932,1902 943,1900 950,1903 1026,1902 1044,1905 1140,1906 1230,1910 1234,1917 1246,1916 1257,1909 1289,1909 1295,1906 1345,1905 1350,1910 1366,1911 1377,1902 1383,1901 1396,1904 1434,1903 1434,1854 1357,1857 1353,1851 1341,1851 1333,1859 1318,1859 1312,1853 1299,1853 1293,1860 1277,1862 1226,1859 1220,1858 1215,1851 1203,1850 1191,1852 1185,1858 1080,1859 1047,1857 1045,1850 1040,1847 1029,1847 1022,1855 1004,1855 1000,1852 973,1854 948,1850 946,1844 941,1841 922,1841 912,1850 791,1852 763,1851 757,1845 749,1845 740,1851 675,1851 634,1850 618,1840 607,1847 600,1839"/>
        <Baseline points="453,1885 1218,1899 1434,1893"/>
        <Word id="region0002_line0013_word0000" custom="readingOrder {index:0;}">
          <Coords points="462,1857 554,1857 554,1890 462,1890"/>
          <TextEquiv conf="0.92661834">
            <Unicode>man</Unicode>
          </TextEquiv>
        </Word>
        <Word id="region0002_line0013_word0001" custom="readingOrder {index:1;}">
          <Coords points="571,1845 571,1900 586,1900 588,1898 609,1898 609,1900 632,1900 638,1896 638,1850 634,1850 626,1845 610,1845 607,1847 605,1845"/>
          <TextEquiv conf="0.9290681">
            <Unicode>ſich</Unicode>
          </TextEquiv>
        </Word>
        <Word id="region0002_line0013_word0002" custom="readingOrder {index:2;}">
          <Coords points="654,1852 833,1852 833,1891 654,1891"/>
          <TextEquiv conf="0.92049265">
            <Unicode>wundern</Unicode>
          </TextEquiv>
        </Word>
        <Word id="region0002_line0013_word0003" custom="readingOrder {index:3;}">
          <Coords points="918,1844 912,1850 850,1851 850,1895 962,1895 962,1852 948,1850 946,1844"/>
          <TextEquiv conf="0.91222984">
            <Unicode>muß,</Unicode>
          </TextEquiv>
        </Word>
        <Word id="region0002_line0013_word0004" custom="readingOrder {index:4;}">
          <Coords points="1027,1850 1022,1855 1004,1855 1000,1852 988,1853 988,1891 1057,1892 1057,1858 1047,1857 1045,1850 1045,1850"/>
          <TextEquiv conf="0.93130493">
            <Unicode>wie</Unicode>
          </TextEquiv>
        </Word>
        <Word id="region0002_line0013_word0005" custom="readingOrder {index:5;}">
          <Coords points="1080,1891 1170,1891 1170,1858 1080,1859"/>
          <TextEquiv conf="0.92769486">
            <Unicode>man</Unicode>
          </TextEquiv>
        </Word>
        <Word id="region0002_line0013_word0006" custom="readingOrder {index:6;}">
          <Coords points="1192,1902 1259,1902 1259,1860 1226,1859 1220,1858 1215,1851 1203,1850 1192,1851"/>
          <TextEquiv conf="0.9163647">
            <Unicode>bey</Unicode>
          </TextEquiv>
        </Word>
        <Word id="region0002_line0013_word0007" custom="readingOrder {index:7;}">
          <Coords points="1279,1896 1413,1896 1413,1854 1357,1857 1353,1851 1341,1851 1333,1859 1318,1859 1312,1853 1299,1853 1293,1860 1279,1861"/>
          <TextEquiv conf="0.93105257">
            <Unicode>einiger</Unicode>
          </TextEquiv>
        </Word>
        <TextEquiv conf="0.92435324">
          <Unicode>man ſich wundern muß, wie man bey einiger</Unicode>
        </TextEquiv>
      </TextLine>
      <TextLine id="region0002_line0014" custom="readingOrder {index:13;}">
        <Coords points="453,1896 453,1954 516,1957 608,1955 625,1956 626,1960 632,1963 644,1958 657,1957 824,1959 831,1967 841,1966 845,1959 896,1956 933,1959 937,1967 943,1967 951,1960 959,1959 974,1968 988,1970 1002,1963 1042,1963 1044,1966 1058,1970 1068,1965 1226,1967 1233,1963 1315,1965 1327,1961 1341,1963 1353,1960 1364,1960 1370,1968 1378,1968 1388,1961 1434,1962 1434,1912 1400,1912 1398,1905 1387,1902 1377,1903 1366,1912 1350,1911 1345,1906 1295,1907 1289,1910 1257,1910 1242,1918 1198,1918 1151,1914 1140,1907 1121,1908 1112,1913 1054,1916 1044,1914 1040,1905 1026,1903 1014,1906 1009,1912 981,1910 979,1903 976,1902 950,1904 943,1901 932,1904 928,1909 858,1910 855,1901 833,1900 824,1911 766,1911 761,1902 755,1901 746,1902 742,1909 738,1910 689,1904 663,1906 659,1899 638,1897 628,1907 619,1909 545,1907 521,1898 504,1896"/>
        <Baseline points="453,1944 1095,1955 1434,1951"/>
        <Word id="region0002_line0014_word0000" custom="readingOrder {index:0;}">
          <Coords points="460,1907 460,1954 516,1957 608,1955 625,1956 626,1960 628,1961 636,1961 644,1958 657,1957 663,1957 663,1907 628,1907 619,1909 545,1907"/>
          <TextEquiv conf="0.91959816">
            <Unicode>Vernunft</Unicode>
          </TextEquiv>
        </Word>
        <Word id="region0002_line0014_word0001" custom="readingOrder {index:1;}">
          <Coords points="678,1911 810,1911 810,1954 678,1954"/>
          <TextEquiv conf="0.9277622">
            <Unicode>darinn</Unicode>
          </TextEquiv>
        </Word>
        <Word id="region0002_line0014_word0002" custom="readingOrder {index:2;}">
          <Coords points="830,1908 830,1960 844,1960 845,1959 865,1957 865,1909 858,1910 857,1908"/>
          <TextEquiv conf="0.93010986">
            <Unicode>ſo</Unicode>
          </TextEquiv>
        </Word>
        <Word id="region0002_line0014_word0003" custom="readingOrder {index:3;}">
          <Coords points="928,1908 928,1909 892,1909 892,1956 896,1956 933,1959 934,1961 949,1961 951,1960 959,1959 962,1961 997,1961 997,1911 981,1910 980,1908"/>
          <TextEquiv conf="0.9226272">
            <Unicode>ruhig</Unicode>
          </TextEquiv>
        </Word>
        <Word id="region0002_line0014_word0004" custom="readingOrder {index:4;}">
          <Coords points="1014,1909 1014,1961 1097,1962 1097,1913 1054,1916 1044,1914 1041,1909"/>
          <TextEquiv conf="0.91954046">
            <Unicode>ſeyn</Unicode>
          </TextEquiv>
        </Word>
        <Word id="region0002_line0014_word0005" custom="readingOrder {index:5;}">
          <Coords points="1119,1911 1119,1957 1227,1957 1227,1918 1198,1918 1151,1914 1146,1911"/>
          <TextEquiv conf="0.91954046">
            <Unicode>kann.</Unicode>
          </TextEquiv>
        </Word>
        <Word id="region0002_line0014_word0006" custom="readingOrder {index:6;}">
          <Coords points="1293,1908 1289,1910 1285,1910 1285,1962 1324,1962 1327,1961 1334,1962 1345,1962 1353,1960 1364,1960 1365,1962 1386,1962 1388,1961 1414,1961 1414,1912 1400,1912 1398,1908 1370,1908 1366,1912 1350,1911 1347,1908"/>
          <TextEquiv conf="0.91852486">
            <Unicode>Bloße</Unicode>
          </TextEquiv>
        </Word>
        <TextEquiv conf="0.92252904">
          <Unicode>Vernunft darinn ſo ruhig ſeyn kann. Bloße</Unicode>
        </TextEquiv>
      </TextLine>
      <TextLine id="region0002_line0015" custom="readingOrder {index:14;}">
        <Coords points="453,1955 453,2018 469,2015 493,2018 570,2012 579,2017 586,2014 630,2016 632,2023 640,2026 651,2022 655,2016 751,2018 755,2023 769,2023 775,2019 875,2016 884,2026 888,2026 902,2017 942,2015 1004,2021 1108,2025 1138,2023 1149,2026 1195,2027 1244,2022 1252,2030 1265,2029 1278,2022 1301,2018 1319,2019 1331,2025 1343,2020 1374,2019 1386,2019 1397,2023 1434,2022 1434,1968 1413,1968 1400,1966 1395,1962 1385,1963 1378,1969 1370,1969 1364,1961 1353,1961 1341,1964 1327,1962 1313,1967 1304,1964 1281,1964 1269,1970 1250,1968 1245,1964 1233,1964 1226,1968 1191,1966 1149,1971 1142,1967 1127,1967 1121,1973 1111,1968 1103,1968 1097,1972 1081,1972 1072,1967 1058,1971 1042,1966 1034,1971 988,1971 966,1969 965,1963 959,1960 953,1960 943,1968 902,1967 900,1959 896,1957 875,1960 869,1967 830,1968 825,1963 816,1963 807,1968 787,1969 780,1969 777,1961 763,1959 758,1962 756,1969 747,1969 701,1966 696,1959 675,1960 670,1964 658,1963 656,1959 644,1959 632,1964 621,1957 610,1957 600,1962 596,1956 578,1955 559,1956 554,1958 551,1965 538,1966 518,1964 507,1957"/>
        <Baseline points="453,2006 1434,2011"/>
        <Word id="region0002_line0015_word0000" custom="readingOrder {index:0;}">
          <Coords points="618,1967 463,1967 463,2016 469,2015 493,2018 570,2012 579,2017 586,2014 618,2015"/>
          <TextEquiv conf="0.92849594">
            <Unicode>Zweifel</Unicode>
          </TextEquiv>
        </Word>
        <Word id="region0002_line0015_word0001" custom="readingOrder {index:1;}">
          <Coords points="743,1969 634,1969 634,2022 651,2022 655,2016 743,2017"/>
          <TextEquiv conf="0.9314189">
            <Unicode>heben</Unicode>
          </TextEquiv>
        </Word>
        <Word id="region0002_line0015_word0002" custom="readingOrder {index:2;}">
          <Coords points="759,1968 759,2019 775,2019 797,2018 797,1968 787,1969 780,1969 779,1968"/>
          <TextEquiv conf="0.9245314">
            <Unicode>ja</Unicode>
          </TextEquiv>
        </Word>
        <Word id="region0002_line0015_word0003" custom="readingOrder {index:3;}">
          <Coords points="815,1965 815,2017 875,2016 879,2021 895,2021 902,2017 902,1967 901,1965 870,1965 869,1967 830,1968 827,1965"/>
          <TextEquiv conf="0.93214625">
            <Unicode>doch</Unicode>
          </TextEquiv>
        </Word>
        <Word id="region0002_line0015_word0004" custom="readingOrder {index:4;}">
          <Coords points="945,1966 943,1968 918,1967 918,2013 1077,2014 1077,1969 1072,1967 1058,1971 1044,1966 1040,1966 1034,1971 988,1971 966,1969 965,1966"/>
          <TextEquiv conf="0.9268276">
            <Unicode>niemals</Unicode>
          </TextEquiv>
        </Word>
        <Word id="region0002_line0015_word0005" custom="readingOrder {index:5;}">
          <Coords points="1102,1973 1157,1973 1157,2016 1102,2016"/>
          <TextEquiv conf="0.92496467">
            <Unicode>die</Unicode>
          </TextEquiv>
        </Word>
        <Word id="region0002_line0015_word0006" custom="readingOrder {index:6;}">
          <Coords points="1172,1969 1172,2022 1244,2022 1278,2022 1301,2018 1319,2019 1325,2022 1338,2022 1343,2020 1374,2019 1386,2019 1394,2022 1414,2022 1414,1969 1378,1969 1370,1969 1271,1969 1269,1970 1259,1969"/>
          <TextEquiv conf="0.925247">
            <Unicode>Moͤglichkeit</Unicode>
          </TextEquiv>
        </Word>
        <TextEquiv conf="0.9276617">
          <Unicode>Zweifel heben ja doch niemals die Moͤglichkeit</Unicode>
        </TextEquiv>
      </TextLine>
      <TextLine id="region0002_line0016" custom="readingOrder {index:15;}">
        <Coords points="566,2013 549,2018 517,2016 506,2020 469,2016 453,2019 453,2070 601,2078 611,2086 624,2086 637,2078 687,2078 697,2088 706,2088 717,2079 854,2079 862,2090 872,2089 877,2079 969,2080 1024,2084 1037,2095 1047,2096 1058,2086 1067,2086 1075,2096 1086,2095 1091,2085 1119,2086 1124,2095 1135,2096 1143,2086 1166,2086 1173,2094 1184,2094 1194,2085 1211,2084 1215,2084 1222,2092 1233,2092 1240,2083 1252,2082 1363,2082 1365,2088 1386,2086 1392,2080 1410,2080 1418,2083 1434,2080 1434,2031 1393,2030 1392,2024 1386,2020 1365,2022 1357,2028 1343,2024 1331,2026 1319,2020 1301,2019 1260,2031 1252,2031 1244,2023 1228,2023 1220,2026 1218,2031 1199,2032 1191,2026 1163,2026 1153,2032 1151,2027 1135,2024 1111,2026 1107,2034 1075,2034 992,2028 983,2026 976,2019 942,2016 899,2020 888,2027 884,2027 875,2017 867,2017 860,2019 854,2028 801,2029 794,2028 786,2022 755,2024 751,2019 740,2019 734,2026 723,2026 715,2018 707,2017 699,2017 677,2025 640,2027 614,2024 593,2019 588,2015 579,2018"/>
        <Baseline points="453,2061 1038,2075 1434,2070"/>
        <Word id="region0002_line0016_word0000" custom="readingOrder {index:0;}">
          <Coords points="531,2073 531,2031 463,2031 463,2070 508,2073"/>
          <TextEquiv conf="0.9229857">
            <Unicode>des</Unicode>
          </TextEquiv>
        </Word>
        <Word id="region0002_line0016_word0001" custom="readingOrder {index:1;}">
          <Coords points="547,2026 547,2075 601,2078 607,2083 628,2083 637,2078 687,2078 692,2083 712,2083 717,2079 790,2079 790,2026 734,2026 723,2026 658,2026 640,2027 631,2026"/>
          <TextEquiv conf="0.92687064">
            <Unicode>Gegentheils</Unicode>
          </TextEquiv>
        </Word>
        <Word id="region0002_line0016_word0002" custom="readingOrder {index:2;}">
          <Coords points="855,2026 854,2028 807,2028 807,2079 854,2079 857,2084 874,2084 877,2079 887,2079 887,2027 884,2027 883,2026"/>
          <TextEquiv conf="0.9130162">
            <Unicode>auf.</Unicode>
          </TextEquiv>
        </Word>
        <Word id="region0002_line0016_word0003" custom="readingOrder {index:3;}">
          <Coords points="926,2024 926,2074 1021,2074 1021,2030 992,2028 983,2026 981,2024"/>
          <TextEquiv conf="0.92331433">
            <Unicode>Eine</Unicode>
          </TextEquiv>
        </Word>
        <Word id="region0002_line0016_word0004" custom="readingOrder {index:4;}">
          <Coords points="1110,2028 1107,2034 1075,2034 1037,2031 1037,2085 1091,2085 1091,2085 1098,2085 1193,2086 1194,2085 1211,2084 1215,2084 1217,2086 1238,2086 1240,2083 1252,2082 1273,2082 1273,2029 1267,2029 1260,2031 1252,2031 1250,2029 1219,2029 1218,2031 1199,2032 1195,2029 1159,2029 1153,2032 1152,2028"/>
          <TextEquiv conf="0.9248877">
            <Unicode>zweifelhafte</Unicode>
          </TextEquiv>
        </Word>
        <Word id="region0002_line0016_word0005" custom="readingOrder {index:5;}">
          <Coords points="1282,2027 1282,2082 1363,2082 1364,2085 1387,2085 1392,2080 1410,2080 1418,2083 1419,2082 1419,2030 1393,2030 1392,2027 1358,2027 1357,2028 1353,2027"/>
          <TextEquiv conf="0.9104132">
            <Unicode>Sache</Unicode>
          </TextEquiv>
        </Word>
        <TextEquiv conf="0.920248">
          <Unicode>des Gegentheils auf. Eine zweifelhafte Sache</Unicode>
        </TextEquiv>
      </TextLine>
      <TextEquiv>
        <Unicode>Laſſet uns hiebey zuvoͤrderſt auf das ſe⸗&#13;
hen, was das Leben, die Ausuͤbung der chriſt⸗&#13;
lichen Tugend betrifft. Jch bin nicht uͤber⸗&#13;
zeugt, ſagt ſo mancher Menſch; ich habe Zwei⸗&#13;
fel in Anſehung des Glaubens; und darum,&#13;
das iſt ſeine Folgerung, darum bin ich von&#13;
den Verbindlichkeiten der Religion frey; dar⸗&#13;
um habe ich nicht noͤthig, ſo zu leben, wie ſie&#13;
lehret; darum darf ich thun, was mir wohl⸗&#13;
gefaͤllt, und wozu die Neigungen meiner Na⸗&#13;
tur mich treiben. Jn dieſer Folgerung iſt ſo&#13;
viel ungegruͤndetes und ungereimtes, daß&#13;
man ſich wundern muß, wie man bey einiger&#13;
Vernunft darinn ſo ruhig ſeyn kann. Bloße&#13;
Zweifel heben ja doch niemals die Moͤglichkeit&#13;
des Gegentheils auf. Eine zweifelhafte Sache</Unicode>
      </TextEquiv>
    </TextRegion>
  </Page>
</PcGts>
