1659 2437
124 435 241 478 Stadt
272 437 411 483 Sicyon
437 439 472 474 in
503 434 765 488 Peloponneſo,
780 438 959 483 unterhalb

126 485 289 536 Corintho
311 488 462 536 gelegen,
486 488 564 524 uͤber
583 491 697 525 welche
716 493 964 531 Agamemnon,

125 549 181 585 der
214 545 376 587 Griechen
414 541 614 592 Heerfuͤhrer
644 542 866 587 geherrſchet:
898 551 952 591 aus

127 591 278 635 welchem
298 593 359 631 alle
383 593 500 629 andere
527 590 728 636 Griechiſche
749 595 871 631 Reiche
895 604 965 624 ent⸗

129 643 326 694 ſproſſen.*
403 642 482 686 Wie
506 641 591 685 denn
618 642 697 683 auch
721 645 776 677 der
810 652 965 696 ARGIVER

127 701 231 746 Reich
258 697 414 748 bekandt,
448 700 543 739 deren
567 695 663 746 erſter
686 693 801 743 Koͤnig
831 714 968 742 PHORO-

128 764 211 791 NEVS
226 749 391 796 bemercket
413 754 507 795 wird.
534 752 577 780 **
627 748 735 795 Nicht
756 749 880 787 minder
904 753 968 785 das

130 815 356 847 TROIANISCHE
377 807 444 846 und
459 813 685 848 MYCENISCHE.
705 807 773 835 ***
820 801 891 846 Die
907 811 969 837 AE-

132 870 314 901 GYPTISCHE
331 855 460 909 Koͤnige
479 857 727 906 continuirten,
751 858 848 894 unter
865 858 968 893 denen

130 920 302 956 PSAMMIS,
336 918 446 946 APRIES
470 911 538 948 und
552 918 671 945 AMASIS
699 909 855 946 benennet
886 913 968 943 wer⸗

130 969 204 1010 den.
247 967 259 993 *
309 966 395 1009 Das
418 961 613 1014 Koͤnigreich
639 971 764 1001 LYDIEN
788 961 822 999 in
848 959 969 1007 Aſien,

131 1018 267 1061 welches
291 1019 348 1068 ſich
369 1017 421 1057 bis
436 1029 479 1056 an
495 1019 567 1055 dem
583 1011 678 1065 Fluß
693 1012 805 1062 Halys
827 1014 970 1061 erſtreck⸗

133 1074 183 1115 te,
208 1070 298 1120 hatte
314 1069 473 1120 ebenfalls
493 1068 574 1117 ſeine
589 1069 694 1116 eigene
707 1064 857 1115 Koͤnige,
873 1067 972 1102 deren

134 1118 228 1170 erſter
254 1125 332 1156 ALYS
350 1122 507 1166 genennet
528 1118 625 1158 wird.
652 1117 692 1143 **
742 1117 844 1155 Unter
870 1120 972 1155 denen

134 1180 332 1209 CANDAVLES
361 1178 428 1220 eine
452 1175 519 1228 ſehr
539 1175 646 1225 ſchoͤne
667 1172 849 1223 Gemahlin
869 1172 974 1221 hatte,

135 1225 250 1274 welche
268 1227 345 1268 aber
364 1226 466 1277 deſſen
481 1223 642 1273 Miniſter
660 1220 782 1271 Gygen
801 1221 894 1260 lieber
913 1222 975 1267 ha⸗

137 1272 198 1313 ben
216 1275 357 1322 mochte,
382 1277 435 1313 der
453 1273 651 1313 Candaulen
674 1275 730 1308 des
752 1273 887 1317 Throns
905 1274 974 1305 und

136 1322 253 1366 Lebens
286 1324 465 1369 beraubete.
488 1325 555 1353 ***
618 1325 694 1364 Und
728 1327 842 1359 weilen
878 1325 974 1366 dieſer

137 1378 259 1429 Gyges
279 1381 331 1419 ein
348 1377 570 1428 verſchmitzter
588 1378 699 1424 Kopff
715 1383 785 1414 war,
826 1378 975 1413 tribuiret

137 1443 216 1474 man
234 1432 301 1484 ihm
319 1434 409 1473 einen
422 1430 628 1480 bezauberten
650 1431 766 1476 Ring,
788 1430 885 1474 durch
898 1429 977 1465 wel⸗

136 1485 212 1535 chen
232 1496 267 1528 er
282 1485 341 1539 ſich
356 1484 491 1536 ſichtbar
515 1486 583 1525 und
604 1483 785 1535 unſichtbar
809 1481 891 1528 habe
906 1489 978 1518 ma⸗

901 1545 979 1591 chen

222 1642 240 1662 *
279 1645 441 1671 MARSHAMI
462 1634 536 1669 Can.
548 1633 653 1668 Chron.
665 1640 695 1673 p.
708 1638 758 1672 15.
773 1629 846 1671 326.
862 1635 938 1669 353.

227 1693 261 1718 **
283 1698 436 1724 PAVSANIAS
453 1686 499 1718 lib.
510 1690 548 1718 II.
563 1695 595 1734 p.
606 1700 679 1726 112.
721 1692 873 1715 MARSHAM
889 1690 918 1720 p.
928 1681 982 1720 84.

140 1739 215 1776 298.
260 1744 411 1776 LOESCHER
440 1734 529 1772 Origg.
548 1735 629 1763 Græc.
654 1731 766 1771 reſtaur.
790 1729 836 1758 lib.
847 1733 870 1761 I.
890 1739 913 1758 c.
925 1731 980 1759 III.

134 1786 268 1814 BVDDEVS
281 1783 355 1812 Tom.
370 1781 393 1810 I.
408 1783 439 1816 p.
447 1780 523 1818 474.
566 1783 606 1807 10.
615 1783 741 1807 MALALA
760 1773 858 1807 Chron.
873 1774 917 1805 lib.
929 1775 980 1804 IV.

136 1833 169 1865 p.
184 1830 236 1863 82.

231 1875 283 1900 ***
318 1878 467 1906 MARSHAM
483 1875 513 1907 p.
523 1871 630 1910 299.

227 1935 247 1955 *
290 1931 390 1975 Jerem.
412 1924 513 1970 XLIV.
547 1936 577 1958 v.
595 1933 627 1967 3.
677 1923 848 1966 HERODOTVS
864 1921 927 1963 lib.
944 1924 984 1965 II

142 1979 173 2011 p.
189 1981 259 2010 120.
292 1981 366 2016 159.

229 2035 264 2057 **
305 2035 454 2061 MARSHAM
475 2031 506 2065 p.
525 2029 597 2065 533.

227 2074 279 2100 ***
299 2070 471 2106 HERODOTVS
488 2068 534 2100 lib.
550 2074 572 2099 I.
582 2076 614 2109 p.
622 2073 652 2110 4.
672 2073 798 2099 IVSTINVS
813 2068 837 2098 I.
851 2067 883 2098 c.
893 2069 957 2098 VII.

980 441 1032 480 der,
1042 438 1157 472 Phoni⸗

980 489 1038 516 cier,
1048 488 1154 521 Thrier

980 531 1090 582 Reiche.
