1539 2389
556 440 653 492 muß
661 447 839 495 derjenige
849 448 907 494 von
931 451 1002 488 dem
1023 458 1060 489 es
1084 450 1230 501 erhellet,
1250 453 1327 500 daß
1350 466 1385 495 er

561 508 665 553 ſeinen
678 506 830 555 Gegner
854 503 1083 560 freventlich
1105 508 1304 565 (temere)
1322 507 1384 554 vor

558 555 696 599 Gericht
713 558 872 608 gefordert
884 561 978 608 habe,
995 562 1064 610 ihm
1080 563 1380 612 Reiſe⸗ und Pro⸗

513 616 757 666 ceß⸗-Koſten
778 622 896 657 wieder
909 622 1091 668 geben.—

466 711 542 756 Die
565 716 675 761 erſtere
695 714 793 764 dieſer
811 716 948 759 Stellen
964 712 1076 768 ſpricht
1093 715 1158 760 von
1181 726 1236 761 der
1255 721 1379 774 Pflicht

466 772 525 807 des
543 766 731 815 Beklagten
756 787 799 793 —
813 769 862 805 die
882 775 990 817 zweite
1005 781 1070 809 von
1088 766 1143 809 der
1157 780 1215 827 des
1231 776 1378 822 Klaͤgers

463 821 520 880 zur
538 829 899 884 Koſten ⸗ Erſtattung.
965 829 1086 883 Beyde
1102 826 1211 889 zeigen
1228 833 1378 886 deutlich,

463 891 529 939 daß
546 890 627 939 ohne
647 895 699 931 ein
720 891 981 942 ausdruͤckliches
997 895 1109 949 Geſetz
1145 920 1162 929 —
1188 901 1263 939 blos
1280 903 1378 949 durch

459 941 690 998 Gewohnheit
719 956 773 989 der
802 943 1098 1003 Gerichts ⸗ Hoͤfe,
1117 949 1188 996 die
1212 959 1377 1000 Erkaͤnnt⸗

459 1005 539 1055 niſſe
556 1008 620 1055 auf
632 1010 682 1048 die
699 1001 1048 1061 Koſten ⸗ Erſtattung
1065 1006 1101 1052 in
1129 1013 1307 1059 Gebrauch
1324 1028 1376 1064 ge⸗

458 1070 609 1113 kommen
630 1072 740 1119 ſeyn.
760 1074 837 1113 Und
847 1060 1064 1132 allgemein
1078 1070 1195 1127 ſcheint
1211 1078 1291 1128 dieſe
1306 1082 1376 1122 Ge⸗

459 1133 628 1183 wohnheit
643 1138 740 1183 ſelbſt
750 1138 807 1183 ſeit
821 1141 914 1185 jenen
928 1136 1156 1189 Ausſpruͤchen
1172 1143 1256 1188 nicht
1266 1143 1374 1187 Statt

457 1190 623 1239 gefunden
640 1201 678 1241 zu
694 1193 814 1240 haben.
836 1207 892 1228 —
898 1194 1022 1239 Denn
1020 1194 1150 1248 Kaiſer
1173 1190 1284 1249 Valer
1305 1207 1375 1242 und

457 1247 685 1292 Valentinian
698 1249 820 1297 fanden
838 1251 900 1296 (im
922 1251 1039 1302 Jahre
1057 1242 1146 1301 369)
1161 1253 1303 1308 noͤthig,
1336 1259 1373 1296 in

458 1302 564 1349 einem
582 1306 840 1360 ausdruͤcklichen
857 1310 985 1364 Geſetze
1003 1320 1052 1355 die
1065 1312 1202 1363 Richter
1212 1321 1373 1369 anzuwei⸗

456 1373 532 1419 ſen,
551 1373 625 1419 daß
647 1372 689 1418 ſie
710 1376 811 1413 wider
835 1378 891 1415 den
899 1374 1092 1426 Chicaneur
1108 1380 1170 1426 auf
1181 1375 1230 1418 die
1254 1374 1371 1435 Koſten

459 1435 615 1475 erkennen
638 1434 748 1482 ſollten
775 1433 888 1493 (²⁵).
959 1438 1156 1489 Zuvorderſt
1183 1441 1372 1490 beſtimmen

459 1487 508 1534 ſie
529 1487 566 1524 in
586 1488 660 1524 dem
680 1497 903 1537 angezogenen
928 1481 1052 1543 Geſeze
1076 1494 1127 1532 die
1153 1491 1371 1545 Herausgabe

460 1558 516 1596 der
534 1550 668 1601 Fruͤchte
687 1551 762 1593 von
770 1560 841 1594 dem
856 1557 1019 1606 ſtreitigen
1036 1555 1282 1610 Gegenſtande,

552 1634 607 1668 der
633 1621 869 1671 uͤberwundene
883 1625 1152 1685 Proceßfuͤhrer,
1179 1641 1263 1682 von
1278 1633 1371 1683 dem

549 1697 594 1741 es
619 1692 782 1748 erhelle,
829 1695 909 1748 daß
934 1707 975 1745 er
1002 1697 1064 1745 ein
1086 1695 1371 1759 gewaltſamer

547 1755 792 1809 Anmaaßer
804 1761 985 1816 fremder
1002 1759 1175 1816 Sachen
1199 1762 1282 1812 und
1304 1766 1371 1815 ein

543 1807 718 1863 Raͤuber
740 1811 803 1865 ſey
830 1835 870 1846 —
895 1816 1085 1866 imgleichen
1110 1822 1189 1864 auch
1208 1816 1286 1865 der,
1302 1822 1370 1862 der

546 1874 627 1923 nach
636 1877 690 1913 der
700 1870 1018 1929 Klage
817 1871 894 1932 eine
912 1873 1017 1929 fremde
1029 1878 1145 1930 Sache
1166 1880 1222 1923 de
1240 1878 1370 1925 facto

1277 1956 1365 1997 vor⸗

501 2064 575 2113 (25)
588 2067 665 2105 Cod.
677 2067 801 2109 Theod.
820 2069 886 2108 Lib.
906 2073 951 2111 IV.
956 2073 1028 2115 Tit.
1042 2077 1093 2114 18.
1107 2073 1129 2109 l.
1141 2085 1172 2108 1.
