2584 3038
924 606 998 677 21

266 717 336 774 daß
346 714 411 767 mir
421 717 648 765 Wittenberg
658 716 749 751 nicht
762 701 940 755 gefallen?
965 701 1148 737 Lutherus
1161 698 1224 747 hat
1237 698 1371 751 ſelbſten
1383 693 1481 750 ſchon
1493 695 1574 745 uͤber
1588 703 1656 748 das

264 770 512 819 unordentliche
531 765 635 802 Leben
658 772 749 802 derer
778 756 1022 792 Studioſorum
1039 752 1179 804 daſelbſt
1202 755 1370 803 geklaget,
1397 758 1468 796 und
1484 756 1565 806 dieſe
1580 758 1656 806 ſind

263 824 348 871 noch
359 823 417 873 biß
426 818 509 865 dieſe
515 816 590 862 Zeit
606 815 723 859 davon
731 809 819 852 nicht
832 808 1064 852 abgegangen.
1114 806 1168 849 Es
1178 806 1279 856 fehlet
1291 810 1432 851 anderer
1442 808 1555 851 Orten
1571 808 1657 856 auch

265 880 314 920 an
329 871 524 920 geſchickten
533 867 654 917 Leuten
666 863 772 902 nicht.
823 859 918 903 Auch
932 857 1042 904 haben
1062 856 1222 904 Gelehrte
1243 865 1335 907 gnug
1351 859 1453 901 wider
1463 861 1514 901 die
1528 860 1657 908 Refor⸗

263 928 365 975 mirte
380 920 596 962 geſchrieben,
605 929 673 954 und
683 916 729 962 da
743 915 790 954 ich
809 916 845 947 es
861 913 894 946 in
918 909 1029 946 meiner
1054 905 1171 956 Jugend
1195 906 1463 958 gleichermaſſen
1476 906 1648 959 gethan,
1620 904 1655 960 ſo

263 976 325 1025 hat
344 979 380 1021 es
393 975 518 1018 meiner
529 970 651 1012 Arbeit
663 967 771 1013 dabey
792 968 853 1005 gar
867 960 957 1006 nicht
972 958 1137 1006 nachhero
1155 958 1368 1008 gebrauchet.
1402 961 1471 1012 Jch
1485 960 1552 1009 ſetze
1565 962 1651 1008 noch

263 1027 368 1068 dieſes
379 1026 492 1080 hinzu,
509 1022 576 1067 daß
591 1022 675 1068 viele
691 1011 994 1064 Anti-Reformati
1009 1008 1118 1057 nichts
1138 1010 1202 1058 auf
1211 1011 1274 1053 den
1286 1009 1651 1061 Religions⸗Frieden

258 1080 414 1130 gegeben,
433 1075 544 1112 Krafft
551 1074 691 1107 welches
701 1073 753 1110 die
762 1063 973 1110 Reformirte
980 1060 1147 1110 Religion
1158 1061 1238 1104 eben
1248 1063 1318 1106 eine
1332 1062 1366 1112 ſo
1376 1061 1462 1113 freye
1470 1055 1594 1112 Ubung
1602 1065 1653 1106 im

262 1132 473 1180 Roͤmiſchen
481 1127 589 1174 Reich
606 1128 689 1173 hat,
714 1126 770 1154 als
784 1123 837 1156 die
851 1111 1108 1163 Evangeliſche,
1127 1114 1198 1157 und
1213 1114 1339 1165 dahero
1359 1116 1470 1166 haben
1484 1117 1563 1162 Sie
1580 1116 1651 1163 ihre

259 1183 408 1232 Buͤcher
421 1183 540 1229 oͤffters
556 1182 620 1225 mit
635 1179 670 1213 ſo
679 1173 892 1216 anzuͤglichen
903 1165 1171 1210 Redens⸗Arten
1181 1166 1395 1218 geſchrieben,
1406 1170 1458 1211 die
1470 1170 1534 1211 mit
1543 1170 1652 1212 denen

262 1231 650 1281 Friedens⸗Schluͤſſen,
666 1229 782 1271 welche
794 1226 854 1272 alle
872 1224 955 1265 harte
965 1214 1115 1265 Injurien
1129 1212 1304 1270 verbieten,
1318 1210 1398 1267 nicht
1410 1217 1558 1269 beſtehen
1571 1218 1651 1263 koͤn⸗

260 1293 341 1331 nen.
394 1287 446 1327 Es
458 1288 496 1328 iſt
513 1288 647 1331 daraus
665 1281 815 1326 erfolget,
830 1275 898 1317 daß
913 1271 974 1318 ſich
987 1265 1090 1316 groſſe
1106 1265 1267 1317 Haͤupter
1282 1269 1422 1322 dißfalls
1434 1278 1496 1314 vor
1519 1273 1565 1315 die
1590 1273 1651 1315 Re⸗

261 1339 415 1381 formirte
426 1337 594 1382 Religion
610 1338 823 1372 intereſſiret,
837 1329 907 1362 und
922 1325 959 1372 iſt
979 1320 1134 1370 bekandt,
1138 1320 1200 1376 daß
1223 1323 1319 1370 Jhro
1342 1317 1482 1373 Koͤnigl.
1497 1319 1650 1370 Majeſtaͤt

259 1394 297 1433 in
317 1389 484 1434 Preuſſen
505 1387 601 1429 mehr
629 1386 687 1429 als
713 1378 864 1419 einmahl
888 1377 924 1410 in
948 1372 1086 1411 Faveur
1108 1373 1200 1413 derer
1229 1368 1465 1418 Reformirten
1493 1375 1653 1422 Chriſten

258 1440 464 1488 Schreiben
479 1437 629 1482 abgehen
652 1432 767 1481 laſſen.
843 1428 896 1465 Es
914 1420 1070 1471 ſchwebet
1083 1426 1152 1461 uns
1173 1421 1208 1471 ſo
1226 1424 1319 1469 wohl
1334 1427 1388 1465 der
1409 1425 1591 1474 Magiſtrat
1610 1428 1648 1467 in

257 1491 457 1537 Hamburg,
468 1490 520 1523 als
536 1485 620 1536 auch
633 1493 717 1523 noch
730 1476 858 1517 letztens
869 1473 965 1519 Jhro
972 1469 1100 1524 Fuͤrſtl.
1109 1470 1264 1518 Durchl.
1277 1474 1333 1514 der
1339 1471 1482 1518 Hertzog
1493 1478 1529 1515 in
1537 1474 1647 1515 Wei⸗

255 1546 348 1587 mar,
364 1541 399 1585 in
413 1537 553 1587 friſchen
565 1530 782 1579 Andencken.
832 1525 948 1563 Denn
967 1524 1023 1560 als
1039 1519 1215 1570 ehemahls
1229 1521 1322 1568 Herr
1346 1522 1384 1562 D.
1394 1523 1505 1570 Pfaff
1514 1527 1550 1566 in
1559 1523 1644 1566 Tuͤ⸗

254 1591 381 1638 bingen
394 1590 430 1630 in
446 1587 554 1635 ſeinen
564 1579 766 1628 Schrifften
779 1576 989 1617 behauptete,
1007 1574 1044 1611 es
1060 1565 1153 1612 waͤre
1170 1569 1204 1622 ſo
1221 1567 1432 1621 ohnmoͤglich
1446 1571 1557 1622 nicht,
1569 1572 1642 1625 daß

251 1644 311 1685 die
314 1640 527 1682 Reformirte
542 1639 605 1690 mit
617 1635 723 1678 denen
736 1624 996 1674 Evangeliſchen
1010 1622 1074 1677 ſich
1086 1624 1177 1673 nicht
1194 1624 1383 1675 vereinigen
1399 1624 1517 1676 ſolten,
1525 1627 1642 1671 indem

253 1697 299 1743 ſie
316 1696 418 1743 beyde
431 1695 479 1739 im
494 1691 641 1738 Grunde
657 1689 718 1731 des
733 1682 919 1721 Glaubens
932 1676 1023 1727 nicht
1036 1673 1276 1727 unterſchieden
1291 1674 1426 1721 waͤren,
1442 1677 1475 1726 ſo
1490 1680 1562 1728 fiele
1573 1680 1642 1723 die⸗

253 1747 428 1796 ſerhalben
438 1747 493 1787 die
504 1755 616 1785 gantze
625 1734 920 1778 GOttesgelehrte
929 1728 1077 1782 deutſche
1087 1729 1194 1776 Welt
1205 1726 1271 1783 auf
1283 1729 1344 1781 ihn
1355 1740 1408 1781 zu,
1416 1732 1488 1775 und
1500 1740 1564 1776 vor
1575 1742 1641 1777 an⸗

251 1800 336 1845 dern
345 1797 590 1843 unterſchieden
604 1795 666 1837 ſich
677 1793 770 1831 Herr
784 1785 1028 1834 Neumeiſter,
1044 1783 1084 1838 u.
1085 1780 1248 1831 Edzardi,
1263 1783 1298 1826 in
1305 1780 1507 1834 Hamburg,
1517 1785 1552 1826 in
1561 1783 1639 1828 An⸗

249 1849 499 1896 zuͤglichkeiten,
511 1848 632 1881 welche
645 1847 690 1882 ſie
703 1845 808 1876 wider
820 1842 873 1875 die
887 1838 1123 1884 Reformirten
1135 1833 1258 1887 fahren
1272 1833 1394 1890 lieſſen,
1408 1837 1535 1888 dahero
1550 1839 1640 1883 denn

251 1904 340 1946 auch
355 1902 452 1948 Jhro
460 1899 604 1944 Koͤnigl.
613 1897 759 1936 Majeſt.
772 1896 809 1926 in
821 1891 987 1936 Preuſſen
1000 1887 1225 1938 dieſerhalben
1240 1897 1278 1935 zu
1286 1889 1530 1938 verſchiedenen
1540 1889 1641 1936 mah⸗

251 1956 306 2007 len
319 1962 368 2000 an
383 1955 447 1996 den
455 1952 638 1997 Magiſtrat
653 1951 689 1992 in
698 1943 886 1980 Hamburg
895 1937 1093 1985 Schreiben
1110 1935 1259 1981 abgehen
1276 1934 1391 1985 laſſen,
1407 1935 1515 1981 dieſen
1522 1938 1640 1986 Unfug

249 2007 464 2056 abzuſtellen,
470 2009 543 2052 und
553 2009 613 2042 ſich
627 1998 663 2042 in
671 1994 759 2032 Acht
770 1996 808 2032 zu
820 1991 977 2033 nehmen,
985 1986 1096 2028 damit
1111 1987 1163 2028 die
1182 1985 1417 2035 Reformirten
1434 1988 1639 2035 Religions⸗

245 2058 500 2100 Verwandten
507 2051 600 2094 nicht
610 2048 718 2095 wider
730 2057 793 2086 den
801 2039 957 2086 Jnnhalt
971 2038 1029 2080 der
1037 2033 1313 2087 Reichs⸗Geſetze
1321 2035 1390 2082 mit
1397 2037 1637 2088 Schmaͤhun⸗

247 2115 315 2159 gen
329 2108 452 2146 beleget
459 2103 609 2148 werden.
645 2098 730 2146 Bey
742 2098 818 2140 dem
830 2092 980 2139 Jubilæo
995 2089 1049 2129 der
1055 2084 1340 2139 Augſpurgiſchen
1347 2089 1558 2131 Confeſſion
1574 2092 1636 2139 hat

245 2158 335 2208 auch
348 2156 400 2201 M.
411 2149 574 2206 Etzdorff,
588 2149 755 2198 Prediger
772 2144 820 2200 im
829 2131 1123 2186 Weymariſchen,
1138 2137 1191 2179 ein
1208 2130 1314 2186 Buch
1330 2138 1458 2183 heraus
1475 2135 1634 2186 gegeben,

243 2214 392 2262 welches
406 2217 438 2255 er
447 2216 586 2252 betitelt:
618 2201 927 2239 Vorbereitung,
945 2196 1033 2234 zum
1044 2195 1203 2230 Andern
1211 2182 1435 2236 Jubel⸗Feſt
1442 2193 1513 2222 der
1525 2186 1636 2242 Aug⸗

247 2260 494 2317 ſpurgiſchen
502 2256 726 2300 Confeſſion.
778 2252 853 2303 Da
867 2257 903 2299 er
917 2250 989 2282 nun
1004 2243 1038 2279 in
1046 2238 1229 2288 demſelben
1241 2240 1404 2290 ſchreibet,
1414 2242 1481 2292 daß
1496 2245 1548 2285 die
1558 2244 1634 2287 Re⸗

246 2319 403 2367 formirte
408 2314 526 2358 keinen
534 2310 676 2348 Antheil
686 2311 737 2351 an
748 2307 805 2349 der
812 2291 1095 2344 Augſpurgiſchen
1106 2289 1311 2332 Confeſſion
1315 2283 1452 2343 haͤtten,
1454 2285 1541 2346 auch
1558 2292 1632 2343 ſon⸗

246 2366 319 2415 ſten
329 2365 495 2410 derſelben
514 2364 606 2401 nicht
619 2360 696 2409 zum
707 2353 974 2399 glimpfflichſten
994 2340 1178 2388 erwehnet,
1211 2340 1245 2392 ſo
1260 2341 1372 2391 haben
1380 2331 1476 2392 Jhro
1488 2333 1635 2397 Koͤnigl.

242 2416 348 2463 Maj.
363 2421 434 2458 von
447 2415 615 2466 Preuſſen
626 2412 689 2461 ſich
701 2405 967 2462 gleichermaſſen
987 2392 1176 2444 gemuͤßiget
1194 2393 1350 2445 geſehen,
1367 2398 1420 2438 ein
1430 2396 1634 2447 Schreiben

243 2473 295 2513 an
310 2466 403 2507 Jhre
416 2465 630 2510 Hochfuͤrſtl.
648 2462 803 2496 Durchl.
824 2464 894 2491 von
910 2448 1275 2500 Sachſen⸗Weimar
1289 2448 1440 2499 abgehen
1461 2460 1499 2495 zu
1516 2451 1634 2499 laſſen,

244 2521 371 2565 darinn
383 2515 465 2560 Sie
480 2517 543 2547 ſich
561 2514 644 2558 uͤber
657 2514 761 2550 dieſes
776 2510 946 2554 Prieſters
962 2499 1120 2554 Schrifft
1139 2499 1353 2555 beſchweret,
1374 2503 1446 2549 und
1459 2504 1520 2555 bey
1534 2504 1657 2556 Jhro

243 2574 402 2622 Durchl.
416 2584 477 2618 um
487 2575 666 2622 Ahndung
680 2575 888 2629 angeſuchet.

822 2634 866 2661 D.
893 2629 1057 2661 Mayer.

348 2678 448 2727 Man
463 2685 639 2722 beſcheidet
656 2685 719 2725 ſich
739 2683 802 2712 gar
819 2670 934 2712 wohl,
961 2669 1028 2715 daß
1051 2665 1105 2711 die
1115 2661 1404 2718 Schmaͤhungen
1425 2668 1539 2719 wenig
1555 2664 1635 2712 oder

243 2734 357 2782 nichts
370 2730 506 2783 helffen,
516 2731 588 2783 und
592 2743 703 2780 nichts
723 2737 847 2774 anders
860 2718 1088 2771 verurſachen,
1103 2720 1157 2764 als
1170 2717 1239 2774 daß
1255 2717 1297 2774 ſie
1309 2729 1391 2768 neue
1402 2716 1640 2776 Schmaͤhun⸗

938 2787 979 2835 C
979 2787 1009 2835 3

1575 2785 1647 2820 gen
