1628 2379
124 489 190 526 Die
200 489 304 532 Augen
313 491 381 525 aller
390 488 473 526 Welt
484 490 542 533 ſind
552 490 612 531 auff
626 489 676 526 ihn
687 487 840 531 zugericht;

123 535 227 574 Seht/
236 538 280 574 wie
285 532 346 568 ihm
356 532 502 566 jederman
510 532 553 561 ein
562 526 691 570 ſcharffes
701 523 814 570 Urtheil
832 523 940 568 ſpricht.

124 589 208 623 Bald
220 588 293 622 lebet
303 597 331 622 er
341 596 372 628 zu
384 583 462 624 frey/

123 626 206 662 Bald
223 626 280 660 will
289 634 356 661 man
366 624 429 660 uͤbel
441 620 560 663 deuten/

126 672 201 708 Daß
210 679 240 706 er
251 680 282 711 zu
292 671 359 714 ſtoltz
370 671 420 713 bey
429 667 550 707 Leuten/

122 707 168 756 Zu
185 707 250 750 bloͤd
267 718 323 750 und
332 713 447 754 traurig
460 712 516 755 ſey.

125 769 206 803 Was
223 765 320 806 bringt
331 764 390 807 ihm
401 763 474 808 nicht
484 762 529 810 fuͤr
539 767 642 809 Furcht
651 768 700 801 der
710 767 808 808 heißen
818 767 895 803 Liebe
905 758 1028 808 Macht/

125 816 223 850 Wenn
234 813 331 856 manch
340 812 529 858 Lieb⸗reitzend
540 804 621 850 Blick
633 811 700 854 nach
710 802 796 855 ſeiner
807 811 944 855 Freyheit
953 804 1063 855 tracht/

126 867 225 901 Wenn
244 863 357 907 manche
377 863 467 901 Venus
489 862 554 904 ihn/

127 910 175 946 An
186 912 233 945 der
249 908 309 951 ihm
327 908 417 949 nichts
428 904 559 946 gelegen/

126 952 201 994 Auff
215 950 409 986 unbekandten
419 951 533 986 Wegen

126 999 201 1034 Will
211 999 235 1034 in
248 997 292 1035 ihr
301 997 385 1039 Netze
395 995 492 1037 ziehn!

126 1041 216 1090 Loͤſcht
231 1044 307 1088 wohl
317 1048 365 1081 der
375 1044 489 1082 Seelen
499 1042 607 1081 Brand
621 1046 665 1081 ein
674 1042 870 1087 abgeſtohlner
877 1045 957 1090 Kuß/

125 1097 226 1132 Wenn
234 1104 303 1131 man
312 1090 357 1139 fuͤr
367 1094 469 1137 Augen
478 1092 546 1138 ſieht
554 1096 603 1132 der
611 1096 720 1133 andern
729 1087 881 1138 Uberfluß/

126 1141 225 1175 Wenn
240 1140 329 1174 andre
352 1138 473 1181 nehmen
490 1137 536 1174 ein

124 1189 197 1223 Mit
211 1181 396 1229 ungezaͤhlten
404 1178 530 1227 Zahlen/

125 1229 208 1264 Was
226 1229 281 1261 uns
298 1234 329 1266 zu
345 1226 436 1262 vielen
451 1225 568 1267 mahlen

126 1274 212 1311 Muß
226 1272 426 1316 abgeſchlagen
439 1271 525 1315 ſeyn?

125 1317 195 1353 Der
204 1316 284 1357 Ehre
293 1314 396 1355 Rauch
410 1311 557 1361 verfliegt/
561 1315 606 1348 ein
626 1312 709 1361 Zufall
725 1311 801 1361 raubt
819 1317 874 1349 das
882 1313 977 1357 Gutt/

125 1372 191 1409 Die
201 1369 405 1414 Wiſſenſchafft
419 1363 563 1411 verfuͤhrt/
572 1373 628 1404 das
637 1369 721 1406 Alter
731 1364 859 1415 ſchwaͤcht
869 1371 922 1405 den
931 1359 1043 1408 Mutt/

126 1413 196 1451 Der
205 1412 420 1457 Freundſchafft
429 1414 521 1449 Glutt
530 1413 603 1449 wird
613 1409 677 1455 Eyß

126 1458 259 1495 Darvon
268 1466 337 1494 man
345 1458 397 1501 offt
407 1460 450 1492 die
459 1457 545 1499 Aſche

126 1502 195 1547 Bey
204 1501 396 1544 ausgeleerter
404 1500 507 1545 Taſche

125 1547 214 1592 Nicht
222 1546 302 1590 mehr
312 1555 343 1589 zu
351 1545 444 1588 finden
453 1543 534 1589 weiß.

124 1602 206 1637 Was
215 1608 291 1636 reine
299 1599 411 1642 Brunſt
417 1595 577 1645 verknuͤpfft
592 1601 647 1636 das
657 1598 745 1636 bleibt
764 1595 965 1644 unauffgeloͤſt/

124 1646 228 1691 Durch
237 1646 325 1690 dieſes
334 1649 448 1683 werden
456 1648 509 1683 wir
518 1647 641 1691 erfreuet
649 1647 706 1682 und
722 1644 839 1690 getroͤſt:

126 1699 255 1735 Getreue
267 1697 345 1734 Liebe
360 1693 447 1739 ſteht/

125 1732 224 1766 Wenn
239 1735 292 1765 wir
301 1738 355 1764 von
364 1731 469 1770 hinnen
478 1724 596 1772 muͤſſen/

123 1783 189 1817 Und
207 1786 288 1818 unter
298 1781 398 1823 unſern
407 1776 509 1825 Fuͤſſen

122 1823 187 1860 Die
198 1824 282 1860 Welt
293 1831 323 1864 zu
336 1818 523 1860 Druͤmmern
533 1820 610 1865 geht.

122 1880 226 1918 Drum
236 1882 284 1926 ſag
292 1881 333 1924 ich
343 1885 422 1921 gutte
430 1880 526 1925 Nacht
537 1883 586 1917 der
596 1880 706 1925 bangen
714 1876 905 1925 Einſamkeit/

121 1928 186 1966 Und
197 1929 272 1974 ſuche
284 1926 366 1972 mehr
374 1922 514 1969 vergnuͤgt
524 1935 555 1968 zu
564 1922 689 1977 ſchluͤſſen
698 1928 788 1964 meine
798 1926 874 1970 Zeit/

122 1978 192 2017 Der
201 1978 340 2025 Freyheit
349 1979 432 2016 danck
439 1978 478 2015 ich
487 1973 543 2012 ab/

120 2021 186 2056 Und
202 2023 259 2057 will
272 2022 307 2064 ſie
318 2022 353 2061 izt
361 2014 540 2064 verſchluͤſſen

121 2067 170 2107 Jn
179 2069 266 2113 dieſer
276 2068 397 2113 ſanfften
404 2064 508 2108 Kuͤſſen

121 2096 327 2152 Gewuͤnſchtes
344 2102 537 2151 Feder⸗Grab.
