1635 2531
222 509 381 553 geprediget
389 511 486 550 haben,
496 509 590 553 lehren
598 511 718 549 dennoch
728 509 772 552 46)
782 520 848 551 nun,
862 512 918 553 daß
931 514 985 547 wir
994 515 1021 548 *)
1045 513 1119 553 nicht
1126 516 1170 546 al⸗

222 552 278 587 lein
298 556 354 589 aus
369 554 490 590 Werken
511 554 620 595 gerecht
634 558 743 589 werden
758 563 811 591 vor
824 559 929 596 GOtt,
958 562 1074 594 ſondern
1089 563 1168 595 ſetzen

222 597 275 630 den
292 597 425 632 Glauben
440 605 477 630 an
496 596 641 639 Chriſtum
662 601 763 639 darzu,
798 604 925 639 ſprechen
942 607 1009 644 47),
1031 605 1170 633 Glauben

222 642 280 674 und
303 639 392 676 Werk
414 641 526 679 machen
547 641 603 673 uns
623 645 733 681 gerecht
753 649 805 675 vor
826 644 930 681 GOtt,
973 649 1073 679 welche
1089 651 1168 675 Rede

222 682 302 716 mehr
310 684 354 722 48)
370 681 482 725 Troſtes
497 683 614 724 bringen
628 685 722 723 moͤge,
768 690 840 717 denn
852 692 879 722 ſo
897 696 966 716 man
981 691 1066 716 allein
1079 694 1169 724 lehret

221 724 274 760 auf
292 718 355 762 Werk
386 732 417 764 zu
429 729 590 757 vertrauen.

265 767 392 801 Dieweil
405 776 465 801 nun
479 773 526 808 49)
560 769 604 801 die
627 766 709 801 Lehre
727 775 794 801 vom
808 769 958 808 Glauben,
991 772 1035 801 die
1059 773 1120 821 das
1120 774 1169 821 50)

221 797 391 843 Hauptſtuͤck
410 803 443 845 iſt
463 805 491 837 in
505 807 683 845 chriſtlichem
691 812 797 842 Weſen
812 820 869 844 51),
910 818 938 841 ſo
952 819 1036 842 lange
1048 820 1110 843 Zeit
1118 822 1169 842 52),

724 872 751 904 D
783 881 800 904 2

1116 874 1170 907 wie

258 908 322 944 auch
337 906 394 939 eine
414 906 652 946 uͤberſchwengliche
674 913 753 944 reiche
774 916 941 945 Vergeltung
955 922 1059 943 unſerer
1077 924 1171 940 Leiden

234 946 314 977 und
338 955 418 987 guten
440 951 556 986 Werke,
599 959 650 980 wie
676 958 718 980 ein
747 960 820 982 Kind
843 967 891 980 das
916 967 987 982 Erbe
1015 969 1083 986 nicht
1112 973 1170 980 ver⸗

258 989 344 1019 dienet
359 992 412 1019 und
426 992 492 1020 wird
500 991 611 1023 dennoch
620 994 729 1023 dadurch
737 998 782 1020 des
789 999 892 1021 Kindes
898 1001 971 1021 Treu
981 1008 1060 1024 gegen
1074 1008 1113 1020 die
1122 1006 1171 1021 El⸗

260 1029 321 1056 tern
334 1027 445 1061 belonet.
460 1027 529 1065 Zum
537 1027 653 1063 fuͤnften,
672 1035 716 1069 man
708 1035 880 1063 lehret
828 1038 887 1069 auch
889 1040 946 1064 hie,
975 1041 1022 1058 wie
1036 1049 1086 1058 man
1107 1049 1170 1065 gute

257 1064 341 1097 Werk
353 1064 475 1102 vermoͤge
489 1071 520 1104 zu
533 1061 616 1100 thun,
646 1071 770 1102 nemlich,
792 1074 879 1098 GOtt
894 1078 942 1096 kan
959 1086 1023 1096 man
1037 1083 1106 1096 nicht
1121 1089 1170 1095 an⸗

257 1101 336 1139 rufen
349 1105 403 1135 und
416 1102 512 1140 lieben,
546 1104 611 1134 man
620 1106 716 1146 glaͤube
729 1112 797 1134 denn
811 1117 891 1140 zuvor
904 1119 1052 1141 gewislich,
1076 1122 1126 1140 daß
1141 1125 1172 1134 er

232 1142 312 1171 uns
325 1141 421 1181 gnaͤdig
433 1143 498 1179 ſey;
508 1143 572 1174 item
586 1143 689 1178 obſchon
703 1148 747 1175 der
760 1148 873 1180 Menſch
885 1153 961 1178 durch
976 1158 1064 1179 eigene
1075 1158 1171 1175 natuͤr⸗

259 1178 321 1216 liche
330 1180 455 1217 Kraͤften,
470 1179 622 1220 aͤuſſerliche,
633 1184 741 1219 ehrliche
770 1186 830 1213 Werk
842 1192 887 1214 zum
910 1192 973 1214 theil
988 1198 1019 1227 zu
1033 1196 1102 1227 thun
1109 1201 1169 1231 ver⸗

232 1213 337 1253 mag,
344 1212 379 1254 ſo
409 1217 510 1253 ſtecket
519 1220 579 1252 doch
600 1221 651 1247 das
670 1222 742 1254 Herz
767 1227 821 1246 von
838 1226 935 1258 Natur
948 1230 992 1258 vol
1008 1230 1079 1265 boͤſer
1101 1233 1171 1271 Luͤſt,

232 1252 552 1284 Gottesverachtung,
568 1253 716 1295 Zweifels
720 1259 774 1285 und
789 1259 987 1288 Unglaubens;
1026 1268 1091 1291 dazu
1112 1272 1170 1307 ſind

231 1291 297 1323 die
311 1291 456 1326 Menſchen
474 1289 556 1328 auſſer
570 1283 684 1327 Chriſto,
696 1296 750 1321 und
776 1295 840 1326 ohne
853 1299 983 1327 Glauben,
1003 1306 1030 1344 in
1045 1309 1090 1343 des
1098 1308 1172 1345 Teu⸗

255 1331 311 1363 fels
329 1332 458 1364 Gewalt,
489 1330 533 1362 der
546 1328 659 1370 treibet
655 1330 691 1374 ſie
696 1333 760 1375 auch
775 1356 806 1376 zu
819 1352 980 1381 mancherley
995 1350 1099 1389 Jrtum
1115 1356 1171 1384 und

234 1355 420 1399 oͤffentlichen
438 1369 580 1402 Suͤnden:
602 1378 717 1404 Darum
740 1372 829 1410 lehren
841 1380 908 1414 wir,
926 1383 977 1425 daß
996 1394 1071 1427 man
1080 1392 1174 1428 wiſſen

257 1409 301 1445 ſol,
329 1411 378 1449 daß
391 1410 478 1445 GOtt
492 1415 544 1442 uns
558 1410 676 1451 zugeſagt
689 1412 753 1450 hat,
766 1417 842 1446 durch
857 1427 906 1449 den
919 1423 1026 1459 heiligen
1046 1429 1124 1465 Geiſt
1137 1440 1169 1466 zu

256 1444 358 1482 helfen,
377 1452 408 1484 zu
421 1445 539 1477 bewaren
559 1449 613 1476 und
632 1452 664 1484 zu
678 1453 787 1483 regiren.
827 1457 894 1490 Das
907 1458 1060 1497 geſchiehet,
1079 1466 1103 1502 ſo
1116 1478 1170 1501 wir

257 1481 369 1522 Glauben
390 1481 472 1525 uͤben
477 1487 553 1524 durch
562 1486 685 1526 Anrufen
699 1496 732 1520 ꝛc.
769 1492 856 1527 Denn
872 1499 948 1534 durch
964 1501 1093 1537 Glauben
1102 1509 1171 1539 wird

234 1529 301 1558 der
321 1528 410 1567 heilige
423 1528 501 1565 Geiſt
508 1528 633 1566 gegeben.
690 1529 754 1559 Aus
768 1534 860 1564 dieſem
874 1537 941 1571 allen
953 1539 983 1566 iſt
996 1541 1052 1572 klar
1063 1546 1119 1573 und
1133 1543 1173 1578 oͤf⸗

256 1566 379 1602 fentlich,
396 1565 449 1602 daß
458 1566 592 1604 chriſtliche
605 1567 659 1598 und
673 1568 794 1603 heilſame
807 1573 899 1602 Lehre,
919 1576 989 1610 beide
1000 1582 1063 1612 vom
1077 1581 1171 1614 Glau⸗

236 1605 306 1634 ben
316 1605 373 1636 und
387 1605 520 1639 Werken,
538 1604 614 1640 durch
626 1606 666 1635 die
677 1607 771 1641 unſern
785 1612 899 1641 gelehret
911 1615 987 1650 wird.
1006 1614 1093 1654 Denn
1108 1620 1171 1650 auch

259 1638 331 1670 beide
339 1638 431 1678 Lehre,
447 1642 499 1670 das
511 1639 690 1674 Evangelium
698 1649 751 1670 von
760 1649 803 1670 der
812 1650 1042 1677 Barmherzigkeit
1056 1656 1082 1686 in
1092 1654 1172 1687 Chri⸗

237 1674 296 1710 ſto
315 1676 435 1713 zugeſagt
454 1679 509 1708 und
527 1682 581 1709 von
594 1677 758 1714 Vergebung
771 1689 815 1708 der
828 1688 948 1712 Suͤnde;
979 1693 1033 1722 und
1049 1693 1097 1724 das
1113 1693 1173 1724 Ge⸗

258 1713 302 1748 ſetz
317 1722 369 1746 von
390 1711 458 1751 recht
478 1720 559 1754 guten
581 1717 710 1753 Werken,
740 1725 809 1754 recht
829 1729 884 1747 und
904 1728 1044 1752 ordentlich
1057 1729 1102 1754 bey
1115 1734 1173 1767 uns

237 1748 371 1790 gelehret
389 1755 444 1785 und
464 1756 594 1792 getrieben
608 1764 704 1793 wird...

1106 1781 1175 1809 Wo

221 1826 271 1865 46)
278 1827 407 1867 dennoch;
424 1827 566 1865 demnach
574 1826 716 1868 Stafford.
724 1832 858 1864 dennoch
871 1835 972 1861 davon
980 1833 1071 1863 Oberl.
1088 1837 1171 1868 Zeidl.

239 1870 296 1905 *)
315 1870 364 1905 daß
373 1870 441 1905 wir;
480 1872 558 1902 denn
567 1873 631 1902 wir
645 1874 730 1903 Oberl.

1005 1893 1059 1926 47)
1081 1893 1170 1928 darzu,

240 1902 416 1941 ſprechen;
476 1906 568 1938 Oberl.
607 1910 647 1936 an
666 1906 840 1939 Chriſtum.
868 1903 958 1937 Dazu
988 1916 1172 1943 ſprechends.

258 1950 307 1981 48)
323 1948 400 1981 Rede
414 1949 510 1986 mehr;
555 1949 636 1989 Chyt.
650 1949 733 1983 Rede
748 1948 898 1982 leidlicher
912 1948 949 1985 iſt
963 1955 1012 1983 als
1028 1959 1075 1980 die
1089 1959 1172 1981 vori⸗

242 1992 294 2013 ge
305 1989 367 2020 und
380 1987 477 2024 mehr.
526 1983 616 2020 Oberl.
638 1993 737 2018 etwas
748 1988 850 2020 mehr;
869 1989 959 2021 moͤge,
981 1993 1070 2025 mag,
1091 1998 1164 2023 Chyt.

239 2011 354 2054 Taͤleſt.
374 2020 466 2052 Oberl.
487 2019 598 2052 Brand.
619 2023 670 2057 Pf.
694 2030 724 2053 zu
739 2028 897 2051 vertrauen;
917 2032 953 2052 zu
965 2032 1036 2074 felt
1034 2037 1066 2061 in
1065 2034 1174 2053 Stutg.

255 2058 309 2093 49)
318 2064 477 2099 Dieweil
458 2063 524 2102 nun;
537 2064 656 2097 dieweil
670 2068 742 2098 aber
750 2065 807 2102 Rh.
817 2063 991 2104 Braunſchw.
1008 2071 1088 2102 Thur
1105 2072 1175 2104 Jul.

244 2100 314 2127 50)
335 2099 375 2132 die
389 2102 455 2133 das;
474 2098 584 2132 welche
598 2102 664 2135 das,
683 2103 744 2131 eben
765 2102 833 2132 dieſe.

949 2120 993 2153 51)
1011 2116 1176 2151 chriſtlichem

260 2131 371 2170 Weſen;
419 2134 598 2168 chriſtlicher
630 2139 738 2176 Lehr,
775 2137 824 2173 Rh.
850 2145 970 2177 Braunſ.
1007 2147 1090 2183 Thur.
1110 2150 1168 2189 Jul.

257 2173 311 2202 52)
344 2172 368 2204 ſo
387 2175 462 2208 lange
481 2176 558 2211 Zeit,
578 2180 611 2206 w.
631 2180 669 2208 m.
685 2178 739 2210 b.;
758 2179 817 2208 wie
835 2181 909 2208 man
927 2182 1073 2208 bekennen
1088 2194 1176 2232 mus,

262 2209 349 2250 lange
364 2212 445 2252 Zeit,
468 2216 529 2245 eben
544 2215 615 2250 dieſe.
