1615 2487
133 548 270 603 nigliche
283 548 505 603 Caſſengelder
519 550 575 601 bey
597 552 653 603 ſich
668 548 786 600 haben,
808 548 903 598 ſtellet
919 559 999 594 man

134 605 290 651 ebenfalls
306 605 368 654 auf
383 603 489 654 freyen
506 601 596 648 Fuß.

185 656 272 699 Art.
299 662 335 699 8.
385 653 456 696 Die
486 654 752 706 zuruͤckbleibende
778 655 908 696 Kranke
932 659 999 700 und

136 710 369 749 commandirte
401 707 558 761 Officiers
592 704 741 758 genieſſen
775 707 888 757 allhier
921 709 999 750 aller

133 754 297 808 Freyheit,
313 758 365 796 bis
382 760 420 808 ſie
435 760 577 798 beordert
592 761 727 797 werden.

184 807 400 857 Accordirt,
420 813 486 848 und
500 810 620 849 koͤnnen
635 809 725 855 ſicher
739 803 851 855 allhier
867 807 1000 848 verblei⸗

234 867 306 914 ben,
330 867 384 905 bis
400 867 438 916 ſie
455 867 599 908 beordert
619 870 761 910 werden;
787 867 892 907 jedoch
914 862 999 919 muͤſ⸗

234 914 285 963 ſen
300 913 339 963 ſie
352 926 414 957 vor
429 921 478 959 die
492 913 717 963 Verpflegung
735 916 823 966 ſelbſt
844 917 971 964 ſorgen.

183 963 271 1011 Art.
287 978 328 1015 9.
354 963 427 1008 Alle
448 967 632 1015 Schulden,
654 964 684 1012 ſo
711 974 778 1005 von
801 969 855 1006 der
869 955 998 1006 Garni⸗

133 1011 190 1064 ſon
214 1016 412 1065 contrahiret
428 1017 576 1062 worden,
596 1012 691 1067 ſollen
727 1022 785 1063 vor
807 1014 863 1055 dem
883 1010 998 1063 Abzug

133 1069 272 1123 bezahlet
292 1078 431 1112 werden.

310 1127 443 1169 Gut.

182 1170 271 1219 Art.
296 1182 356 1212 10.
407 1167 635 1220 Saͤmmtliche
656 1169 1000 1223 Compagniewagen,

134 1227 194 1270 alle
228 1218 530 1277 Officiersbagage,
564 1223 689 1276 Pferde
720 1231 786 1267 und
815 1234 887 1265 was
919 1236 1000 1273 dazu

130 1279 278 1332 gehoͤrig,
291 1280 370 1320 wird
383 1287 449 1321 von
470 1285 522 1323 der
537 1280 706 1333 Garniſon
730 1283 998 1329 mitgenommen.

180 1334 402 1385 Accordirt,
428 1335 534 1385 jedoch
556 1332 612 1386 ſoll
632 1335 749 1387 vorher
772 1336 904 1385 viſitiret
917 1342 999 1376 wer⸗

232 1393 311 1441 den,
341 1391 380 1431 ob
404 1400 438 1434 es
468 1392 552 1434 keine
569 1393 701 1438 andere,
723 1389 783 1438 als
802 1390 869 1439 ihre
892 1390 998 1438 eigene

236 1441 308 1495 ſeyn
331 1442 427 1486 wird.

130 1492 269 1540 Art.
292 1507 352 1536 11.
403 1494 473 1539 Die
487 1493 606 1539 Stadt
619 1494 719 1536 bleidt
733 1495 768 1536 in
783 1491 875 1546 ihren
892 1491 999 1544 Rech⸗

131 1552 187 1587 ten
210 1552 279 1590 und
305 1547 496 1597 Freyheiten
520 1546 714 1595 ungekraͤnkt
737 1548 803 1586 und
829 1554 896 1586 von
919 1549 997 1590 aller

130 1596 347 1651 Pluͤnderung
363 1598 512 1647 befreyet.

181 1648 423 1698 Accordiret,
445 1651 551 1699 jedoch
579 1652 634 1700 ſoll
660 1647 738 1691 alles
761 1646 998 1706 pflichtmaͤßig,

231 1703 289 1752 bey
321 1702 465 1751 ſchwerer
494 1699 785 1748 Verantwortung
818 1710 997 1747 angezeiget

232 1759 379 1804 werden,
409 1763 482 1797 was
503 1763 546 1796 an
570 1751 818 1804 Magazins,
841 1753 999 1798 Muni⸗

235 1813 356 1861 tions,
374 1809 552 1854 Gewehr
569 1811 634 1848 und
641 1808 1001 1863 Montirungsſtuͤ⸗

235 1859 335 1904 cken,
346 1862 376 1910 ſo
387 1866 443 1901 den
462 1848 600 1913 kayſerl.
624 1845 748 1915 koͤnigl.
769 1861 844 1914 oder
836 1861 1004 1905 Reichs⸗

231 1921 405 1966 truppen
420 1913 606 1967 angehoͤrig,
622 1917 808 1964 vorhanden
826 1918 878 1966 iſt.

452 1969 525 2007 Art.
547 1966 678 2012 ſeparat.

183 2014 257 2061 Die
277 2013 449 2068 Garniſon
477 2015 663 2063 unterwirft
681 2012 740 2065 ſich
763 2017 817 2061 der
836 2012 1004 2068 Capitu⸗

133 2048 282 2110 lation;
309 2067 391 2103 aber
410 2068 458 2106 die
472 2061 630 2114 Officiers
653 2061 776 2110 bitten,
796 2078 895 2111 gegen
913 2071 1005 2097 Aus⸗
