2133 2607
290 415 390 466 uns
401 427 467 461 den
486 414 567 466 Leib
585 415 763 473 begraben
777 423 828 461 ꝛc.
861 412 951 468 nach
971 417 1051 456 dem
1070 409 1252 466 Seegen:
1284 407 1363 465 Ach
1379 415 1448 455 wie
1459 407 1582 455 Elend
1599 412 1639 459 iſt
1648 418 1718 452 un⸗

305 481 362 538 ſer
370 484 454 541 Zeit
480 496 525 530 ꝛc.

407 543 501 592 Den
520 546 584 591 26.
608 542 708 587 Dec.
732 539 802 594 ließ
823 536 891 596 ſich
910 541 967 586 ein
990 532 1260 594 erſchrecklicher
1282 532 1504 586 Cometſtern
1523 540 1587 576 am
1607 529 1721 589 Him⸗

307 598 381 647 mel
396 597 495 653 ſehen
519 586 632 654 gegen
641 593 793 650 Abend,
807 601 883 640 und
901 594 1001 646 ſtund
1021 598 1088 637 den
1104 595 1250 646 gantzen
1268 588 1437 636 Winter.

412 665 540 706 Anno
559 661 685 709 1681.
702 666 804 705 ward
820 657 1002 716 Heinrich
1012 650 1192 713 Roͤßlers,
1209 651 1392 711 Pachters
1415 650 1485 708 auf
1496 657 1564 698 den
1582 650 1759 710 Haſen⸗

304 720 393 775 berg
412 715 643 773 Toͤchterlein
660 714 818 772 Regina
835 712 967 765 allhier
983 707 1175 767 begraben.

415 785 542 826 Anno
567 786 691 831 1682.
713 790 779 827 den
798 786 861 828 28.
875 779 996 826 Febr.
1017 785 1120 825 ward
1139 779 1197 823 ein
1211 774 1315 829 Chur
1327 773 1468 829 Saͤchſ.
1482 772 1633 824 Soldat
1650 770 1727 822 hier

309 834 505 893 begraben,
523 841 599 882 und
618 837 700 880 weil
718 845 756 879 er
772 827 985 889 Catholiſch,
1000 827 1165 885 geſchahe
1183 829 1277 875 alles
1302 827 1390 880 nach
1410 827 1605 876 Soldaten
1620 825 1728 873 Ma⸗

310 900 403 952 nier,
420 898 504 953 doch
524 890 687 949 wurden
706 896 807 950 wegen
836 901 897 941 der
905 892 1152 947 Lutheriſchen
1163 889 1348 945 Officirer,
1359 889 1478 943 etliche
1496 886 1667 942 Schuͤler
1685 896 1728 943 zu

302 956 463 1010 gelaͤſſen
476 968 522 1010 zu
540 956 671 1008 ſingen,
689 961 765 999 und
785 957 854 999 mit
875 963 933 999 der
950 953 1089 1001 kleinen
1111 949 1277 1000 Glocken
1297 950 1411 999 beym
1436 948 1641 1001 Begraben
1671 951 1728 989 ein

300 1017 434 1069 wenig
452 1012 623 1068 gelaͤutet.
641 1013 850 1065 Kirchenb.

418 1073 517 1116 Eben
534 1073 644 1120 dieſes
657 1072 760 1119 Jahr
773 1071 881 1112 ward
910 1072 968 1111 das
977 1066 1198 1120 Pfarrhauß
1212 1073 1281 1107 von
1303 1061 1438 1107 Grund
1463 1068 1553 1108 aus,
1576 1069 1641 1100 neu
1675 1073 1730 1107 ge⸗

309 1120 432 1171 bauet,
446 1122 518 1165 und
531 1122 570 1174 iſt
580 1119 740 1172 folgende
764 1113 914 1174 Schrifft
913 1111 1076 1172 (welche
1079 1116 1165 1158 oben
1178 1118 1239 1162 bey
1251 1114 1513 1163 Beſchreibung
1523 1117 1586 1153 des
1596 1116 1731 1162 Pfarr⸗

314 1179 463 1225 Hauſes
482 1186 554 1222 aus
564 1168 753 1225 Verſehen
771 1173 874 1226 falſch
894 1172 1074 1226 angeſetzet
1092 1171 1255 1221 worden)
1283 1170 1319 1211 in
1337 1171 1446 1213 einem
1465 1171 1587 1215 Stein
1605 1178 1653 1211 an
1671 1172 1732 1210 der

308 1231 455 1279 Wand
473 1232 534 1273 der
553 1224 841 1289 Wohn⸗Stube
863 1230 1030 1270 gehauen,
1061 1228 1133 1265 und
1155 1224 1257 1272 ſtehet
1275 1223 1369 1268 alſo:

696 1278 937 1324 FLOREAT.
960 1284 1175 1324 SENATVS.
1210 1282 1345 1325 ZITT.

855 1317 965 1367 Vivat.
997 1325 1223 1364 Memoria.

734 1392 929 1433 NESENII.
970 1387 1035 1426 ET.
1084 1383 1322 1428 RÆTHELII

736 1438 911 1494 Qvorum.
942 1445 1082 1491 JVSSV.
1109 1446 1146 1479 &
1173 1445 1310 1483 CVRA.

698 1485 946 1537 Commodius.
967 1483 1112 1536 Habitat.
1141 1485 1358 1533 Eccleſiaſtes.

881 1550 1170 1591 MDCLXXXlI.

689 1575 882 1626 DEVS
905 1585 1098 1619 Cuſtodiat
1119 1587 1291 1617 Domum.

355 1639 554 1691 Anno
569 1642 687 1696 1683.
705 1639 774 1690 den
790 1655 849 1687 20.
862 1639 955 1687 Oct.
976 1644 1080 1686 ward
1096 1641 1155 1685 ein
1185 1633 1411 1698 Danck⸗Feſt
1427 1642 1552 1689 wegen
1562 1638 1624 1681 des
1633 1635 1735 1683 Sie⸗

320 1719 386 1772 ges
404 1714 535 1762 wieder
554 1716 616 1760 die
633 1709 802 1762 Tuͤrcken
830 1701 1013 1776 gehalten.
1028 1703 1126 1759 Gr.
1184 1703 1429 1763 Dergleichen
1455 1699 1619 1761 geſchahe
1643 1700 1739 1759 auch

308 1775 452 1830 1686.
471 1780 538 1820 den
573 1783 639 1826 27.
650 1772 738 1827 Jan.

411 1829 528 1866 Anno
550 1832 647 1869 1686.
671 1826 738 1867 den
762 1829 821 1870 28.
841 1822 941 1874 May
957 1818 1063 1865 ward
1080 1819 1257 1870 begraben
1278 1816 1458 1869 Friedrich
1476 1815 1647 1868 Hertzogs
1664 1823 1736 1857 von

309 1868 643 1927 Groß⸗Schoͤnau
660 1870 915 1923 nachgelaßner
932 1867 1065 1917 Sohn,
1080 1865 1230 1917 Baltzer
1240 1866 1392 1911 David,
1412 1876 1481 1903 von
1505 1873 1562 1908 14.
1574 1861 1738 1910 Jahren,

323 1927 385 1970 der
409 1927 447 1969 in
462 1928 532 1968 der
549 1926 681 1971 Stadt
704 1925 753 1966 an
768 1923 950 1969 Blattern
963 1917 1130 1969 gelegen,
1153 1918 1294 1962 Kranck
1315 1926 1396 1958 war
1418 1921 1551 1963 heraus
1574 1922 1741 1965 gebracht

323 1977 485 2025 worden,
499 1976 534 2019 in
551 1983 584 2023 8.
595 1973 727 2024 Tagen
745 1976 935 2025 geſtorben,
954 1974 1011 2020 ehe
1027 1974 1171 2020 jemand
1186 1975 1315 2020 wuſte,
1334 1975 1407 2018 daß
1427 1981 1460 2011 er
1477 1976 1549 2008 hier
1564 1980 1658 2010 war.

428 2035 540 2085 Eben
557 2035 667 2088 dieſes
674 2031 782 2093 Jahr
796 2041 865 2083 den
878 2043 917 2088 7.
926 2032 1022 2086 Jun.
1040 2034 1143 2077 ward
1151 2027 1230 2084 hier
1239 2028 1433 2087 begraben,
1451 2020 1551 2074 Tot.
1563 2029 1648 2073 Tit.
1658 2029 1738 2085 Hr.

324 2070 533 2129 Bernhard
555 2082 718 2135 Hermann
746 2083 946 2133 Ruͤttiger,
968 2085 1000 2115 ſo
1018 2084 1083 2123 ſich
1100 2087 1138 2111 in
1158 2086 1320 2118 Kayſerl.
1331 2094 1674 2149 Kriegs⸗Dienſten
1680 2093 1739 2106 als

326 2149 587 2212 Hauptmann
615 2151 815 2210 befunden,
849 2161 926 2201 und
948 2141 1096 2205 bißhero
1122 2160 1165 2206 zu
1183 2147 1311 2205 Petau
1328 2148 1400 2204 auf
1411 2150 1539 2198 ſeinem
1560 2152 1653 2197 Gut
1672 2148 1739 2199 ſich

326 2214 584 2275 aufgehalten,
599 2218 676 2262 und
691 2215 887 2269 geſtorben.
943 2209 1007 2267 Er
1022 2209 1228 2265 vermachte
1251 2210 1398 2262 unſerer
1416 2206 1571 2264 Kirchen
1590 2216 1649 2260 25.
1667 2209 1739 2254 thl.

328 2279 402 2341 daß
416 2288 454 2328 er
468 2288 521 2337 zu
529 2281 645 2337 ſeinen
661 2274 826 2331 Kindern
842 2281 883 2328 in
900 2276 955 2330 die
972 2273 1103 2331 Kirche
1127 2268 1246 2333 durfte
1270 2271 1449 2330 begraben
1475 2275 1627 2329 werden,
1649 2269 1737 2316 wel⸗
