1606 2277
432 223 547 285 Von
547 223 621 285 der
621 223 842 285 Theologie.

997 243 1081 297 243

181 335 239 380 ſey.
315 334 354 380 f)
385 331 515 377 Endlich
558 331 624 377 ſetze
662 338 737 365 man
774 327 881 375 hinzu,
908 329 969 372 daß
1005 339 1082 364 man

183 387 215 424 in
251 383 354 430 dieſen
396 381 503 428 Zeiten
550 384 598 419 die
636 379 771 428 bibliſche
812 378 963 426 Religion
1006 385 1084 423 noch

182 432 264 477 nicht
298 434 328 479 ſo
355 432 465 478 gekant
488 429 575 478 habe,
600 430 650 466 als
676 431 734 466 wir
764 429 802 474 ſie
830 430 894 473 jetzt
914 433 1006 474 durch
1034 436 1082 465 die

182 484 417 532 antideiſtiſchen
434 480 567 529 Buͤcher
581 482 682 531 haben
700 483 815 518 kennen
832 481 945 517 lernen.
997 484 1083 518 Wer

180 533 270 583 ſiehet
278 544 343 570 nun
352 531 433 577 nicht
441 532 499 578 ein,
509 532 569 577 daß
581 532 638 576 die,
647 532 679 566 in
688 530 809 576 unſerer
819 533 1083 576 proteſtantiſchen

181 586 295 632 Kirche
319 584 494 632 befindliche
527 581 768 631 Widerchriſten
803 583 885 625 nicht
905 585 999 625 durch
1017 588 1083 616 eine

181 635 401 684 unbehutſame
416 633 682 681 Gleichmachung
699 633 757 669 mit
779 634 885 677 jenen,
913 637 988 676 noch
1011 638 1082 678 ſtol⸗

181 696 228 733 zer
251 682 381 739 gemacht
397 681 512 733 werden
530 686 662 733 ſollten?
712 684 792 729 Sie,
817 686 863 719 die
871 691 905 719 es
922 688 1004 727 nicht
1013 695 1081 717 wa⸗

180 748 252 783 gen,
276 739 334 776 wie
348 739 425 784 jene,
451 739 497 774 die
515 737 626 774 innern
649 739 714 774 und
729 735 848 782 aͤußern
866 736 1005 774 Gruͤnde
1027 741 1080 773 der

179 791 338 839 bibliſchen
354 789 507 837 Religion
523 787 616 836 ſelber
636 786 852 835 anzugreifen!

255 900 288 934 3.
313 887 537 934 Vertheidiger
560 888 615 924 der
638 883 821 934 chriſtlichen
838 880 1082 931 Offenbahrung

180 935 275 973 wider
297 935 345 981 ſie.
417 929 527 979 Außer
542 932 618 977 den,
646 929 758 967 bereits
773 930 803 976 §.
826 938 905 963 101.
922 936 1080 972 angezeig⸗

179 992 232 1025 ten
242 984 444 1033 allgemeinen
454 981 718 1032 Schriftſtellern,
741 982 799 1018 kan
807 990 882 1018 man
892 985 940 1017 die
948 985 1081 1020 Wider⸗

180 1036 292 1083 legung
307 1033 485 1083 beſonderer
502 1035 663 1083 deiſtiſcher
679 1032 905 1082 Schriftſteller
920 1036 1012 1079 theils
1026 1044 1081 1068 am

179 1085 350 1135 koͤrnigſten
359 1083 495 1132 ſchoͤpfen
505 1092 566 1121 aus
591 1081 717 1135 Lelands
729 1082 842 1135 Abriſſe
849 1087 903 1121 der
910 1088 1080 1129 vornehm⸗

147 1140 241 1186 ſten
258 1137 424 1185 deiſtiſchen
441 1134 620 1182 Schriften,
638 1136 685 1171 die
695 1136 725 1170 in
735 1136 803 1170 dem
817 1137 946 1178 vorigen
954 1140 1018 1167 und
1028 1145 1081 1176 ge⸗

178 1185 394 1236 genwaͤrtigen
406 1185 652 1235 Jahrhunderte
675 1188 707 1223 in
723 1184 875 1232 England
896 1188 1005 1221 bekant
1027 1198 1080 1229 ge⸗

178 1241 317 1285 worden,
344 1238 428 1286 nebſt
458 1235 700 1284 Anmerkungen
732 1233 808 1273 uͤber
837 1238 982 1282 dieſelben
1015 1243 1080 1272 und

164 1287 388 1337 Nachrichten
403 1297 467 1325 von
490 1288 567 1330 den,
600 1294 698 1329 gegen
724 1286 763 1329 ſie
787 1287 1081 1330 herausgekomme⸗

178 1352 239 1380 nen
256 1339 453 1385 Antworten,
480 1339 512 1376 in
526 1337 752 1386 verſchiedenen
770 1336 908 1382 Briefen
924 1340 1080 1378 Hannov.

180 1404 265 1440 755.
290 1396 344 1431 III.
379 1394 469 1441 theils
479 1394 536 1431 kan
554 1401 630 1429 man
647 1391 695 1427 ein
710 1389 839 1436 ziemlich
848 1389 1080 1438 ausfuͤhrliches

179 1442 382 1489 Verzeichnis
400 1439 550 1487 derſelben
567 1441 599 1477 in
617 1442 669 1476 der
684 1438 896 1484 Walchiſchen
920 1443 1080 1477 Biblioth.

180 1495 283 1532 theol.
302 1496 326 1529 I.
343 1495 539 1537 782-813.
574 1490 749 1536 nachſehen,
767 1497 939 1534 weswegen
959 1493 1001 1531 ich
1019 1501 1081 1524 nur

178 1547 247 1585 blos
266 1548 313 1585 die
335 1543 466 1583 Namen
485 1546 537 1580 der
552 1536 746 1588 Apologeten
761 1542 842 1589 ohne
861 1545 907 1578 die
931 1543 1078 1586 Buͤcher⸗

180 1598 244 1636 titel
257 1591 413 1644 anfuͤhren
429 1596 502 1634 will.

279 1664 314 1711 a)
337 1664 434 1703 wider
450 1667 509 1703 den
522 1662 597 1702 Lord
613 1659 801 1711 Cherbury.

225 1736 352 1779 Baxter,
377 1731 521 1777 Muſaͤus,
546 1731 746 1775 Halyburton.

283 1801 322 1846 b)
347 1798 440 1842 Karl
459 1782 624 1847 Blount.

228 1873 375 1916 Bradley,
402 1871 535 1913 Nichols.

579 1926 643 1962 Q
643 1926 682 1962 2

932 1921 980 1973 c)
980 1921 1081 1973 Joh.
