1651 2427
512 466 679 523 Achtes
679 466 827 523 Buch.

1014 471 1093 526 185

289 598 356 634 Nur
378 598 473 634 Einen
494 598 594 637 Blick,
615 599 675 635 Ein
688 599 775 634 Wort
789 601 846 632 aus
858 598 947 635 ihrem
967 599 1094 635 Munde,

243 670 326 710 Und,
355 673 420 704 was
436 671 494 704 mir
518 671 561 712 oft
579 673 635 706 das
654 673 740 707 Leben
768 669 950 711 wiedergab,

243 754 312 788 Nur
335 752 429 789 Einen
445 754 529 794 Kuß!
552 767 594 776 —
616 755 694 787 dann
716 753 823 794 ſchlage
840 753 931 786 meine
951 754 1091 790 Stunde:

242 836 310 874 Mit
331 837 458 879 Freuden
479 835 545 871 tret'
562 837 603 877 ich
623 835 672 871 ab.

257 1018 336 1054 So
356 1017 444 1061 klagt'
466 1018 597 1062 Amynt,
618 1016 662 1052 die
678 1018 780 1059 Augen
793 1017 850 1051 voll
868 1024 926 1052 von
936 1015 1108 1059 Thraͤnen',

242 1092 310 1111 Den
333 1092 489 1117 Gegenden
499 1094 568 1125 die
581 1070 678 1126 Flucht
698 1091 744 1112 der
763 1089 886 1117 Lalage:

242 1174 302 1211 Sie
321 1174 446 1216 ſchienen
465 1174 518 1213 ſich
550 1174 602 1207 mit
621 1168 674 1220 ihm
695 1169 775 1221 nach
787 1169 836 1221 ihr
854 1181 901 1213 zu
917 1169 1034 1221 ſehnen,

239 1261 304 1297 Und
324 1259 466 1302 ſeufzten:
500 1258 628 1305 Lalage!

633 2117 687 2173 M
687 2117 728 2173 5

1021 2119 1086 2163 III.
