1589 2303
176 356 292 401 „mir
311 357 364 402 die
379 355 542 405 Streiche
558 365 595 405 zu
612 351 790 402 vergeben/
822 357 871 397 die
889 353 936 400 ich
950 353 1000 395 ihr
1015 360 1070 400 ge⸗

179 412 334 462 „ſpielet
357 415 448 462 habe.
493 415 560 460 Da
578 422 649 453 nun
664 412 742 457 dieſe
766 412 900 457 Stuͤcke
922 410 988 454 alſo
1003 409 1069 449 ein⸗

178 464 328 506 gerichtet
347 462 493 513 waren/
509 460 542 510 ſo
557 462 693 502 wurden
704 459 741 511 ſie
753 467 818 498 von
831 461 940 501 beiden
963 457 1069 506 Thei⸗

180 516 231 558 len
243 514 481 565 beſchworen/
491 518 561 556 und
582 517 635 559 als
658 519 713 557 der
741 514 849 561 Prinz
877 519 941 553 von
973 512 1072 562 ſeiner

180 558 397 627 Vertrauten
416 562 536 615 gieng/
547 565 581 607 ſo
603 566 747 612 begehrte
773 574 804 602 er
832 556 969 615 nochmals
997 562 1071 608 ſehr

180 616 349 671 inſtaͤndig
367 621 417 663 die
442 618 670 668 Vollziehung
686 626 722 665 zu
742 614 984 667 beſchleunigen.
1000 606 1074 661 So

182 670 260 715 bald
274 675 373 713 Dona
398 670 481 706 Lora
500 679 537 718 zu
563 668 647 714 ihrer
676 666 768 719 Frau
796 666 891 714 zuruͤk
915 662 1014 712 kam/
1037 663 1070 714 ſo

181 726 308 773 erzehlte
327 726 365 776 ſie
381 719 466 772 ihr/
462 723 528 771 daß
549 723 586 772 ſie
619 717 654 769 zu
651 724 732 760 Caſa
752 723 803 762 del
822 723 953 770 Campo
967 726 1075 767 gewe⸗

181 770 262 822 ſen/
273 776 317 816 da
336 773 416 819 habe
430 772 468 819 ſie
493 776 554 813 den
579 770 728 821 Prinzen
757 769 921 819 geſehen/
952 769 1007 810 der
1033 765 1074 816 ſie

183 824 384 877 wahrhaftig
398 829 553 873 gedauret
567 822 675 873 habe/
689 826 763 866 weil
786 835 817 865 er
840 825 872 872 ſo
893 824 958 873 ſehr
981 824 1073 865 elend

183 880 388 927 ausgeſehen.
437 870 571 923 „Aber
571 876 696 926 (ſprach
713 877 749 927 ſie
769 876 895 925 weiter)
923 876 969 923 ich
997 875 1076 918 kon⸗

183 934 267 972 „te
285 932 369 977 mich
385 932 438 971 der
455 928 620 974 Thraͤnen
647 930 734 973 nicht
756 926 921 971 enthalten
950 928 1003 966 als
1029 925 1077 973 ich

183 988 296 1027 „von
314 984 383 1026 ihm
409 976 582 1026 vernahm/
607 980 671 1029 daß
689 986 725 1022 es
744 980 795 1021 die
812 980 897 1021 Liebe
914 986 952 1030 zu
976 978 1077 1020 ihren

182 1031 310 1084 „ſey/
336 1037 385 1074 die
403 1037 460 1082 ihn
482 1034 664 1079 umbringe.
719 1033 767 1080 Er
787 1033 825 1081 iſt
844 1042 905 1074 mir
925 1040 962 1080 zu
978 1029 1076 1083 Fuſſe

184 1081 366 1131 „gefallen
390 1086 458 1125 und
472 1081 529 1131 hat
546 1069 627 1125 mich
642 1078 800 1132 ſehnlichſt
819 1079 994 1129 gebeten/
1007 1079 1076 1126 ihm

185 1140 281 1184 „die
296 1138 421 1183 Mittel
439 1150 483 1182 an
500 1137 549 1181 die
569 1135 678 1187 Hand
695 1144 731 1185 zu
758 1132 882 1185 geben/
908 1133 974 1185 daß
988 1146 1019 1177 er
1036 1132 1075 1183 ſie

185 1191 340 1241 „einige
359 1190 574 1241 Augenblicke
594 1201 631 1241 zu
655 1188 796 1239 ſprechen
812 1189 950 1232 bekaͤme.
1003 1187 1079 1237 Jch

187 1238 297 1283 „bin
316 1248 512 1290 gezwungen
537 1236 677 1286 geweſen
700 1239 769 1284 ihm
797 1246 836 1285 zu
863 1235 1083 1285 verſprechen/

186 1292 298 1339 „daß
315 1294 362 1341 ich
387 1297 424 1333 es
441 1293 540 1336 ihnen
565 1294 742 1337 vortragen
761 1291 855 1331 wolle
880 1293 951 1331 und
968 1289 1002 1328 in
1019 1290 1079 1329 der

186 1342 336 1390 „That
354 1343 529 1385 Madame,
553 1342 592 1387 ſie
602 1342 671 1388 ſind
687 1344 734 1382 im
749 1341 918 1388 Gewiſſen
936 1338 1077 1380 verbun⸗

186 1397 295 1439 „den
317 1398 379 1435 mit
401 1397 471 1440 ihm
490 1404 528 1442 zu
547 1393 691 1442 ſprechen
710 1402 769 1433 um
797 1395 864 1438 ihm
890 1395 954 1433 das
977 1390 1079 1436 Leben

186 1454 270 1494 „zu
290 1447 446 1494 erhalten.
500 1445 554 1494 Ey
572 1442 668 1496 laſſen
697 1444 732 1494 ſie
754 1443 810 1489 ihn
827 1450 887 1484 vor
910 1441 967 1494 ſich
988 1444 1079 1487 kom⸗

187 1495 335 1547 „men/
362 1506 426 1540 nur
448 1500 555 1541 damit
583 1498 621 1545 ſie
651 1496 720 1537 ihm
740 1494 833 1546 ſagen
859 1492 1007 1547 koͤnnen/
1013 1492 1081 1543 daß

187 1560 269 1592 „er
293 1552 351 1602 ſich
379 1553 443 1595 mit
466 1556 555 1596 eitler
581 1549 768 1602 Hoffnung
793 1546 950 1597 aufhalte.
1008 1549 1079 1598 Ach

187 1608 315 1647 „was
340 1605 457 1654 raͤtheſt
477 1607 521 1650 du
535 1605 601 1646 mir
620 1605 722 1644 Lora,
742 1603 949 1647 (antwortete
962 1599 1018 1650 ſie)
1037 1605 1082 1642 da

185 1651 280 1694 „du
300 1655 406 1700 zumal
435 1658 496 1695 den
516 1651 757 1703 jaͤmmerlichen
784 1646 933 1698 Zuſtand
953 1652 1081 1690 meines

187 1701 363 1756 „Herzen
387 1703 535 1753 kenneſt;
556 1708 627 1747 und
647 1702 709 1744 wie
727 1701 780 1749 ſoll
796 1704 843 1748 ich
858 1703 923 1745 mir
935 1702 1082 1751 helffen?

188 1758 349 1804 „Allein
384 1758 540 1798 Madame
579 1754 732 1809 (verſezte
764 1754 841 1802 dieſe
888 1753 1084 1804 gefaͤhrliche

189 1809 570 1864 „Weibs ⸗ Perſon)
594 1809 719 1852 koͤnnen
730 1803 769 1853 ſie
789 1806 847 1855 ſich
868 1806 1083 1856 entſchlieſſen

188 1860 296 1906 „ihn
321 1862 441 1912 ſterben
461 1871 500 1913 zu
514 1853 621 1913 laſſen.
685 1856 797 1903 Denn
814 1859 912 1907 ſolten
935 1858 975 1907 ſie
995 1858 1083 1905 ſort⸗

189 1907 355 1955 „fahren
373 1909 431 1959 ihn
449 1919 487 1959 zu
502 1909 705 1962 verſtoſſen/
727 1909 761 1956 ſo
778 1911 834 1948 bin
855 1913 900 1951 ich
914 1910 1001 1952 nicht
1019 1909 1085 1953 gut

188 1962 365 2019 „davor/
390 1965 458 2016 daß
476 1977 509 2009 er
524 1965 583 2018 ſich
598 1961 685 2011 nicht
701 1962 752 2005 ein
767 1963 840 2007 Leid
856 1964 984 2012 zufuͤge.
1001 1964 1083 2003 Aus
