1606 2406
572 343 649 371 man
670 330 763 376 beyde
786 333 998 379 Logarithmen
1027 337 1082 373 des
1104 330 1240 385 Zaͤhlers
1259 340 1323 374 und
1344 340 1400 375 des
1422 335 1516 377 Nen⸗

572 393 646 422 ners
669 387 701 423 in
722 391 778 423 den
794 386 908 429 Tafeln
922 385 1086 431 aufſuchen
1102 392 1165 425 und
1187 392 1307 425 daraus
1323 387 1513 436 abſchreiben

572 441 679 479 koͤnne.
738 442 805 478 Am
827 441 993 488 leichteſten
1012 442 1091 480 wird
1111 444 1161 481 die
1180 442 1312 487 Sache,
1353 454 1443 489 wenn
1464 445 1514 482 die

571 494 745 538 vorgelegte
772 493 854 541 Zahl
883 494 931 531 ein
960 492 1103 537 unaͤchter
1130 493 1402 540 Decimalbruch,
1443 498 1515 532 oder

572 541 640 576 eine
654 550 747 586 ganze
767 538 850 589 Zahl
871 541 931 579 mit
945 538 1170 589 anhaͤngenden
1183 542 1437 590 Decimalſtellen
1453 544 1515 590 iſt:

572 601 653 636 denn
685 610 749 635 nun
773 597 852 641 weiß
874 609 949 637 man
968 601 1024 636 den
1049 598 1259 648 Logarithmen
1282 605 1336 640 des
1360 602 1515 643 Nenners

571 662 636 690 von
657 652 759 699 ſelbſt,
792 665 870 690 man
887 651 1012 700 ſchreibt
1030 655 1093 701 alſo
1114 666 1174 693 nur
1194 656 1242 694 die
1257 654 1516 700 Decimalſtellen

573 713 649 743 vom
677 703 890 752 Logarithmen
910 711 965 744 des
992 704 1129 756 Zaͤhlers
1157 714 1218 747 aus
1244 711 1300 745 den
1323 708 1436 753 Taſeln
1462 706 1516 755 ab,

572 760 766 799 vermindert
787 762 859 798 aber
883 763 930 799 die
944 760 1125 808 Kennziffer
1138 774 1192 801 um
1210 763 1239 810 ſo
1252 763 1402 813 vielmahl
1418 763 1518 809 Eins,

572 816 626 851 als
647 815 722 855 nach
745 820 797 852 der
818 816 928 855 Stelle
947 821 999 853 der
1018 814 1117 855 Einer
1131 815 1386 860 Decimalſtellen
1404 815 1517 862 folgen.

571 868 736 914 Allemahl
751 868 829 906 wird
843 869 891 905 die
906 870 935 914 ſo
949 869 1156 907 verminderte
1168 869 1349 918 Kennziffer
1361 882 1419 910 um
1428 870 1517 912 Eins

575 922 687 962 kleiner
701 921 767 968 ſeyn
786 920 923 971 muͤſſen,
947 924 999 962 als
1014 921 1062 962 die
1075 918 1160 973 Zahl
1172 925 1225 962 der
1240 922 1362 974 Ziffern
1376 933 1433 964 vor
1445 928 1517 964 dem

573 977 704 1026 Zeichen
718 983 769 1017 der
784 979 895 1020 Einer.

625 1255 659 1279 2.
711 1242 809 1287 Dieſe
829 1240 913 1289 Zahl
934 1243 1023 1295 4738
1050 1246 1112 1280 und
1127 1242 1300 1292 uͤberhaupt
1312 1244 1371 1283 alle
1383 1241 1518 1292 Zahlen,

572 1294 624 1332 die
643 1295 726 1335 nicht
747 1295 821 1333 uͤber
834 1296 900 1332 vier
914 1291 1036 1341 Ziffern
1050 1294 1168 1344 haben,
1196 1295 1290 1340 findet
1306 1307 1381 1334 man
1396 1296 1471 1341 noch
1484 1296 1520 1334 in

572 1354 631 1388 den
653 1350 786 1388 kleinern
806 1349 940 1395 Tafeln,
972 1349 1048 1387 aber
1067 1351 1150 1388 keine
1168 1349 1299 1398 groͤſſere
1312 1350 1454 1401 Zahlen:
1482 1357 1520 1389 es

572 1399 658 1439 waͤre
673 1405 771 1445 denn,
798 1400 862 1448 daß
876 1402 952 1439 man
966 1402 1095 1449 groͤſſere
1109 1401 1224 1448 Tafeln
1238 1414 1292 1450 zur
1306 1403 1406 1443 Hand
1421 1402 1518 1451 haͤtte.

573 1454 630 1503 Jn
646 1456 724 1494 allen
742 1454 871 1502 Faͤllen,
896 1453 972 1494 auch
989 1466 1079 1492 wenn
1094 1456 1142 1493 die
1155 1457 1289 1505 groͤſſern
1305 1449 1419 1504 Tafeln
1435 1458 1518 1502 nicht

573 1505 663 1553 mehr
682 1504 874 1554 zureichten,
913 1504 992 1554 zeigt
1011 1506 1059 1544 die
1073 1508 1257 1556 allgemeine
1272 1509 1449 1557 Gleichung
1470 1510 1519 1547 im

577 1573 660 1609 147.
680 1560 713 1611 §.
729 1575 765 1609 4.
778 1560 903 1612 Zuſatz,
937 1562 998 1602 wie
1019 1575 1096 1603 man
1119 1566 1176 1616 ſich
1189 1565 1289 1617 helfen
1303 1566 1414 1608 koͤnne.
1464 1568 1521 1611 Es

570 1997 737 2035 +.....
786 1992 897 2032 Wenn
911 2001 976 2028 nun
975 1994 1016 2043 p
1025 1992 1108 2036 nicht
1123 1993 1234 2033 kleiner
1248 1994 1300 2031 als
1317 2006 1430 2038 1000,
1456 1992 1520 2031 und

572 2050 606 2085 q
606 2038 696 2085 nicht
717 2038 854 2087 groͤſſer,
901 2037 952 2078 als
979 2050 993 2074 1
1020 2038 1082 2087 iſt,
1132 2041 1163 2086 ſo
1183 2042 1221 2088 iſt
1240 2044 1345 2090 gewiß
1367 2043 1418 2080 die
1436 2032 1520 2087 Zahl
