2541 2565
359 305 479 349 Deine
493 298 652 352 thorheit
662 299 753 344 wird
764 298 821 341 dir
831 295 1015 351 vergolten
1023 296 1177 347 werden,
1193 304 1299 338 wenn
1312 294 1389 337 dem
1399 294 1465 337 leib
1481 291 1610 343 hervor
1627 301 1685 343 ge⸗

216 368 329 409 zogen
338 361 428 403 wird
438 361 503 402 aus
518 358 577 401 der
595 347 761 410 finſteren
772 352 1008 407 grabes⸗hoͤle,
1026 353 1093 405 daß
1104 353 1164 397 der
1177 350 1256 401 leib,
1274 352 1334 393 der
1351 351 1415 394 mit
1425 350 1485 393 der
1503 346 1605 401 ſeelen
1626 357 1683 398 ge⸗

199 415 379 469 ſuͤndiget
391 414 465 465 hat,
473 409 561 464 auch
571 410 620 465 mit
643 411 699 454 der
717 407 820 463 ſeelen
830 403 1008 463 geſtraffet
1018 408 1146 457 werde,
1162 408 1214 451 die
1223 402 1518 455 donner⸗ſtimme
1528 405 1592 446 des
1604 410 1685 454 ertz⸗

202 465 342 521 engels
354 470 441 512 wird
450 466 559 521 durch
570 467 650 510 dein
662 462 750 518 grab
759 461 1003 516 dringen,
946 458 1008 515 und
1016 472 1123 506 wenn
1132 463 1181 507 du
1190 457 1263 511 dich
1275 457 1360 512 auch
1372 463 1477 502 unter
1487 457 1539 499 die
1550 459 1683 510 grund⸗

224 525 304 583 feſte
313 527 371 571 der
380 524 482 578 berge
490 522 652 579 verſteckt
662 519 813 577 haͤtteſt;
831 519 865 574 ja
880 519 923 574 ſie
933 520 1026 564 wird
1036 519 1070 576 ſo
1085 519 1211 572 widrig
1222 515 1358 569 klingen
1372 518 1409 560 in
1421 515 1547 559 deinen
1558 514 1683 566 ohren,

224 580 279 624 als
296 580 348 622 die
366 580 454 629 letzte
473 578 631 617 citation
648 575 745 618 eines
762 568 1001 627 uͤbelthaͤters,
1020 579 1130 614 wenn
1148 583 1183 614 er
1197 568 1259 623 ſoll
1276 564 1503 622 hingerichtet
1528 567 1682 609 werden.

223 637 314 685 Das
328 635 371 693 iſt
386 637 466 681 dein
482 633 627 680 drittes
646 631 731 686 weh!
761 630 865 678 weckt
882 636 920 675 es
938 631 1012 683 dich
1031 628 1127 682 nicht
1148 631 1188 673 in
1206 630 1263 674 der
1278 621 1363 682 zeit,
1391 625 1427 681 ſo
1453 627 1541 670 wird
1554 631 1592 669 es
1608 626 1685 677 dich

223 700 386 759 ſchrecken
403 703 442 746 in
458 699 627 753 ewigkeit.

362 746 485 788 Deine
493 743 650 792 thorheit
658 739 752 782 wird
759 737 828 780 den
836 734 928 790 lohn
938 731 1140 790 empfahen,
1149 741 1256 776 wenn
1266 733 1315 775 du
1324 740 1393 774 vor
1405 728 1534 784 gericht
1542 730 1607 775 alle
1617 730 1689 774 dei⸗

224 810 268 845 ne
285 796 419 855 ſuͤnden
437 798 537 853 wirſt
554 795 778 853 offenbahret
797 795 908 851 ſehen,
923 796 984 839 der
1002 794 1133 839 anblick
1150 796 1212 838 des
1233 789 1420 843 erzuͤrnten
1439 787 1606 842 richters,
1635 789 1689 832 die

223 854 456 913 ſchrecklichen
469 861 566 900 acten
582 857 646 899 des
663 850 827 907 juͤngſten
836 849 1003 906 gerichts,
1020 852 1071 895 die
1082 847 1303 905 hinweiſung
1315 858 1376 898 zur
1386 846 1534 898 lincken,
1547 840 1602 890 das
1611 851 1692 888 ent⸗

224 910 374 975 ſetzliche
390 911 540 972 urtheil:
561 907 667 971 Gehet
688 906 750 966 hin
771 905 832 964 ihr
839 903 1103 963 verfluchten,
1122 902 1190 949 ins
1209 902 1333 957 ewige
1352 899 1481 957 feuer,
1501 899 1578 948 das
1600 899 1692 951 euch

225 966 311 1014 und
322 968 425 1014 allen
438 963 602 1023 teuffeln
614 963 781 1014 bereitet
791 960 850 1018 iſt.
912 964 994 1015 Diß
1010 964 1095 1006 alles
1113 964 1186 1004 und
1205 959 1295 1011 noch
1308 960 1363 1003 ein
1375 958 1533 1011 mehrers
1552 958 1593 1007 iſt
1612 958 1693 1001 dein

229 1024 381 1066 vierdtes
392 1023 587 1075 weh!weckt
596 1024 633 1064 es
641 1020 716 1074 dich
725 1015 819 1073 nicht
832 1017 868 1059 in
878 1017 938 1060 der
947 1015 1019 1069 zeit,
1033 1010 1067 1067 ſo
1065 1015 1155 1058 wird
1168 1020 1206 1058 es
1214 1013 1288 1063 dich
1297 1012 1463 1068 ſchrecken
1474 1011 1512 1055 in
1524 1008 1694 1058 ewigkeit.

370 1078 451 1125 Die
468 1078 515 1119 im
531 1076 630 1128 feuer
644 1070 907 1125 untergehende
925 1071 1006 1115 welt
1025 1070 1113 1113 wird
1129 1070 1203 1122 dich
1223 1069 1339 1112 deiner
1360 1064 1514 1120 thorheit
1532 1063 1694 1114 uͤberzeu⸗

232 1140 313 1187 gen,
329 1134 389 1177 der
406 1132 519 1177 brand
535 1135 596 1178 der
618 1129 797 1186 ſchoͤnſten
814 1126 960 1185 pallaͤſte
977 1130 1050 1173 und
1067 1124 1227 1183 feſteſten
1245 1124 1371 1179 ſtaͤdte,
1389 1126 1456 1168 das
1473 1120 1614 1173 krachen
1632 1124 1696 1165 der

217 1192 345 1242 berge,
354 1191 421 1230 das
439 1186 585 1239 brauſen
595 1189 656 1229 des
667 1187 796 1236 meers,
807 1183 875 1225 das
884 1183 998 1226 rollen
1007 1181 1067 1224 der
1078 1179 1255 1233 himmeln,
1269 1172 1323 1228 das
1339 1178 1425 1222 alles
1437 1177 1512 1220 und
1526 1176 1580 1219 ein
1596 1174 1697 1226 meh⸗

230 1242 308 1287 rers
318 1245 409 1288 wird
427 1245 482 1284 dir
499 1242 616 1294 ſagen,
633 1240 704 1290 daß
717 1241 767 1282 du
785 1235 881 1290 nicht
898 1234 1010 1288 werth
1031 1231 1199 1288 geweſen,
1216 1234 1284 1286 daß
1300 1232 1375 1287 dich
1388 1234 1449 1277 der
1467 1230 1642 1276 erdboden
1659 1229 1696 1285 ſo

233 1301 335 1348 lange
353 1303 532 1348 getragen,
544 1300 618 1339 und
629 1298 704 1349 daß
704 1296 757 1348 dir
767 1293 820 1336 die
835 1292 954 1348 lichter
972 1293 1035 1335 des
1055 1290 1220 1342 himmels
1238 1286 1271 1341 ſo
1290 1289 1393 1340 lange
1411 1284 1611 1341 geleuchtet,
1627 1285 1697 1339 daß

232 1361 306 1411 nun
309 1355 359 1397 der
394 1353 470 1406 ſtab
487 1354 575 1410 uͤber
597 1351 676 1409 dich
676 1347 881 1403 gebrochen,
897 1352 975 1392 und
991 1346 1140 1391 alsdenn
1154 1346 1193 1389 in
1209 1343 1365 1399 ewigkeit
1385 1342 1477 1386 keine
1496 1341 1610 1395 gnade
1629 1352 1698 1384 vor

233 1409 307 1464 dich
317 1421 358 1460 zu
367 1407 496 1465 hoffen.
554 1410 639 1462 Diß
650 1410 693 1459 iſt
702 1408 780 1452 dein
791 1402 944 1461 fuͤnfftes
955 1404 1052 1458 weh!
1081 1403 1184 1450 weckt
1203 1407 1240 1447 es
1251 1401 1325 1456 dich
1343 1400 1436 1454 nicht
1451 1400 1488 1443 in
1501 1400 1561 1442 der
1575 1398 1651 1451 zeit,
1661 1395 1698 1452 ſo

232 1475 322 1520 wird
332 1482 369 1520 es
378 1474 450 1518 dich
460 1472 624 1517 ſchrecken
635 1475 671 1514 in
688 1470 855 1513 ewigkeit.

374 1520 496 1564 Deine
514 1520 669 1568 thorheit
694 1517 783 1571 wird
787 1518 856 1556 den
874 1510 962 1563 lohn
976 1507 1211 1565 empfangen,
1238 1518 1346 1553 wenn
1357 1506 1405 1560 du
1405 1504 1493 1558 den
1493 1504 1617 1560 richter
1631 1505 1699 1548 mit

229 1572 340 1628 ſeinen
351 1576 496 1628 heiligen
515 1575 615 1627 wirſt
625 1573 724 1627 ſehen
740 1573 860 1615 davon
870 1570 995 1621 gehen,
1005 1569 1058 1612 die
1075 1563 1330 1620 frommen,
1272 1561 1325 1618 die
1342 1566 1418 1610 dein
1430 1564 1493 1610 lied
1514 1565 1588 1607 und
1602 1561 1699 1616 ſpott

229 1626 298 1681 auf
311 1630 414 1673 erden
430 1638 572 1679 waren,
602 1633 642 1668 in
666 1630 780 1669 einem
803 1623 970 1677 triumph
985 1622 1024 1667 in
1040 1625 1109 1668 den
1128 1618 1272 1673 himmel
1290 1618 1477 1671 einziehen,
1514 1615 1589 1670 dich
1614 1616 1700 1662 aber

231 1682 300 1738 auf
305 1683 393 1739 ewig
403 1697 475 1730 von
488 1686 630 1738 GOtt,
642 1695 717 1728 von
727 1686 788 1727 der
798 1678 1015 1737 geſellſchafft
1026 1685 1086 1727 der
1094 1676 1288 1734 frommen,
1298 1678 1371 1721 und
1388 1686 1459 1720 von
1471 1675 1530 1719 der
1543 1674 1701 1728 gemein⸗

231 1737 360 1796 ſchafft
371 1746 426 1799 der
434 1741 583 1794 heiligen
600 1740 697 1793 engel
708 1737 952 1792 abgeſondert,
968 1743 1038 1782 aus
1053 1736 1134 1779 dem
1151 1735 1317 1789 paradieß
1337 1734 1524 1782 GOttes,
1543 1742 1617 1775 von
1638 1732 1700 1774 der

235 1793 384 1848 hochzeit
394 1797 456 1837 des
466 1797 629 1846 lammes,
639 1797 711 1835 und
723 1796 801 1836 dem
811 1787 1058 1844 freuden⸗chor
1074 1788 1134 1831 der
1154 1784 1413 1839 auserwehlten
1426 1779 1495 1836 auf
1507 1782 1596 1835 ewig
1610 1787 1700 1826 aus⸗

235 1849 450 1908 geſchloſſen,
468 1852 666 1897 verbannet
681 1851 742 1908 und
759 1846 976 1903 verſtoſſen;
993 1849 1077 1902 Diß
1096 1845 1137 1901 iſt
1155 1848 1234 1892 dein
1252 1843 1394 1900 ſechſtes
1415 1844 1510 1895 weh!
1540 1841 1642 1885 weckt
1662 1847 1700 1884 es

234 1911 309 1960 dich
320 1911 458 1958 nicht
423 1907 457 1957 in
468 1913 529 1955 der
538 1912 615 1955 zeit,
625 1908 660 1953 ſo
680 1910 772 1952 wird
783 1915 821 1951 es
832 1907 906 1950 dich
917 1906 1083 1949 ſchrecken
1094 1907 1132 1946 in
1142 1903 1310 1945 ewigkeit.

376 1959 487 2012 Noch
499 1963 553 2002 ein
562 1963 640 2009 weh
648 1960 692 2007 iſt
703 1959 825 2009 uͤbrig,
845 1956 896 2005 ich
910 1963 1036 2005 meyne
1044 1953 1097 1996 die
1108 1947 1314 2008 ſchreckliche
1322 1945 1544 2003 verſtoſſung
1555 1957 1614 1999 zur
1625 1946 1700 2001 hoͤl⸗

235 2018 306 2071 len,
320 2019 379 2062 der
390 2016 500 2070 anfall
517 2020 575 2062 der
585 2015 770 2072 hoͤlliſchen
780 2015 948 2067 peiniger,
958 2014 1017 2058 der
1035 2012 1164 2058 anblick
1175 2014 1236 2055 des
1248 2012 1383 2063 ewigen
1404 2007 1700 2063 ſchuld ⸗ thurms

234 2075 310 2118 und
325 2070 657 2128 ſchweffel⸗pfuhls,
672 2074 741 2113 das
759 2072 955 2119 zeter ⸗ und
972 2063 1267 2121 mord ⸗ geſchrey
1285 2066 1344 2108 der
1365 2060 1609 2116 gepeinigten,
1633 2061 1699 2105 das

236 2126 512 2184 ſchlangen⸗neſt
522 2128 583 2170 des
594 2124 791 2180 gewiſſens,
808 2126 862 2170 die
877 2122 1060 2178 verlohrne
1078 2109 1258 2182 hoffnung
1278 2118 1407 2172 einiger
1428 2124 1613 2170 errettung
1631 2120 1702 2159 aus

235 2186 314 2230 dem
331 2184 437 2246 ewigen
464 2176 704 2245 folter⸗hauß.
765 2182 834 2241 Das
848 2179 908 2237 iſt
924 2184 983 2228 das
1006 2179 1094 2225 letzte
1107 2178 1201 2234 weh!
1228 2179 1302 2224 und
1321 2174 1472 2230 waͤhret,
1490 2172 1524 2228 ſo
1534 2172 1635 2227 lange
1650 2174 1704 2217 die
