1803 2633
194 545 256 578 Die
279 541 460 580 Ausleerung
487 542 535 573 des
559 537 685 577 Waſſers
709 539 742 575 iſt
762 537 823 568 eine
843 535 1002 574 ſekundaire
1015 534 1094 568 Wir⸗

110 594 180 636 kung
198 599 243 628 der
262 595 379 634 groͤßern
396 590 646 633 Lebensthaͤtigkeit
679 587 715 632 in
717 591 776 623 dem
797 586 1010 628 lymphatiſchen
1029 588 1093 628 Sy⸗

112 653 187 690 ſtem,
212 654 296 694 daher
318 655 360 684 die
382 651 496 690 ſtaͤrkere
516 646 805 690 Zuſammenziehung
830 648 875 678 der
901 645 1025 683 Gefaͤße,
1049 648 1094 676 die

111 702 266 742 vermehrte
288 702 483 739 Reizbarkeit,
513 703 559 727 der
581 695 818 736 wiederkehrende
842 693 907 725 Ton
936 695 982 724 der
1009 691 1095 729 feſten

99 769 224 811 Theile.
265 770 351 812 Dieſe
369 766 510 810 Ruͤckſicht
525 765 610 800 bleibt
624 764 692 804 auch
706 766 762 806 da,
776 769 820 795 wo
836 769 905 795 man
927 760 1000 801 nicht
1015 758 1095 801 mehr

114 817 189 859 heilt.

514 912 572 965 §.
602 923 676 962 258.

196 1011 257 1053 Jm
274 1005 368 1039 letzten
383 993 526 1035 Zeitraum
545 991 627 1027 haͤuft
648 988 761 1026 ſich
721 986 772 1030 die
778 986 943 1024 Ergießung
964 988 1010 1014 der
1025 985 1100 1023 Fluͤſ⸗

78 1061 240 1096 ſigkeiten
257 1061 288 1090 in
304 1053 413 1092 einigen
430 1053 549 1093 Theilen
566 1039 615 1082 des
636 1049 761 1087 Koͤrpers
778 1045 942 1086 uͤbermaͤßig
962 1053 1015 1083 an;
1040 1048 1098 1076 und

116 1123 157 1154 die
174 1117 356 1155 Waſſerſucht
369 1104 436 1156 geht
451 1116 482 1147 in
497 1115 558 1147 eine
574 1112 685 1147 oͤrtliche
697 1110 854 1154 Krankheit
876 1108 960 1147 uͤber;
990 1111 1022 1139 es
1043 1110 1101 1150 ent⸗

116 1178 208 1221 ſtehen
231 1177 435 1216 Verletzungen
456 1179 502 1207 der
522 1174 605 1212 feſten
626 1171 746 1212 Theile,
776 1168 1029 1210 Subſtanzverluſt
1054 1172 1101 1200 der

115 1231 290 1268 organiſchen
308 1229 415 1259 Maſſe.
475 1223 575 1254 Dann
598 1221 630 1257 iſt
651 1210 754 1257 freilich
775 1221 817 1251 die
841 1217 967 1256 Heilung
983 1214 1102 1253 unmoͤg⸗

95 1293 180 1317 lich,
202 1293 278 1310 dann
293 1283 364 1308 wird
381 1284 449 1308 man
469 1276 549 1313 durch
570 1271 639 1313 ſtark
652 1275 776 1312 reizende
794 1273 899 1306 Mittel
918 1272 984 1302 eben
1000 1271 1106 1310 ſowohl

110 1337 161 1383 als
176 1344 256 1378 durch
276 1342 439 1381 mechaniſch
462 1340 627 1380 zerſtoͤrende
657 1335 833 1379 Purganzen
862 1339 919 1368 und
946 1334 1105 1376 draſtiſchen

118 1397 297 1432 diuretiſchen
319 1392 425 1427 Mittel
447 1396 490 1426 die
512 1392 717 1428 Organiſation
737 1389 864 1419 vollends
881 1388 1025 1425 zerſtoͤren,
1050 1390 1103 1428 das

78 1460 291 1485 Lebensende
315 1445 515 1489 herbeiziehen.
559 1447 626 1480 Mit
642 1447 752 1484 groͤßter
772 1445 898 1484 Vorſicht
913 1449 1022 1474 wendet
1037 1449 1107 1473 man

121 1521 180 1552 eine
203 1516 439 1556 Mittelmethode
462 1524 510 1548 an,
525 1514 574 1547 die
589 1515 671 1553 ſtarke
689 1512 775 1551 Reize
790 1520 844 1543 nur
869 1513 898 1545 in
922 1509 1105 1550 Nothfaͤllen,

121 1576 281 1603 verwendet
294 1560 337 1599 die
353 1568 512 1605 draſtiſchen
528 1563 763 1605 harntreibenden
781 1562 897 1597 Mittel,
911 1560 1000 1601 ſucht
1011 1561 1106 1598 durch

122 1633 165 1665 die
179 1628 368 1669 anhaltenden
383 1627 471 1667 Reize
485 1627 529 1661 die
544 1626 647 1663 Kraͤfte
663 1626 689 1663 ſo
709 1627 769 1661 viel
791 1622 907 1658 moͤglich
951 1617 985 1660 im
997 1619 1140 1659 Gleich⸗

121 1688 251 1724 gewichte
273 1691 306 1723 zu
333 1681 475 1723 erhalten;
515 1683 604 1720 macht
625 1678 782 1719 uͤberhaupt
815 1681 865 1710 den
888 1675 1110 1715 aufmerkſamen

122 1744 285 1786 Zuſchauer,
310 1744 356 1776 der
369 1750 423 1775 nur
440 1743 469 1775 in
488 1743 539 1775 den
557 1737 758 1780 Augenblicken
773 1740 820 1770 des
838 1736 961 1779 hoͤchſten
983 1733 1110 1782 Beduͤrf⸗

120 1791 204 1844 niſſes
229 1802 322 1846 thaͤtig
346 1799 429 1834 wird.

539 1880 566 1924 §.
610 1889 685 1925 259.

379 1966 472 2018 Die
496 1959 854 2020 Hautwaſſerſucht.

152 2055 264 2099 Jſt
278 2063 332 2092 nur
355 2055 387 2086 in
412 2055 512 2094 ſolchen
539 2051 638 2090 Faͤllen
665 2052 761 2091 ſchwer
782 2058 816 2090 zu
842 2045 943 2091 heilen,
971 2051 1053 2079 wenn
1069 2049 1113 2084 zu⸗

129 2108 211 2150 gleich
242 2105 352 2148 oͤrtliche
384 2106 551 2144 Verletzung
582 2107 632 2136 der
648 2102 847 2143 Eingeweide
878 2099 1051 2138 vorhanden
1055 2090 1116 2143 iſt.

131 2165 213 2203 Man
228 2168 317 2209 waͤhlt
338 2170 422 2199 unter
443 2167 495 2197 den
518 2158 703 2204 Reizmitteln
729 2158 915 2201 vornehmlich
937 2156 1035 2199 ſolche,
1075 2159 1119 2190 die
