1627 2436
969 455 1050 507 155

190 538 362 581 Jeſuskinde
372 535 487 579 enthaͤlt
502 536 545 572 bei
569 536 645 579 ihrer
659 531 890 576 unanſehnlichen
920 534 1037 574 Auſſen⸗

193 593 256 633 ſeite
279 594 320 626 die
352 586 465 629 taͤgliche
489 587 652 629 Ausuͤbung
675 591 723 622 der
753 585 836 625 erſten
867 585 1030 634 chriſtlichen

193 647 327 686 Tugend,
348 641 403 676 der
416 641 502 680 Liebe.
544 644 608 677 Und
622 651 677 683 wie
694 641 769 682 wohl
787 639 851 680 thut
863 650 894 678 es
913 653 1033 682 meinem

193 706 313 745 Herzen,
337 709 419 737 wenn
438 711 519 737 wenn
538 703 578 741 ich
595 707 678 735 unter
699 700 805 736 meiner
819 698 1032 739 beſchwerlichen

193 760 343 804 Laufbahn
356 762 411 801 auf
422 760 589 801 dergleichen
613 759 790 807 Stiftungen
807 757 886 798 ſtoße.

239 872 336 923 Das
366 872 459 918 Amt
486 874 550 914 der
578 869 738 914 Ammen
765 870 841 911 und
858 861 987 923 Maͤg⸗

451 929 778 989 deſchickerinnen.

196 1018 253 1097 J

253 1052 273 1079 n
302 1050 401 1082 Paris
428 1043 551 1080 traͤnken
577 1043 629 1077 die
642 1041 762 1075 Muͤtter
782 1046 858 1075 nicht
884 1046 958 1083 ſelbſt
978 1049 1045 1076 ihre

196 1099 318 1137 Kinder,
348 1100 423 1138 und
452 1100 499 1130 wir
519 1100 639 1136 wagens
659 1100 704 1133 zu
726 1100 904 1134 behaupten,
924 1100 980 1133 daß
1007 1100 1043 1131 ſie

198 1151 272 1194 wohl
288 1154 359 1189 dran
392 1149 488 1193 thun.
533 1148 624 1184 Denn
646 1149 689 1181 die
710 1146 880 1188 geſammten
901 1145 1044 1187 Pflichten

198 1214 248 1246 des
265 1209 497 1253 Mutterſtandes
506 1208 590 1247 laſſen
610 1206 659 1249 ſich
674 1205 749 1247 nicht
762 1208 794 1239 in
818 1206 866 1238 der
881 1213 970 1247 dicken
985 1215 1046 1245 und

198 1266 296 1308 faulen
319 1265 387 1307 Luft
405 1268 454 1302 der
469 1265 586 1306 Stadt,
617 1263 689 1304 nicht
710 1270 811 1305 mitten
838 1272 879 1304 im
901 1260 1047 1303 Geraͤuſch

198 1323 278 1360 eines
294 1331 328 1364 zu
345 1315 476 1369 thaͤtigen
491 1321 557 1367 oder
572 1321 736 1361 zerſtreuten
750 1323 854 1359 Lebens
869 1318 996 1359 erfuͤllen.

288 1409 362 1447 Will
377 1408 438 1445 eine
448 1407 532 1447 Frau
545 1407 627 1446 durch
649 1409 703 1438 das
734 1398 856 1445 Traͤnken
877 1403 955 1442 ihrer
976 1402 1050 1435 Kin⸗

201 1459 250 1491 der
266 1456 344 1498 nicht
356 1456 420 1495 ihre
442 1450 609 1501 Geſundheit
624 1448 785 1500 zerruͤtten;
813 1452 841 1491 ſo
859 1451 928 1490 muß
941 1451 979 1489 ſie
996 1451 1053 1493 auf

201 1512 265 1544 dem
279 1509 390 1552 Lande,
414 1510 466 1544 in
487 1505 685 1547 einfoͤrmiger
698 1505 788 1547 Ruhe
808 1506 867 1539 und
883 1500 1051 1549 Maͤßigkeit

200 1565 289 1603 leben.

287 1639 333 1677 Es
345 1636 471 1672 kommen
493 1632 580 1677 daher
596 1634 658 1670 eine
676 1634 759 1676 große
775 1641 890 1678 Menge
902 1644 972 1676 von
980 1637 1051 1674 Am⸗

203 1709 268 1739 men
273 1705 352 1741 nach
363 1707 411 1737 der
430 1688 534 1739 Stadt,
550 1700 599 1732 die
618 1699 678 1737 ſich
700 1700 760 1733 ums
782 1696 857 1734 Lohn
877 1690 926 1728 feil
943 1697 1053 1729 bieten.

203 1751 262 1788 Da
279 1755 355 1789 aber
363 1757 422 1793 bey
435 1760 530 1787 einem
547 1747 712 1789 dergleichen
729 1746 903 1789 Abkommen
919 1735 1055 1782 zwiſchen

202 1808 256 1842 den
288 1804 389 1840 Eltern
410 1807 460 1837 des
470 1803 611 1847 Kindes,
640 1806 698 1835 und
724 1804 772 1833 der
792 1807 894 1833 armen
919 1797 1051 1835 Mutter,

202 1861 248 1895 die
270 1850 324 1903 ſich
331 1856 488 1895 verkauft,
500 1854 644 1897 allerhand
659 1848 849 1894 Mißbraͤuche
869 1849 1049 1891 unterlaufen

200 1912 327 1948 koͤnnen:
352 1903 387 1953 ſo
387 1902 458 1952 hat
463 1907 531 1955 man
561 1908 675 1947 dieſem,
692 1904 736 1937 ob
736 1904 775 1936 es
788 1903 871 1943 gleich
886 1902 960 1948 nicht
971 1903 1054 1947 leicht

203 1974 280 2007 war,
302 1966 357 2006 mit
379 1965 466 1998 vieler
481 1964 637 2009 Weisheit,
658 1960 783 2005 Vorſicht
797 1965 855 1997 und
872 1962 971 1998 Milde
991 1968 1057 1994 vor⸗

201 2024 343 2068 zubeugen
361 2020 475 2064 geſucht.

987 2084 1052 2123 Die
