1523 2296
1025 368 1084 422 39

284 472 468 521 marſchalls
487 478 626 523 Wallis,
641 481 701 518 den
722 478 820 528 durch
836 479 1001 528 Hofraͤnke
1023 491 1087 521 von

283 527 339 562 der
360 527 477 565 Armee
502 525 677 574 entfernten
706 528 853 571 General
882 529 1083 579 Schmettau

282 578 349 622 ab,
384 578 525 626 Belgrad
556 589 595 629 zu
619 579 784 629 erhalten,
811 591 848 630 zu
875 585 974 632 deſſen
999 585 1085 628 Ver⸗

280 625 469 676 theidigung
487 632 542 668 der
554 630 697 673 General
712 630 863 678 Succow
884 627 988 671 weder
1000 633 1086 681 Herz

282 676 364 727 noch
389 678 485 726 Kopf
500 691 588 729 gnug
614 681 712 731 hatte.
764 684 976 733 Bartenſtein
1001 687 1088 734 ſagte

281 729 363 780 ihm,
390 734 443 772 als
471 745 502 774 er
527 736 603 786 nach
632 736 727 784 ſeiner
749 736 958 788 Jnſtruction
983 738 1085 787 frage⸗

279 795 336 834 te,
360 790 400 836 ſie
422 790 471 837 ſey
497 794 533 830 in
558 795 630 830 dem
657 790 807 841 Paquete
839 804 882 836 an
909 799 974 835 den
993 795 1086 846 Feld⸗

281 831 451 894 marſchall
458 837 580 893 Wallis
596 836 780 893 enthalten.
822 846 872 889 Er
891 848 1002 896 erfuhr
1016 852 1089 887 dar⸗

279 895 346 943 auf
361 895 451 944 vom
467 891 742 952 Feldmarſchall,
765 894 828 953 daß
850 902 914 949 ihn
936 904 1088 948 Barten⸗

279 931 366 987 ſtein
378 933 626 989 hintergangen,
642 945 726 989 und,
720 943 852 995 wider
870 944 994 997 Willen
1017 944 1084 992 und

276 988 466 1045 Vorwiſſen
479 1002 548 1037 des
569 990 744 1046 Kayſers,
764 1010 828 1041 um.
849 995 909 1041 den
935 1004 1082 1046 General

277 1033 430 1089 Succow
456 1043 548 1092 beym
576 1044 780 1090 Commando
807 1057 844 1096 zu
870 1046 1024 1098 erhalten,
1038 1044 1082 1089 an

276 1104 334 1156 ihn
360 1100 568 1157 geſchrieben.
627 1110 699 1155 Se.
731 1111 933 1163 Kayſerliche
970 1115 1081 1163 Maje⸗

276 1156 338 1205 ſtaͤt
361 1154 469 1205 haͤtten
492 1165 572 1198 dem
590 1151 739 1205 General
766 1161 917 1204 Succow
945 1166 1012 1202 eine
1040 1167 1081 1202 ei⸗

275 1198 472 1258 genhaͤndige
504 1205 743 1260 Verſicherung
784 1212 955 1262 gegeben,
988 1214 1079 1262 daß,

274 1268 369 1297 wenn
398 1270 431 1298 er
459 1255 618 1312 Belgrad
634 1259 774 1313 erhalten
794 1266 915 1310 koͤnne,
939 1267 1024 1315 ſollte
1047 1277 1082 1305 er

274 1310 553 1363 Feldzeugmeiſter
584 1318 736 1361 werden,
763 1321 830 1356 und
855 1322 908 1356 die
929 1320 1080 1361 Anwart⸗

275 1364 372 1414 ſchaft
390 1369 452 1418 auf
467 1372 530 1409 das
554 1369 821 1415 Gouvernement
844 1383 907 1413 von
929 1374 1079 1418 Servien

274 1414 455 1469 erhalten,
464 1417 600 1477 folglich
632 1428 766 1466 konnten
800 1427 894 1476 Jhro
918 1429 1080 1479 Majeſtaͤt

275 1476 330 1515 die
352 1465 615 1528 Vertheidigung
638 1479 734 1525 dieſer
759 1470 898 1528 Feſtung
923 1479 1079 1530 nunmeh⸗

271 1533 314 1565 ro
346 1518 471 1570 keinem
508 1530 634 1566 andern
669 1528 817 1579 General
853 1539 1079 1573 anvertrauen.

272 1583 354 1622 Der
368 1573 512 1624 General
532 1583 733 1633 Schmettau
751 1586 835 1633 ſollte
856 1588 920 1634 alſo
945 1588 1001 1634 bey
1025 1593 1080 1627 der

270 1633 388 1674 Armee
423 1635 610 1684 angeſtellet
624 1639 769 1682 werden.
828 1639 904 1681 Der
932 1641 1077 1685 General

271 1684 475 1735 Schmettau
487 1687 593 1728 wollte
605 1687 735 1738 ſogleich
751 1692 869 1729 wieder
881 1692 960 1743 nach
971 1695 1076 1734 Wien

270 1737 507 1789 zuruͤckgehen,
533 1744 608 1780 und
632 1745 710 1780 dem
737 1742 861 1792 Kayſer
881 1747 982 1795 dieſen
1007 1743 1076 1793 hin⸗

269 1789 440 1837 terliſtigen
469 1790 610 1843 Streich
643 1794 779 1834 melden.
859 1796 990 1843 Allein,
1021 1801 1075 1836 der

272 1843 515 1894 Feldmarſchall
531 1847 714 1897 beſaͤnftigte
731 1845 814 1896 ihn,
835 1852 904 1887 und
918 1850 979 1899 gab
993 1850 1073 1899 ihm,

273 1897 346 1934 dem
367 1889 552 1943 ohngeacht,
572 1900 641 1951 das
642 1898 922 1943 Obercommando
940 1905 974 1943 in
990 1901 1074 1946 Bel⸗

665 1964 757 2014 C4

964 1964 1071 2012 grad,
