1908 2631
612 303 686 343 434

983 278 1106 331 Lieder
1106 278 1200 331 und
1200 278 1378 331 Geſaͤnge

622 375 705 413 Dem
705 375 778 413 fehlt
790 378 822 408 es
835 375 880 407 nie
896 382 929 407 an
936 372 1019 413 Troſt
1034 377 1090 409 und
1103 373 1196 410 Licht,

620 417 670 445 der
685 412 734 448 ſich
747 413 807 443 dem
822 409 918 449 Herrn
940 409 1064 448 ergeben.
1114 402 1198 445 Gott

628 461 660 500 iſt
676 460 727 496 ſein
742 458 827 494 Gott.
848 459 911 498 Auf
930 458 981 495 ſein
998 458 1093 492 Gebot
1114 460 1187 491 wird

631 507 699 539 ſeine
715 504 803 537 Seele
819 502 891 540 ſtille.
936 500 1010 541 Jhm
1028 501 1117 540 gnuͤgt
1138 504 1188 534 des

625 549 741 585 Vaters
754 549 846 580 Wille.

675 595 701 615 2.
725 583 793 616 Wer
809 582 901 614 wollte
921 580 981 618 dir,
1003 581 1098 621 Herr,
1117 581 1187 613 nicht

632 628 792 663 vertraun?
816 628 866 663 Du
881 629 933 668 biſt
948 633 998 660 des
1014 629 1190 665 Schwachen

625 672 743 708 Staͤrke
798 672 853 707 Die
870 672 992 710 Augen,
1022 670 1123 706 welche
1142 672 1191 705 auf

629 713 692 746 dich
700 711 805 748 ſchaun,
813 711 874 744 ſehn
881 713 956 743 deine
965 711 1188 744 Wunderwerke.

631 756 719 796 Herr,
732 755 803 795 groß
811 764 867 787 von
874 755 966 793 Rath,
979 759 1037 787 und
1051 755 1121 792 ſtark
1135 764 1190 788 von

630 802 731 836 That!
766 799 831 833 Mit
852 798 1047 836 gnadenvollen
1071 796 1190 836 Haͤnden

633 841 713 876 wirſt
730 845 767 874 du
786 840 846 875 dein
854 840 939 874 Werk
955 840 1106 873 vollenden.

681 896 705 921 3.
731 876 815 922 Noch
815 876 863 920 nie
878 884 926 920 hat
937 882 997 925 ſich,
1014 892 1072 915 wer
1084 882 1142 918 dich
1150 891 1192 918 ge⸗

633 926 718 961 liebt,
739 925 871 961 verlaſſen
886 926 961 962 ſehen
983 924 1098 961 muͤſſen.
1140 924 1192 959 Du

632 969 698 1008 laͤßt
711 969 787 1009 ihm,
813 973 893 999 wenn
909 969 954 1000 ihn
968 968 1049 1004 Noth
1064 966 1193 1006 umgiebt,

633 1012 702 1045 doch
723 1010 818 1044 deinen
839 1008 919 1048 Troſt
939 1008 1079 1049 genieſſen.
1129 1009 1194 1044 Des

631 1053 790 1093 Frommen
824 1051 899 1092 Herz
931 1056 1003 1085 wird
1037 1053 1102 1091 frey
1136 1060 1192 1084 von

632 1097 786 1135 Schmerz.
815 1095 876 1131 Der
885 1095 1005 1129 Suͤnder
1019 1095 1099 1129 eitles
1109 1095 1192 1131 Dich⸗

636 1144 685 1173 ten
698 1139 796 1174 pflegſt
807 1140 856 1173 du,
878 1136 954 1175 Herr
967 1146 998 1174 zu
1013 1138 1162 1176 zernichten

682 1191 710 1217 4.
733 1179 833 1215 Drum
847 1179 914 1220 hoff,
929 1189 945 1211 o
953 1179 1051 1217 Seele,
1071 1180 1133 1221 hoff
1146 1180 1198 1218 auf

632 1221 724 1259 Gott.
740 1223 804 1258 Der
819 1221 929 1259 Thoren
943 1220 1027 1259 Troſt
1039 1221 1184 1256 verſchwin

635 1268 699 1302 det;
717 1272 801 1297 wenn
814 1268 860 1296 der
868 1264 1003 1299 Gerechte
1018 1265 1048 1296 in
1061 1270 1107 1297 der
1117 1264 1198 1299 Noth

635 1308 691 1339 das
721 1305 795 1346 Herz
828 1307 878 1337 des
910 1303 1072 1343 Schoͤpfers
1105 1299 1197 1342 findet.

634 1344 732 1388 Wenn
744 1346 821 1397 jener
819 1339 904 1393 faͤllt,
920 1350 951 1387 iſt
964 1358 993 1382 er
1006 1351 1048 1382 ein
1057 1349 1150 1390 Held;
1172 1356 1200 1379 er

638 1390 725 1432 ſteht,
745 1399 826 1423 wenn
842 1392 901 1431 jene
908 1387 1014 1430 zittern,
1038 1391 1080 1422 ein
1088 1389 1156 1431 Fels
1171 1391 1197 1422 in

638 1441 839 1479 Ungewittern.

685 1485 715 1513 5.
737 1475 819 1513 Wirf
829 1473 902 1510 nicht
913 1467 959 1516 die
964 1473 1052 1513 groſſe
1059 1473 1198 1513 Hofnung

638 1516 704 1557 hin,
738 1519 782 1551 die
803 1518 846 1552 dir
867 1518 927 1550 dein
949 1516 1064 1549 Glaube
1091 1516 1197 1550 reichet.

638 1561 786 1599 Verflucht
821 1562 877 1593 ſind
910 1561 953 1592 die
985 1568 1017 1599 zu
1048 1558 1198 1595 Menſchen

637 1606 737 1646 fliehn,
751 1602 892 1642 verflucht,
907 1611 964 1636 wer
977 1610 1032 1636 von
1047 1605 1120 1638 Gott
1135 1603 1199 1635 wei⸗

640 1650 715 1688 chet!
744 1648 820 1683 Dein
835 1647 958 1687 Heiland
980 1648 1070 1685 ſtarb:
1092 1647 1145 1683 Er,
1159 1654 1198 1678 er

641 1688 766 1724 erwarb,
804 1690 857 1727 auf
888 1689 984 1725 ſeinem
1012 1686 1198 1727 Todeshuͤgel,

636 1734 680 1764 dir
697 1733 789 1764 deines
803 1731 955 1764 Glaubens
969 1730 1089 1764 Siegel.

686 1772 716 1802 6.
737 1769 805 1807 Sey
813 1769 966 1807 unbewegt,
987 1775 1067 1800 wenn
1080 1775 1129 1800 um
1141 1767 1197 1800 dich

640 1819 688 1856 her
701 1816 753 1856 ſich
767 1816 935 1857 Ungewitter
956 1815 1102 1853 ſammlen!
1124 1816 1199 1850 Gott

640 1859 725 1898 hilft,
746 1864 826 1889 wenn
840 1857 962 1896 Chriſten
979 1855 1148 1892 freudenleer
1182 1855 1200 1895 zu

640 1903 699 1940 ihm
716 1910 765 1933 um
779 1901 880 1935 Gnade
894 1900 1052 1937 ſtammlen.
1071 1900 1127 1934 Die
1142 1897 1200 1938 Zeit

642 1949 690 1981 der
706 1943 825 1982 Quaal,
845 1948 891 1977 der
904 1942 1035 1979 Thraͤnen
1045 1943 1116 1984 Zahl
1127 1935 1198 1983 zaͤhlt

642 1991 692 2019 er;
718 1992 747 2016 er
770 1989 854 2022 wiegt
882 1983 922 2016 die
945 1983 1114 2022 Schmerzen
1141 1982 1199 2025 und

641 2030 726 2070 waͤlzt
740 2032 776 2071 ſie
789 2037 846 2064 von
861 2033 921 2062 dem
937 2029 1054 2069 Herzen.

684 2077 713 2103 7.
737 2070 823 2108 Herr,
837 2072 874 2098 du
883 2070 931 2105 biſt
940 2067 1025 2098 meine
1032 2062 1200 2107 Zuverſicht.

640 2116 701 2151 Auf
722 2117 780 2153 dich
801 2114 871 2155 hofft
892 2122 978 2145 meine
999 2113 1095 2147 Seele.
1139 2109 1199 2156 Du

640 2158 730 2195 weißt
753 2163 816 2190 was
833 2157 948 2188 meinem
962 2157 1051 2191 Gluͤck
1068 2157 1192 2196 gebricht,

641 2203 723 2229 wenn
740 2200 778 2230 ich
791 2198 861 2233 mich
876 2197 989 2236 ſorgend
1005 2194 1095 2236 quaͤle.
1137 2194 1178 2236 Wer

635 2243 730 2275 wollte
743 2243 792 2282 ſich
808 2243 879 2278 nicht
891 2246 959 2276 ganz
973 2246 1023 2278 auf
1039 2239 1114 2280 dich,
1128 2234 1200 2285 All⸗

1201 361 1353 406 maͤchtiger
1379 361 1533 402 verlaſſen,
1571 365 1629 396 und
1652 362 1702 401 ſich
1722 361 1759 398 im

1202 409 1343 443 Kummer
1358 407 1465 447 faſſen?

1250 456 1273 476 8.
1292 446 1340 483 Jn
1353 445 1428 478 deine
1437 446 1522 484 Hand
1533 446 1636 477 befehle
1645 447 1683 477 ich
1692 446 1760 475 mein

1205 491 1356 527 Wohlſeyn
1379 493 1434 522 und
1456 498 1528 520 mein
1544 488 1637 522 Leben.
1680 489 1762 524 Mein

1204 534 1314 575 hoffend
1324 535 1404 574 Auge
1419 534 1499 567 blickt
1505 535 1559 571 auf
1565 534 1640 573 dich;
1655 536 1699 567 dir
1707 533 1762 567 will

1206 578 1246 614 ich
1274 573 1354 621 mich!
1372 571 1526 620 ergeben.
1542 575 1610 615 Sey
1632 580 1668 607 du
1696 575 1765 609 mein

1207 619 1299 651 Gott;
1320 622 1377 649 und
1393 617 1457 653 einſt
1473 619 1513 650 im
1521 616 1583 652 Tod
1599 618 1673 649 mein
1688 617 1763 657 Fels,

1207 661 1260 693 auf
1266 664 1316 692 den
1332 661 1368 698 ich
1383 663 1473 700 traue,
1495 660 1540 693 bis
1553 660 1591 698 ich
1598 660 1660 693 dein
1669 659 1765 700 Antlitz

1211 708 1312 746 ſchaue.

1242 769 1280 793 83.
1301 765 1361 792 Mel
1384 763 1454 792 Jeſu
1467 763 1555 791 meine
1570 763 1673 796 Freude
1685 759 1718 791 ꝛe.

1207 791 1268 853 A

1268 791 1302 836 uf
1313 801 1388 840 dich,
1413 804 1488 833 Gott
1505 809 1550 832 der
1567 800 1660 835 Guͤte,
1685 800 1765 837 hoffet

1289 837 1361 869 mein
1376 836 1532 874 Gemuͤthe,
1561 837 1600 873 ich
1618 835 1664 867 bin
1686 839 1764 875 gutes

1210 881 1344 916 Muths,
1361 881 1432 918 ohne
1446 879 1548 919 Furcht
1563 883 1620 912 und
1636 878 1763 918 Grauen,

1208 923 1265 956 will
1287 923 1327 961 ich
1341 924 1382 954 dir
1403 929 1570 960 vertrauen,
1598 922 1675 956 Gott
1696 923 1764 955 mein

1209 967 1312 1008 Schatz
1325 972 1383 1001 und
1395 966 1510 1007 Schutz.
1552 968 1671 1002 Gruͤnde
1686 967 1763 1007 mich,

1209 1010 1281 1042 mein
1296 1009 1365 1050 Fels
1383 1010 1436 1044 auf
1448 1008 1505 1047 dich,
1544 1009 1602 1041 halt
1615 1009 1682 1045 mich
1703 1008 1764 1048 feſt;

1209 1054 1264 1092 daß
1279 1053 1336 1086 kein
1353 1051 1484 1088 Gedanke
1497 1051 1639 1093 zweifelnd
1657 1059 1712 1085 von
1725 1053 1765 1085 dir

1210 1098 1312 1131 wanke.

1255 1145 1283 1165 2.
1302 1133 1390 1172 Groß
1403 1134 1461 1167 ſind
1480 1132 1557 1165 deine
1570 1132 1687 1172 Werke,
1714 1129 1767 1165 nie⸗

1212 1183 1299 1213 mand
1321 1180 1354 1219 iſt
1375 1189 1412 1214 an
1438 1177 1546 1213 Staͤrke
1571 1179 1614 1212 dir
1638 1178 1765 1219 Jehovah

1211 1223 1301 1262 gleich.
1325 1223 1376 1258 Du
1384 1223 1466 1261 lenkſt
1479 1223 1570 1255 Sonn
1583 1224 1641 1255 und
1649 1222 1763 1258 Sterne,

1211 1268 1247 1297 du
1268 1264 1319 1303 biſt
1339 1264 1395 1299 nah
1417 1265 1474 1295 und
1493 1270 1587 1302 ferne,
1612 1265 1650 1294 du
1667 1263 1765 1302 machſt

1211 1308 1275 1333 arm
1290 1305 1347 1334 und
1364 1301 1443 1340 reich.
1485 1291 1539 1337 Du
1560 1301 1611 1338 biſt
1630 1301 1696 1337 blos
1717 1301 1764 1333 mir

1213 1348 1324 1390 goͤttlich
1344 1349 1431 1387 groß;
1464 1348 1537 1387 groß
1564 1357 1603 1381 an
1624 1347 1764 1387 Weisheit,

1216 1391 1288 1428 groß
1311 1402 1348 1425 an
1370 1390 1494 1430 Gnade;
1523 1398 1580 1422 wer
1602 1390 1635 1430 iſt
1645 1392 1695 1424 der
1717 1390 1766 1425 mir

1213 1428 1327 1476 ſchade?

1224 1474 1286 1512 3.
1312 1475 1363 1509 Du
1377 1475 1435 1513 haſt
1443 1475 1680 1511 Menſchenhuͤter,
1700 1475 1766 1513 mich

1214 1524 1297 1550 vorm
1313 1516 1488 1555 Ungewitter,
1511 1512 1641 1553 vaͤterlich
1650 1514 1763 1549 bedeckt:

1214 1561 1290 1593 deine
1304 1558 1494 1593 Liebesarmen
1510 1559 1568 1600 ſind
1581 1559 1645 1593 ſtets
1661 1565 1712 1591 mit
1721 1558 1765 1591 Er⸗

1213 1604 1329 1636 barmen
1337 1611 1369 1641 zu
1378 1603 1432 1633 mir
1447 1600 1640 1641 ausgeſtreckt.
1684 1602 1765 1637 Deine

1213 1648 1289 1683 Treu
1303 1647 1335 1685 iſt
1350 1644 1449 1687 taͤglich
1457 1655 1528 1685 neu;
1544 1643 1645 1684 taͤglich
1659 1646 1716 1679 will
1731 1646 1764 1685 ich

1215 1689 1272 1725 dich
1294 1687 1408 1724 erheben
1423 1693 1480 1720 und
1496 1690 1539 1722 dir
1549 1686 1671 1721 dankbar
1684 1687 1765 1720 leben.

1205 1730 1286 1768 4.
1304 1731 1382 1764 Gott
1395 1733 1456 1764 dein
1464 1732 1534 1771 Weg
1550 1731 1583 1768 iſt
1594 1730 1692 1769 heilig;
1705 1729 1763 1767 doch

1214 1772 1252 1802 du
1271 1768 1369 1807 ſorgeſt
1390 1768 1502 1804 treulich
1522 1767 1570 1806 fuͤr
1593 1767 1665 1800 mein
1687 1757 1766 1804 Wohl

1215 1820 1271 1848 und
1287 1814 1363 1855 Heil.
1405 1816 1483 1850 Auch
1497 1821 1547 1851 auf
1566 1821 1654 1846 rauen
1667 1815 1765 1853 Wegen

1215 1856 1287 1889 wird
1308 1858 1403 1891 manch
1426 1854 1532 1894 ſchoͤner
1553 1853 1651 1889 Segen
1671 1855 1767 1886 meiner

1226 1899 1290 1934 Seel
1311 1907 1343 1937 zu
1365 1898 1454 1936 Theil.
1497 1900 1574 1933 Was
1595 1890 1632 1930 du
1655 1899 1725 1933 thuſt
1739 1896 1767 1936 iſt

1225 1946 1303 1983 meine
1313 1944 1383 1982 Luſt.
1428 1943 1502 1983 Dir,
1529 1942 1625 1984 Herr,
1655 1944 1713 1979 halt
1731 1942 1765 1980 ich

1205 1980 1328 2028 kindlich
1348 1981 1424 2022 ſtille.
1467 1982 1543 2017 Dein
1554 1981 1632 2024 Will
1653 1981 1686 2020 iſt
1699 1972 1768 2013 mein

1206 2030 1310 2064 Wille.

1260 2076 1288 2102 5.
1309 2065 1362 2100 Du
1376 2066 1451 2106 liebſt
1464 2069 1507 2100 die
1515 2066 1665 2104 Getreuen,
1673 2065 1714 2098 die
1722 2064 1768 2102 ſich

1200 2107 1330 2157 herzlich
1342 2113 1445 2152 freuen,
1465 2113 1523 2150 daß
1536 2108 1573 2153 du
1575 2111 1692 2152 gnaͤdig
1707 2111 1763 2147 biſt.

1204 2155 1275 2191 Der
1282 2157 1348 2196 ziert
1371 2160 1422 2189 deine
1444 2157 1532 2193 Lehre,
1557 2159 1603 2189 der
1611 2154 1664 2188 lebt
1673 2155 1713 2188 dir
1720 2155 1764 2193 zur

1202 2197 1297 2234 Ehre,
1320 2203 1377 2226 wer
1391 2194 1434 2226 nie
1448 2196 1561 2235 zaghaft
1575 2195 1623 2233 iſt;
1646 2204 1699 2227 wer
1718 2193 1764 2231 ſich

1200 2231 1258 2285 feſt
1272 2241 1324 2279 auf
1336 2239 1394 2279 dich
1401 2239 1521 2280 verlaͤßt,
1542 2241 1590 2273 der
1604 2238 1685 2279 wird,
1708 2236 1766 2279 ſolle

1711 2282 1762 2315 ihn
