<?xml version="1.0" encoding="utf-8"?>
<PcGts xmlns="http://schema.primaresearch.org/PAGE/gts/pagecontent/2019-07-15" xmlns:xsi="http://www.w3.org/2001/XMLSchema-instance" pcGtsId="PAGE_01" xsi:schemaLocation="http://schema.primaresearch.org/PAGE/gts/pagecontent/2019-07-15 http://schema.primaresearch.org/PAGE/gts/pagecontent/2019-07-15/pagecontent.xsd">
  <Metadata>
    <Creator>OCR-D DFG Phase III</Creator>
    <Created>2024-01-19T13:10:00Z</Created>
    <LastChange>2024-01-19T13:10:00Z</LastChange>
    <Comments>ODEM: OCR-D extension for mass digitization (2021-2024)</Comments>
  </Metadata>
  <Page imageFilename="https://opendata.uni-halle.de/retrieve/989e4318-fa47-447e-b11c-9735a5d789b1/00000152.jpg" imageWidth="1645" imageHeight="2313" type="content" primaryLanguage="German">
    <Border>
      <Coords points="130,144 172,2221 1571,2193 1557,125"/>
    </Border>
    <ReadingOrder>
      <OrderedGroup id="ro_1681991736606" caption="Regions reading order">
        <RegionRefIndexed index="0" regionRef="TextRegion_1671787255627_2591"/>
        <RegionRefIndexed index="1" regionRef="TextRegion_1671787255626_2590"/>
        <RegionRefIndexed index="2" regionRef="TextRegion_1671787201349_2468"/>
        <RegionRefIndexed index="3" regionRef="TextRegion_1671787273558_2600"/>
        <RegionRefIndexed index="4" regionRef="TextRegion_1671787273558_2599"/>
        <RegionRefIndexed index="5" regionRef="TextRegion_1671787214798_2539"/>
      </OrderedGroup>
    </ReadingOrder>
    <TextRegion orientation="0.35327175" type="page-number" readingDirection="left-to-right" id="TextRegion_1671787255627_2591" custom="readingOrder {index:0;} structure {type:page-number;}">
      <Coords points="602,243 697,243 697,315 602,315"/>
      <TextLine id="line_1671787255666_2594" custom="readingOrder {index:0;}">
        <Coords points="602,263 640,260 666,250 697,249 697,314 669,315 664,309 602,310"/>
        <Word id="region0000_line0001_word0000" custom="readingOrder {index:0;}">
          <Coords points="608,264 687,263 687,298 608,299"/>
          <TextEquiv conf="0.89254194">
            <Unicode>116</Unicode>
          </TextEquiv>
        </Word>
        <TextEquiv conf="0.7518028">
          <Unicode>116</Unicode>
        </TextEquiv>
      </TextLine>
      <TextEquiv>
        <Unicode>116 Juvenels Geſch. der ſchoͤnen Kuͤnſte ec.</Unicode>
      </TextEquiv>
    </TextRegion>
    <TextRegion orientation="0.35327175" type="header" readingDirection="left-to-right" id="TextRegion_1671787255626_2590" custom="readingOrder {index:1;} structure {type:header;}">
      <Coords points="697,243 1497,243 1497,315 697,315"/>
      <TextLine id="line_1671787255666_2593" custom="readingOrder {index:0;}">
        <Coords points="697,249 741,248 780,258 823,258 844,257 852,249 863,246 871,246 879,253 896,247 923,244 985,244 991,247 996,244 1015,243 1018,247 1033,248 1059,245 1064,249 1086,251 1124,247 1129,244 1170,244 1175,248 1182,249 1186,243 1198,243 1209,244 1212,252 1218,253 1247,252 1286,244 1358,244 1362,252 1386,250 1393,244 1412,244 1420,250 1496,251 1496,300 1405,300 1398,307 1389,307 1382,300 1263,302 1213,299 1177,301 1167,310 1156,310 1149,302 1138,302 1133,307 1123,307 1118,302 1067,300 1064,311 1060,314 1049,313 1044,302 1020,303 1011,311 1000,312 994,304 983,304 977,309 967,309 962,304 953,303 897,302 767,306 756,308 750,314 697,314"/>
        <Word id="region0000_line0001_word0001" custom="readingOrder {index:0;}">
          <Coords points="701,258 701,311 753,310 756,308 767,306 892,302 892,257 838,257 823,258 780,258 778,257"/>
          <TextEquiv conf="0.9166221">
            <Unicode>Juvenels</Unicode>
          </TextEquiv>
        </Word>
        <Word id="region0000_line0001_word0002" custom="readingOrder {index:1;}">
          <Coords points="1037,256 901,257 901,302 953,303 962,304 966,308 977,308 983,304 994,304 997,308 1014,308 1020,303 1037,302"/>
          <TextEquiv conf="0.88635516">
            <Unicode>Geſch.</Unicode>
          </TextEquiv>
        </Word>
        <Word id="region0000_line0001_word0003" custom="readingOrder {index:2;}">
          <Coords points="1113,259 1047,259 1047,308 1048,311 1064,311 1067,300 1113,301"/>
          <TextEquiv conf="0.88635516">
            <Unicode>der</Unicode>
          </TextEquiv>
        </Word>
        <Word id="region0000_line0001_word0004" custom="readingOrder {index:3;}">
          <Coords points="1279,253 1123,254 1123,307 1133,306 1138,302 1149,302 1153,306 1170,306 1177,301 1213,299 1263,302 1279,301"/>
          <TextEquiv conf="0.9172952">
            <Unicode>ſchoͤnen</Unicode>
          </TextEquiv>
        </Word>
        <Word id="region0000_line0001_word0005" custom="readingOrder {index:4;}">
          <Coords points="1435,255 1286,256 1286,301 1382,300 1385,303 1401,303 1405,300 1435,300"/>
          <TextEquiv conf="0.65279216">
            <Unicode>Kuͤnſte</Unicode>
          </TextEquiv>
        </Word>
        <Word id="region0000_line0001_word0006" custom="readingOrder {index:5;}">
          <Coords points="1447,265 1493,265 1493,295 1447,295"/>
          <TextEquiv>
            <Unicode>ꝛc.</Unicode>
          </TextEquiv>
        </Word>
        <TextEquiv>
          <Unicode>Juvenels Geſch. der ſchoͤnen Kuͤnſte ꝛc.</Unicode>
        </TextEquiv>
      </TextLine>
      <TextEquiv>
        <Unicode>Juvenels Geſch. der ſchoͤnen Kuͤnſte ꝛc.</Unicode>
      </TextEquiv>
    </TextRegion>
    <TextRegion orientation="0.35327175" readingDirection="left-to-right" id="TextRegion_1671787201349_2468" custom="readingOrder {index:2;}">
      <Coords points="615,330 1506,330 1506,1514 615,1514"/>
      <TextLine id="line_1671787201391_2471" custom="readingOrder {index:0;}">
        <Coords points="615,335 642,335 662,337 678,344 692,346 775,344 782,339 791,339 797,344 818,342 824,337 834,337 842,342 860,342 880,331 1006,330 1009,334 1014,330 1028,330 1034,331 1038,336 1069,335 1074,331 1109,336 1130,330 1187,330 1240,337 1280,335 1286,331 1314,333 1317,330 1336,330 1346,335 1362,335 1366,331 1388,331 1390,337 1460,336 1491,332 1505,334 1505,383 1385,383 1344,385 1330,391 1320,385 1289,388 1269,384 1210,387 1054,387 1049,384 1037,384 1032,391 1026,391 1019,383 1010,383 1001,388 961,389 949,385 934,385 928,388 902,386 887,389 838,389 822,386 803,390 694,393 655,398 641,393 632,402 615,402"/>
        <Baseline points="615,387 895,376 1505,372"/>
        <Word id="region0001_line0001_word0000" custom="readingOrder {index:0;}">
          <Coords points="617,343 617,395 639,394 641,393 645,394 682,394 694,393 752,391 752,344 692,346 678,344 674,342"/>
          <TextEquiv conf="0.91927177">
            <Unicode>Poeten</Unicode>
          </TextEquiv>
        </Word>
        <Word id="region0001_line0001_word0001" custom="readingOrder {index:1;}">
          <Coords points="768,346 851,345 851,381 768,382"/>
          <TextEquiv conf="0.91927177">
            <Unicode>aus.</Unicode>
          </TextEquiv>
        </Word>
        <Word id="region0001_line0001_word0002" custom="readingOrder {index:2;}">
          <Coords points="1057,340 929,341 929,387 934,385 949,385 957,387 1002,387 1010,383 1019,383 1022,387 1034,387 1037,384 1049,384 1054,387 1057,387"/>
          <TextEquiv>
            <Unicode>Etliche</Unicode>
          </TextEquiv>
        </Word>
        <Word id="region0001_line0001_word0003" custom="readingOrder {index:3;}">
          <Coords points="1075,343 1133,342 1133,380 1075,381"/>
          <TextEquiv conf="0.93115944">
            <Unicode>der</Unicode>
          </TextEquiv>
        </Word>
        <Word id="region0001_line0001_word0004" custom="readingOrder {index:4;}">
          <Coords points="1148,338 1249,338 1249,382 1148,382"/>
          <TextEquiv conf="0.47554243">
            <Unicode>Alten</Unicode>
          </TextEquiv>
        </Word>
        <Word id="region0001_line0001_word0005" custom="readingOrder {index:5;} textStyle {offset:0; length:2;italic:true; fontSize:0.0; kerning:0;}">
          <Coords points="1301,384 1301,341 1273,342 1273,385 1274,385"/>
          <TextEquiv>
            <Unicode>t)</Unicode>
          </TextEquiv>
        </Word>
        <Word id="region0001_line0001_word0006" custom="readingOrder {index:6;}">
          <Coords points="1431,339 1323,339 1323,387 1323,387 1339,387 1344,385 1385,383 1431,383"/>
          <TextEquiv conf="0.9310689">
            <Unicode>haben</Unicode>
          </TextEquiv>
        </Word>
        <Word id="region0001_line0001_word0007" custom="readingOrder {index:7;}">
          <Coords points="1453,342 1492,342 1492,377 1453,377"/>
          <TextEquiv conf="0.9310689">
            <Unicode>es</Unicode>
          </TextEquiv>
        </Word>
        <TextEquiv>
          <Unicode>Poeten aus. Etliche der Alten t) haben es</Unicode>
        </TextEquiv>
      </TextLine>
      <TextLine id="line_1671787201392_2473" custom="readingOrder {index:1;}">
        <Coords points="615,402 632,403 641,394 652,399 791,395 810,393 822,387 832,387 839,392 860,392 902,387 928,389 934,386 949,386 973,391 1002,391 1010,384 1019,384 1026,392 1032,392 1037,385 1049,385 1055,390 1122,391 1281,386 1289,389 1304,386 1330,392 1342,388 1385,384 1456,388 1463,382 1473,382 1480,387 1505,387 1505,436 1488,436 1479,432 1457,435 1447,432 1428,435 1402,432 1395,435 1349,436 1338,430 1317,432 1310,439 1303,440 1295,433 1276,438 1230,431 1213,435 1167,436 1154,441 1143,441 1124,433 1110,436 1006,435 1001,442 989,443 979,433 967,435 933,433 889,439 843,440 827,445 818,440 775,442 769,438 762,438 749,448 743,448 731,443 677,443 671,440 632,446 615,445"/>
        <Baseline points="615,432 928,424 1505,424"/>
        <Word id="region0001_line0002_word0000" custom="readingOrder {index:0;}">
          <Coords points="639,395 632,403 619,402 619,436 672,435 672,398 652,399 644,395"/>
          <TextEquiv conf="0.92748594">
            <Unicode>ein</Unicode>
          </TextEquiv>
        </Word>
        <Word id="region0001_line0002_word0001" custom="readingOrder {index:1;}">
          <Coords points="916,394 795,394 791,395 692,397 692,443 731,443 732,443 754,443 762,438 769,438 775,442 818,440 824,443 832,443 843,440 889,439 916,435"/>
          <TextEquiv conf="0.927139">
            <Unicode>angenehmes</Unicode>
          </TextEquiv>
        </Word>
        <Word id="region0001_line0002_word0002" custom="readingOrder {index:2;}">
          <Coords points="1127,392 931,394 931,433 933,433 967,435 979,433 989,443 1001,442 1006,435 1110,436 1124,433 1127,434"/>
          <TextEquiv conf="0.92458445">
            <Unicode>Sophisma</Unicode>
          </TextEquiv>
        </Word>
        <Word id="region0001_line0002_word0003" custom="readingOrder {index:3;}">
          <Coords points="1318,397 1142,398 1142,438 1162,437 1167,436 1213,435 1230,431 1271,437 1278,437 1295,433 1299,437 1311,437 1317,432 1318,431"/>
          <TextEquiv conf="0.92586905">
            <Unicode>genennet,</Unicode>
          </TextEquiv>
        </Word>
        <Word id="region0001_line0002_word0004" custom="readingOrder {index:4;}">
          <Coords points="1410,431 1410,394 1336,394 1336,430 1338,430 1339,431"/>
          <TextEquiv conf="0.9305268">
            <Unicode>und</Unicode>
          </TextEquiv>
        </Word>
        <Word id="region0001_line0002_word0005" custom="readingOrder {index:5;}">
          <Coords points="1428,392 1492,391 1492,430 1428,431"/>
          <TextEquiv conf="0.9305268">
            <Unicode>wir</Unicode>
          </TextEquiv>
        </Word>
        <TextEquiv conf="0.92768866">
          <Unicode>ein angenehmes Sophisma genennet, und wir</Unicode>
        </TextEquiv>
      </TextLine>
      <TextLine id="line_1671787201393_2475" custom="readingOrder {index:2;}">
        <Coords points="615,448 644,448 661,441 674,442 678,447 749,449 762,439 773,441 776,446 819,443 827,446 841,442 877,442 933,434 967,436 979,434 989,444 1005,440 1101,441 1108,440 1116,434 1127,434 1132,440 1143,442 1213,436 1230,432 1276,439 1295,434 1303,441 1310,440 1317,433 1338,431 1349,437 1393,437 1402,433 1416,437 1439,433 1457,436 1479,433 1488,437 1505,437 1506,486 1435,488 1417,492 1402,487 1366,486 1327,488 1318,492 1279,488 1262,491 1257,483 1245,483 1233,488 1227,484 1218,484 1211,488 1143,485 1135,489 1127,482 1093,486 1064,483 1055,487 1005,484 994,491 986,492 975,485 947,486 937,490 923,490 884,485 832,492 774,491 761,497 756,493 689,493 632,498 623,502 615,502"/>
        <Baseline points="615,487 1029,475 1506,476"/>
        <Word id="region0001_line0004_word0000" custom="readingOrder {index:0;}">
          <Coords points="645,448 644,448 620,449 621,495 672,495 689,493 724,493 723,448 690,447"/>
          <TextEquiv conf="0.92698306">
            <Unicode>geben</Unicode>
          </TextEquiv>
        </Word>
        <Word id="region0001_line0004_word0001" custom="readingOrder {index:1;}">
          <Coords points="753,446 749,449 745,449 746,493 756,493 757,494 768,494 774,491 814,492 813,445 784,445 776,446 776,446"/>
          <TextEquiv conf="0.92604965">
            <Unicode>ihm</Unicode>
          </TextEquiv>
        </Word>
        <Word id="region0001_line0004_word0002" custom="readingOrder {index:2;}">
          <Coords points="893,452 830,452 831,487 869,487 884,485 893,486"/>
          <TextEquiv conf="0.92432517">
            <Unicode>den</Unicode>
          </TextEquiv>
        </Word>
        <Word id="region0001_line0004_word0003" custom="readingOrder {index:3;}">
          <Coords points="1075,445 910,446 910,488 923,490 937,490 947,486 975,485 986,492 994,491 1005,484 1055,487 1064,483 1075,484"/>
          <TextEquiv conf="0.92900854">
            <Unicode>Nahmen</Unicode>
          </TextEquiv>
        </Word>
        <Word id="region0001_line0004_word0004" custom="readingOrder {index:4;}">
          <Coords points="1187,444 1098,445 1098,485 1127,482 1133,487 1137,487 1143,485 1187,486"/>
          <TextEquiv conf="0.9267193">
            <Unicode>einer</Unicode>
          </TextEquiv>
        </Word>
        <Word id="region0001_line0004_word0005" custom="readingOrder {index:5;}">
          <Coords points="1212,441 1213,487 1218,484 1227,484 1233,488 1245,483 1257,483 1262,491 1279,488 1318,492 1327,488 1366,486 1402,487 1416,492 1419,492 1435,488 1496,486 1495,439 1308,440 1303,441 1302,440"/>
          <TextEquiv>
            <Unicode>Spizfuͤndigkeit</Unicode>
          </TextEquiv>
        </Word>
        <TextEquiv>
          <Unicode>geben ihm den Nahmen einer Spizfuͤndigkeit</Unicode>
        </TextEquiv>
      </TextLine>
      <TextLine id="line_1671787201394_2477" custom="readingOrder {index:3;}">
        <Coords points="615,503 623,503 632,499 674,500 683,499 689,494 701,494 706,498 761,498 774,492 785,496 814,495 884,486 923,491 937,491 947,487 975,486 982,492 989,493 1005,485 1018,485 1025,490 1044,490 1064,484 1112,490 1117,485 1127,483 1135,490 1211,489 1218,485 1227,485 1233,489 1245,484 1257,484 1262,492 1279,489 1318,493 1327,489 1405,489 1417,493 1433,490 1506,490 1505,535 1400,538 1389,534 1378,542 1368,538 1332,537 1302,541 1286,534 1247,541 1242,540 1244,530 1233,529 1226,537 1195,533 1179,536 1142,536 1137,533 1126,534 1121,537 1067,535 1061,539 1054,535 1045,535 1034,539 1012,535 1004,544 999,543 993,536 981,536 959,547 950,544 948,540 919,540 914,537 879,541 839,540 812,535 785,538 773,546 764,545 759,541 738,542 731,539 710,542 682,540 670,545 657,544 631,551 615,550"/>
        <Baseline points="615,535 805,526 1505,525"/>
        <Word id="region0001_line0005_word0000" custom="readingOrder {index:0;}">
          <Coords points="685,498 683,499 674,500 632,499 623,503 623,546 650,546 657,544 670,545 682,540 710,542 731,539 738,542 759,541 764,545 765,545 774,545 785,538 791,537 791,497 763,497 761,498 706,498 705,498"/>
          <TextEquiv conf="0.91074187">
            <Unicode>(pointe).</Unicode>
          </TextEquiv>
        </Word>
        <Word id="region0001_line0005_word0001" custom="readingOrder {index:1;}">
          <Coords points="890,491 845,491 840,491 840,540 879,541 890,539"/>
          <TextEquiv conf="0.80036265">
            <Unicode>Es</Unicode>
          </TextEquiv>
        </Word>
        <Word id="region0001_line0005_word0002" custom="readingOrder {index:2;}">
          <Coords points="982,496 944,497 944,540 948,540 950,544 957,546 959,546 981,536 982,536"/>
          <TextEquiv conf="0.9162367">
            <Unicode>iſt</Unicode>
          </TextEquiv>
        </Word>
        <Word id="region0001_line0005_word0003" custom="readingOrder {index:3;}">
          <Coords points="1083,495 999,495 999,543 1004,544 1012,535 1034,539 1045,535 1054,535 1061,539 1067,535 1083,535"/>
          <TextEquiv conf="0.9270039">
            <Unicode>ſonſt</Unicode>
          </TextEquiv>
        </Word>
        <Word id="region0001_line0005_word0004" custom="readingOrder {index:4;}">
          <Coords points="1171,533 1171,494 1101,495 1101,534 1131,534 1137,533 1138,533"/>
          <TextEquiv conf="0.92760175">
            <Unicode>eine</Unicode>
          </TextEquiv>
        </Word>
        <Word id="region0001_line0005_word0005" custom="readingOrder {index:5;}">
          <Coords points="1279,493 1192,493 1192,533 1195,533 1226,537 1233,529 1244,530 1242,540 1252,540 1279,535"/>
          <TextEquiv conf="0.93143356">
            <Unicode>nicht</Unicode>
          </TextEquiv>
        </Word>
        <Word id="region0001_line0005_word0006" custom="readingOrder {index:6;}">
          <Coords points="1357,502 1294,502 1294,537 1299,540 1309,540 1332,537 1357,537"/>
          <TextEquiv conf="0.9264194">
            <Unicode>gar</Unicode>
          </TextEquiv>
        </Word>
        <Word id="region0001_line0005_word0007" custom="readingOrder {index:7;}">
          <Coords points="1413,501 1375,501 1375,538 1383,538 1389,534 1400,538 1413,537"/>
          <TextEquiv conf="0.9320938">
            <Unicode>zu</Unicode>
          </TextEquiv>
        </Word>
        <Word id="region0001_line0005_word0008" custom="readingOrder {index:8;}">
          <Coords points="1436,502 1496,501 1496,530 1436,531"/>
          <TextEquiv conf="0.9240557">
            <Unicode>na⸗</Unicode>
          </TextEquiv>
        </Word>
        <TextEquiv conf="0.91066104">
          <Unicode>(pointe). Es iſt ſonſt eine nicht gar zu na⸗</Unicode>
        </TextEquiv>
      </TextLine>
      <TextLine id="line_1671787201395_2479" custom="readingOrder {index:4;}">
        <Coords points="615,551 635,552 657,545 660,548 668,548 682,541 703,541 708,544 722,540 735,541 740,546 760,543 773,547 785,539 875,544 889,543 894,539 914,538 920,543 949,544 961,548 981,537 993,537 999,544 1004,545 1012,536 1023,536 1029,542 1045,536 1054,536 1061,540 1067,536 1077,540 1094,540 1100,536 1110,536 1120,540 1126,535 1137,534 1143,539 1179,537 1185,534 1226,538 1233,530 1244,531 1241,540 1247,542 1275,540 1286,535 1302,542 1319,539 1378,543 1389,535 1401,540 1461,539 1481,535 1505,537 1505,589 1483,592 1463,587 1378,584 1353,586 1345,592 1322,588 1292,593 1282,590 1244,588 1202,588 1196,592 1188,592 1178,587 1167,587 1141,591 1132,584 1107,588 1081,584 1066,588 1054,587 1049,592 1039,587 1018,587 994,595 977,594 971,587 957,588 948,595 939,592 915,594 901,589 875,589 868,593 831,591 815,596 738,595 726,600 715,594 683,597 615,597"/>
        <Baseline points="615,586 1505,577"/>
        <Word id="region0001_line0007_word0000" custom="readingOrder {index:0;}">
          <Coords points="648,548 635,552 622,552 622,597 688,597 715,594 719,596 735,596 738,595 756,595 756,547 669,548 668,548 660,548 660,548"/>
          <TextEquiv conf="0.921423">
            <Unicode>tuͤrliche</Unicode>
          </TextEquiv>
        </Word>
        <Word id="region0001_line0007_word0001" custom="readingOrder {index:1;}">
          <Coords points="774,545 773,547 772,546 772,594 822,593 831,591 868,593 875,589 901,589 912,593 924,593 939,592 942,593 950,593 957,588 958,587 958,547 952,545"/>
          <TextEquiv conf="0.9216413">
            <Unicode>Sprache,</Unicode>
          </TextEquiv>
        </Word>
        <Word id="region0001_line0007_word0002" custom="readingOrder {index:2;}">
          <Coords points="976,544 976,593 976,593 1000,593 1018,587 1039,587 1049,592 1054,587 1066,588 1081,584 1107,588 1132,584 1141,591 1161,588 1161,543 1005,544 1004,545 999,544 999,544"/>
          <TextEquiv conf="0.6479775">
            <Unicode>ſpizfuͤndig</Unicode>
          </TextEquiv>
        </Word>
        <Word id="region0001_line0007_word0003" custom="readingOrder {index:3;}">
          <Coords points="1183,534 1182,535 1182,589 1187,591 1196,591 1202,588 1244,588 1282,590 1285,591 1303,591 1310,590 1310,540 1302,542 1286,535 1275,540 1247,542 1241,540 1242,534 1228,534 1226,538 1194,534"/>
          <TextEquiv conf="0.92687875">
            <Unicode>(durch</Unicode>
          </TextEquiv>
        </Word>
        <Word id="region0001_line0007_word0004" custom="readingOrder {index:4;}">
          <Coords points="1331,543 1331,590 1339,591 1346,591 1353,586 1378,584 1463,587 1475,590 1495,590 1495,542 1378,543 1378,543 1374,543"/>
          <TextEquiv conf="0.93081576">
            <Unicode>pointes)</Unicode>
          </TextEquiv>
        </Word>
        <TextEquiv conf="0.8697473">
          <Unicode>tuͤrliche Sprache, ſpizfuͤndig (durch pointes)</Unicode>
        </TextEquiv>
      </TextLine>
      <TextLine id="line_1671787201396_2481" custom="readingOrder {index:5;}">
        <Coords points="615,601 629,602 703,598 708,595 715,595 726,601 734,598 805,598 831,592 847,593 851,596 867,595 875,590 901,590 915,595 948,596 957,589 971,588 980,596 994,596 1018,588 1039,588 1049,593 1054,588 1066,589 1081,585 1095,589 1132,585 1141,592 1178,588 1188,593 1207,589 1281,591 1292,594 1325,589 1345,593 1352,589 1371,589 1378,585 1398,585 1403,589 1473,590 1483,593 1505,591 1506,637 1472,638 1431,636 1424,632 1415,632 1398,634 1391,640 1381,643 1372,640 1371,637 1304,637 1296,641 1285,635 1272,634 1205,638 1193,634 1168,633 1151,638 1118,637 1082,644 1009,642 997,637 972,637 958,648 946,642 937,643 928,638 920,638 893,647 881,642 867,642 842,643 829,647 812,643 780,648 764,642 755,642 750,645 723,644 675,648 660,644 645,649 631,649 619,654 615,654"/>
        <Baseline points="615,641 917,630 1506,627"/>
        <Word id="region0001_line0008_word0000" custom="readingOrder {index:0;}">
          <Coords points="662,608 621,609 622,647 653,646 660,644 662,644"/>
          <TextEquiv conf="0.92946315">
            <Unicode>zu</Unicode>
          </TextEquiv>
        </Word>
        <Word id="region0001_line0008_word0001" custom="readingOrder {index:1;}">
          <Coords points="795,643 794,602 676,602 677,643 753,643 755,642 764,642 766,643"/>
          <TextEquiv conf="0.92946315">
            <Unicode>reden;</Unicode>
          </TextEquiv>
        </Word>
        <Word id="region0001_line0008_word0002" custom="readingOrder {index:2;}">
          <Coords points="861,599 819,599 820,645 820,645 836,645 842,643 862,642"/>
          <TextEquiv conf="0.9317795">
            <Unicode>ſie</Unicode>
          </TextEquiv>
        </Word>
        <Word id="region0001_line0008_word0003" custom="readingOrder {index:3;}">
          <Coords points="913,599 874,599 874,642 881,642 890,646 896,646 913,640"/>
          <TextEquiv conf="0.9292589">
            <Unicode>iſt</Unicode>
          </TextEquiv>
        </Word>
        <Word id="region0001_line0008_word0004" custom="readingOrder {index:4;}">
          <Coords points="997,598 930,599 931,640 937,643 946,642 958,648 972,637 997,637 998,637"/>
          <TextEquiv conf="0.9301005">
            <Unicode>ofte</Unicode>
          </TextEquiv>
        </Word>
        <Word id="region0001_line0008_word0005" custom="readingOrder {index:5;}">
          <Coords points="1154,596 1012,597 1012,642 1067,643 1084,643 1118,637 1151,638 1154,636"/>
          <TextEquiv conf="0.9264924">
            <Unicode>Schuld</Unicode>
          </TextEquiv>
        </Word>
        <Word id="region0001_line0008_word0006" custom="readingOrder {index:6;}">
          <Coords points="1303,600 1171,601 1171,633 1193,634 1205,638 1272,634 1285,635 1296,641 1303,637"/>
          <TextEquiv conf="0.9209085">
            <Unicode>daran,</Unicode>
          </TextEquiv>
        </Word>
        <Word id="region0001_line0008_word0007" custom="readingOrder {index:7;}">
          <Coords points="1396,596 1329,596 1329,637 1371,637 1372,640 1375,641 1387,641 1391,640 1396,634"/>
          <TextEquiv conf="0.93068826">
            <Unicode>daß</Unicode>
          </TextEquiv>
        </Word>
        <Word id="region0001_line0008_word0008" custom="readingOrder {index:8;}">
          <Coords points="1495,634 1494,603 1412,604 1412,632 1415,632 1424,632 1428,634"/>
          <TextEquiv conf="0.927997">
            <Unicode>man</Unicode>
          </TextEquiv>
        </Word>
        <TextEquiv conf="0.92846125">
          <Unicode>zu reden; ſie iſt ofte Schuld daran, daß man</Unicode>
        </TextEquiv>
      </TextLine>
      <TextLine id="line_1671787201397_2483" custom="readingOrder {index:6;}">
        <Coords points="615,654 636,649 645,650 660,645 673,649 716,649 723,645 732,645 739,649 749,649 755,643 764,643 780,649 818,644 829,648 835,645 862,646 867,643 881,643 893,648 912,640 928,639 934,644 948,644 958,649 972,638 997,638 1021,644 1082,645 1118,638 1151,639 1168,634 1193,635 1204,639 1272,635 1285,636 1296,642 1343,640 1373,641 1382,644 1398,635 1424,633 1431,637 1506,640 1505,687 1408,688 1396,693 1376,684 1342,684 1301,689 1266,685 1251,692 1212,692 1197,690 1191,686 1167,687 1146,684 1132,688 1080,690 1059,686 1050,690 1030,692 1020,689 1004,696 994,692 988,695 977,689 970,696 965,696 957,692 942,693 935,689 921,689 913,697 901,693 797,695 791,692 773,692 765,695 718,696 712,692 704,692 693,695 662,694 653,698 646,693 615,693"/>
        <Baseline points="615,685 1505,676"/>
        <Word id="region0001_line0009_word0000" custom="readingOrder {index:0;}">
          <Coords points="734,651 625,652 625,693 646,693 653,698 654,698 662,694 693,695 704,692 712,692 718,696 734,696"/>
          <TextEquiv conf="0.6940378">
            <Unicode>oͤfters</Unicode>
          </TextEquiv>
        </Word>
        <Word id="region0001_line0009_word0001" custom="readingOrder {index:1;}">
          <Coords points="756,650 789,650 789,689 756,689"/>
          <TextEquiv conf="0.9238701">
            <Unicode>in</Unicode>
          </TextEquiv>
        </Word>
        <Word id="region0001_line0009_word0002" custom="readingOrder {index:2;}">
          <Coords points="811,652 882,652 882,689 811,689"/>
          <TextEquiv conf="0.9313772">
            <Unicode>das</Unicode>
          </TextEquiv>
        </Word>
        <Word id="region0001_line0009_word0003" custom="readingOrder {index:3;}">
          <Coords points="908,647 908,695 909,695 914,695 921,689 935,689 942,693 957,692 964,695 970,695 977,689 988,695 994,692 1002,695 1005,695 1020,689 1030,692 1042,690 1042,646 961,646 958,649 953,646"/>
          <TextEquiv conf="0.9293965">
            <Unicode>froſtige</Unicode>
          </TextEquiv>
        </Word>
        <Word id="region0001_line0009_word0004" custom="readingOrder {index:4;}">
          <Coords points="1140,650 1067,651 1067,687 1138,686 1140,685"/>
          <TextEquiv conf="0.92735994">
            <Unicode>und</Unicode>
          </TextEquiv>
        </Word>
        <Word id="region0001_line0009_word0005" custom="readingOrder {index:5;}">
          <Coords points="1320,643 1163,644 1163,686 1167,687 1191,686 1197,690 1212,692 1251,692 1266,685 1301,689 1320,686"/>
          <TextEquiv conf="0.86467683">
            <Unicode>kindiſche</Unicode>
          </TextEquiv>
        </Word>
        <Word id="region0001_line0009_word0006" custom="readingOrder {index:6;}">
          <Coords points="1334,643 1334,684 1342,684 1376,684 1395,692 1396,692 1408,688 1495,687 1495,642 1384,642 1382,644 1378,642"/>
          <TextEquiv conf="0.93016315">
            <Unicode>verfaͤllet.</Unicode>
          </TextEquiv>
        </Word>
        <TextEquiv conf="0.8858402">
          <Unicode>oͤfters in das froſtige und kindiſche verfaͤllet.</Unicode>
        </TextEquiv>
      </TextLine>
      <TextLine id="line_1671787201398_2485" custom="readingOrder {index:7;}">
        <Coords points="615,694 646,694 656,699 662,695 693,696 712,693 719,699 742,699 765,698 773,693 791,693 799,697 902,695 913,698 921,690 935,690 941,694 957,693 965,697 970,697 977,690 988,696 1004,697 1020,690 1047,693 1065,687 1080,692 1100,693 1146,685 1167,688 1191,687 1197,691 1212,693 1251,693 1266,686 1308,690 1313,687 1332,689 1342,685 1376,685 1396,694 1426,691 1431,688 1478,691 1484,687 1492,687 1505,690 1505,738 1460,739 1442,736 1406,736 1399,739 1395,736 1382,736 1369,744 1359,740 1346,740 1340,736 1331,736 1324,740 1281,738 1275,741 1259,741 1236,735 1221,739 1207,735 1195,741 1175,742 1069,741 1068,744 1058,747 1053,746 1048,738 1000,741 987,737 977,742 954,740 947,744 932,744 925,747 896,744 885,740 869,744 853,741 837,746 775,746 758,743 751,747 742,747 738,744 726,744 718,751 704,752 699,748 677,749 671,745 651,749 630,746 615,746"/>
        <Baseline points="615,738 1505,728"/>
        <Word id="region0001_line0010_word0000" custom="readingOrder {index:0;}">
          <Coords points="756,701 623,702 623,746 630,746 642,747 657,747 671,745 674,747 722,747 726,744 738,744 742,747 751,747 756,744"/>
          <TextEquiv conf="0.91840684">
            <Unicode>Daher</Unicode>
          </TextEquiv>
        </Word>
        <Word id="region0001_line0010_word0001" custom="readingOrder {index:1;}">
          <Coords points="771,701 842,700 842,744 771,745"/>
          <TextEquiv conf="0.9279706">
            <Unicode>ſind</Unicode>
          </TextEquiv>
        </Word>
        <Word id="region0001_line0010_word0002" custom="readingOrder {index:2;}">
          <Coords points="1119,698 858,699 858,741 869,744 885,740 896,744 925,747 932,744 947,744 954,740 977,742 987,737 1000,741 1048,738 1053,746 1058,747 1068,744 1069,741 1119,741"/>
          <TextEquiv conf="0.92272395">
            <Unicode>auch</Unicode>
          </TextEquiv>
        </Word>
        <Word id="region0001_line0010_word0003" custom="readingOrder {index:3;}">
          <Coords points="948,694 948,743 954,740 977,742 987,737 1000,741 1007,740 1007,695 1004,697 988,696 983,693 973,693 970,697 965,697 958,693"/>
          <TextEquiv conf="0.9311175">
            <Unicode>die</Unicode>
          </TextEquiv>
        </Word>
        <Word id="region0001_line0010_word0004" custom="readingOrder {index:4;}">
          <Coords points="1119,698 1025,698 1025,739 1048,738 1053,746 1058,747 1068,744 1069,741 1119,741"/>
          <TextEquiv conf="0.9264919">
            <Unicode>beſten</Unicode>
          </TextEquiv>
        </Word>
        <Word id="word_1671787403131_2636" custom="readingOrder {index:5;}">
          <Coords points="1132,692 1389,691 1417,691 1417,736 1369,744 1175,742 1132,741"/>
          <TextEquiv>
            <Unicode>Sinn⸗Gedichte</Unicode>
          </TextEquiv>
        </Word>
        <Word id="region0001_line0010_word0007" custom="readingOrder {index:6;}">
          <Coords points="1497,736 1497,699 1435,700 1435,736 1442,736 1446,736"/>
          <TextEquiv conf="0.9297319">
            <Unicode>des</Unicode>
          </TextEquiv>
        </Word>
        <TextEquiv>
          <Unicode>Daher ſind auch die beſten Sinn⸗Gedichte des</Unicode>
        </TextEquiv>
      </TextLine>
      <TextLine id="line_1671787201399_2487" custom="readingOrder {index:8;}">
        <Coords points="615,748 630,747 651,750 671,746 677,750 715,753 726,745 738,745 743,752 749,752 750,748 758,744 784,746 787,751 795,751 840,748 853,742 867,746 877,741 925,748 932,745 947,745 954,741 976,745 990,738 999,741 1001,746 1030,746 1036,739 1048,739 1053,747 1059,748 1086,743 1183,743 1196,742 1207,736 1222,740 1236,736 1250,742 1274,743 1281,739 1292,738 1305,742 1323,742 1331,737 1340,737 1346,741 1369,745 1382,737 1395,737 1401,740 1406,737 1442,737 1452,739 1453,742 1505,743 1506,789 1439,792 1430,786 1388,785 1378,792 1369,787 1357,790 1351,786 1343,786 1336,790 1273,790 1251,791 1243,795 1232,795 1226,791 1144,789 1122,797 1111,792 1075,792 1068,796 1056,797 1043,791 994,790 986,798 981,798 973,793 927,794 920,790 902,794 894,792 882,796 732,793 724,796 640,795 631,798 615,798"/>
        <Baseline points="615,785 1505,779"/>
        <Word id="region0001_line0011_word0000" custom="readingOrder {index:0;}">
          <Coords points="624,752 625,793 802,792 801,751 749,751 749,752 743,752 743,751 717,751 715,753 697,752"/>
          <TextEquiv conf="0.8912687">
            <Unicode>Martialis</Unicode>
          </TextEquiv>
        </Word>
        <Word id="region0001_line0011_word0001" custom="readingOrder {index:1;}">
          <Coords points="913,750 824,750 825,794 888,794 894,792 902,794 913,791"/>
          <TextEquiv conf="0.93232584">
            <Unicode>nicht</Unicode>
          </TextEquiv>
        </Word>
        <Word id="region0001_line0011_word0002" custom="readingOrder {index:2;}">
          <Coords points="928,747 929,794 973,793 979,797 988,796 994,790 1043,791 1053,796 1069,796 1075,792 1111,792 1118,795 1127,795 1131,794 1130,745 1072,746 1059,748 1053,747 1052,746 1030,746 1030,746 1029,746"/>
          <TextEquiv conf="0.9234755">
            <Unicode>diejenigen,</Unicode>
          </TextEquiv>
        </Word>
        <Word id="region0001_line0011_word0003" custom="readingOrder {index:3;}">
          <Coords points="1269,746 1152,746 1152,789 1226,791 1230,794 1245,794 1251,791 1269,790"/>
          <TextEquiv conf="0.9261015">
            <Unicode>welche</Unicode>
          </TextEquiv>
        </Word>
        <Word id="region0001_line0011_word0004" custom="readingOrder {index:4;}">
          <Coords points="1357,787 1356,747 1284,748 1285,788 1340,787 1343,786 1351,786 1352,787"/>
          <TextEquiv conf="0.9097941">
            <Unicode>mit</Unicode>
          </TextEquiv>
        </Word>
        <Word id="region0001_line0011_word0005" custom="readingOrder {index:5;}">
          <Coords points="1495,745 1373,746 1373,789 1378,792 1388,785 1430,786 1439,792 1495,789"/>
          <TextEquiv conf="0.9282902">
            <Unicode>ſolchen</Unicode>
          </TextEquiv>
        </Word>
        <TextEquiv conf="0.9185426">
          <Unicode>Martialis nicht diejenigen, welche mit ſolchen</Unicode>
        </TextEquiv>
      </TextLine>
      <TextLine id="line_1671787201400_2489" custom="readingOrder {index:9;}">
        <Coords points="615,797 657,795 663,798 719,801 722,797 732,794 743,794 750,800 760,800 768,794 780,794 786,800 819,800 875,798 894,793 902,795 920,791 928,797 974,796 981,799 986,799 994,791 1012,791 1018,795 1043,792 1056,798 1105,794 1122,798 1144,790 1243,796 1271,793 1335,793 1343,787 1351,787 1357,791 1369,788 1378,793 1388,786 1430,787 1439,793 1454,790 1464,793 1506,793 1505,841 1460,842 1455,834 1443,835 1438,844 1412,844 1405,840 1370,843 1305,840 1294,837 1281,840 1276,837 1266,837 1260,842 1219,837 1208,841 1174,841 1170,838 1152,841 1102,841 1069,848 1050,840 1040,840 1035,843 1003,843 998,848 988,849 980,843 920,845 911,840 891,840 883,844 875,840 803,848 759,844 742,850 729,845 719,848 713,845 700,845 684,851 627,853 615,852"/>
        <Baseline points="615,837 1505,830"/>
        <Word id="region0001_line0012_word0000" custom="readingOrder {index:0;}">
          <Coords points="628,801 628,847 696,847 700,845 713,845 716,846 724,846 729,845 733,846 753,846 759,844 782,846 803,846 803,800 719,800 719,801 710,801"/>
          <TextEquiv conf="0.9264424">
            <Unicode>Stacheln</Unicode>
          </TextEquiv>
        </Word>
        <Word id="region0001_line0012_word0001" custom="readingOrder {index:1;}">
          <Coords points="972,798 853,798 820,799 820,845 830,844 875,840 883,844 891,840 911,840 918,844 944,844 972,843"/>
          <TextEquiv conf="0.93040526">
            <Unicode>verſehen</Unicode>
          </TextEquiv>
        </Word>
        <Word id="region0001_line0012_word0002" custom="readingOrder {index:2;}">
          <Coords points="1079,801 988,801 988,848 998,848 1003,843 1035,843 1040,840 1050,840 1069,848 1079,845"/>
          <TextEquiv conf="0.9242498">
            <Unicode>ſind,</Unicode>
          </TextEquiv>
        </Word>
        <Word id="region0001_line0012_word0003" custom="readingOrder {index:3;}">
          <Coords points="1096,802 1167,801 1167,837 1096,838"/>
          <TextEquiv conf="0.9272558">
            <Unicode>und</Unicode>
          </TextEquiv>
        </Word>
        <Word id="region0001_line0012_word0004" custom="readingOrder {index:4;}">
          <Coords points="1238,838 1238,807 1182,807 1182,838 1216,838 1219,837 1227,838"/>
          <TextEquiv conf="0.9301796">
            <Unicode>wo</Unicode>
          </TextEquiv>
        </Word>
        <Word id="region0001_line0012_word0005" custom="readingOrder {index:5;}">
          <Coords points="1288,807 1254,807 1254,839 1263,839 1266,837 1276,837 1279,839 1285,839 1288,838"/>
          <TextEquiv conf="0.92837065">
            <Unicode>er</Unicode>
          </TextEquiv>
        </Word>
        <Word id="region0001_line0012_word0006" custom="readingOrder {index:6;}">
          <Coords points="1306,797 1367,797 1367,837 1306,837"/>
          <TextEquiv conf="0.9313537">
            <Unicode>mit</Unicode>
          </TextEquiv>
        </Word>
        <Word id="region0001_line0012_word0007" custom="readingOrder {index:7;}">
          <Coords points="1498,839 1498,796 1381,797 1381,840 1440,839 1443,835 1455,834 1458,839"/>
          <TextEquiv conf="0.6888978">
            <Unicode>Wor⸗</Unicode>
          </TextEquiv>
        </Word>
        <TextEquiv conf="0.89839435">
          <Unicode>Stacheln verſehen ſind, und wo er mit Wor⸗</Unicode>
        </TextEquiv>
      </TextLine>
      <TextLine id="line_1671787201401_2491" custom="readingOrder {index:10;}">
        <Coords points="615,854 666,854 687,853 696,847 713,846 719,849 720,853 728,846 747,851 759,845 769,845 774,850 808,849 875,841 883,845 891,841 911,841 920,846 933,844 952,848 982,847 988,850 1034,846 1040,841 1050,841 1069,849 1077,846 1096,846 1102,842 1115,842 1120,846 1148,845 1159,839 1170,839 1175,845 1209,844 1219,838 1232,838 1237,843 1260,843 1266,838 1276,838 1281,841 1294,838 1305,841 1373,845 1405,841 1417,846 1437,846 1443,836 1455,835 1459,845 1505,846 1505,894 1485,898 1475,893 1437,890 1423,898 1413,889 1403,888 1396,897 1392,897 1385,887 1361,893 1331,891 1313,897 1305,889 1294,890 1290,894 1275,890 1266,893 1213,890 1176,892 1162,889 1151,893 1124,894 1030,889 1015,894 957,895 947,892 918,899 888,899 867,893 850,896 780,898 752,895 742,899 734,896 725,897 711,905 704,902 691,903 687,900 615,900"/>
        <Baseline points="615,889 1055,880 1505,883"/>
        <Word id="region0001_line0013_word0000" custom="readingOrder {index:0;}">
          <Coords points="629,860 684,859 684,892 629,893"/>
          <TextEquiv conf="0.92123276">
            <Unicode>ten</Unicode>
          </TextEquiv>
        </Word>
        <Word id="region0001_line0013_word0001" custom="readingOrder {index:1;}">
          <Coords points="693,852 693,901 718,900 725,897 734,896 742,899 752,895 780,898 810,897 810,851 721,851 720,853 719,851"/>
          <TextEquiv>
            <Unicode>ſpielet.</Unicode>
          </TextEquiv>
        </Word>
        <Word id="region0001_line0013_word0002" custom="readingOrder {index:2;}">
          <Coords points="990,850 862,851 862,893 867,893 877,895 932,895 947,892 957,895 990,894"/>
          <TextEquiv conf="0.91575056">
            <Unicode>Wenn</Unicode>
          </TextEquiv>
        </Word>
        <Word id="region0001_line0013_word0003" custom="readingOrder {index:3;}">
          <Coords points="1069,890 1069,850 1005,850 1005,890 1027,890 1030,889 1048,890"/>
          <TextEquiv conf="0.92517114">
            <Unicode>mir</Unicode>
          </TextEquiv>
        </Word>
        <Word id="region0001_line0013_word0004" custom="readingOrder {index:4;}">
          <Coords points="1078,854 1114,854 1114,890 1078,890"/>
          <TextEquiv conf="0.92354393">
            <Unicode>es</Unicode>
          </TextEquiv>
        </Word>
        <Word id="region0001_line0013_word0005" custom="readingOrder {index:5;}">
          <Coords points="1253,890 1253,849 1122,850 1122,891 1157,890 1162,889 1169,890 1206,890 1213,890 1217,890"/>
          <TextEquiv conf="0.92354393">
            <Unicode>erlaubt</Unicode>
          </TextEquiv>
        </Word>
        <Word id="region0001_line0013_word0006" custom="readingOrder {index:6;}">
          <Coords points="1321,847 1267,848 1267,892 1275,890 1290,894 1294,890 1305,889 1311,895 1318,895 1321,894"/>
          <TextEquiv conf="0.9246866">
            <Unicode>iſt,</Unicode>
          </TextEquiv>
        </Word>
        <Word id="region0001_line0013_word0007" custom="readingOrder {index:7;}">
          <Coords points="1378,856 1339,856 1339,891 1361,893 1378,888"/>
          <TextEquiv conf="0.9320529">
            <Unicode>zu</Unicode>
          </TextEquiv>
        </Word>
        <Word id="region0001_line0013_word0008" custom="readingOrder {index:8;}">
          <Coords points="1497,893 1497,846 1387,847 1387,890 1390,894 1398,894 1403,888 1413,889 1418,894 1431,894 1437,890 1475,893 1475,893"/>
          <TextEquiv conf="0.9320529">
            <Unicode>ſagen,</Unicode>
          </TextEquiv>
        </Word>
        <TextEquiv>
          <Unicode>ten ſpielet. Wenn mir es erlaubt iſt, zu ſagen,</Unicode>
        </TextEquiv>
      </TextLine>
      <TextLine id="line_1671787201402_2493" custom="readingOrder {index:11;}">
        <Coords points="615,903 704,903 711,906 730,897 740,900 752,896 767,896 772,900 829,899 860,894 888,900 928,901 936,895 947,893 958,896 960,900 973,899 1013,896 1030,890 1054,890 1057,893 1079,891 1084,894 1106,893 1138,896 1153,896 1162,890 1173,891 1177,895 1213,891 1221,894 1265,895 1275,891 1290,895 1294,891 1305,890 1313,898 1331,892 1361,896 1370,890 1385,888 1392,898 1396,898 1401,890 1406,889 1413,890 1423,899 1440,891 1448,897 1505,898 1505,939 1482,942 1469,939 1456,943 1399,944 1382,949 1378,944 1371,943 1332,948 1326,944 1271,944 1258,939 1182,944 1173,940 1164,940 1155,945 1122,943 1070,945 1033,941 1023,949 1012,940 1005,940 999,945 988,945 988,938 979,935 975,939 948,942 941,948 931,945 876,947 870,944 858,944 855,947 833,946 822,949 773,949 764,953 751,946 737,949 702,946 659,951 615,951"/>
        <Baseline points="615,939 1505,929"/>
        <Word id="region0001_line0014_word0000" custom="readingOrder {index:0;}">
          <Coords points="630,910 709,909 709,944 630,945"/>
          <TextEquiv conf="0.9322829">
            <Unicode>was</Unicode>
          </TextEquiv>
        </Word>
        <Word id="region0001_line0014_word0001" custom="readingOrder {index:1;}">
          <Coords points="771,903 725,903 725,948 737,949 751,946 758,950 770,950 771,949"/>
          <TextEquiv conf="0.9327441">
            <Unicode>ich</Unicode>
          </TextEquiv>
        </Word>
        <Word id="region0001_line0014_word0002" custom="readingOrder {index:2;}">
          <Coords points="907,901 790,902 790,949 822,949 833,946 855,947 858,944 870,944 876,947 907,945"/>
          <TextEquiv conf="0.90671295">
            <Unicode>denke,</Unicode>
          </TextEquiv>
        </Word>
        <Word id="region0001_line0014_word0003" custom="readingOrder {index:3;}">
          <Coords points="966,902 933,903 933,945 941,948 948,942 966,939"/>
          <TextEquiv conf="0.930513">
            <Unicode>ſo</Unicode>
          </TextEquiv>
        </Word>
        <Word id="region0001_line0014_word0004" custom="readingOrder {index:4;}">
          <Coords points="1111,900 982,900 982,936 988,938 988,945 999,945 1005,940 1012,940 1023,949 1033,941 1070,945 1111,943"/>
          <TextEquiv conf="0.9272717">
            <Unicode>gefaͤllet</Unicode>
          </TextEquiv>
        </Word>
        <Word id="region0001_line0014_word0005" custom="readingOrder {index:5;}">
          <Coords points="1189,943 1189,902 1125,903 1125,943 1135,943 1157,943 1164,940 1173,940 1180,943"/>
          <TextEquiv conf="0.9311831">
            <Unicode>mir</Unicode>
          </TextEquiv>
        </Word>
        <Word id="region0001_line0014_word0006" custom="readingOrder {index:6;}">
          <Coords points="1265,940 1265,904 1206,904 1206,940 1242,940 1258,939 1260,940"/>
          <TextEquiv conf="0.9324452">
            <Unicode>der</Unicode>
          </TextEquiv>
        </Word>
        <Word id="region0001_line0014_word0007" custom="readingOrder {index:7;}">
          <Coords points="1351,900 1274,901 1274,944 1326,944 1330,947 1338,947 1351,945"/>
          <TextEquiv conf="0.9304085">
            <Unicode>bloß</Unicode>
          </TextEquiv>
        </Word>
        <Word id="region0001_line0014_word0008" custom="readingOrder {index:8;}">
          <Coords points="1366,897 1366,943 1371,943 1378,944 1380,946 1389,946 1399,944 1456,943 1469,939 1482,942 1497,939 1497,897 1448,897 1447,896 1428,896 1423,899 1420,896 1396,896 1396,898 1392,898 1391,896"/>
          <TextEquiv conf="0.91921335">
            <Unicode>ſpielen⸗</Unicode>
          </TextEquiv>
        </Word>
        <TextEquiv conf="0.92697495">
          <Unicode>was ich denke, ſo gefaͤllet mir der bloß ſpielen⸗</Unicode>
        </TextEquiv>
      </TextLine>
      <TextLine id="line_1671787201403_2495" custom="readingOrder {index:12;}">
        <Coords points="615,951 635,951 662,953 702,947 744,950 751,947 765,954 822,950 833,947 853,949 859,945 871,945 877,950 883,950 889,946 899,948 908,945 913,948 931,946 941,949 948,943 975,940 979,936 987,938 988,946 999,946 1005,941 1012,941 1023,950 1033,942 1042,942 1050,947 1107,947 1122,944 1129,946 1154,947 1160,942 1173,941 1183,947 1195,944 1200,947 1234,947 1241,941 1258,940 1266,947 1312,945 1342,949 1371,944 1378,945 1382,950 1395,947 1421,949 1469,940 1480,943 1505,942 1506,992 1481,993 1475,990 1461,990 1452,994 1446,990 1439,990 1412,998 1378,999 1372,996 1346,994 1256,994 1245,1000 1235,997 1233,993 1221,993 1212,989 1189,994 1176,989 1151,993 1142,989 1129,989 1109,994 1030,994 1018,997 994,993 980,998 940,999 904,995 897,1002 887,1001 882,994 870,994 861,998 832,995 824,997 821,1003 817,1004 801,999 769,1001 756,1005 738,998 708,999 700,1002 670,1002 662,998 643,1002 636,1000 615,1000"/>
        <Baseline points="615,990 1506,982"/>
        <Word id="region0001_line0015_word0000" custom="readingOrder {index:0;}">
          <Coords points="631,957 672,956 672,992 631,993"/>
          <TextEquiv conf="0.93210596">
            <Unicode>de</Unicode>
          </TextEquiv>
        </Word>
        <Word id="region0001_line0015_word0001" custom="readingOrder {index:1;}">
          <Coords points="687,951 687,999 714,998 738,998 739,998 821,998 821,950 765,954 757,950"/>
          <TextEquiv conf="0.9294341">
            <Unicode>Scherz</Unicode>
          </TextEquiv>
        </Word>
        <Word id="region0001_line0015_word0002" custom="readingOrder {index:2;}">
          <Coords points="835,950 835,995 851,997 863,997 870,994 882,994 884,997 902,997 904,995 922,997 939,997 939,950 883,950 877,950"/>
          <TextEquiv conf="0.9307511">
            <Unicode>dieſes</Unicode>
          </TextEquiv>
        </Word>
        <Word id="region0001_line0015_word0003" custom="readingOrder {index:3;}">
          <Coords points="976,938 975,940 952,942 953,994 991,993 994,993 998,993 1112,993 1124,990 1124,944 1122,944 1107,947 1050,947 1042,942 1033,942 1023,950 1012,941 1005,941 999,946 988,946 987,938"/>
          <TextEquiv conf="0.92544484">
            <Unicode>Dichters</Unicode>
          </TextEquiv>
        </Word>
        <Word id="region0001_line0015_word0004" custom="readingOrder {index:4;}">
          <Coords points="1147,948 1225,948 1225,987 1147,987"/>
          <TextEquiv conf="0.9290257">
            <Unicode>eben</Unicode>
          </TextEquiv>
        </Word>
        <Word id="region0001_line0015_word0005" custom="readingOrder {index:5;}">
          <Coords points="1237,946 1237,995 1254,995 1256,994 1272,994 1272,946 1266,947 1264,946"/>
          <TextEquiv conf="0.9286166">
            <Unicode>ſo</Unicode>
          </TextEquiv>
        </Word>
        <Word id="region0001_line0015_word0006" custom="readingOrder {index:6;}">
          <Coords points="1290,947 1290,994 1420,993 1420,948 1395,947 1382,950 1379,946 1356,946 1342,949 1324,946"/>
          <TextEquiv conf="0.923074">
            <Unicode>wenig,</Unicode>
          </TextEquiv>
        </Word>
        <Word id="region0001_line0015_word0007" custom="readingOrder {index:7;}">
          <Coords points="1442,947 1498,946 1498,984 1442,985"/>
          <TextEquiv conf="0.9321024">
            <Unicode>als</Unicode>
          </TextEquiv>
        </Word>
        <TextEquiv conf="0.92881936">
          <Unicode>de Scherz dieſes Dichters eben ſo wenig, als</Unicode>
        </TextEquiv>
      </TextLine>
      <TextLine id="line_1671787201403_2497" custom="readingOrder {index:13;}">
        <Coords points="615,1001 636,1001 643,1003 662,999 671,1004 683,1004 738,999 756,1006 775,1003 796,1004 802,1000 817,1005 822,1003 824,998 832,996 843,996 849,1001 859,1001 870,995 882,995 887,1002 897,1003 904,996 922,1000 980,999 988,995 1005,994 1013,998 1032,995 1060,999 1129,990 1157,994 1161,991 1176,990 1184,996 1195,996 1203,991 1212,990 1220,993 1222,997 1234,997 1245,1001 1258,997 1395,1000 1425,997 1439,991 1446,991 1452,995 1475,991 1481,996 1506,997 1505,1045 1480,1045 1473,1049 1461,1041 1454,1044 1429,1046 1385,1042 1358,1044 1353,1048 1339,1041 1322,1044 1318,1041 1307,1041 1296,1042 1288,1050 1278,1050 1272,1048 1267,1041 1234,1044 1227,1041 1208,1041 1167,1050 1161,1047 1117,1048 1107,1042 1067,1046 1055,1041 1039,1047 958,1049 954,1052 945,1052 940,1048 915,1048 911,1045 900,1045 891,1049 873,1046 864,1050 849,1050 835,1056 828,1055 823,1050 768,1047 739,1055 719,1052 706,1057 689,1050 671,1053 615,1053"/>
        <Baseline points="615,1042 1048,1034 1505,1035"/>
        <Word id="region0001_line0016_word0000" custom="readingOrder {index:0;}">
          <Coords points="629,1007 682,1006 682,1046 629,1047"/>
          <TextEquiv conf="0.9322336">
            <Unicode>die</Unicode>
          </TextEquiv>
        </Word>
        <Word id="region0001_line0016_word0001" custom="readingOrder {index:1;}">
          <Coords points="702,1004 702,1054 714,1054 719,1052 731,1054 744,1054 768,1047 823,1050 826,1053 842,1053 849,1050 864,1050 873,1046 891,1049 900,1045 911,1045 915,1048 940,1048 945,1052 954,1052 958,1049 970,1049 970,1002 897,1003 897,1003 893,1003 822,1003 817,1005 812,1003 797,1003 796,1004 783,1003 772,1003 756,1006 750,1004"/>
          <TextEquiv conf="0.92008156">
            <Unicode>ſchmeichelnden</Unicode>
          </TextEquiv>
        </Word>
        <Word id="region0001_line0016_word0002" custom="readingOrder {index:2;}">
          <Coords points="986,1002 986,1048 1039,1047 1055,1041 1067,1046 1107,1042 1117,1048 1161,1047 1167,1050 1208,1041 1227,1041 1234,1044 1267,1041 1272,1048 1278,1050 1288,1050 1296,1042 1307,1041 1318,1041 1322,1044 1339,1041 1353,1048 1358,1044 1361,1043 1361,1000 1246,1000 1245,1001 1243,1000"/>
          <TextEquiv>
            <Unicode>Lobes⸗Erhebungen,</Unicode>
          </TextEquiv>
        </Word>
        <Word id="region0001_line0016_word0003" custom="readingOrder {index:3;}">
          <Coords points="1499,998 1407,999 1395,1000 1380,1000 1380,1042 1385,1042 1425,1046 1435,1046 1454,1044 1461,1041 1467,1045 1480,1045 1480,1045 1499,1045"/>
          <TextEquiv conf="0.9284632">
            <Unicode>welche</Unicode>
          </TextEquiv>
        </Word>
        <TextEquiv>
          <Unicode>die ſchmeichelnden Lobes⸗Erhebungen, welche</Unicode>
        </TextEquiv>
      </TextLine>
      <TextLine id="line_1671787201404_2499" custom="readingOrder {index:14;}">
        <Coords points="615,1056 675,1054 689,1051 706,1058 716,1055 739,1056 768,1048 792,1048 835,1057 846,1053 863,1053 873,1047 884,1048 888,1053 896,1047 911,1046 916,1053 959,1053 1039,1048 1055,1042 1067,1048 1081,1048 1089,1043 1107,1043 1117,1049 1161,1048 1167,1051 1208,1042 1243,1045 1267,1042 1272,1049 1278,1051 1288,1051 1296,1043 1307,1042 1318,1042 1323,1048 1327,1048 1339,1042 1353,1049 1380,1046 1385,1043 1437,1048 1461,1042 1473,1050 1505,1051 1505,1092 1472,1092 1464,1098 1450,1096 1448,1092 1431,1095 1413,1095 1397,1091 1388,1095 1336,1095 1332,1092 1320,1092 1315,1095 1268,1096 1216,1102 1110,1096 1102,1092 1082,1096 1067,1093 1060,1101 1049,1100 1045,1096 929,1097 914,1094 903,1097 883,1095 868,1098 691,1104 676,1104 670,1100 662,1100 653,1105 615,1104"/>
        <Baseline points="615,1093 1505,1082"/>
        <Word id="region0001_line0017_word0000" custom="readingOrder {index:0;}">
          <Coords points="633,1066 669,1065 669,1097 633,1098"/>
          <TextEquiv conf="0.9207486">
            <Unicode>er</Unicode>
          </TextEquiv>
        </Word>
        <Word id="region0001_line0017_word0001" custom="readingOrder {index:1;}">
          <Coords points="682,1059 757,1059 757,1096 682,1096"/>
          <TextEquiv conf="0.92282563">
            <Unicode>dem</Unicode>
          </TextEquiv>
        </Word>
        <Word id="region0001_line0017_word0002" custom="readingOrder {index:2;}">
          <Coords points="766,1055 766,1094 983,1092 983,1053 842,1054 835,1057 822,1054"/>
          <TextEquiv conf="0.91177934">
            <Unicode>Domitiano</Unicode>
          </TextEquiv>
        </Word>
        <Word id="region0001_line0017_word0003" custom="readingOrder {index:3;}">
          <Coords points="1155,1051 998,1052 998,1096 1045,1096 1049,1100 1055,1100 1060,1100 1067,1093 1082,1096 1102,1092 1110,1096 1155,1098"/>
          <TextEquiv conf="0.92792654">
            <Unicode>ertheilet.</Unicode>
          </TextEquiv>
        </Word>
        <Word id="region0001_line0017_word0004" custom="readingOrder {index:4;}">
          <Coords points="1275,1052 1204,1052 1204,1101 1224,1101 1268,1096 1275,1095"/>
          <TextEquiv conf="0.92868125">
            <Unicode>Jch</Unicode>
          </TextEquiv>
        </Word>
        <Word id="region0001_line0017_word0005" custom="readingOrder {index:5;}">
          <Coords points="1295,1052 1373,1052 1373,1092 1295,1092"/>
          <TextEquiv conf="0.93190646">
            <Unicode>liebe</Unicode>
          </TextEquiv>
        </Word>
        <Word id="region0001_line0017_word0006" custom="readingOrder {index:6;}">
          <Coords points="1382,1051 1382,1095 1388,1095 1397,1091 1413,1095 1431,1095 1448,1092 1450,1096 1464,1098 1472,1092 1498,1092 1498,1050 1478,1050"/>
          <TextEquiv>
            <Unicode>dasje⸗</Unicode>
          </TextEquiv>
        </Word>
        <TextEquiv>
          <Unicode>er dem Domitiano ertheilet. Jch liebe dasje⸗</Unicode>
        </TextEquiv>
      </TextLine>
      <TextLine id="line_1671787201405_2501" custom="readingOrder {index:15;}">
        <Coords points="615,1107 653,1107 662,1101 670,1101 678,1107 799,1105 813,1103 818,1099 831,1099 836,1103 860,1103 877,1102 883,1096 901,1099 914,1095 926,1096 930,1101 948,1102 1060,1102 1067,1094 1082,1097 1093,1093 1106,1094 1111,1099 1156,1098 1216,1103 1268,1097 1313,1098 1320,1093 1332,1093 1337,1099 1386,1099 1397,1092 1409,1093 1414,1098 1448,1093 1450,1097 1465,1099 1472,1093 1493,1091 1499,1097 1505,1097 1506,1148 1490,1151 1459,1147 1420,1151 1415,1147 1357,1146 1341,1138 1328,1145 1308,1142 1302,1146 1274,1146 1270,1143 1239,1145 1216,1142 1199,1147 1178,1148 1171,1152 1162,1152 1155,1148 1110,1149 1100,1152 1092,1148 1021,1147 1016,1144 986,1147 968,1144 958,1149 941,1146 924,1154 914,1154 908,1150 874,1148 767,1151 729,1154 720,1158 697,1154 691,1158 676,1158 664,1150 615,1152"/>
        <Baseline points="615,1142 1341,1138"/>
        <Word id="region0001_line0018_word0000" custom="readingOrder {index:0;}">
          <Coords points="654,1105 653,1107 633,1107 633,1151 664,1150 667,1152 730,1152 729,1106 678,1107 676,1105"/>
          <TextEquiv conf="0.92822677">
            <Unicode>nige,</Unicode>
          </TextEquiv>
        </Word>
        <Word id="region0001_line0018_word0001" custom="readingOrder {index:1;}">
          <Coords points="754,1109 833,1108 833,1144 754,1145"/>
          <TextEquiv conf="0.92638624">
            <Unicode>was</Unicode>
          </TextEquiv>
        </Word>
        <Word id="region0001_line0018_word0002" custom="readingOrder {index:2;}">
          <Coords points="848,1103 848,1148 874,1148 908,1150 931,1150 930,1103 860,1103"/>
          <TextEquiv conf="0.92638624">
            <Unicode>mich</Unicode>
          </TextEquiv>
        </Word>
        <Word id="region0001_line0018_word0003" custom="readingOrder {index:3;}">
          <Coords points="1177,1101 947,1103 947,1147 958,1149 968,1144 986,1147 1016,1144 1021,1147 1092,1148 1097,1150 1104,1150 1110,1149 1155,1148 1158,1150 1174,1150 1177,1148"/>
          <TextEquiv conf="0.923434">
            <Unicode>unterrichtet,</Unicode>
          </TextEquiv>
        </Word>
        <Word id="region0001_line0018_word0004" custom="readingOrder {index:4;}">
          <Coords points="1205,1105 1264,1105 1265,1142 1206,1142"/>
          <TextEquiv conf="0.92651075">
            <Unicode>was</Unicode>
          </TextEquiv>
        </Word>
        <Word id="region0001_line0018_word0005" custom="readingOrder {index:5;}">
          <Coords points="1281,1102 1331,1101 1332,1141 1282,1142"/>
          <TextEquiv conf="0.93105674">
            <Unicode>mir</Unicode>
          </TextEquiv>
        </Word>
        <Word id="region0001_line0018_word0006" custom="readingOrder {index:6;}">
          <Coords points="1500,1148 1499,1099 1365,1100 1365,1146 1415,1147 1417,1148 1445,1148 1459,1147 1468,1148"/>
          <TextEquiv conf="0.9274843">
            <Unicode>nuͤtzlich</Unicode>
          </TextEquiv>
        </Word>
        <TextEquiv conf="0.9270693">
          <Unicode>nige, was mich unterrichtet, was mir nuͤtzlich</Unicode>
        </TextEquiv>
      </TextLine>
      <TextLine id="line_1671787201407_2503" custom="readingOrder {index:16;}">
        <Coords points="615,1157 629,1157 633,1153 641,1152 664,1151 676,1159 720,1159 733,1155 767,1152 856,1154 868,1153 874,1149 924,1155 941,1147 951,1147 956,1152 968,1145 983,1146 988,1150 1004,1145 1016,1145 1022,1151 1092,1149 1100,1153 1130,1149 1171,1153 1178,1149 1199,1148 1216,1143 1231,1143 1239,1147 1270,1144 1275,1148 1296,1149 1308,1143 1317,1143 1327,1150 1332,1142 1341,1139 1353,1143 1357,1150 1460,1149 1478,1152 1506,1150 1505,1196 1478,1193 1466,1197 1460,1193 1452,1194 1445,1199 1431,1202 1418,1199 1387,1201 1378,1193 1358,1196 1354,1193 1344,1197 1304,1201 1273,1200 1264,1203 1237,1195 1226,1202 1217,1203 1209,1196 1193,1199 1176,1193 1147,1192 1115,1198 1107,1202 1093,1202 1056,1193 1022,1194 1019,1191 1012,1191 1006,1195 985,1197 975,1205 948,1201 940,1196 907,1196 895,1199 868,1197 836,1201 800,1202 795,1199 784,1199 770,1202 756,1199 742,1203 726,1200 718,1204 681,1207 671,1201 652,1204 645,1200 615,1200"/>
        <Baseline points="615,1191 1505,1185"/>
        <Word id="region0001_line0019_word0000" custom="readingOrder {index:0;}">
          <Coords points="634,1158 634,1200 645,1200 651,1203 654,1203 671,1201 674,1203 693,1203 693,1159 676,1159 673,1157"/>
          <TextEquiv conf="0.9286897">
            <Unicode>iſt,</Unicode>
          </TextEquiv>
        </Word>
        <Word id="region0001_line0019_word0001" custom="readingOrder {index:1;}">
          <Coords points="720,1160 791,1160 791,1195 720,1195"/>
          <TextEquiv conf="0.9263682">
            <Unicode>und</Unicode>
          </TextEquiv>
        </Word>
        <Word id="region0001_line0019_word0002" custom="readingOrder {index:2;}">
          <Coords points="808,1158 887,1158 887,1194 808,1194"/>
          <TextEquiv conf="0.93123174">
            <Unicode>was</Unicode>
          </TextEquiv>
        </Word>
        <Word id="region0001_line0019_word0003" custom="readingOrder {index:3;}">
          <Coords points="904,1154 904,1196 907,1196 940,1196 948,1201 957,1202 978,1202 985,1197 986,1196 986,1153 926,1153 924,1155 914,1153"/>
          <TextEquiv conf="0.93123263">
            <Unicode>mich</Unicode>
          </TextEquiv>
        </Word>
        <Word id="region0001_line0019_word0004" custom="readingOrder {index:4;}">
          <Coords points="1001,1152 1001,1195 1006,1195 1012,1191 1019,1191 1022,1194 1056,1193 1078,1198 1115,1198 1115,1198 1139,1194 1139,1151 1114,1151 1100,1153 1097,1151"/>
          <TextEquiv conf="0.92021745">
            <Unicode>bewegt.</Unicode>
          </TextEquiv>
        </Word>
        <Word id="region0001_line0019_word0005" custom="readingOrder {index:5;}">
          <Coords points="1275,1198 1275,1149 1192,1149 1192,1198 1198,1198 1209,1196 1211,1198 1232,1198 1237,1195 1247,1198"/>
          <TextEquiv conf="0.8490615">
            <Unicode>Jch</Unicode>
          </TextEquiv>
        </Word>
        <Word id="region0001_line0019_word0006" custom="readingOrder {index:6;}">
          <Coords points="1333,1141 1332,1142 1327,1150 1317,1143 1308,1143 1296,1149 1288,1148 1288,1199 1327,1198 1344,1197 1354,1193 1358,1196 1378,1193 1383,1198 1394,1198 1394,1149 1357,1150 1353,1143 1348,1141"/>
          <TextEquiv conf="0.9217128">
            <Unicode>ziehe,</Unicode>
          </TextEquiv>
        </Word>
        <Word id="region0001_line0019_word0007" custom="readingOrder {index:7;}">
          <Coords points="1499,1195 1499,1157 1423,1158 1423,1196 1449,1195 1452,1194 1460,1193 1463,1195 1470,1195 1478,1193 1496,1195"/>
          <TextEquiv conf="0.92986786">
            <Unicode>zum</Unicode>
          </TextEquiv>
        </Word>
        <TextEquiv conf="0.9172977">
          <Unicode>iſt, und was mich bewegt. Jch ziehe, zum</Unicode>
        </TextEquiv>
      </TextLine>
      <TextLine id="line_1671787201408_2505" custom="readingOrder {index:17;}">
        <Coords points="615,1201 645,1201 652,1205 671,1202 681,1208 691,1208 715,1207 726,1201 736,1201 748,1207 753,1201 763,1200 775,1207 784,1200 795,1200 801,1207 809,1206 868,1198 897,1202 907,1197 940,1197 948,1204 975,1206 985,1198 1006,1196 1012,1192 1019,1192 1022,1195 1056,1194 1093,1203 1107,1203 1115,1199 1147,1193 1167,1193 1193,1200 1209,1197 1217,1204 1226,1203 1237,1196 1243,1196 1250,1202 1264,1204 1284,1201 1332,1200 1354,1194 1360,1197 1378,1194 1387,1202 1418,1200 1431,1203 1445,1200 1452,1195 1460,1194 1467,1198 1471,1195 1492,1194 1499,1199 1505,1199 1505,1249 1481,1252 1466,1248 1431,1248 1418,1243 1402,1244 1398,1247 1384,1244 1375,1252 1365,1251 1361,1247 1275,1249 1260,1253 1252,1249 1226,1248 1181,1253 1175,1250 1155,1250 1145,1245 1123,1249 1043,1250 1038,1247 1005,1246 996,1250 977,1252 917,1248 906,1254 897,1251 818,1250 809,1253 743,1250 707,1259 615,1259"/>
        <Baseline points="615,1247 1067,1237 1505,1238"/>
        <Word id="region0001_line0020_word0000" custom="readingOrder {index:0;}">
          <Coords points="632,1208 632,1257 719,1256 743,1250 809,1253 818,1250 824,1250 824,1206 808,1206 801,1207 800,1206 776,1207 775,1207 774,1207 748,1207 748,1207 748,1207 711,1207 691,1208 681,1208 680,1207"/>
          <TextEquiv conf="0.92480713">
            <Unicode>Beyſpiele,</Unicode>
          </TextEquiv>
        </Word>
        <Word id="region0001_line0020_word0001" custom="readingOrder {index:1;}">
          <Coords points="832,1209 893,1209 893,1247 832,1247"/>
          <TextEquiv conf="0.92731535">
            <Unicode>alle</Unicode>
          </TextEquiv>
        </Word>
        <Word id="region0001_line0020_word0002" custom="readingOrder {index:2;}">
          <Coords points="984,1206 902,1207 902,1252 906,1254 917,1248 977,1252 984,1251"/>
          <TextEquiv conf="0.88379526">
            <Unicode>ſeine</Unicode>
          </TextEquiv>
        </Word>
        <Word id="region0001_line0020_word0003" custom="readingOrder {index:3;}">
          <Coords points="1000,1201 1000,1248 1005,1246 1038,1247 1043,1250 1123,1249 1145,1245 1155,1250 1175,1250 1181,1253 1226,1248 1252,1249 1260,1253 1273,1249 1273,1202 1264,1204 1250,1202 1247,1200 1230,1200 1226,1203 1217,1204 1212,1200 1111,1200 1107,1203 1093,1203 1083,1200"/>
          <TextEquiv conf="0.6552377">
            <Unicode>Wort⸗Spiele,</Unicode>
          </TextEquiv>
        </Word>
        <Word id="region0001_line0020_word0004" custom="readingOrder {index:4;}">
          <Coords points="1406,1202 1289,1203 1289,1248 1361,1247 1365,1251 1368,1251 1375,1251 1384,1244 1398,1247 1402,1244 1406,1243"/>
          <TextEquiv conf="0.92965716">
            <Unicode>welche</Unicode>
          </TextEquiv>
        </Word>
        <Word id="region0001_line0020_word0005" custom="readingOrder {index:5;}">
          <Coords points="1498,1203 1415,1204 1415,1243 1418,1243 1431,1248 1466,1248 1474,1250 1496,1250 1498,1249"/>
          <TextEquiv conf="0.9311867">
            <Unicode>mich</Unicode>
          </TextEquiv>
        </Word>
        <TextEquiv conf="0.8753332">
          <Unicode>Beyſpiele, alle ſeine Wort⸗Spiele, welche mich</Unicode>
        </TextEquiv>
      </TextLine>
      <TextLine id="line_1671787201409_2507" custom="readingOrder {index:18;}">
        <Coords points="615,1260 707,1260 743,1251 760,1251 768,1256 781,1254 796,1258 804,1253 811,1254 824,1251 827,1257 864,1257 888,1252 906,1255 917,1249 938,1253 977,1253 996,1251 1005,1247 1038,1248 1043,1251 1110,1251 1145,1246 1155,1251 1175,1251 1181,1254 1213,1250 1254,1251 1267,1254 1273,1251 1340,1249 1375,1253 1384,1245 1398,1248 1408,1244 1423,1245 1428,1250 1435,1251 1481,1253 1505,1251 1506,1298 1427,1299 1414,1304 1394,1298 1322,1297 1316,1294 1256,1299 1243,1298 1235,1294 1214,1297 1198,1294 1182,1298 1135,1298 1124,1296 1098,1298 1093,1295 1071,1295 1058,1301 1011,1302 937,1301 923,1296 913,1296 904,1301 874,1303 868,1306 854,1299 844,1303 822,1304 800,1302 790,1309 776,1309 770,1305 754,1305 749,1302 699,1306 615,1306"/>
        <Baseline points="615,1294 1506,1286"/>
        <Word id="region0001_line0021_word0000" custom="readingOrder {index:0;}">
          <Coords points="635,1271 705,1270 705,1300 635,1301"/>
          <TextEquiv conf="0.92793393">
            <Unicode>nur</Unicode>
          </TextEquiv>
        </Word>
        <Word id="region0001_line0021_word0001" custom="readingOrder {index:1;}">
          <Coords points="726,1258 727,1304 749,1302 754,1305 770,1305 771,1306 795,1306 800,1302 822,1304 844,1303 854,1299 866,1305 870,1305 872,1304 871,1257 797,1258 796,1258 794,1258"/>
          <TextEquiv conf="0.35611725">
            <Unicode>kuͤtzeln,</Unicode>
          </TextEquiv>
        </Word>
        <Word id="region0001_line0021_word0002" custom="readingOrder {index:2;}">
          <Coords points="975,1299 974,1260 908,1261 908,1298 913,1296 923,1296 933,1299"/>
          <TextEquiv conf="0.9263202">
            <Unicode>den</Unicode>
          </TextEquiv>
        </Word>
        <Word id="region0001_line0021_word0003" custom="readingOrder {index:3;}">
          <Coords points="1187,1256 997,1257 998,1300 1060,1299 1071,1295 1093,1295 1098,1298 1124,1296 1135,1298 1182,1298 1187,1296"/>
          <TextEquiv conf="0.8205534">
            <Unicode>Gedanken</Unicode>
          </TextEquiv>
        </Word>
        <Word id="region0001_line0021_word0004" custom="readingOrder {index:4;}">
          <Coords points="1297,1263 1215,1264 1215,1296 1235,1294 1243,1298 1256,1299 1297,1295"/>
          <TextEquiv conf="0.9327951">
            <Unicode>vor,</Unicode>
          </TextEquiv>
        </Word>
        <Word id="region0001_line0021_word0005" custom="readingOrder {index:5;}">
          <Coords points="1445,1254 1329,1254 1329,1297 1394,1298 1407,1302 1419,1302 1427,1299 1445,1298"/>
          <TextEquiv conf="0.9153507">
            <Unicode>welche</Unicode>
          </TextEquiv>
        </Word>
        <Word id="region0001_line0021_word0006" custom="readingOrder {index:6;}">
          <Coords points="1467,1265 1501,1265 1502,1294 1468,1294"/>
          <TextEquiv conf="0.930135">
            <Unicode>er</Unicode>
          </TextEquiv>
        </Word>
        <TextEquiv conf="0.8298865">
          <Unicode>nur kuͤtzeln, den Gedanken vor, welche er</Unicode>
        </TextEquiv>
      </TextLine>
      <TextLine id="line_1671787201410_2509" custom="readingOrder {index:19;}">
        <Coords points="615,1306 711,1308 749,1303 755,1307 790,1310 795,1309 800,1303 813,1302 819,1307 829,1307 841,1306 854,1300 866,1307 901,1305 913,1297 923,1297 930,1304 1052,1303 1063,1302 1071,1296 1093,1296 1099,1302 1110,1297 1124,1297 1137,1299 1139,1302 1190,1301 1198,1295 1214,1298 1235,1295 1244,1301 1274,1301 1279,1297 1291,1299 1316,1295 1323,1301 1405,1302 1414,1305 1487,1297 1506,1299 1506,1344 1505,1348 1494,1349 1429,1346 1423,1350 1405,1350 1397,1353 1389,1353 1379,1346 1361,1349 1351,1344 1329,1344 1314,1352 1280,1346 1272,1350 1242,1348 1233,1353 1219,1350 1123,1350 1111,1354 1103,1346 1092,1346 1085,1349 1038,1348 1033,1351 992,1353 987,1356 974,1353 949,1356 934,1349 920,1348 909,1349 895,1357 873,1348 861,1348 854,1352 780,1353 774,1349 765,1349 757,1353 737,1354 685,1355 679,1352 666,1352 658,1356 638,1354 633,1358 615,1358"/>
        <Baseline points="615,1346 1506,1338"/>
        <Word id="region0001_line0022_word0000" custom="readingOrder {index:0;}">
          <Coords points="634,1316 709,1315 709,1351 634,1352"/>
          <TextEquiv conf="0.92790765">
            <Unicode>dem</Unicode>
          </TextEquiv>
        </Word>
        <Word id="region0001_line0022_word0001" custom="readingOrder {index:1;}">
          <Coords points="726,1311 834,1310 834,1345 726,1346"/>
          <TextEquiv conf="0.9249259">
            <Unicode>Arria</Unicode>
          </TextEquiv>
        </Word>
        <Word id="region0001_line0022_word0002" custom="readingOrder {index:2;}">
          <Coords points="850,1305 850,1352 854,1352 861,1348 873,1348 889,1355 899,1355 909,1349 920,1348 934,1349 945,1354 964,1354 974,1353 979,1354 990,1354 992,1353 993,1353 993,1304 902,1305 901,1305 866,1307 862,1305"/>
          <TextEquiv conf="0.920035">
            <Unicode>beylegt,</Unicode>
          </TextEquiv>
        </Word>
        <Word id="region0001_line0022_word0003" custom="readingOrder {index:3;}">
          <Coords points="1091,1306 1017,1306 1017,1347 1089,1347 1091,1346"/>
          <TextEquiv conf="0.92734444">
            <Unicode>weil</Unicode>
          </TextEquiv>
        </Word>
        <Word id="region0001_line0022_word0004" custom="readingOrder {index:4;}">
          <Coords points="1148,1307 1108,1308 1108,1351 1109,1352 1114,1352 1123,1350 1148,1350"/>
          <TextEquiv conf="0.9319482">
            <Unicode>ſie</Unicode>
          </TextEquiv>
        </Word>
        <Word id="region0001_line0022_word0005" custom="readingOrder {index:5;}">
          <Coords points="1244,1306 1161,1306 1161,1350 1219,1350 1228,1352 1234,1352 1242,1348 1244,1348"/>
          <TextEquiv conf="0.9237263">
            <Unicode>mich</Unicode>
          </TextEquiv>
        </Word>
        <Word id="region0001_line0022_word0006" custom="readingOrder {index:6;}">
          <Coords points="1403,1304 1257,1305 1257,1349 1272,1350 1280,1346 1314,1352 1329,1344 1351,1344 1361,1349 1379,1346 1389,1353 1397,1353 1403,1350"/>
          <TextEquiv conf="0.7685793">
            <Unicode>ruͤhren;</Unicode>
          </TextEquiv>
        </Word>
        <Word id="region0001_line0022_word0007" custom="readingOrder {index:7;}">
          <Coords points="1430,1308 1501,1307 1501,1344 1430,1345"/>
          <TextEquiv conf="0.9315163">
            <Unicode>und</Unicode>
          </TextEquiv>
        </Word>
        <TextEquiv conf="0.9069979">
          <Unicode>dem Arria beylegt, weil ſie mich ruͤhren; und</Unicode>
        </TextEquiv>
      </TextLine>
      <TextLine id="line_1671787201411_2511" custom="readingOrder {index:20;}">
        <Coords points="615,1360 632,1360 638,1355 650,1354 656,1358 666,1353 679,1353 686,1358 743,1358 755,1357 765,1350 774,1350 789,1357 853,1356 858,1350 873,1349 881,1355 895,1358 909,1350 920,1349 934,1350 949,1357 974,1354 987,1357 992,1354 1033,1352 1038,1349 1082,1351 1092,1347 1103,1347 1111,1355 1233,1354 1242,1349 1272,1351 1280,1347 1289,1347 1294,1350 1314,1353 1329,1345 1351,1345 1361,1350 1379,1347 1389,1354 1423,1351 1429,1347 1499,1352 1505,1353 1505,1397 1482,1399 1478,1396 1461,1396 1453,1401 1448,1397 1429,1400 1295,1399 1290,1396 1268,1399 1252,1395 1241,1399 1210,1401 1202,1396 1181,1395 1164,1399 1139,1396 1130,1400 1107,1401 1096,1406 1086,1406 1080,1401 1064,1401 1059,1397 1048,1397 1042,1401 1012,1398 1002,1404 997,1397 987,1397 979,1401 952,1402 935,1407 930,1399 918,1399 909,1406 898,1399 860,1403 705,1401 694,1405 682,1403 671,1410 665,1410 660,1407 615,1407"/>
        <Baseline points="615,1396 1505,1387"/>
        <Word id="region0001_line0023_word0000" custom="readingOrder {index:0;}">
          <Coords points="686,1361 638,1362 638,1407 660,1407 662,1408 673,1408 682,1403 686,1403"/>
          <TextEquiv conf="0.9291805">
            <Unicode>ich</Unicode>
          </TextEquiv>
        </Word>
        <Word id="region0001_line0023_word0001" custom="readingOrder {index:1;}">
          <Coords points="705,1360 805,1359 805,1399 705,1400"/>
          <TextEquiv conf="0.92895246">
            <Unicode>wolte</Unicode>
          </TextEquiv>
        </Word>
        <Word id="region0001_line0023_word0002" custom="readingOrder {index:2;}">
          <Coords points="822,1358 822,1403 860,1403 898,1399 908,1406 910,1406 918,1399 930,1399 934,1405 940,1405 952,1402 979,1401 987,1397 997,1397 1002,1404 1012,1398 1014,1398 1014,1357 896,1358 895,1358 893,1358"/>
          <TextEquiv conf="0.9281587">
            <Unicode>wuͤnſchen,</Unicode>
          </TextEquiv>
        </Word>
        <Word id="region0001_line0023_word0003" custom="readingOrder {index:3;}">
          <Coords points="1107,1357 1039,1357 1039,1400 1042,1401 1048,1397 1059,1397 1064,1401 1080,1401 1084,1405 1098,1405 1107,1401"/>
          <TextEquiv conf="0.928903">
            <Unicode>daß</Unicode>
          </TextEquiv>
        </Word>
        <Word id="region0001_line0023_word0004" custom="readingOrder {index:4;}">
          <Coords points="1156,1368 1123,1369 1123,1400 1130,1399 1139,1396 1156,1398"/>
          <TextEquiv conf="0.9261433">
            <Unicode>er</Unicode>
          </TextEquiv>
        </Word>
        <Word id="region0001_line0023_word0005" custom="readingOrder {index:5;}">
          <Coords points="1218,1354 1171,1354 1171,1397 1181,1395 1202,1396 1210,1401 1218,1400"/>
          <TextEquiv conf="0.92841613">
            <Unicode>nur</Unicode>
          </TextEquiv>
        </Word>
        <Word id="region0001_line0023_word0006" custom="readingOrder {index:6;}">
          <Coords points="1246,1352 1246,1397 1252,1395 1268,1399 1290,1396 1295,1399 1301,1399 1301,1351 1301,1351"/>
          <TextEquiv conf="0.9306249">
            <Unicode>die</Unicode>
          </TextEquiv>
        </Word>
        <Word id="region0001_line0023_word0007" custom="readingOrder {index:7;}">
          <Coords points="1322,1356 1422,1356 1422,1397 1322,1397"/>
          <TextEquiv conf="0.9246919">
            <Unicode>kleine</Unicode>
          </TextEquiv>
        </Word>
        <Word id="region0001_line0023_word0008" custom="readingOrder {index:8;}">
          <Coords points="1501,1356 1446,1357 1446,1397 1448,1397 1450,1398 1456,1398 1461,1396 1478,1396 1481,1398 1491,1398 1501,1397"/>
          <TextEquiv conf="0.7830279">
            <Unicode>An⸗</Unicode>
          </TextEquiv>
        </Word>
        <TextEquiv conf="0.91201097">
          <Unicode>ich wolte wuͤnſchen, daß er nur die kleine An⸗</Unicode>
        </TextEquiv>
      </TextLine>
      <TextLine id="line_1671787201412_2513" custom="readingOrder {index:21;}">
        <Coords points="615,1411 671,1411 682,1404 694,1406 705,1402 773,1402 782,1407 818,1408 857,1405 863,1402 882,1405 890,1400 901,1401 909,1407 918,1400 930,1400 933,1407 940,1408 947,1405 978,1405 981,1400 987,1398 997,1398 1002,1405 1012,1399 1021,1399 1026,1404 1040,1404 1048,1398 1059,1398 1065,1405 1096,1407 1103,1404 1127,1404 1139,1397 1153,1400 1154,1403 1166,1403 1169,1399 1181,1396 1202,1397 1211,1403 1240,1403 1244,1398 1260,1396 1266,1398 1269,1403 1275,1398 1290,1397 1297,1402 1324,1400 1328,1403 1357,1404 1424,1403 1443,1398 1453,1402 1461,1397 1478,1397 1488,1402 1505,1402 1506,1451 1482,1452 1474,1458 1461,1458 1455,1452 1381,1452 1362,1453 1355,1459 1350,1459 1333,1452 1271,1451 1258,1455 1251,1453 1247,1448 1211,1450 1196,1447 1181,1457 1174,1457 1166,1451 1121,1453 1112,1457 1077,1453 1066,1457 1052,1454 1041,1447 1018,1451 1004,1447 995,1451 981,1448 950,1449 926,1457 916,1457 911,1453 865,1451 836,1460 826,1460 818,1454 790,1453 780,1458 763,1459 640,1459 619,1464 615,1464"/>
        <Baseline points="615,1451 961,1440 1506,1442"/>
        <Word id="region0001_line0024_word0000" custom="readingOrder {index:0;}">
          <Coords points="708,1412 635,1413 635,1459 640,1459 708,1459"/>
          <TextEquiv conf="0.9220694">
            <Unicode>zahl</Unicode>
          </TextEquiv>
        </Word>
        <Word id="region0001_line0024_word0001" custom="readingOrder {index:1;}">
          <Coords points="966,1411 717,1412 717,1459 763,1459 780,1458 790,1453 818,1454 825,1459 837,1459 865,1451 911,1453 916,1457 926,1457 950,1449 966,1448"/>
          <TextEquiv conf="0.9244058">
            <Unicode>Sinngedichte</Unicode>
          </TextEquiv>
        </Word>
        <Word id="region0001_line0024_word0002" custom="readingOrder {index:2;}">
          <Coords points="1079,1408 982,1408 982,1448 995,1451 1004,1447 1018,1451 1041,1447 1052,1454 1066,1457 1077,1453 1079,1453"/>
          <TextEquiv conf="0.9279148">
            <Unicode>uͤbrig</Unicode>
          </TextEquiv>
        </Word>
        <Word id="region0001_line0024_word0003" custom="readingOrder {index:3;}">
          <Coords points="1235,1408 1097,1409 1097,1455 1112,1457 1121,1453 1166,1451 1174,1457 1181,1457 1196,1447 1211,1450 1235,1448"/>
          <TextEquiv conf="0.91264594">
            <Unicode>gelaſſen</Unicode>
          </TextEquiv>
        </Word>
        <Word id="region0001_line0024_word0004" custom="readingOrder {index:4;}">
          <Coords points="1360,1406 1250,1407 1251,1453 1251,1453 1258,1455 1271,1451 1333,1452 1343,1456 1358,1456 1361,1454"/>
          <TextEquiv conf="0.92243326">
            <Unicode>haͤtte,</Unicode>
          </TextEquiv>
        </Word>
        <Word id="region0001_line0024_word0005" custom="readingOrder {index:5;}">
          <Coords points="1500,1406 1382,1407 1382,1452 1455,1452 1457,1454 1479,1454 1482,1452 1500,1451"/>
          <TextEquiv conf="0.92806554">
            <Unicode>welche</Unicode>
          </TextEquiv>
        </Word>
        <TextEquiv conf="0.9229225">
          <Unicode>zahl Sinngedichte uͤbrig gelaſſen haͤtte, welche</Unicode>
        </TextEquiv>
      </TextLine>
      <TextLine id="line_1671787201412_2515" custom="readingOrder {index:22;}">
        <Coords points="615,1464 619,1465 640,1460 655,1462 689,1459 781,1461 790,1454 801,1455 805,1461 836,1461 865,1452 926,1458 950,1450 981,1449 995,1452 1004,1448 1013,1449 1020,1454 1028,1449 1041,1448 1051,1455 1066,1458 1085,1454 1102,1458 1168,1455 1181,1458 1196,1448 1204,1448 1212,1452 1219,1449 1247,1449 1251,1454 1258,1456 1293,1453 1341,1456 1354,1463 1354,1496 1349,1501 1202,1502 1196,1510 1186,1510 1179,1503 1170,1503 1161,1510 1147,1510 1137,1503 1065,1503 1051,1504 1044,1511 1032,1511 1026,1504 1013,1503 867,1504 720,1509 711,1514 690,1513 687,1509 615,1509"/>
        <Baseline points="615,1499 1354,1491"/>
        <Word id="region0001_line0025_word0000" custom="readingOrder {index:0;}">
          <Coords points="637,1462 637,1509 687,1509 687,1509 720,1509 720,1509 821,1506 821,1461 805,1461 804,1460 782,1460 781,1461 764,1461 658,1462 655,1462 654,1462"/>
          <TextEquiv conf="0.92693144">
            <Unicode>insgemein</Unicode>
          </TextEquiv>
        </Word>
        <Word id="region0001_line0025_word0001" custom="readingOrder {index:1;}">
          <Coords points="840,1462 926,1462 926,1502 840,1502"/>
          <TextEquiv conf="0.92574865">
            <Unicode>allen</Unicode>
          </TextEquiv>
        </Word>
        <Word id="region0001_line0025_word0002" custom="readingOrder {index:2;}">
          <Coords points="1127,1458 941,1459 941,1503 1013,1503 1026,1504 1029,1508 1046,1508 1051,1504 1065,1503 1127,1503"/>
          <TextEquiv conf="0.9292679">
            <Unicode>Gelehrten</Unicode>
          </TextEquiv>
        </Word>
        <Word id="region0001_line0025_word0003" custom="readingOrder {index:3;}">
          <Coords points="1145,1457 1145,1506 1166,1505 1170,1503 1179,1503 1181,1505 1199,1505 1202,1502 1298,1501 1298,1456 1182,1456 1181,1458 1175,1456"/>
          <TextEquiv conf="0.9256426">
            <Unicode>gefallen.</Unicode>
          </TextEquiv>
        </Word>
        <TextEquiv conf="0.92689764">
          <Unicode>insgemein allen Gelehrten gefallen.</Unicode>
        </TextEquiv>
      </TextLine>
      <TextEquiv>
        <Unicode>Poeten aus. Etliche der Alten t) haben es
ein angenehmes Sophisma genennet, und wir
geben ihm den Nahmen einer Spizfuͤndigkeit
(pointe). Es iſt ſonſt eine nicht gar zu na⸗
tuͤrliche Sprache, ſpizfuͤndig (durch pointes)
zu reden; ſie iſt ofte Schuld daran, daß man
oͤfters in das froſtige und kindiſche verfaͤllet.
Daher ſind auch die beſten Sinn⸗Gedichte des
Martialis nicht diejenigen, welche mit ſolchen
Stacheln verſehen ſind, und wo er mit Wor⸗
ten ſpielet. Wenn mir es erlaubt iſt, zu ſagen,
was ich denke, ſo gefaͤllet mir der bloß ſpielen⸗
de Scherz dieſes Dichters eben ſo wenig, als
die ſchmeichelnden Lobes⸗Erhebungen, welche
er dem Domitiano ertheilet. Jch liebe dasje⸗
nige, was mich unterrichtet, was mir nuͤtzlich
iſt, und was mich bewegt. Jch ziehe, zum
Beyſpiele, alle ſeine Wort⸗Spiele, welche mich
nur kuͤtzeln, den Gedanken vor, welche er
dem Arria beylegt, weil ſie mich ruͤhren; und
ich wolte wuͤnſchen, daß er nur die kleine An⸗
zahl Sinngedichte uͤbrig gelaſſen haͤtte, welche
insgemein allen Gelehrten gefallen.</Unicode>
      </TextEquiv>
    </TextRegion>
    <TextRegion orientation="0.35327175" readingDirection="left-to-right" id="TextRegion_1671787273558_2600" custom="readingOrder {index:3;}">
      <Coords points="631,1514 1506,1514 1506,1778 631,1778"/>
      <TextLine id="line_1671787209200_2525" custom="readingOrder {index:0;}">
        <Coords points="631,1518 747,1520 756,1524 784,1527 797,1515 808,1516 812,1526 845,1526 854,1518 868,1517 875,1526 887,1527 922,1525 928,1524 936,1515 946,1515 952,1520 964,1514 977,1514 982,1522 1088,1521 1099,1515 1113,1515 1120,1522 1193,1525 1233,1524 1237,1520 1298,1523 1310,1514 1320,1514 1328,1520 1363,1515 1436,1514 1440,1519 1446,1520 1451,1520 1457,1514 1481,1514 1484,1522 1505,1523 1505,1572 1481,1572 1475,1576 1467,1576 1456,1572 1425,1571 1412,1574 1392,1569 1378,1569 1372,1572 1324,1572 1312,1578 1305,1578 1291,1570 1256,1577 1247,1570 1243,1572 1225,1570 1217,1574 1197,1569 1148,1567 1138,1571 1114,1572 1098,1578 1085,1571 1036,1573 1029,1569 1015,1570 1007,1577 1001,1569 961,1575 832,1570 801,1576 791,1573 780,1581 768,1575 759,1575 744,1582 702,1583 692,1577 669,1580 664,1577 662,1559 631,1557"/>
        <Baseline points="663,1571 830,1562 1505,1561"/>
        <Word id="region0002_line0001_word0000" custom="readingOrder {index:0;}">
          <Coords points="755,1528 684,1529 684,1577 692,1577 695,1578 752,1578 755,1576"/>
          <TextEquiv conf="0.92853594">
            <Unicode>Jch</Unicode>
          </TextEquiv>
        </Word>
        <Word id="region0002_line0001_word0001" custom="readingOrder {index:1;}">
          <Coords points="771,1526 771,1576 774,1578 784,1578 791,1573 801,1576 832,1570 893,1572 893,1526 887,1527 875,1526 845,1526 812,1526 785,1526 784,1527 774,1526"/>
          <TextEquiv conf="0.92025185">
            <Unicode>glaube</Unicode>
          </TextEquiv>
        </Word>
        <Word id="region0002_line0001_word0002" custom="readingOrder {index:2;}">
          <Coords points="1017,1525 911,1526 911,1573 961,1575 1001,1569 1005,1575 1009,1575 1015,1570 1017,1569"/>
          <TextEquiv conf="0.9246344">
            <Unicode>nicht,</Unicode>
          </TextEquiv>
        </Word>
        <Word id="region0002_line0001_word0003" custom="readingOrder {index:3;}">
          <Coords points="1113,1527 1044,1528 1044,1572 1085,1571 1094,1576 1102,1576 1113,1572"/>
          <TextEquiv conf="0.9301433">
            <Unicode>daß</Unicode>
          </TextEquiv>
        </Word>
        <Word id="region0002_line0001_word0004" custom="readingOrder {index:4;}">
          <Coords points="1215,1568 1215,1536 1133,1536 1133,1568 1145,1568 1148,1567 1172,1568"/>
          <TextEquiv conf="0.926044">
            <Unicode>man</Unicode>
          </TextEquiv>
        </Word>
        <Word id="region0002_line0001_word0005" custom="readingOrder {index:5;}">
          <Coords points="1343,1526 1238,1526 1238,1571 1243,1572 1247,1570 1254,1576 1261,1576 1291,1570 1301,1576 1316,1576 1324,1572 1343,1572"/>
          <TextEquiv conf="0.929906">
            <Unicode>große</Unicode>
          </TextEquiv>
        </Word>
        <Word id="region0002_line0001_word0006" custom="readingOrder {index:6;}">
          <Coords points="1364,1523 1364,1572 1372,1572 1378,1569 1392,1569 1412,1574 1425,1571 1456,1572 1462,1574 1477,1574 1481,1572 1500,1572 1500,1522 1486,1522"/>
          <TextEquiv conf="0.92929274">
            <Unicode>Urſache</Unicode>
          </TextEquiv>
        </Word>
        <TextEquiv conf="0.9269726">
          <Unicode>Jch glaube nicht, daß man große Urſache</Unicode>
        </TextEquiv>
      </TextLine>
      <TextLine id="line_1671787209201_2527" custom="readingOrder {index:1;}">
        <Coords points="631,1574 633,1574 642,1570 651,1570 659,1577 669,1581 692,1578 702,1584 744,1583 759,1576 768,1576 780,1582 791,1574 801,1577 832,1571 864,1574 874,1571 887,1576 926,1577 978,1575 1001,1570 1009,1578 1015,1571 1029,1570 1037,1574 1052,1575 1085,1572 1098,1579 1148,1568 1197,1570 1213,1576 1219,1576 1225,1571 1244,1573 1247,1571 1256,1578 1278,1577 1284,1571 1295,1572 1305,1579 1331,1574 1370,1575 1378,1570 1392,1570 1398,1574 1412,1575 1433,1572 1475,1577 1485,1573 1506,1575 1506,1621 1361,1623 1346,1620 1336,1627 1321,1620 1307,1618 1289,1627 1277,1624 1276,1620 1124,1621 1038,1624 1030,1629 1018,1629 1011,1624 997,1624 991,1620 951,1620 936,1628 927,1629 919,1623 885,1620 868,1625 858,1622 841,1625 834,1621 801,1622 791,1625 746,1628 735,1633 713,1627 663,1626 656,1632 645,1633 638,1627 631,1627"/>
        <Baseline points="631,1616 1506,1610"/>
        <Word id="region0002_line0002_word0000" custom="readingOrder {index:0;}">
          <Coords points="640,1582 640,1628 642,1631 657,1631 663,1626 713,1627 727,1631 739,1631 744,1628 744,1583 702,1584 698,1582"/>
          <TextEquiv conf="0.92505217">
            <Unicode>habe,</Unicode>
          </TextEquiv>
        </Word>
        <Word id="region0002_line0002_word0001" custom="readingOrder {index:1;}">
          <Coords points="761,1583 811,1583 811,1621 761,1621"/>
          <TextEquiv conf="0.92599726">
            <Unicode>die</Unicode>
          </TextEquiv>
        </Word>
        <Word id="region0002_line0002_word0002" custom="readingOrder {index:2;}">
          <Coords points="1069,1579 820,1580 820,1621 834,1621 841,1625 858,1622 868,1625 885,1620 919,1623 927,1629 936,1628 951,1620 991,1620 997,1624 1011,1624 1018,1629 1030,1629 1038,1624 1069,1622"/>
          <TextEquiv conf="0.9298616">
            <Unicode>Sinngedichte</Unicode>
          </TextEquiv>
        </Word>
        <Word id="region0002_line0002_word0003" custom="readingOrder {index:3;}">
          <Coords points="1137,1585 1077,1585 1077,1621 1124,1621 1137,1620"/>
          <TextEquiv conf="0.92801225">
            <Unicode>des</Unicode>
          </TextEquiv>
        </Word>
        <Word id="region0002_line0002_word0004" custom="readingOrder {index:4;}">
          <Coords points="1147,1578 1251,1577 1251,1617 1147,1618"/>
          <TextEquiv>
            <Unicode>Plinii</Unicode>
          </TextEquiv>
        </Word>
        <Word id="region0002_line0002_word0005" custom="readingOrder {index:5;} textStyle {offset:0; length:2;italic:true; fontSize:0.0; kerning:0;}">
          <Coords points="1300,1581 1264,1581 1264,1620 1276,1620 1277,1624 1281,1625 1293,1625 1300,1621"/>
          <TextEquiv>
            <Unicode>u)</Unicode>
          </TextEquiv>
        </Word>
        <Word id="region0002_line0002_word0006" custom="readingOrder {index:6;}">
          <Coords points="1363,1587 1325,1587 1325,1621 1336,1627 1346,1620 1361,1623 1363,1622"/>
          <TextEquiv conf="0.93148947">
            <Unicode>zu</Unicode>
          </TextEquiv>
        </Word>
        <Word id="region0002_line0002_word0007" custom="readingOrder {index:7;}">
          <Coords points="1378,1578 1501,1577 1501,1616 1378,1617"/>
          <TextEquiv conf="0.917511">
            <Unicode>bedau⸗</Unicode>
          </TextEquiv>
        </Word>
        <TextEquiv>
          <Unicode>habe, die Sinngedichte des Plinii u) zu bedau⸗</Unicode>
        </TextEquiv>
      </TextLine>
      <TextLine id="line_1671787209202_2529" custom="readingOrder {index:2;}">
        <Coords points="631,1631 639,1631 652,1634 659,1631 725,1631 735,1634 744,1630 795,1626 801,1623 834,1622 844,1626 858,1623 868,1626 885,1621 920,1625 927,1630 936,1629 951,1621 991,1621 998,1626 1009,1626 1018,1630 1078,1624 1278,1625 1289,1628 1307,1619 1321,1621 1336,1628 1346,1621 1355,1621 1362,1626 1506,1624 1506,1666 1505,1671 1451,1671 1446,1668 1423,1668 1419,1665 1366,1673 1360,1670 1339,1670 1331,1673 1319,1670 1301,1678 1290,1674 1255,1674 1243,1678 1240,1674 1230,1672 1220,1675 1207,1671 1185,1679 1177,1673 1139,1669 1115,1679 1103,1680 1090,1675 1041,1676 1025,1680 1013,1674 954,1674 946,1679 938,1679 930,1674 888,1675 874,1674 870,1671 849,1672 836,1678 814,1675 803,1679 785,1673 769,1674 745,1670 698,1678 631,1678"/>
        <Baseline points="631,1665 1506,1659"/>
        <Word id="region0002_line0003_word0000" custom="readingOrder {index:0;}">
          <Coords points="639,1643 716,1643 716,1674 639,1674"/>
          <TextEquiv conf="0.93133646">
            <Unicode>ren:</Unicode>
          </TextEquiv>
        </Word>
        <Word id="region0002_line0003_word0001" custom="readingOrder {index:1;}">
          <Coords points="784,1672 784,1643 750,1644 750,1670 761,1672"/>
          <TextEquiv conf="0.92956424">
            <Unicode>er</Unicode>
          </TextEquiv>
        </Word>
        <Word id="region0002_line0003_word0002" custom="readingOrder {index:2;}">
          <Coords points="922,1631 799,1632 799,1678 803,1679 803,1679 814,1675 836,1678 849,1672 870,1671 874,1674 888,1675 922,1674"/>
          <TextEquiv conf="0.9238853">
            <Unicode>ſchickte</Unicode>
          </TextEquiv>
        </Word>
        <Word id="region0002_line0003_word0003" custom="readingOrder {index:3;}">
          <Coords points="1000,1631 937,1631 937,1678 938,1679 946,1679 954,1674 1000,1674"/>
          <TextEquiv conf="0.9226771">
            <Unicode>ſich</Unicode>
          </TextEquiv>
        </Word>
        <Word id="region0002_line0003_word0004" custom="readingOrder {index:4;}">
          <Coords points="1079,1635 1017,1636 1017,1676 1022,1678 1029,1678 1041,1676 1079,1675"/>
          <TextEquiv conf="0.93120676">
            <Unicode>gut</Unicode>
          </TextEquiv>
        </Word>
        <Word id="region0002_line0003_word0005" custom="readingOrder {index:5;}">
          <Coords points="1207,1637 1098,1637 1098,1677 1119,1677 1139,1669 1177,1673 1182,1677 1190,1677 1207,1671"/>
          <TextEquiv conf="0.92692405">
            <Unicode>genug</Unicode>
          </TextEquiv>
        </Word>
        <Word id="region0002_line0003_word0006" custom="readingOrder {index:6;}">
          <Coords points="1273,1637 1234,1638 1234,1672 1240,1674 1242,1676 1247,1676 1255,1674 1273,1674"/>
          <TextEquiv conf="0.93171346">
            <Unicode>zu</Unicode>
          </TextEquiv>
        </Word>
        <Word id="region0002_line0003_word0007" custom="readingOrder {index:7;}">
          <Coords points="1297,1627 1297,1676 1305,1675 1319,1670 1331,1673 1339,1670 1360,1670 1366,1673 1419,1665 1423,1668 1446,1668 1451,1671 1501,1671 1501,1626 1337,1626 1336,1628 1333,1626"/>
          <TextEquiv conf="0.8646016">
            <Unicode>ſchimmern⸗</Unicode>
          </TextEquiv>
        </Word>
        <TextEquiv conf="0.9202386">
          <Unicode>ren: er ſchickte ſich gut genug zu ſchimmern⸗</Unicode>
        </TextEquiv>
      </TextLine>
      <TextLine id="line_1671787209202_2531" custom="readingOrder {index:3;}">
        <Coords points="631,1677 643,1677 686,1681 735,1671 769,1675 785,1674 803,1680 812,1677 836,1679 849,1673 870,1672 876,1677 938,1680 957,1676 1013,1675 1025,1681 1046,1677 1109,1681 1124,1678 1125,1675 1139,1670 1162,1671 1167,1678 1177,1674 1185,1680 1197,1674 1213,1672 1220,1676 1234,1674 1243,1679 1253,1676 1292,1676 1301,1679 1319,1671 1331,1674 1339,1671 1360,1671 1378,1674 1391,1669 1419,1666 1423,1669 1446,1669 1451,1672 1505,1675 1505,1724 1486,1727 1480,1724 1452,1722 1445,1718 1403,1721 1393,1728 1382,1723 1343,1722 1327,1725 1251,1721 1243,1728 1233,1730 1226,1724 1194,1725 1182,1729 1169,1723 1129,1724 1124,1721 1110,1726 1080,1720 1067,1726 1051,1727 1045,1720 1034,1723 1022,1720 1009,1723 930,1725 919,1730 907,1726 790,1725 783,1721 750,1728 631,1728"/>
        <Baseline points="631,1717 1505,1713"/>
        <Word id="region0002_line0004_word0000" custom="readingOrder {index:0;}">
          <Coords points="638,1689 703,1689 703,1725 638,1725"/>
          <TextEquiv conf="0.92584825">
            <Unicode>den</Unicode>
          </TextEquiv>
        </Word>
        <Word id="region0002_line0004_word0001" custom="readingOrder {index:1;}">
          <Coords points="928,1680 720,1682 720,1728 750,1728 783,1721 790,1725 907,1726 916,1729 921,1729 928,1725"/>
          <TextEquiv conf="0.91890776">
            <Unicode>Gedanken,</Unicode>
          </TextEquiv>
        </Word>
        <Word id="region0002_line0004_word0002" custom="readingOrder {index:2;}">
          <Coords points="958,1685 1030,1685 1030,1720 958,1720"/>
          <TextEquiv conf="0.9317282">
            <Unicode>und</Unicode>
          </TextEquiv>
        </Word>
        <Word id="region0002_line0004_word0003" custom="readingOrder {index:3;}">
          <Coords points="1086,1691 1048,1692 1048,1723 1051,1727 1067,1726 1080,1720 1086,1721"/>
          <TextEquiv conf="0.932736">
            <Unicode>zu</Unicode>
          </TextEquiv>
        </Word>
        <Word id="region0002_line0004_word0004" custom="readingOrder {index:4;}">
          <Coords points="1119,1678 1109,1681 1109,1725 1110,1726 1124,1721 1129,1724 1169,1723 1182,1729 1194,1725 1226,1724 1232,1729 1236,1729 1243,1728 1251,1721 1294,1723 1294,1678 1245,1678 1243,1679 1241,1678 1187,1678 1185,1680 1183,1678"/>
          <TextEquiv conf="0.92975533">
            <Unicode>ploͤtzlichen</Unicode>
          </TextEquiv>
        </Word>
        <Word id="region0002_line0004_word0005" custom="readingOrder {index:5;}">
          <Coords points="1501,1676 1316,1677 1316,1724 1327,1725 1343,1722 1382,1723 1392,1727 1393,1727 1403,1721 1445,1718 1452,1722 1480,1724 1486,1727 1501,1724"/>
          <TextEquiv conf="0.92575514">
            <Unicode>Einfaͤllen,</Unicode>
          </TextEquiv>
        </Word>
        <TextEquiv conf="0.9274551">
          <Unicode>den Gedanken, und zu ploͤtzlichen Einfaͤllen,</Unicode>
        </TextEquiv>
      </TextLine>
      <TextLine id="line_1671787209204_2533" custom="readingOrder {index:4;}">
        <Coords points="631,1731 669,1731 685,1728 746,1731 763,1729 779,1722 789,1725 791,1729 829,1726 910,1729 919,1731 927,1728 1006,1726 1012,1722 1026,1721 1034,1724 1045,1721 1051,1728 1067,1727 1080,1721 1110,1727 1124,1722 1130,1727 1164,1727 1169,1724 1182,1730 1226,1725 1233,1731 1243,1729 1251,1722 1266,1722 1273,1728 1348,1723 1393,1729 1402,1724 1428,1724 1435,1719 1445,1719 1453,1724 1479,1725 1486,1728 1505,1727 1506,1771 1448,1771 1438,1768 1428,1771 1310,1776 1302,1784 1291,1784 1283,1776 1169,1777 1160,1785 1151,1785 1144,1777 1096,1778 1089,1784 1076,1784 1070,1779 1035,1778 1029,1786 1018,1787 1011,1777 989,1776 798,1777 786,1784 775,1784 770,1779 631,1781"/>
        <Baseline points="631,1771 1506,1760"/>
        <Word id="region0002_line0005_word0000" custom="readingOrder {index:0;}">
          <Coords points="637,1739 710,1739 710,1775 637,1775"/>
          <TextEquiv conf="0.9326664">
            <Unicode>und</Unicode>
          </TextEquiv>
        </Word>
        <Word id="region0002_line0005_word0001" custom="readingOrder {index:1;}">
          <Coords points="724,1745 758,1744 758,1774 724,1775"/>
          <TextEquiv conf="0.93278575">
            <Unicode>er</Unicode>
          </TextEquiv>
        </Word>
        <Word id="word_1671787273597_2603" custom="readingOrder {index:2;}">
          <Coords points="772,1732 863,1732 863,1776 798,1777 796,1778 772,1778"/>
          <TextEquiv conf="0.9223819">
            <Unicode>hatte</Unicode>
          </TextEquiv>
        </Word>
        <Word id="region0002_line0005_word0003" custom="readingOrder {index:3;}">
          <Coords points="880,1730 881,1777 989,1776 1011,1777 1015,1783 1032,1783 1035,1778 1070,1779 1074,1782 1091,1782 1096,1778 1097,1778 1096,1728 923,1730 919,1731 913,1730"/>
          <TextEquiv conf="0.9215894">
            <Unicode>vermuthlich</Unicode>
          </TextEquiv>
        </Word>
        <Word id="word_1671787273597_2605" custom="readingOrder {index:4;}">
          <Coords points="1111,1731 1235,1731 1235,1776 1169,1777 1167,1778 1144,1778 1144,1777 1111,1777"/>
          <TextEquiv conf="0.92434067">
            <Unicode>beydes</Unicode>
          </TextEquiv>
        </Word>
        <Word id="word_1671787273597_2607" custom="readingOrder {index:5;}">
          <Coords points="1263,1730 1326,1730 1326,1775 1310,1776 1308,1778 1285,1778 1283,1776 1263,1776"/>
          <TextEquiv conf="0.9035317">
            <Unicode>bey</Unicode>
          </TextEquiv>
        </Word>
        <Word id="region0002_line0005_word0006" custom="readingOrder {index:6;}">
          <Coords points="1401,1724 1392,1724 1383,1729 1338,1723 1338,1774 1401,1771"/>
          <TextEquiv conf="0.9241076">
            <Unicode>dem</Unicode>
          </TextEquiv>
        </Word>
        <Word id="region0002_line0005_word0007" custom="readingOrder {index:7;}">
          <Coords points="1426,1729 1500,1729 1501,1766 1427,1766"/>
          <TextEquiv conf="0.24353829">
            <Unicode>An-</Unicode>
          </TextEquiv>
        </Word>
        <TextEquiv conf="0.8381177">
          <Unicode>und er hatte vermuthlich beydes bey dem An-</Unicode>
        </TextEquiv>
      </TextLine>
      <TextEquiv>
        <Unicode>Jch glaube nicht, daß man große Urſache
habe, die Sinngedichte des Plinii u) zu bedau⸗
ren: er ſchickte ſich gut genug zu ſchimmern⸗
den Gedanken, und zu ploͤtzlichen Einfaͤllen,
und er hatte vermuthlich beydes bey dem An-</Unicode>
      </TextEquiv>
    </TextRegion>
    <TextRegion orientation="0.35327175" type="catch-word" readingDirection="left-to-right" id="TextRegion_1671787273558_2599" custom="readingOrder {index:4;} structure {type:catch-word;}">
      <Coords points="1290,1780 1506,1778 1506,1819 1290,1821"/>
      <TextLine id="line_1671787273597_2608" custom="readingOrder {index:0;}">
        <Coords points="1311,1781 1347,1778 1506,1778 1506,1818 1341,1819 1305,1818 1303,1815 1303,1787"/>
        <Baseline points="1303,1809 1506,1809"/>
        <Word id="word_1671787273597_2610" custom="readingOrder {index:0;}">
          <Coords points="1368,1778 1500,1778 1500,1812 1368,1813"/>
          <TextEquiv conf="0.91690844">
            <Unicode>tonino</Unicode>
          </TextEquiv>
        </Word>
        <TextEquiv conf="0.91690844">
          <Unicode>tonino</Unicode>
        </TextEquiv>
      </TextLine>
      <TextEquiv>
        <Unicode>tonino</Unicode>
      </TextEquiv>
    </TextRegion>
    <TextRegion orientation="0.35327175" type="footnote" readingDirection="left-to-right" id="TextRegion_1671787214798_2539" custom="readingOrder {index:5;} structure {type:footnote;}">
      <Coords points="625,1868 1047,1868 1047,1980 625,1980"/>
      <TextLine id="line_1671787214839_2542" custom="readingOrder {index:0;}">
        <Coords points="625,1873 665,1869 726,1868 728,1871 743,1875 766,1877 774,1877 777,1869 813,1869 817,1875 892,1868 966,1869 977,1874 1046,1872 1047,1912 693,1917 664,1919 656,1926 646,1926 639,1919 625,1919"/>
        <Baseline points="625,1909 1047,1903"/>
        <Word id="region0009_line0001_word0000" custom="readingOrder {index:0;} textStyle {offset:0; length:2;italic:true; fontSize:0.0; kerning:0;}">
          <Coords points="634,1880 663,1880 664,1919 635,1919"/>
          <TextEquiv>
            <Unicode>t)</Unicode>
          </TextEquiv>
        </Word>
        <Word id="region0009_line0001_word0001" custom="readingOrder {index:1;} textStyle {offset:0; length:9;italic:true; fontSize:0.0; kerning:0;}">
          <Coords points="681,1877 682,1910 838,1909 837,1876 774,1876 774,1877 766,1877 760,1876"/>
          <TextEquiv conf="0.8919806">
            <Unicode>Macrobius</Unicode>
          </TextEquiv>
        </Word>
        <Word id="region0009_line0001_word0002" custom="readingOrder {index:2;}">
          <Coords points="857,1876 917,1875 918,1909 858,1910"/>
          <TextEquiv conf="0.93206805">
            <Unicode>und</Unicode>
          </TextEquiv>
        </Word>
        <Word id="region0009_line0001_word0003" custom="readingOrder {index:3;} textStyle {offset:0; length:7;italic:true; fontSize:0.0; kerning:0;}">
          <Coords points="939,1876 1042,1875 1043,1906 940,1907"/>
          <TextEquiv>
            <Unicode>Seneca.</Unicode>
          </TextEquiv>
        </Word>
        <TextEquiv>
          <Unicode>t) Macrobius und Seneca.</Unicode>
        </TextEquiv>
      </TextLine>
      <TextLine id="line_1671787214840_2544" custom="readingOrder {index:1;}">
        <Coords points="644,1928 673,1925 727,1924 744,1926 756,1931 776,1926 809,1925 839,1935 918,1931 926,1924 945,1923 956,1923 962,1927 1047,1925 1047,1977 928,1974 923,1980 904,1980 899,1976 845,1980 801,1975 755,1974 715,1974 693,1980 625,1978 625,1945 640,1945 641,1932"/>
        <Baseline points="625,1969 714,1964 1047,1966"/>
        <Word id="word_1671787603456_2702" custom="readingOrder {index:0;} textStyle {offset:0; length:2;italic:true; fontSize:0.0; kerning:0;}">
          <Coords points="640,1937 678,1937 678,1977 635,1978 635,1945 640,1945"/>
          <TextEquiv>
            <Unicode>u)</Unicode>
          </TextEquiv>
        </Word>
        <Word id="word_1671787603456_2701" custom="readingOrder {index:1;} textStyle {offset:0; length:5;italic:true; fontSize:0.0; kerning:0;}">
          <Coords points="678,1937 762,1937 762,1974 715,1974 702,1977 678,1977"/>
          <TextEquiv>
            <Unicode>Plin.</Unicode>
          </TextEquiv>
        </Word>
        <Word id="region0009_line0002_word0001" custom="readingOrder {index:2;}">
          <Coords points="777,1937 827,1937 827,1968 777,1968"/>
          <TextEquiv>
            <Unicode>lib.</Unicode>
          </TextEquiv>
        </Word>
        <Word id="region0009_line0002_word0002" custom="readingOrder {index:3;}">
          <Coords points="842,1944 871,1943 871,1976 842,1977"/>
          <TextEquiv conf="0.92787">
            <Unicode>4.</Unicode>
          </TextEquiv>
        </Word>
        <Word id="region0009_line0002_word0003" custom="readingOrder {index:4;}">
          <Coords points="969,1935 892,1935 892,1976 899,1976 926,1976 928,1974 969,1975"/>
          <TextEquiv conf="0.91427886">
            <Unicode>epiſt.</Unicode>
          </TextEquiv>
        </Word>
        <Word id="region0009_line0002_word0004" custom="readingOrder {index:5;}">
          <Coords points="988,1938 1036,1937 1036,1971 988,1972"/>
          <TextEquiv conf="0.9300395">
            <Unicode>18.</Unicode>
          </TextEquiv>
        </Word>
        <TextEquiv>
          <Unicode>u) Plin. lib. 4. epiſt. 18.</Unicode>
        </TextEquiv>
      </TextLine>
      <TextEquiv>
        <Unicode>t) Macrobius und Seneca.
u) Plin. lib. 4. epiſt. 18.</Unicode>
      </TextEquiv>
    </TextRegion>
  </Page>
</PcGts>
