1852 2682
189 331 233 355 —
255 315 280 358 —
311 323 455 369 Wollet
469 323 526 374 ihr
535 322 609 376 alſo
618 323 674 365 die
682 318 947 373 gegenwaͤrtige
955 322 1033 374 Zeit
1042 324 1174 365 kennen
1184 323 1247 365 ler⸗

190 394 273 438 nen,
297 388 357 432 M.
374 388 420 430 A.
433 385 486 438 Z.,
509 384 545 435 ſo
563 384 756 437 betrachtet
769 389 840 429 das
850 385 1058 437 Verhalten
1068 390 1127 427 der
1136 386 1247 430 Men⸗

190 447 306 502 ſchen,
347 452 394 490 da
409 451 450 489 es
471 446 708 499 ausgemacht
724 447 781 499 iſt,
807 449 879 498 daß
894 447 956 501 ſich
978 448 1033 491 die
1046 447 1170 498 Zeiten
1197 447 1247 491 im

189 514 348 565 Ganzen
374 522 590 564 genommen
617 514 703 563 nach
729 518 810 557 dem
839 511 1032 567 Menſchen
1049 512 1193 566 richten.

272 583 447 635 Jndeſſen
457 583 496 635 iſt
504 583 609 635 dieſer
617 581 816 635 Grundſatz
826 581 890 633 bey
899 582 983 625 aller
1008 575 1120 633 ſeiner
1140 575 1250 639 Wahr⸗

190 644 263 699 heit
278 644 363 694 doch
377 652 420 696 zu
436 641 635 697 allgemein,
667 644 728 686 als
741 644 812 695 daß
825 642 894 687 wir
909 646 973 689 bey
989 641 1172 699 Pruͤfung
1187 649 1249 687 der

188 706 269 758 Zeit
283 702 488 757 uͤberhaupt
501 709 576 747 und
599 709 660 747 der
680 701 973 756 gegenwaͤrtigen
999 703 1249 757 insbeſondere

187 774 308 817 damit
342 775 553 827 ausreichen
581 772 747 818 koͤnnten.
815 773 911 824 Laßt
943 777 1018 817 uns
1042 771 1115 824 alſo
1143 774 1249 817 einen

188 841 361 885 dritten
393 839 595 892 Grundſatz
622 840 737 884 damit
758 839 973 892 verbinden,
1010 840 1154 891 welcher
1172 841 1249 895 alſo

188 902 324 950 lautet:
380 902 428 959 da
436 904 562 956 jedes
599 906 721 952 Volk
749 903 866 956 ſeine
913 901 1066 954 eigene
1092 903 1249 956 Perio⸗

187 972 257 1022 de,
287 966 404 1021 ſeine
438 966 593 1020 eigene
622 966 927 1022 Verfaſſung,
971 956 1115 1018 ſeinen
1143 966 1249 1018 eige⸗

189 1047 274 1081 nen
304 1035 773 1085 Nationalcharakter
802 1034 895 1090 hat,
943 1036 985 1091 ſo
1022 1036 1116 1089 ſind
1145 1036 1248 1091 auch

187 1101 260 1146 die
297 1101 459 1154 Zeiten
499 1105 588 1145 und
631 1100 866 1154 Umſtaͤnde
908 1101 1023 1154 nicht
1067 1102 1148 1153 bey
1190 1101 1250 1143 al⸗

188 1170 258 1214 len
302 1168 507 1216 Voͤlkern
551 1166 782 1219 dieſelben.
843 1165 958 1217 Zwar
990 1165 1088 1217 giebt
1126 1170 1169 1212 es
1206 1167 1251 1211 ei⸗

189 1244 261 1277 nen
287 1235 469 1288 gewiſſen
512 1236 618 1290 Geiſt
650 1239 718 1280 des
749 1234 1051 1288 Jahrhunderts,
1095 1240 1156 1279 der
1184 1234 1247 1289 ſich

168 1275 327 1332 uͤberall
359 1279 558 1332 verbreitet
577 1282 670 1331 und
697 1288 735 1329 in
771 1290 885 1337 jedem
918 1279 1042 1331 Lande
1085 1290 1251 1339 wirkſam

147 1363 294 1414 zeigt,
317 1363 468 1417 welches
481 1366 549 1407 mit
561 1366 640 1406 dem
654 1362 932 1415 Jahrhunderte
946 1362 1123 1415 fortgeht;
1150 1370 1248 1414 zwar

182 1422 307 1477 haben
324 1423 390 1466 alle
403 1424 457 1467 die
473 1411 679 1476 Nationen,
708 1420 835 1475 welche
851 1419 1053 1473 ohngefaͤhr
1067 1420 1137 1470 auf
1153 1422 1248 1465 einer

157 1493 267 1534 und
280 1490 458 1544 derſelben
472 1491 595 1543 Stufe
611 1495 673 1535 der
697 1485 939 1543 buͤrgerlichen
960 1492 1099 1535 Cultur
1123 1490 1249 1546 ſtehen,

178 1558 318 1600 immer
332 1562 453 1601 etwas
468 1555 651 1610 aͤhnliches
667 1556 734 1599 mit
747 1557 939 1600 einander:
963 1558 1048 1600 aber
1064 1556 1137 1609 ihre
1152 1557 1250 1603 Ver⸗

188 1621 460 1678 ſchiedenheiten
474 1622 550 1675 ſind
564 1620 649 1671 doch
669 1621 787 1673 gewiß
809 1620 971 1672 ungleich
990 1619 1139 1674 groͤßer,
1172 1625 1249 1665 und

191 1689 320 1738 gerade
340 1692 414 1731 aus
435 1688 552 1742 dieſen
587 1688 791 1733 entwickeln
819 1686 881 1739 ſich
907 1686 1149 1740 gemeiniglich
1173 1688 1248 1742 ihre

188 1754 403 1806 Schickſale.
467 1756 528 1799 Es
552 1756 653 1808 giebt
671 1754 830 1807 Voͤlker,
861 1759 968 1797 deren
986 1754 1183 1803 Vernunft
1201 1756 1249 1797 ei⸗

189 1817 341 1869 gentlich
371 1815 457 1868 noch
484 1827 551 1869 gar
578 1815 672 1869 nicht
700 1816 853 1871 erwacht
893 1816 952 1869 iſt,
996 1818 1041 1860 ob
1071 1815 1114 1867 ſie
1140 1817 1247 1868 gleich

187 1882 226 1928 in
255 1883 355 1937 ihren
383 1881 556 1935 taͤglichen
582 1882 815 1938 Geſchaͤfften
843 1888 918 1926 und
950 1885 987 1925 in
1009 1887 1076 1926 den
1092 1883 1249 1934 Dingen

189 1954 255 1993 des
286 1952 470 2003 gemeinen
503 1950 644 1996 Lebens
676 1950 831 2004 Einſicht
859 1954 934 1992 und
965 1949 1159 2001 Fertigkeit
1187 1948 1248 2002 zei⸗

191 2022 282 2067 gen;
307 2013 465 2066 Voͤlker,
499 2015 553 2057 die
575 2017 610 2058 in
637 2013 780 2067 Abſicht
799 2011 871 2062 auf
888 2012 961 2066 ihre
983 2011 1148 2063 geiſtigen
1171 2017 1248 2056 und

192 2076 420 2129 moraliſchen
441 2077 764 2130 Angelegenheiten
785 2077 871 2127 bloß
896 2079 970 2118 und
990 2084 1079 2127 ganz
1101 2085 1174 2117 von
1199 2077 1249 2129 ih⸗

190 2151 252 2183 ren
271 2136 440 2194 Fuͤhrern
457 2136 665 2192 abhaͤngen,
697 2143 772 2181 und
788 2139 900 2191 dieſen
921 2139 1017 2183 blind
1034 2140 1248 2192 gehorchen;

185 2209 350 2266 Voͤlker,
378 2208 505 2263 welche
520 2207 607 2263 noch
625 2218 685 2253 am
693 2204 963 2261 Gaͤngelbande
976 2212 1041 2253 des
1050 2207 1252 2259 Aberglau⸗
