1540 2232
543 291 680 332 Herberge
700 295 755 327 und
778 294 858 332 ſinket
878 296 911 329 da
934 293 996 334 halb
1014 293 1183 335 ohnmaͤchtig
1201 297 1266 336 aufs
1287 297 1369 336 Lager

540 332 598 371 hin.
645 335 753 373 Solche
773 336 966 375 Beſchwerden
982 340 1027 369 der
1035 337 1124 375 Reiſe,
1148 340 1179 375 ſo
1187 339 1254 371 viele
1272 340 1368 380 Angſt,

542 386 642 426 Furcht
664 391 719 422 und
746 380 844 427 Sorge
871 391 966 424 konnte
989 390 1031 429 ihr
1053 390 1125 428 nicht
1142 393 1236 432 ſtarker
1258 390 1366 432 Koͤrper

541 429 693 477 unmoͤglich
712 443 814 475 tragen.
876 443 947 474 Vier
969 442 1087 479 Wochen
1113 440 1155 477 lag
1182 443 1215 481 ſie
1234 443 1368 480 danieder,

539 494 609 529 ganz
629 491 725 530 fremd,
750 493 800 524 mit
820 492 895 531 ihren
920 494 1020 529 kleinen
1036 493 1177 532 Kindern,
1216 494 1285 533 ohne
1297 497 1366 536 Hof⸗

538 543 615 573 nung
630 536 677 576 ſich
700 536 784 576 ihrem
802 539 932 579 Wunſche
954 540 1018 577 auch
1041 546 1095 572 nur
1119 538 1249 579 genaͤhert
1274 548 1306 579 zu
1321 541 1369 580 ha⸗

536 592 598 632 ben,
622 591 771 633 uͤberhaupt
798 595 827 629 in
849 589 929 638 welch
957 590 1045 639 einer
1058 596 1141 635 Lage!
1172 600 1226 631 und
1248 603 1308 631 was
1331 599 1364 638 ſie

535 643 616 682 durch
638 647 720 678 andre
742 645 809 682 thun
822 647 930 683 konnte,
956 656 1004 679 um
1019 646 1096 688 ihren
1118 647 1217 681 Mann
1233 655 1266 687 zu
1280 648 1368 688 erfra⸗

535 697 596 726 gen,
619 697 688 725 war,
711 690 774 724 ach!
802 698 861 723 war
884 684 951 723 alles
975 692 1130 729 vergebens.

612 745 711 783 Jndeß
726 746 799 784 hatte
815 749 860 781 der
881 746 972 781 Vater
990 757 1044 780 von
1059 748 1125 781 oben
1147 748 1235 788 herab,
1258 753 1303 781 der
1320 751 1362 789 ihr

533 797 608 836 Herz
629 797 747 836 kannte,
779 799 814 837 ſie
829 798 881 837 auf
899 798 970 838 ihrer
999 799 1133 838 einſamen
1157 801 1361 843 Wanderſchaft

533 844 605 885 nicht
626 845 772 886 verlaſſen;
811 851 867 881 und
891 839 956 888 auch
980 848 1038 888 hier
1054 850 1083 882 in
1096 853 1159 883 dem
1182 850 1290 885 Winkel
1313 855 1363 887 des

534 894 738 937 Kaͤmmerleins
758 888 802 937 ſah
818 900 846 932 er
866 899 922 937 ihre
938 896 1068 940 Thraͤnen
1085 903 1140 933 und
1153 897 1230 941 hoͤrte
1247 905 1291 935 der
1308 902 1361 937 Ar⸗

531 956 595 981 men
614 951 713 986 Gebet.
765 953 843 987 Gott
858 953 942 984 lenkte
959 956 1017 987 das
1024 954 1097 991 Herz
1112 957 1157 987 der
1171 953 1366 993 Wirthin,
1322 955 1370 997 zu

531 998 577 1025 der
596 998 630 1039 ſie
640 994 665 1030 ſo
673 1005 728 1032 von
739 996 898 1033 ohngefaͤhr,
919 996 994 1035 (wie
1002 996 1150 1035 Menſchen
1166 1002 1195 1030 es
1210 996 1357 1041 ohngefaͤhr

528 1040 670 1087 nennen,)
697 1044 852 1087 gekommen
873 1057 941 1089 war,
964 1052 1015 1090 daß
1031 1052 1063 1091 ſie
1088 1060 1125 1087 an
1141 1051 1183 1091 ihr
1208 1051 1263 1097 und
1281 1049 1361 1098 ihren

528 1089 657 1135 Kindern
665 1098 899 1141 Barmherzigkeit
915 1100 992 1143 that,
1001 1101 1041 1147 ſie
1046 1103 1154 1143 pflegte
1169 1106 1224 1138 und
1240 1100 1354 1144 troͤſtete,

527 1140 585 1189 und
609 1148 715 1184 wiewol
731 1152 765 1190 ſie
795 1152 867 1190 nicht
884 1150 957 1191 hatte
976 1160 1009 1191 zu
1033 1152 1165 1191 bezahlen,
1189 1159 1219 1186 es
1237 1156 1356 1192 dennoch

526 1199 580 1236 mit
595 1199 638 1237 ihr
663 1200 735 1238 nicht
747 1200 830 1237 muͤde
857 1204 941 1234 ward.
1017 1201 1131 1238 Sobald
1158 1204 1190 1242 ſie
1205 1210 1251 1242 zur
1268 1203 1354 1245 Noth

517 1254 624 1291 wieder
643 1255 765 1294 ausgehn
780 1258 886 1295 konnte,
907 1258 976 1298 rieth
989 1259 1031 1298 ihr
1045 1258 1086 1292 die
1102 1265 1164 1298 gute
1189 1258 1273 1299 Frau,
1289 1260 1354 1302 doch

522 1307 596 1350 ſelbſt
605 1316 637 1349 zu
658 1308 743 1342 einem
760 1305 891 1356 gewiſſen
906 1310 1019 1346 General
1034 1316 1088 1345 aus
1102 1313 1209 1350 Stade,
1222 1314 1269 1346 der
1284 1313 1349 1346 eben

522 1352 580 1395 hier
602 1355 642 1394 ſey
662 1361 688 1392 zu
697 1345 803 1392 gehn,
837 1358 881 1387 der
902 1356 944 1388 ein
968 1357 1150 1397 menſchliches
1174 1359 1246 1396 Herz
1273 1358 1359 1397 habe,

521 1407 571 1449 ſich
584 1417 647 1447 gern
672 1409 793 1449 ſprechen
818 1403 896 1450 laſſe,
911 1414 966 1448 und
983 1416 1013 1447 es
1027 1412 1120 1453 wiſſen
1134 1409 1225 1452 koͤnne,
1243 1414 1277 1448 ob
1303 1413 1347 1454 ihr

519 1459 619 1498 Mann
643 1462 673 1493 in
687 1461 784 1496 Stade
799 1461 939 1500 geworben
959 1463 1008 1503 ſey.
1030 1462 1090 1498 Sie
1101 1464 1186 1501 gieng,
1213 1466 1249 1503 ſie
1260 1464 1347 1503 ſprach

517 1506 576 1547 ihn,
603 1510 657 1541 und
671 1507 761 1546 erfuhr
779 1510 875 1548 nichts.
927 1511 990 1545 Der
1004 1511 1058 1545 edle
1071 1513 1169 1545 Mann
1186 1504 1260 1553 hatte
1270 1513 1347 1547 Mit⸗

518 1561 580 1599 leid,
606 1562 656 1599 gab
682 1561 724 1601 ihr
742 1563 818 1596 einen
840 1564 954 1598 Gulden
976 1568 1032 1598 und
1051 1565 1146 1603 entließ
1167 1568 1208 1605 ſie.
1268 1566 1344 1602 Nun

517 1609 592 1646 ſtand
615 1610 648 1647 ſie
665 1610 699 1641 da
732 1608 782 1647 auf
813 1611 857 1640 der
881 1609 1010 1649 Straße,
1040 1599 1091 1650 auf
1116 1614 1175 1644 dem
1199 1611 1269 1647 Arm
1293 1616 1345 1646 das

515 1662 573 1699 eine
591 1663 675 1701 Kind,
701 1672 736 1696 an
764 1666 809 1694 der
822 1665 906 1702 Hand
937 1668 987 1701 das
1000 1667 1093 1707 andre,
1125 1667 1225 1712 einſam
1240 1668 1269 1699 in
1296 1669 1343 1703 der

515 1714 673 1752 volkreichen
695 1716 799 1752 Stadt,
826 1713 869 1754 ſah
898 1719 967 1749 rund
985 1724 1032 1751 um
1050 1718 1097 1758 ſich
1122 1719 1178 1757 her,
1187 1714 1276 1756 ſtand
1300 1719 1341 1752 be⸗

513 1752 592 1797 taͤubt
614 1763 665 1797 wie
685 1762 853 1802 verſteinert,
879 1762 956 1804 gieng
964 1764 1023 1800 bald
1044 1763 1182 1801 vorwaͤrts
1200 1765 1260 1799 bald
1276 1767 1338 1802 wie⸗
