1508 2430
185 552 279 603 ſind/
289 555 363 592 oder
377 550 414 588 ob
436 559 468 590 er
473 550 530 591 ein
545 551 641 590 ander
651 550 811 589 Lexicon
834 550 999 599 gebraucht

185 606 238 642 als
252 603 319 651 ich?
345 603 399 651 Jn
430 602 557 644 meinen
576 602 753 642 radicibus
766 603 865 654 ſtehet
880 601 993 642 affinis

183 660 235 697 ein
243 654 545 710 Schwager/Filius
570 650 625 706 ein
618 655 748 705 Sohn;
768 650 829 707 daß
842 659 890 695 die
897 658 994 703 groß⸗

184 714 249 747 und
266 710 375 751 aͤlter⸗
401 713 466 747 und
488 705 801 758 uhraͤlter ⸗ Muͤtter
823 709 996 752 verbothen

182 763 276 812 ſind/
289 761 394 807 weiſet
409 764 469 799 das
476 757 577 808 Recht
594 764 647 800 der
656 757 795 807 Natur;
822 765 858 798 es
872 750 998 807 weiſets

180 816 248 865 auch
263 814 359 866 dieſer
372 817 407 851 6.
414 812 495 861 verſ.
518 817 559 851 da
567 812 645 863 heiſt
659 824 744 851 caro
752 814 868 854 carnis
885 813 916 861 ſo
933 815 996 856 viel

182 870 234 909 als
250 864 405 921 poſteri;
446 865 476 918 ſo
491 869 570 907 wird
591 869 639 908 die
680 866 825 916 uhraͤlter
856 867 996 911 Mutter

181 920 259 970 auch
271 918 362 973 ihren
378 920 584 973 Uhr⸗Enckel
598 919 679 975 nicht
701 921 840 972 nehmen
857 920 998 964 koͤnnen.

180 971 262 1023 Diß
277 981 466 1021 argument
481 971 579 1023 ſtehet
590 971 749 1025 wuͤrcklich
758 975 854 1023 ſeiner
862 972 976 1023 theſi
966 972 998 1022 zu

179 1028 264 1074 nahe
293 1028 372 1075 vid.
390 1027 416 1066 ſi
432 1027 519 1068 libet
538 1017 591 1077 die
590 1019 821 1075 Abfertigung.
853 1026 942 1070 Das
958 1028 997 1077 iſt

182 1077 264 1129 Caji
295 1080 482 1129 Meynung
526 1071 708 1130 hieruͤber:
739 1080 811 1131 doch
844 1084 994 1123 wundert

180 1130 236 1182 ſich
275 1129 409 1182 zugleich
443 1130 521 1180 auch
533 1129 657 1186 Cajus,
683 1134 747 1182 daß
778 1139 843 1179 das
868 1144 995 1176 oracu-

179 1185 254 1228 lum
303 1186 463 1239 ſchlechte
491 1185 699 1238 Gegenwehr
737 1183 851 1237 hat/
875 1193 916 1229 da
957 1200 992 1230 er

178 1237 304 1292 meinet
333 1244 392 1280 das
419 1235 534 1288 Cajus
564 1242 626 1281 mit
652 1239 686 1286 ſo
709 1238 869 1289 ſchlechten
888 1242 992 1289 Waf⸗

179 1295 234 1342 fen
255 1294 384 1347 fechtet.
412 1297 508 1339 Mir
531 1296 585 1344 (ſo
601 1296 692 1345 heiſſe
713 1296 756 1345 ich
781 1295 910 1346 Cajus)
928 1301 993 1338 mir

178 1344 248 1390 ſage
263 1344 307 1394 ich
322 1342 465 1393 deucht/
484 1345 582 1393 daß
565 1341 620 1391 der
618 1345 680 1393 Hr.
688 1345 992 1393 Superintendent

177 1401 244 1435 von
256 1401 307 1438 der
326 1396 378 1450 Art
398 1396 494 1440 Leute
509 1392 580 1444 iſt/
602 1397 652 1440 die
664 1396 733 1447 ihre
750 1394 895 1441 Saͤume
911 1399 992 1438 breit

177 1453 351 1497 machen/
374 1456 440 1489 und
474 1451 611 1491 anderer
634 1448 731 1493 Leute
765 1448 908 1492 Saͤume
930 1453 990 1489 vor

176 1499 432 1549 Zwirns⸗Faden
440 1499 592 1553 anſehen.
633 1500 766 1548 Damit
775 1504 847 1542 aber
863 1510 917 1544 der
925 1503 991 1553 Hr.

175 1554 356 1605 Superint.
370 1553 452 1604 nicht
459 1555 564 1595 meine
578 1554 631 1594 als
644 1555 725 1605 habe
739 1554 845 1599 GOtt
857 1566 892 1597 in
901 1556 948 1604 17.
962 1548 990 1597 v.

173 1610 232 1648 des
243 1608 384 1652 Weibes
397 1605 674 1658 Bluts⸗Freunde
682 1612 755 1652 dem
774 1608 912 1649 Manne
926 1614 988 1650 we⸗

174 1665 244 1704 gen
244 1665 296 1704 der
302 1654 674 1710 Blut⸗Freundſchafft/
687 1658 723 1708 ſo
736 1669 831 1708 gegen
841 1660 913 1712 ihm
920 1663 988 1701 eine

172 1711 513 1762 Blut⸗Freundſchafft
522 1706 576 1761 iſt/
577 1707 771 1763 verbothen/
786 1711 912 1761 ſoldient
920 1714 989 1764 ihm

174 1774 213 1812 zu
220 1765 361 1814 wiſſen/
383 1766 447 1816 daß
453 1771 509 1805 der
516 1765 637 1807 Mann
651 1770 717 1805 und
733 1765 839 1807 ſeines
847 1768 990 1810 Weibes

175 1815 434 1853 deſcendenten
450 1814 486 1850 in
493 1808 652 1860 reſpectu
669 1801 861 1863 parentelæ
861 1809 987 1864 ſtehen.

180 1869 230 1911 Jn
242 1867 377 1920 welchen
393 1867 552 1921 reſpectu
569 1867 750 1923 gleichwohl
775 1877 834 1914 des
848 1871 988 1917 Weibes

174 1915 362 1974 Schweſter
369 1921 449 1973 nicht
457 1919 586 1977 ſtehet/
611 1927 686 1963 oder
693 1921 733 1973 ſie
749 1923 850 1972 muͤſte
859 1922 987 1969 dieſelbe

173 1982 252 2022 nach
265 1979 318 2010 der
330 1974 459 2022 Toͤchter
474 1971 576 2025 Loths
583 1972 695 2024 Weiſe
708 1978 774 2015 von
791 1974 882 2025 ihren
890 1974 988 2014 leibli⸗

174 2028 248 2072 chen
275 2027 390 2071 Vater
415 2031 556 2076 erzeuget
590 2025 705 2078 haben.
755 2028 835 2072 Der
870 2031 990 2070 vierdte

173 2078 527 2129 Bewegungs⸗Grund
540 2077 617 2130 iſt/
636 2077 698 2131 daß
712 2080 760 2119 die
781 2076 915 2130 Heyden
932 2076 991 2130 ſich
