1677 2286
570 436 640 486 ihm
666 436 809 480 vollends
835 439 912 487 ließe
936 444 995 479 den
1013 439 1108 489 Kopf
1127 442 1318 488 abſchlagen.
1368 444 1419 486 Er
1439 444 1525 494 giebt

570 492 643 529 vor,
669 487 729 521 das
751 486 910 533 moſaiſche
932 487 1036 536 Geſetz
1061 489 1137 537 habe
1160 491 1207 528 die
1224 481 1344 537 Rache,
1369 497 1427 530 den
1445 493 1524 541 Haß

569 543 626 576 der
639 538 756 583 Feinde
771 552 803 577 u.
820 538 842 583 ſ.
858 551 901 578 w.
917 541 1066 589 erlaubet,
1087 548 1151 581 und
1167 545 1323 592 verbiethe
1338 557 1398 583 nur
1413 548 1522 593 aͤußer⸗

570 590 646 633 liche
675 592 770 640 grobe
787 592 1006 642 Verbrechen,
1048 595 1098 633 die
1122 599 1192 634 dem
1221 598 1380 644 gemeinen
1404 600 1522 647 Weſen

569 643 706 691 ſchaden.
767 645 908 687 Anderer
947 646 1092 697 haͤufigen
1118 645 1367 699 Abweichungen
1402 661 1439 698 zu
1469 660 1521 698 ge⸗

568 694 746 747 ſchweigen.

620 745 685 794 Hr.
693 745 937 800 Hawighorſt
946 749 1001 799 hat
1012 751 1116 791 weiter
1126 750 1397 802 herausgegeben:
1424 755 1522 804 Frey⸗

567 793 710 842 muͤthige
734 798 798 832 und
816 797 1052 844 unparteyiſche
1064 800 1096 840 in
1114 802 1166 838 der
1185 792 1335 849 geſunden
1352 801 1521 850 Vernunft

568 850 643 895 auch
666 851 798 901 heiligen
814 852 946 900 Schrift
968 859 1032 896 und
1043 855 1233 907 Erfahrung
1252 858 1439 905 gegruͤndete
1455 861 1520 901 Er⸗

568 901 716 950 oͤrterung
732 907 796 943 und
809 904 1038 954 Entſcheidung
1054 909 1108 946 der
1123 909 1197 952 noch
1213 910 1263 950 bis
1279 910 1338 956 auf
1349 915 1406 951 den
1421 912 1518 961 heuti⸗

565 965 626 1003 gen
634 955 708 1004 Tag
722 957 878 1005 ſtreitigen
887 956 1009 1007 Frage:
1025 961 1065 1000 ob
1082 964 1131 1001 die
1139 962 1336 1013 Bekehrung
1350 968 1408 1005 des
1416 967 1520 1007 Men⸗

563 1005 649 1054 ſchen
665 1019 740 1049 vom
755 1008 920 1052 Verſtand
936 1016 1009 1049 oder
1025 1021 1100 1052 vom
1117 1013 1239 1054 Willen
1255 1014 1351 1061 muͤſſe
1369 1013 1519 1063 angefan⸗

563 1062 624 1103 gen
641 1058 778 1095 werden.
828 1059 957 1102 Wobey
975 1063 1057 1097 denn
1074 1072 1127 1107 zur
1141 1061 1380 1110 Vorbereitung
1395 1065 1444 1102 die
1457 1065 1519 1105 Ei⸗

561 1102 756 1154 genſchaften
780 1110 844 1150 und
857 1107 975 1155 Kraͤſte
997 1115 1054 1151 des
1074 1108 1208 1159 Geiſtes
1224 1117 1288 1152 und
1311 1119 1365 1153 der
1379 1115 1518 1163 Seelen,

562 1156 681 1207 ſowohl
700 1155 887 1211 uͤberhaupt,
914 1159 965 1201 als
981 1159 1207 1211 insbeſondere,
1227 1163 1420 1213 angezeiget;
1448 1169 1517 1205 des⸗

562 1214 696 1262 gleichen
719 1216 751 1257 in
777 1220 831 1259 der
846 1215 994 1263 Vorrede
1008 1218 1058 1260 die
1077 1212 1231 1274 Religion
1243 1214 1440 1276 uͤberhaupt,
1451 1226 1516 1263 und

563 1265 696 1315 hernach
720 1269 913 1317 gelegentlich
938 1275 991 1311 der
1006 1272 1196 1319 Unterſchied
1216 1278 1281 1314 und
1297 1278 1346 1316 die
1362 1275 1514 1325 Graͤnzen

561 1323 617 1359 der
633 1319 822 1364 natuͤrlichen
837 1325 901 1362 und
915 1323 1147 1371 geoffenbarten
1160 1326 1323 1375 Religion,
1347 1328 1398 1365 nel
1412 1339 1434 1375 t
1446 1339 1515 1367 ver⸗

560 1369 732 1418 ſchiedenen
764 1374 889 1411 andern
904 1370 1064 1420 wichtigen
1097 1379 1163 1414 und
1193 1375 1360 1422 beſondern
1397 1377 1515 1427 ſowohl

560 1421 648 1471 Lehre
670 1426 721 1463 als
742 1423 833 1461 Leben
859 1427 1059 1472 angehenden
1080 1429 1239 1476 Stuͤcken,
1274 1431 1382 1475 welche
1405 1432 1513 1479 bisher

561 1472 638 1517 noch
666 1475 749 1516 nicht
779 1473 967 1521 hinlaͤnglich
993 1485 1096 1524 genug
1124 1478 1335 1519 auseinander
1360 1483 1514 1528 gewickelt

560 1524 711 1568 worden,
745 1522 907 1568 beleuchtet
929 1528 994 1568 und
1017 1528 1181 1569 entwickelt
1205 1533 1340 1568 werden.
1391 1530 1513 1578 Frank⸗

561 1574 626 1620 furt
648 1577 712 1615 und
737 1572 851 1630 Leipzig
872 1585 950 1625 1751.
974 1579 1023 1618 ein
1044 1581 1139 1626 Alph.
1161 1591 1183 1624 4
1197 1580 1251 1622 B.
1266 1583 1383 1624 Octav.
1435 1586 1512 1626 Der

560 1627 645 1669 Titel
671 1627 717 1673 ſey
740 1629 856 1674 genug.
907 1629 973 1675 Hr.
996 1630 1045 1678 H.
1072 1632 1110 1677 iſt
1131 1636 1195 1672 uns
1210 1630 1426 1683 allzugelehrt,
1452 1645 1510 1673 um

555 1678 626 1728 ihm
642 1680 748 1721 weiter
766 1691 799 1724 zu
814 1680 938 1725 folgen.

607 1726 702 1772 Noch
719 1728 755 1773 iſt
773 1727 823 1769 ein
838 1728 941 1771 Werk
959 1737 1020 1767 von
1038 1728 1104 1777 ihm
1124 1736 1215 1774 unter
1231 1736 1286 1773 der
1295 1732 1416 1783 Preſſe,
1434 1736 1508 1774 oder

557 1777 705 1816 vielleicht
727 1776 812 1824 ſchon
836 1783 898 1820 aus
920 1777 1085 1827 derſelben,
1112 1781 1234 1821 worinn
1251 1785 1326 1820 man
1343 1785 1510 1833 vornehm⸗

557 1830 614 1874 lich
638 1833 685 1871 die
699 1831 787 1881 Lehre
808 1843 869 1871 von
894 1835 950 1871 den
969 1833 1207 1877 Sacramenten
1233 1839 1285 1882 ſoll
1301 1832 1509 1889 abgehandelt

556 1885 675 1936 finden.
741 1881 765 1939 O
799 1890 863 1938 daß
884 1886 971 1935 Herr
989 1886 1220 1943 Havighorſt
1239 1894 1312 1941 doch
1328 1895 1409 1941 nicht
1432 1896 1508 1941 noch

556 1937 674 1978 einmal
704 1938 764 1979 mit
788 1938 958 1987 Schriften
987 1940 1160 1991 ſchwanger
1183 1942 1310 1992 wuͤrde,
1337 1950 1410 1986 oder
1431 1944 1507 1992 doch

557 1994 635 2040 ſeine
650 1994 680 2039 ſo
695 1993 854 2046 haͤßlichen
860 1995 1018 2048 gelehrten
1029 1996 1154 2042 Kinder
1171 2001 1205 2042 in
1225 2007 1278 2043 der
1290 2001 1424 2044 Geburt
1437 2014 1507 2044 um⸗

556 2047 692 2090 kaͤmen!
