1577 2541
475 412 563 464 Die
583 412 849 468 Spartaner.

1060 416 1114 466 91

201 493 258 541 ner
270 511 307 552 zu
322 499 402 551 ſein,
428 505 522 541 wenn
536 508 614 540 man
631 498 688 549 ihn
705 507 808 548 genau
819 495 939 547 pruͤfet.
955 494 1116 545 Lykurgus

200 552 302 613 ſuchte
317 562 401 606 nicht
416 569 478 600 nur
493 559 539 598 die
554 559 721 606 innerliche
729 558 839 609 Ruhe,
853 555 985 606 ſondern
995 569 1026 596 er
1035 558 1116 599 wol⸗

201 623 233 660 te
254 620 312 673 ſich
328 620 405 661 auch
419 608 509 659 allen
521 617 623 668 ſeinen
642 617 823 661 Nachbarn
834 613 1031 666 fuͤrchterlich
1045 624 1119 657 ma⸗

202 681 297 730 chen;
322 677 509 729 Confucius
527 678 624 722 wolte
643 688 705 719 nur
722 677 822 726 ſeinen
837 673 1042 717 Landsleuten
1057 678 1116 718 den

202 738 393 787 innerlichen
409 740 543 793 Frieden
557 749 678 790 zuwege
691 737 843 786 bringen,
856 741 921 776 und
933 737 993 787 auf
1003 737 1118 778 immer

204 796 368 848 erhalten,
393 796 469 838 aber
486 807 529 836 an
546 796 722 848 aͤuſſerliche
733 783 853 845 Feinde
867 793 924 844 hat
941 803 973 831 er
993 794 1050 841 ſich
1058 802 1119 840 gar

204 860 290 906 nicht
302 859 449 914 gekehrt,
476 859 627 905 vielleicht
643 860 701 913 hat
715 870 746 900 er
763 860 846 904 nicht
860 860 962 897 daran
976 857 1118 905 gedacht.

204 916 366 971 Lykurgus
385 918 462 972 hielt
471 917 526 969 fuͤr
533 917 751 970 nothwendig,
766 916 814 959 die
826 915 1023 962 natuͤrlichen
1031 914 1120 957 Trie⸗

206 976 244 1017 be
263 985 345 1028 ganz
360 981 588 1028 auszurotten;
622 975 811 1026 Confucius
835 975 913 1026 hielt
933 976 978 1018 im
992 972 1122 1020 Gegen⸗

207 1034 292 1091 theil
307 1037 364 1089 fuͤr
377 1037 533 1088 dienlich/
544 1036 646 1086 einige
660 1033 834 1080 natuͤrliche
845 1034 956 1075 Triebe
971 1044 1007 1083 zu
1021 1029 1124 1081 erhal⸗

207 1101 273 1143 ten,
292 1095 334 1145 ſie
347 1095 430 1138 noch
440 1092 579 1144 heftiger
590 1103 628 1141 zu
643 1091 771 1134 machen,
813 1092 853 1140 ſie
867 1091 898 1139 ſo
912 1091 988 1132 weit
1005 1100 1040 1137 zu
1050 1091 1123 1131 trei⸗

207 1154 280 1200 ben,
297 1152 351 1193 als
368 1150 521 1202 moͤglich.
571 1149 732 1200 Lykurgus
742 1147 913 1200 gruͤndete,
928 1151 1054 1189 ordnete
1064 1150 1124 1189 den

209 1212 327 1257 Staat
340 1212 399 1263 erſt
414 1212 492 1256 nach
507 1210 608 1262 ſeines
623 1209 779 1253 Bruders
798 1212 852 1250 des
868 1204 1002 1259 Koͤnigs
1015 1204 1124 1260 Poly⸗

209 1273 298 1316 dekts
312 1270 421 1320 Tode;
448 1261 624 1326 Confucius
643 1260 843 1325 verbeſſerte
848 1278 912 1310 nur
929 1273 988 1310 den
1004 1265 1127 1318 Chine⸗

207 1334 342 1388 ſiſchen.
411 1332 494 1378 Vor
507 1331 608 1376 ienem
620 1342 694 1374 war
709 1328 850 1381 Sparta
878 1331 946 1371 eine
967 1329 1125 1372 Moͤrder⸗

209 1392 328 1448 grube;
356 1393 404 1435 die
419 1386 642 1453 wolluͤſtigen,
662 1416 1001 1441 verſchwenderiſchen,
1034 1390 1127 1443 hoch⸗

209 1455 386 1516 muͤthigen
409 1455 553 1512 Buͤrger
575 1463 715 1510 erregten
743 1457 834 1500 einen
859 1455 1021 1509 Aufſtand
1048 1458 1129 1501 nach

210 1523 284 1563 dem
296 1524 437 1572 andern,
454 1517 572 1563 Mord
581 1525 649 1564 und
664 1517 839 1568 Todſchlag
862 1514 956 1567 gieng
975 1514 1034 1564 frei
1050 1522 1126 1564 aus,

210 1586 281 1640 kurz
294 1587 333 1640 ſie
349 1585 453 1629 lebten
469 1585 551 1639 ohne
566 1586 625 1630 alle
640 1585 773 1635 Geſetze.
823 1580 1002 1632 Lykurgus,
1013 1585 1064 1623 der
1072 1582 1126 1627 als

212 1649 264 1692 ein
278 1649 397 1703 groſſer
411 1650 504 1703 Geiſt
521 1650 581 1691 alle
596 1649 644 1693 die
664 1645 923 1699 Eigenſchaften,
940 1644 985 1686 die
994 1657 1029 1694 zu
1037 1645 1130 1691 wich⸗

211 1710 302 1761 tigen
323 1706 635 1763 Unternehmungen
668 1706 808 1759 erfodert
834 1710 983 1754 werden,
1018 1705 1130 1757 beſaß,

212 1769 317 1823 nahm
333 1769 392 1823 ſich
408 1777 486 1820 vor,
506 1760 585 1819 ſolte
604 1775 639 1811 es
656 1767 725 1819 ihm
746 1768 824 1813 auch
848 1766 911 1814 ſein
926 1766 1014 1816 eigen
1035 1764 1131 1809 Leben

212 1827 336 1887 koſten,
364 1832 431 1874 dies
445 1831 541 1875 wilde
561 1831 746 1883 unbaͤndige
759 1828 854 1874 Volk
873 1839 909 1878 zu
924 1828 1074 1879 zaͤhmen,
1090 1825 1132 1868 ei⸗

212 1903 256 1933 ne
276 1893 563 1947 immerwaͤhrende
590 1894 756 1942 Ordnung
776 1895 841 1932 und
873 1889 1064 1941 Sicherheit
1093 1896 1130 1937 zu

213 1954 326 2000 ſtiften
346 1958 393 2000 ¹).
452 1954 506 1999 Er
523 1965 597 1996 war
617 1953 679 1994 mit
702 1951 835 2000 groſſem
856 1951 1044 2000 Verſtand,
1071 1949 1133 1988 mit

1024 2013 1132 2060 Klug⸗

254 2090 281 2127 1)
300 2086 404 2123 Strabo
420 2093 444 2119 8.
458 2089 513 2121 und
528 2096 570 2117 10.
588 2086 679 2120 Livius
690 2093 731 2121 45.
741 2089 785 2117 48.
803 2086 951 2120 Xenophon
964 2090 1013 2116 von
1027 2084 1072 2115 der
1085 2082 1132 2115 La⸗

287 2135 494 2175 cedaͤmoniſchen
504 2136 622 2172 Republ.
