1404 2046
421 283 559 333 Wogen,
589 293 649 336 daß
678 302 729 333 der
758 301 948 354 aufkochende
978 309 1116 356 Schaum
1142 311 1240 357 meine

419 362 517 406 Zehen
522 366 596 409 nicht
610 367 699 419 netze!
720 381 782 411 vor
789 382 838 413 der
848 380 1025 427 ſtaunenden
1039 389 1151 435 Scylla
1165 401 1232 430 vor⸗

416 428 509 472 uͤber,
536 438 624 473 wenn
646 440 692 480 ihr
711 443 884 491 ſechsfacher
905 451 1023 496 Rachen
1047 461 1111 495 dem
1133 461 1228 506 nahen

415 502 524 543 Raube
544 508 600 550 ſich
621 510 732 556 oͤffnet,
764 519 825 553 und
848 518 1026 568 fuͤrchterlich
1050 530 1146 573 hinter
1167 532 1224 571 mir

412 569 521 614 bruͤllt,
541 576 601 619 daß
614 588 645 613 er
657 582 821 628 vergebens
835 588 889 632 ſich
904 589 1021 636 oͤffnete.

413 640 496 681 Er
517 643 644 689 koͤmmt,
666 661 698 685 er
721 652 847 696 koͤmmt,
863 659 957 697 einem
979 662 1136 717 ſchwarzen
1159 672 1221 711 Ge⸗

406 707 505 744 witter
523 703 633 757 gleich,
657 718 717 754 das
738 720 832 764 hinter
855 725 1065 775 ſonnenrothen
1087 733 1219 781 Klippen

403 781 520 827 fernher
534 787 588 832 ſich
600 789 788 839 aufthuͤrmt:
808 801 847 835 da
868 803 939 840 rollt
958 815 991 841 er
1003 807 1053 851 hin
1070 810 1140 847 uͤber
1156 815 1216 851 den

401 851 563 899 fliehenden
584 860 747 908 Horizont,
782 870 910 909 meinem
933 875 1029 914 Blicke
1051 880 1131 925 ſchon
1157 882 1212 921 naͤ⸗

397 920 477 967 her?
490 944 534 955 —
554 947 596 956 —
621 928 723 973 Nein,
743 938 781 970 es
788 936 821 978 iſt
835 941 987 986 Bacchus,
1008 949 1067 983 von
1081 951 1209 995 Tiegern

394 989 535 1035 gezogen!
575 999 654 1042 Sey
663 1002 722 1037 mir
733 1004 882 1049 gegruͤßt,
904 1011 1025 1058 heiliger
1051 1017 1132 1056 Vater
1148 1023 1204 1061 des

391 1059 523 1101 Weins!
541 1064 587 1108 ſey
612 1068 667 1103 mir
680 1070 825 1116 gegruͤßt:
846 1078 941 1116 meine
962 1082 1088 1122 tobende
1107 1088 1204 1135 Bruſt

388 1129 509 1179 ſchmilzt
527 1134 574 1181 von
584 1134 762 1186 flatternden
776 1144 933 1194 Flammen
947 1156 1003 1192 des
1016 1155 1201 1204 Durſtes—

385 1205 443 1242 des
462 1206 596 1253 Durſtes
615 1211 687 1257 nach
701 1215 953 1269 Cyper⸗Wein,
969 1235 1019 1265 wo
1041 1233 1089 1269 die
1113 1233 1199 1275 Liebe

381 1273 514 1320 herrſcht.

385 1340 527 1384 Evan!
546 1347 648 1388 Evoe!
668 1361 699 1389 er
711 1355 795 1400 ſteigt
807 1357 909 1403 herab,
928 1366 992 1401 und
1011 1364 1094 1412 traͤgt
1115 1371 1191 1417 mich

374 1410 484 1454 hinauf
499 1418 530 1452 in
543 1420 601 1454 den
616 1421 740 1466 luftigen
759 1428 897 1472 Wagen!
936 1434 991 1472 Da
1004 1435 1189 1485 ſchwimmen

372 1478 431 1516 wir
448 1482 499 1524 hin
516 1485 603 1526 durch
618 1491 674 1526 den
688 1493 837 1542 zerriſſnen
851 1498 998 1546 Himmel,
1019 1511 1074 1541 vor
1088 1510 1184 1554 ſeinen

368 1548 545 1599 ſchallenden
559 1555 704 1604 Sphaͤren
713 1564 814 1610 ſchnell
828 1567 968 1613 voruͤber,
989 1576 1048 1619 daß
1055 1578 1100 1621 ihr
1110 1582 1182 1620 Rei⸗

363 1620 423 1658 gen
438 1626 496 1656 nur
508 1619 697 1669 Augenblicke
716 1633 745 1667 in
761 1636 826 1670 dem
842 1635 1072 1686 aufmerkſamen
1093 1646 1180 1690 Ohre

363 1692 504 1731 verweilt.
547 1692 594 1740 Die
617 1695 752 1752 libyſche
752 1705 930 1754 Tiegerhaut
943 1714 1055 1760 rauſcht
1067 1719 1177 1759 ausge⸗
