2329 2696
265 460 331 506 der
350 460 469 507 Welt
481 458 567 506 will
581 461 668 520 groß
688 464 765 518 und
784 478 976 517 angenehm
995 474 1169 524 machen;
1190 464 1222 523 ſo
1247 464 1359 521 ſuchet
1373 461 1422 523 ſie
1440 455 1510 523 ſich
1524 471 1716 523 vornehm⸗

264 514 338 554 lich
356 516 430 556 auf
439 521 509 560 das
521 520 625 567 Alter
645 527 721 571 und
747 524 820 578 auf
836 531 878 573 die
899 530 996 577 lange
1027 528 1152 575 Dauer
1175 526 1351 574 derſelben
1366 538 1403 563 zu
1418 526 1600 570 berufen:
1635 531 1715 569 Die

269 543 594 617 herrnhuthiſche
619 578 821 626 Gemeine
848 576 893 611 iſt
915 577 1003 622 eben
1021 580 1093 620 von
1110 583 1172 614 der
1188 572 1284 614 Art,
1309 569 1359 619 ſie
1378 564 1451 619 will
1469 569 1558 613 groß
1576 569 1657 613 ſeyn
1677 574 1714 622 in

268 625 332 663 der
355 622 480 667 Welt.
541 630 625 678 Sie
653 631 789 676 dencket
814 632 892 687 ihre
915 631 1053 685 Groͤſſe
1079 632 1176 687 nicht
1205 632 1462 676 vollkommner
1483 642 1525 682 zu
1543 632 1716 684 machen,

268 661 329 715 als
347 683 454 716 wenn
469 673 517 736 ſie
531 678 600 728 ſich
622 682 693 737 eine
718 684 794 738 alte
783 683 969 729 Gemeine
985 685 1137 727 nennet;
1166 680 1278 731 daher
1288 679 1387 731 heißt
1405 683 1445 720 es
1463 680 1519 720 im
1519 682 1563 721 II.
1575 679 1714 725 Stuͤck

271 737 340 783 der
355 726 663 793 Buͤdingiſchen
677 737 965 793 Sammlung.
987 736 1176 802 Bl.190.
1206 738 1353 795 „Dieſe
1369 738 1551 789 Gemeine
1566 739 1659 787 kann
1675 738 1712 795 ſo

271 801 374 840 „neu
399 794 496 847 nicht
516 795 618 851 ſeyn,
647 796 735 846 weil
755 794 806 850 ſie
819 798 958 850 1466.
977 796 1081 852 ſchon
1098 808 1137 842 in
1153 791 1270 842 vollen
1288 797 1379 850 Flor
1393 796 1606 853 geſtanden;
1637 799 1712 843 und

271 847 321 889 im
339 847 458 886 VIII.
477 837 621 899 Stuͤck
634 849 808 899 Bl.167.
823 850 943 900 „Sie
960 840 1004 903 iſt
1019 850 1097 893 eine
1117 851 1353 893 immediate
1370 851 1576 899 Gemeine
1593 852 1719 900 GOt⸗

270 903 388 953 „tes,
415 904 486 946 mit
512 897 550 956 ſo
563 903 689 950 vielen
712 904 880 956 Siegeln
906 908 982 948 und
997 906 1206 952 Wundern
1222 904 1430 959 beſtaͤtiget,
1458 903 1518 947 als
1537 906 1608 950 wir
1625 904 1715 959 noch

268 952 397 1003 „keine
413 967 455 1009 zu
468 956 578 1009 dieſer
594 956 679 1011 Zeit
696 956 827 1016 haben.
883 958 967 1003 Sie
995 969 1082 1010 mag
1099 956 1168 1011 ſich
1185 959 1275 1012 auch
1291 959 1389 1012 nicht
1402 956 1616 1014 lutheriſch,
1642 959 1713 1003 wie

269 1007 366 1058 wir,
389 1018 474 1059 zum
497 1010 727 1067 Unterſcheid
750 1011 813 1053 der
833 1009 1064 1063 papiſtiſchen
1089 1012 1166 1055 und
1196 1009 1429 1062 reformirten
1450 1007 1606 1065 Kirche,
1634 1015 1712 1056 uns

269 1065 434 1098 nennen;
463 1056 636 1103 vielleicht
651 1066 696 1110 iſt
710 1067 770 1114 ihr
785 1069 848 1113 der
857 1067 966 1116 ſelige
983 1059 1032 1108 D.
1042 1066 1202 1116 Luther
1223 1079 1260 1117 zu
1271 1058 1432 1123 ſchlecht
1449 1068 1525 1109 und
1543 1079 1586 1117 zu
1598 1066 1712 1117 jung,

269 1111 331 1156 als
348 1114 406 1156 ein
421 1113 567 1157 Diener
581 1115 657 1156 und
671 1113 900 1166 Befoͤrderer
915 1116 979 1157 der
991 1112 1113 1159 reinen
1132 1114 1433 1167 ſeligmachenden
1450 1115 1583 1169 Lehre;
1601 1117 1714 1170 daher

272 1163 377 1220 ſagen
400 1165 455 1210 die
480 1158 745 1225 Herrnhuther
765 1166 804 1212 in
830 1166 949 1225 ihrem
973 1168 1467 1223 Notariats⸗ Inſtrument,
1489 1168 1593 1223 „daß
1609 1169 1662 1224 ſie
1662 1178 1711 1222 es

269 1220 367 1277 „fuͤr
382 1223 457 1268 eine
474 1222 672 1280 Schmach
689 1222 835 1279 achten,
859 1234 967 1269 wenn
984 1235 1071 1269 man
1087 1224 1134 1278 ſie
1152 1224 1395 1281 Lutheraner,
1412 1226 1496 1272 oder
1512 1224 1605 1281 ſonſt
1623 1224 1714 1282 nach

270 1280 404 1330 „eines
426 1282 603 1331 Mannes
625 1282 829 1339 Nahmen,
858 1280 1229 1340 (Zinzendorfianer)
1254 1295 1382 1328 nenne.
1443 1285 1531 1331 Und
1555 1291 1596 1332 es
1617 1284 1721 1342 heißt

268 1337 307 1387 ſo
333 1348 401 1390 gar
425 1348 509 1384 von
536 1333 655 1388 denen
654 1339 838 1392 Boͤhmen
863 1341 902 1386 in
909 1338 1078 1390 Berlin,
1103 1342 1167 1388 im
1186 1346 1241 1384 II.
1256 1340 1397 1393 Stuͤck
1416 1345 1485 1391 der
1504 1340 1716 1395 Buͤdingi⸗

270 1392 378 1444 ſchen
391 1392 723 1439 Sammlungen
745 1394 934 1443 Bl.258.
971 1395 1120 1442 „Weil
1134 1395 1181 1445 ſie
1197 1395 1266 1448 ſich
1284 1398 1367 1437 dem
1388 1394 1624 1448 lutheriſchen
1640 1400 1718 1439 Mi-

271 1443 454 1490 „niſterio
469 1435 765 1493 ſchlechterdings
780 1444 857 1484 und
875 1443 968 1494 ohne
985 1443 1208 1494 Ausnahme
1224 1445 1493 1496 unterworffen
1511 1443 1654 1497 haben,
1677 1441 1719 1497 ſo

269 1497 459 1541 „gehoͤren
482 1497 529 1536 ſie
552 1494 645 1547 auch
667 1503 710 1544 zu
731 1489 808 1539 uns
836 1491 1046 1550 (nehmlich
1072 1496 1134 1541 der
1157 1495 1478 1554 herrnhuthiſchen
1500 1487 1716 1546 Gemeine)

268 1543 414 1598 „nicht.
455 1544 611 1599 Woher
624 1550 807 1604 kommts,
833 1546 893 1587 als
910 1547 981 1598 daß
998 1546 1043 1598 ſie
1059 1548 1116 1591 die
1132 1548 1341 1603 lutheriſche
1361 1546 1539 1600 Religion
1557 1545 1621 1604 fuͤr
1637 1548 1719 1594 eine

266 1599 395 1649 Secte
419 1596 625 1654 ausgeben,
654 1599 730 1645 und
746 1601 815 1646 den
832 1598 961 1654 ſeligen
975 1598 1185 1654 Lutherus
1203 1599 1303 1658 ſelbſt
1319 1602 1421 1648 einen
1436 1601 1615 1650 Sectirer
1629 1595 1719 1648 nen⸗

271 1663 352 1697 nen.
395 1653 475 1709 Jch
491 1643 618 1707 berufe
633 1652 727 1709 mich
741 1653 820 1709 hier
834 1649 921 1707 zum
932 1654 1093 1703 Beweis
1109 1655 1245 1705 meiner
1260 1657 1404 1704 Worte
1420 1654 1493 1710 auf
1501 1657 1569 1701 den
1582 1656 1716 1710 Herrn

271 1710 484 1761 Superint.
498 1710 734 1761 Winckler,
759 1709 913 1764 welcher
934 1712 974 1754 in
994 1712 1063 1755 den
1080 1710 1489 1766 Unternehmungen
1513 1713 1584 1757 des
1600 1714 1714 1765 Gra⸗

274 1766 344 1812 fen
356 1765 630 1822 Zinzendorfs
644 1769 692 1814 in
712 1763 1123 1818 Religions⸗Sachen
1136 1780 1172 1818 p.
1180 1773 1239 1818 58.
1257 1770 1358 1813 einen
1374 1769 1496 1824 Brief
1508 1772 1572 1814 des
1582 1770 1714 1823 Herrn

272 1817 425 1863 Grafen
452 1815 645 1873 anfuͤhret,
675 1817 853 1862 darinnen
870 1818 936 1860 des
956 1812 1110 1870 ſeligen
1115 1824 1164 1860 D.
1178 1820 1363 1872 Luthers
1383 1820 1480 1873 nicht
1495 1829 1578 1870 zum
1595 1819 1716 1875 beſten

271 1867 422 1931 gedacht
439 1872 601 1916 worden.
644 1872 725 1920 Die
739 1870 921 1920 Gemeine
934 1869 1052 1926 ſuchet
1067 1870 1184 1925 auſſer
1198 1873 1317 1928 ihrem
1334 1874 1471 1924 Lande,
1487 1883 1548 1917 wo
1562 1872 1609 1928 ſie
1622 1870 1715 1932 doch

273 1927 386 1986 zuerſt
403 1929 459 1973 ein
477 1928 610 1982 ſolches
626 1928 813 1983 Aufſehen
827 1928 1013 1985 gemacht,
1042 1930 1242 1975 anderweit
1257 1931 1361 1991 ihren
1373 1930 1589 1990 Urſprung;
1618 1932 1719 1982 denn

270 1983 387 2038 einige
408 1981 655 2029 Vertriebene
678 1988 749 2029 aus
771 1983 954 2039 Boͤhmen
976 1986 1052 2032 und
1077 1973 1253 2040 Maͤhren
1274 1987 1381 2031 ſollen
1402 1987 1473 2032 das
1497 1985 1717 2043 Alterthum

261 2041 373 2092 ihrer
402 2039 578 2096 Religion
602 2038 802 2094 beweiſen,
838 2040 951 2092 daher
983 2041 1117 2088 wollen
1141 2040 1188 2090 ſie
1215 2039 1285 2098 ſich
1308 2042 1365 2090 die
1387 2040 1614 2108 boͤhmiſchen
1638 2045 1717 2098 und

276 2087 500 2147 maͤhriſchen
524 2090 682 2139 Bruͤder
706 2078 848 2149 heiſſen.
910 2093 990 2142 Die
1010 2088 1301 2145 Verfolgungen
1326 2094 1389 2139 der
1412 2093 1607 2148 romiſchen
1634 2098 1718 2142 Ge⸗

271 2152 391 2200 meine
416 2145 529 2199 wider
556 2151 611 2197 die
635 2150 724 2205 noch
752 2151 817 2210 hin
839 2152 916 2198 und
932 2155 1064 2200 wieder
1080 2151 1223 2198 lebende
1237 2152 1524 2210 proteſtantiſche
1542 2154 1718 2213 Chriſten

278 2211 319 2268 in
341 2210 521 2265 Boͤhmen
547 2212 622 2257 und
647 2201 840 2268 Maͤhren,
866 2208 923 2254 die
947 2210 1037 2265 noch
1054 2221 1135 2257 von
1151 2209 1337 2263 Johann
1355 2211 1457 2267 Huß
1478 2214 1555 2259 und
1573 2203 1720 2271 Hiero⸗

275 2268 439 2330 nymus
455 2274 539 2318 von
558 2267 681 2334 Prag
703 2267 983 2328 herſtammten,
1009 2269 1085 2311 und
1101 2266 1170 2325 ſich
1186 2267 1375 2331 Hußiten
1394 2269 1468 2327 und
1486 2267 1718 2331 Taboriten
