1726 2627
1152 346 1227 387 359

668 438 712 475 §§.
736 440 810 475 343.

349 492 415 526 Die
446 491 552 523 Form
584 488 694 522 dieser
724 487 861 521 Einheit
891 488 975 521 oder
1007 486 1061 519 ein
1094 485 1230 518 solches

252 553 389 595 System
413 551 458 582 ist
481 549 588 583 schon
613 561 657 582 an
682 549 755 581 sich
779 550 814 581 in
837 550 902 583 den
926 550 1058 582 bloſsen
1079 547 1229 581 Formen

252 620 314 652 der
341 617 495 652 Urtheile
520 617 713 653 bestimmt;
740 615 893 649 schlieſst
918 616 1027 647 daher
1053 624 1123 648 von
1150 613 1230 645 dem

255 675 484 714 empirischen
504 669 595 703 Stoff
612 670 723 713 längst
742 671 960 712 abgezogen,
978 660 1055 709 jede
1075 672 1138 702 Art
1156 672 1232 701 Em-

254 741 342 782 pirie
364 748 445 777 aus,
468 739 548 770 weil
569 738 617 771 sie
640 735 708 774 von
729 737 967 772 Grundsätzen
989 738 1050 769 der
1070 736 1233 770 Heilkun-

254 805 297 834 de
317 814 338 833 a
354 802 464 843 priori
493 800 549 841 bey
560 793 762 842 gegebenen
783 799 1122 840 Krankheitsfällen,
1142 799 1233 829 ohne

256 878 325 903 erst
345 880 414 904 von
437 870 498 902 der
518 869 711 913 Erfahrung
731 867 968 911 Bestättigung
988 866 1168 900 abwarten
1192 875 1235 897 zu

256 932 414 971 müssen,
439 930 593 973 ausgeht.
622 932 740 964 Daher
766 930 870 964 heiſst
894 931 943 962 sie
966 930 1054 962 auch
1081 929 1136 963 die
1162 940 1236 961 ver-

255 997 411 1041 nünftige
432 995 647 1037 Heilkunde,
668 996 798 1029 welche
820 995 892 1030 sich
913 996 947 1028 in
970 996 1068 1028 ihren
1086 995 1237 1027 Formen

257 1062 364 1095 selbst
385 1070 456 1092 von
476 1060 541 1092 den
564 1060 750 1093 ärztlichen
766 1058 913 1092 Formen
933 1059 992 1090 des
1006 1056 1235 1097 Verstandes,

259 1126 315 1159 die
337 1124 386 1157 sie
407 1123 552 1163 befaſst,
574 1122 839 1156 unterscheidet.

678 1194 723 1234 §§.
746 1197 820 1234 344.

355 1255 414 1289 Ihr
432 1252 672 1297 Heilgeschäft
691 1253 826 1285 besteht
849 1252 883 1285 in
906 1248 1155 1295 Verknüpfung
1176 1250 1241 1283 der

259 1312 517 1358 synthetischen
534 1314 601 1345 und
621 1312 861 1355 analytischen
880 1313 1055 1351 Urtheile,
1074 1311 1178 1343 deren
1192 1312 1241 1352 je-

260 1374 323 1398 des
350 1354 561 1413 Quantität,
582 1353 751 1407 Qualität,
775 1368 936 1396 Relation
959 1368 1028 1395 und
1051 1360 1242 1399 Modalität

259 1443 343 1478 hat;
366 1440 509 1485 folglich
527 1439 635 1473 schon
655 1451 698 1472 an
717 1439 789 1472 sich
807 1440 943 1474 sowohl
960 1441 1038 1482 jede
1057 1440 1159 1472 Form
1181 1438 1241 1471 des

261 1485 444 1533 Urtheils,
471 1491 602 1527 welche
639 1496 708 1536 bey
743 1496 854 1524 einem
891 1496 1009 1533 irgend
1044 1496 1241 1532 gegebenen

259 1568 536 1603 Krankheitsfall
550 1576 621 1600 von
637 1568 731 1600 einer
749 1576 860 1598 neuen
878 1566 1073 1608 Erfahrung
1094 1572 1163 1597 erst
1179 1566 1243 1597 Be-

263 1626 449 1661 stättigung
473 1611 655 1658 erwartet,
680 1623 732 1648 als
756 1622 846 1650 auch
866 1623 944 1659 jede
969 1622 1074 1650 Form
1099 1624 1242 1658 desjeni-

262 1703 327 1736 gen
347 1693 495 1727 Urtheils
516 1691 751 1733 ausschlieſst,
771 1690 903 1731 welche
925 1692 979 1723 die
1002 1690 1111 1724 bloſse
1129 1690 1244 1732 Quan-

260 1753 361 1787 tität,
380 1749 466 1779 oder
482 1748 545 1784 das
565 1748 675 1781 bloſse
693 1739 1064 1786 Gröſsenverhältniſs,
1083 1734 1152 1778 und
1174 1750 1244 1777 die-

263 1824 319 1844 ses
337 1812 433 1842 nicht
452 1812 579 1843 einmal
596 1800 633 1844 in
652 1812 877 1853 Verbindung
896 1813 958 1840 des
964 1810 1159 1841 Prädikats
1182 1814 1245 1840 mit

264 1880 344 1912 dem
367 1877 525 1920 Subjekt,
555 1877 705 1910 sondern
730 1886 793 1908 nur
816 1877 851 1908 in
873 1868 1057 1918 Ansehung
1081 1875 1150 1909 des
1165 1877 1245 1908 Prä-

264 1941 379 1968 dikats
399 1938 503 1966 allein
519 1947 581 1973 zur
600 1938 796 1978 möglichen
815 1932 1051 1973 Erkenntniſs,
1071 1938 1246 1965 Beurthei-

264 2009 347 2052 lung
370 2009 445 2041 und
471 2007 698 2051 Behandlung
724 2007 810 2040 aller
832 2006 1065 2040 Krankheiten
1095 2006 1141 2038 im
1170 2014 1245 2042 aus-

266 2070 512 2116 gedehntesten
532 2071 724 2106 Verstande
746 2069 852 2102 selbst
873 2069 979 2102 schon
1000 2070 1046 2102 da
1067 2070 1123 2103 für
1143 2070 1246 2101 Thie-

265 2137 302 2153 re
332 2126 402 2153 und
428 2119 485 2154 für
509 2127 672 2153 Pflanzen
700 2128 854 2157 enthält,
882 2137 937 2150 wo
966 2116 1053 2150 bloſs
1081 2126 1146 2148 auf
1171 2129 1246 2149 eine
