1713 2430
527 582 583 627 1.
583 582 756 627 Lection.

281 731 364 779 Was
376 729 439 784 ſind
456 740 531 771 denn
558 730 706 777 eigentlich
733 727 779 762 die
801 726 942 770 Baͤume,
966 723 1089 765 Straͤu⸗

324 783 404 824 cher,
426 778 557 816 Kraͤuter
575 783 636 812 und
653 772 855 819 dergleichen?

237 829 443 874 Pflanzen.

281 875 359 916 Was
370 867 415 919 iſt
426 873 487 907 eine
503 869 654 913 Pflanze?

236 917 297 954 Ein
314 907 461 952 Gewaͤchs
478 917 545 946 aus
559 905 609 946 der
623 910 722 951 Erde,
744 910 803 941 das
825 905 904 947 lebt,
927 902 998 939 aber
1010 902 1088 939 keine

184 956 397 1000 Empfindung
409 959 486 1004 hat,
504 959 569 1002 und
576 954 635 998 ſich
653 954 728 997 nicht
744 956 807 991 von
826 953 926 990 einem
940 946 1007 993 Ort
1016 948 1092 982 zum

176 997 308 1045 andern
317 1001 449 1044 bewegen
467 1007 551 1036 kann.

279 1054 348 1088 Wie
364 1051 424 1087 viel
438 1050 532 1087 Arten
549 1046 693 1089 Pflanzen
716 1051 785 1085 mag
811 1047 844 1076 es
870 1041 954 1083 wohl
970 1039 1025 1081 auf
1036 1042 1085 1073 der

290 1091 401 1133 Erde
418 1095 532 1138 geben?

208 1135 317 1176 Man
334 1140 420 1173 kennt
434 1138 515 1176 ſchon
531 1133 603 1168 uͤber
620 1143 727 1167 20000
742 1131 849 1166 Arten.

270 1176 417 1216 Welches
435 1178 495 1216 ſind
511 1174 556 1206 die
571 1172 770 1213 Haupttheile
788 1177 868 1207 einer
883 1165 1039 1208 Pflanze?

227 1217 299 1262 Die
314 1222 455 1260 Wurzel,
478 1224 527 1249 der
540 1224 696 1257 Stamm,
718 1217 768 1257 die
776 1213 923 1251 Blaͤtter,
945 1211 989 1243 die
1005 1208 1085 1243 Blu⸗

176 1265 275 1310 men,
297 1267 342 1302 die
358 1266 467 1308 Frucht
483 1268 542 1299 und
559 1263 611 1302 die
622 1262 733 1296 Keime.

278 1313 427 1354 Wodurch
445 1312 478 1351 iſt
495 1310 539 1348 die
553 1309 675 1355 Pflanze
694 1306 725 1340 in
747 1309 796 1340 der
813 1305 893 1341 Erde
909 1299 1083 1345 befeſtiget?

231 1354 336 1396 Durch
341 1359 405 1393 die
413 1351 547 1392 Wurzel.

276 1400 358 1438 Was
373 1397 539 1440 entſpringt
557 1399 612 1429 aus
620 1386 805 1434 derſelben?

231 1450 299 1482 Der
320 1452 460 1480 Stamm.

275 1498 356 1526 Was
374 1492 493 1527 entſteht
505 1496 567 1521 aus
582 1496 645 1521 dem
666 1481 823 1520 Stamm?

221 1529 336 1578 Aeſte,
358 1533 495 1574 Zweige,
518 1528 618 1570 Laub,
641 1528 758 1565 Bluͤthe
776 1527 836 1557 und
855 1519 990 1566 Fruͤchte.

277 1574 346 1616 Wie
363 1585 453 1614 nennt
469 1585 536 1610 man
551 1572 602 1610 den
606 1575 728 1610 Stamm
746 1579 806 1605 von
814 1574 867 1607 den
877 1566 1079 1605 Grasarten?

230 1624 344 1669 Halm
360 1633 428 1663 oder
445 1623 632 1668 Stengel.

273 1674 355 1709 Was
372 1673 461 1715 findet
476 1677 548 1703 man
561 1667 592 1703 in
608 1672 658 1704 der
675 1666 773 1703 Mitte
786 1668 841 1699 des
857 1661 1034 1699 Stamms?

224 1718 311 1755 Das
319 1714 432 1754 Mark,
451 1718 514 1753 das
527 1720 586 1753 von
610 1712 687 1748 Holz
714 1704 854 1743 umgeben
876 1703 928 1747 iſt,
961 1717 1023 1749 und
1037 1712 1076 1746 an

189 1751 245 1792 das
258 1768 307 1794 ſich
325 1775 376 1799 der
391 1770 521 1798 weichere
539 1761 691 1795 Splint
709 1755 878 1790 anſchließt.

275 1816 343 1851 Wie
358 1814 427 1856 heiſt
442 1812 486 1848 die
502 1809 604 1857 aͤuſere
619 1807 707 1850 Haut
724 1805 801 1842 einer
818 1804 967 1853 Pflanze?

229 1852 367 1891 Rinde.

271 1896 422 1932 Wodurch
444 1897 559 1935 pflanzt
583 1894 630 1926 die
652 1891 767 1929 Frucht
789 1896 859 1923 oder
885 1901 935 1924 der
959 1894 1081 1925 Saame

312 1949 364 1977 der
379 1944 501 1986 Pflanze
524 1943 573 1984 ſich
593 1940 679 1978 fort?

229 1981 330 2022 Durch
363 1987 409 2020 die
440 1976 731 2020 Staubtraͤger
763 1986 831 2015 oder
853 1970 1006 2014 Stengel,
1037 1976 1082 2009 die

175 2024 290 2065 mitten
305 2025 336 2059 in
358 2023 409 2060 der
421 2033 536 2064 Blume
558 2025 643 2061 ſizzen
671 2030 732 2057 und
740 2021 799 2061 die
802 2018 1079 2057 Staubfaͤden.

175 2069 220 2120 (4
237 2071 326 2115 Jun)

591 2119 629 2161 A
629 2119 670 2161 3

939 2111 1081 2146 Woraus
