1685 2500
185 387 310 429 erlaubt
322 391 454 439 geweſen
470 391 565 429 waͤre.
591 393 695 433 Allein
711 394 757 432 die
773 392 866 443 Noth
881 394 965 443 hatte
981 393 1062 433 keine
1076 393 1217 442 Geſezze,

185 438 250 471 und
265 436 397 478 David
413 442 476 477 und
491 438 567 483 ſeine
582 440 773 489 Gefaͤhrten,
787 438 833 474 die
847 442 930 478 keine
939 442 1080 487 Prieſter
1094 451 1213 486 waren,

185 478 294 518 konten
311 485 405 532 daher
427 487 460 519 in
479 485 563 531 ihrer
578 489 768 530 dringenden
782 487 875 534 Noth
897 497 959 523 von
973 492 1071 534 dieſen
1084 493 1215 527 Broten

185 529 277 578 eſſen,
304 533 381 580 ohne
402 535 532 581 deshalb
546 541 683 580 getadelt
699 546 735 581 zu
751 540 886 581 werden,
897 540 1034 586 1Sam.
1051 551 1101 580 21,
1118 547 1151 571 6.
1174 558 1215 593 ⸗ ⸗

182 577 255 618 Der
263 582 402 628 Heiland
413 585 515 630 fuͤhret
524 592 598 622 aber
606 589 677 628 noch
686 592 772 619 einen
788 590 904 621 andern
913 592 1032 623 Grund
1040 599 1094 633 zur
1102 594 1215 631 Recht⸗

180 632 339 680 fertigung
355 635 449 680 ſeiner
463 636 595 684 Juͤnger
609 649 666 681 an,
693 639 839 684 naͤmlich,
861 641 937 687 daß
948 645 1012 678 der
1021 643 1226 689 Sabbath

180 683 245 729 fuͤr
259 693 330 725 den
345 685 567 738 Menſchen,
584 692 665 727 und
682 689 784 731 nicht
800 691 866 729 der
883 690 1051 740 Menſch
1067 692 1132 739 fuͤr
1132 693 1212 740 den

179 734 370 786 Sabbath
385 738 560 788 gemacht
580 740 646 789 ſei,
673 741 787 778 Marc.
804 751 836 783 2,
856 751 911 788 27.
941 744 1011 779 oder
1032 744 1094 789 daß
1118 742 1210 790 ſolche

178 778 340 840 eingeſezte
353 779 510 842 Pflichten
523 798 594 837 zum
608 790 741 837 Nuzzen
758 795 820 828 und
833 793 955 837 Beſten
969 796 1023 830 des
1039 794 1210 841 Menſchen

177 840 342 876 verordnet
355 839 473 883 waͤren,
487 842 550 875 und
566 842 628 886 daß
644 843 697 877 der
711 842 841 888 Menſch
857 845 938 888 nicht
954 847 1065 879 darum
1080 847 1212 890 geſchaf⸗

176 884 227 931 fen
242 890 380 930 worden,
404 888 505 925 damit
519 898 552 923 er
561 888 658 933 ſolche
672 889 835 934 eingeſezte
849 893 1087 936 Anordnungen
1105 905 1141 936 zu
1157 899 1210 936 ſei⸗

176 949 250 974 nem
264 938 438 984 Schaden,
461 942 533 976 oder
552 949 642 977 wenn
662 941 836 987 moraliſche
850 941 1009 992 Pflichten
1025 945 1208 990 dazwiſchen

177 973 306 1030 kamen,
332 979 514 1027 beobachten
535 984 651 1028 moͤgte.
654 987 725 1025 ⸗ ⸗
725 987 846 1027 Noch
861 992 969 1033 mehr:
996 993 1041 1023 im
1053 995 1206 1035 juͤdiſchen

174 1036 273 1085 Geſez
288 1047 354 1074 war
368 1037 417 1075 die
433 1037 606 1084 aͤuſſerliche
619 1040 719 1086 Ruhe
738 1050 791 1075 am
808 1040 1041 1088 Sabbathtage
1058 1041 1207 1091 anbefoh⸗

175 1086 226 1124 len
242 1089 380 1125 worden.
428 1090 529 1129 Denn
542 1088 621 1136 ſechs
636 1089 725 1135 Tage
740 1091 831 1133 ſolten
846 1092 884 1139 ſie
899 1090 1050 1138 arbeiten,
1069 1096 1131 1129 und
1147 1094 1208 1133 alle

175 1138 241 1188 ihre
261 1138 379 1180 Werke
395 1140 491 1189 thun;
528 1137 602 1178 aber
621 1150 674 1178 am
690 1139 841 1189 ſiebenten
857 1141 944 1192 Tage
960 1153 1027 1182 war
1040 1148 1093 1183 der
1110 1143 1208 1186 Sab⸗

174 1192 251 1241 bath
273 1197 344 1231 oder
360 1192 513 1245 Ruhetag
534 1196 589 1233 des
603 1193 728 1243 HErrn
750 1196 835 1246 ihres
855 1197 1008 1240 GOttes:
1036 1210 1075 1237 an
1093 1199 1204 1247 dieſem

173 1247 263 1294 Tage
279 1247 371 1295 ſolten
389 1249 426 1297 ſie
442 1248 525 1288 keine
538 1246 652 1290 Arbeit
674 1247 763 1298 thun.
822 1247 937 1299 Hierin
959 1260 1027 1289 war
1044 1252 1093 1302 ihr
1109 1252 1207 1302 Geſez

172 1295 237 1347 ſehr
252 1295 381 1343 deutlich
399 1301 461 1337 und
476 1298 694 1347 ausdruͤcklich.
753 1302 854 1342 Allein
874 1302 974 1345 nichts
984 1303 1204 1349 deſtoweniger

173 1349 271 1395 muſte
294 1350 365 1396 doch
387 1350 436 1389 ein
458 1353 558 1400 jeder,
593 1357 646 1393 der
667 1355 715 1393 bei
736 1356 919 1401 Erklaͤrung
940 1353 1037 1401 dieſes
1054 1358 1204 1403 Geſezzes

172 1402 271 1445 ſeinen
293 1404 455 1450 Verſtand
472 1402 673 1448 gebrauchte,
697 1405 826 1450 gewahr
846 1408 988 1450 werden,
1011 1410 1073 1456 daß
1085 1409 1205 1450 Werke

170 1453 225 1487 der
239 1449 518 1500 Nothwendigkeit
530 1456 602 1493 und
618 1451 898 1506 Barmherzigkeit
912 1457 1014 1491 davon
1028 1455 1205 1506 auszuneh⸗

170 1506 243 1534 men
258 1505 380 1546 waren,
407 1487 470 1538 und
488 1498 567 1548 daß,
589 1499 621 1538 in
640 1500 751 1543 ſolchen
766 1500 894 1550 Faͤllen,
914 1502 962 1540 die
978 1500 1146 1552 Menſchen
1165 1515 1202 1553 zu

170 1546 310 1587 arbeiten
323 1538 456 1599 ſchuldig
474 1551 550 1596 ſind.
600 1552 659 1593 So
674 1554 750 1597 leſen
765 1552 841 1596 wir,
863 1554 925 1600 daß
941 1554 989 1591 die
1005 1556 1146 1601 Prieſter
1159 1567 1202 1594 an

170 1600 282 1651 dieſem
303 1599 408 1648 Tage,
444 1602 476 1639 in
498 1600 598 1641 einem
626 1605 680 1643 der
699 1603 845 1654 Vorhoͤfe
855 1598 920 1643 des
942 1605 1111 1653 Tempels,
1138 1609 1199 1646 das

168 1653 343 1706 Opfervieh
372 1654 582 1706 ſchlachteten,
617 1657 681 1705 ſehr
703 1658 827 1704 ſchwere
845 1658 958 1698 Arbeit
978 1659 1199 1707 verrichteten,

171 1711 235 1744 und
256 1708 304 1746 die
327 1708 474 1759 noͤthigen
498 1707 601 1756 Opfer
621 1709 838 1758 zubereiteten.
899 1713 971 1751 Und
993 1703 1030 1754 ob
1047 1715 1085 1760 ſie
1100 1711 1200 1761 gleich

168 1753 219 1791 die
232 1754 404 1803 aͤuſſerliche
421 1758 519 1807 Ruhe
538 1760 594 1796 des
610 1755 789 1807 Sabbaths
801 1755 1021 1808 entheiligten,
1046 1761 1074 1806 ſo
1091 1768 1200 1800 waren

170 1801 209 1848 ſie
220 1802 291 1846 doch
307 1803 388 1848 nicht
402 1815 437 1854 zu
452 1806 577 1852 tadeln,
602 1806 664 1841 und
681 1804 788 1853 thaten
802 1804 919 1852 nichts,
939 1807 990 1843 als
1011 1815 1080 1845 was
1104 1807 1142 1854 ſie
1160 1819 1197 1857 zu

171 1853 249 1902 thun
265 1854 395 1902 ſchuldig
413 1868 531 1895 waren.
594 1859 680 1900 War
701 1856 775 1897 aber
797 1863 850 1896 der
867 1860 984 1907 Dienſt
1005 1863 1049 1899 im
1065 1860 1199 1906 Tempel

169 1900 253 1952 ſchon
266 1914 304 1951 zu
314 1903 397 1951 ihrer
410 1910 677 1957 Entſchuldigung
690 1907 876 1956 zureichend,
897 1918 952 1946 um
968 1908 1026 1946 wie
1041 1909 1197 1961 vielmehr

169 1958 257 1999 konte
268 1959 410 2010 JEſus,
430 1966 484 2003 der
505 1971 566 2001 von
580 1961 743 2011 groͤſſerem
757 1965 898 2012 Anſehen
919 1968 982 2004 und
1000 1966 1125 2007 Wuͤrde
1146 1969 1198 2007 als

169 2015 224 2053 der
240 2013 371 2057 Tempel
387 2024 472 2061 war,
495 2017 572 2062 ſeine
593 2014 728 2066 Juͤnger
750 2017 782 2055 in
804 2015 913 2064 dieſem
939 2018 1103 2066 beſondern
1124 2018 1197 2066 Fall

167 2065 227 2112 frei
247 2064 409 2116 ſprechen?
440 2070 542 2115 Unſer
557 2070 697 2119 Heiland
719 2071 822 2119 fuͤhret
843 2068 971 2118 hierauf
983 2068 1032 2109 die
1044 2072 1197 2121 vorgeſez⸗

169 2122 220 2156 ten
234 2120 350 2161 Worte
371 2130 429 2158 an:
462 2121 598 2163 Wenn
620 2120 689 2167 ihr
702 2124 761 2163 die
777 2124 987 2164 Meinung
1008 2127 1075 2163 des
1089 2125 1197 2166 Aus⸗

168 2157 307 2204 drucks
335 2159 576 2213 verſtuͤndet:
625 2167 694 2216 Jch
718 2165 797 2212 habe
826 2152 1061 2214 Wohlgefallen
1079 2179 1120 2205 an
1142 2172 1196 2206 der
