1658 2319
524 280 646 352 186

745 286 817 342 Die
847 286 1127 346 Verſicherung
1130 286 1213 336 das
1226 293 1355 339 GOtt

538 395 600 440 der
608 391 776 453 Zukunft
792 391 927 453 Chriſti
944 396 1006 444 ins
1023 394 1169 455 Fleiſch,
1184 398 1308 445 davon
1326 398 1395 445 wir
1411 398 1556 456 ſingen:

537 452 651 501 Sein
673 450 773 508 Lauf
797 451 878 499 kam
897 466 975 501 von
993 456 1123 504 Vater
1140 456 1215 511 her.
1271 457 1330 505 Er
1352 458 1449 506 eilete
1464 457 1557 512 auch

539 512 609 557 den
626 508 821 560 Suͤndern
836 515 1033 566 entgegen,
1051 511 1112 559 als
1128 526 1165 560 er
1183 514 1222 561 in
1249 516 1318 562 den
1337 517 1471 569 Tagen
1499 515 1558 572 ſei⸗

537 573 606 614 nes
631 566 805 625 Fleiſches
829 569 957 624 umher
982 581 1068 626 zog,
1087 573 1165 618 und
1189 574 1228 620 in
1246 575 1360 623 denen
1377 575 1556 625 Staͤdten

536 629 615 673 und
632 629 776 683 Flecken
791 632 862 677 das
880 630 1130 685 Evangelium
1151 632 1324 689 predigte.
1377 636 1558 685 Warum

536 682 671 739 ſendete
689 686 817 735 GOtt
827 687 877 733 im
889 688 986 734 alten
998 686 1212 744 Teſtament
1236 692 1290 736 die
1303 690 1556 750 Propheten?

534 745 671 791 darum
688 743 760 798 daß
769 758 805 793 er
815 748 896 793 dem
907 746 1030 795 Volck
1038 746 1206 803 anzeigen
1217 747 1302 805 ließ,
1314 763 1352 798 er
1366 749 1422 808 ſey
1432 750 1557 806 bereit,

535 801 581 859 ſie
608 808 681 850 aus
707 804 820 858 ihrem
842 804 1045 863 ſuͤndlichen
1075 807 1295 861 Verderben
1322 823 1366 866 zu
1388 816 1554 861 erretten.

533 862 623 910 Und
649 862 696 908 da
714 847 911 920 CHriſtus
928 862 1018 920 ſeine
1034 860 1188 921 Apoſtel
1213 865 1399 921 ausgehen
1418 865 1495 925 hieß
1513 869 1554 914 in

533 923 603 968 alle
619 921 756 977 Welt,
781 923 852 970 das
871 921 1123 979 Evangelium
1150 936 1196 980 zu
1218 925 1390 982 predigen,
1442 927 1554 986 ſiehe!

532 978 582 1023 da
600 976 667 1034 lief
694 973 734 1031 er
732 978 802 1023 den
820 978 976 1036 Heyden
991 986 1176 1035 entgegen.
1231 982 1289 1032 Er
1301 985 1386 1040 thut
1403 989 1443 1030 es
1460 983 1553 1037 auch

532 1038 694 1094 eintzelen
724 1037 956 1099 Perſohnen.
1008 1041 1151 1100 Ziehet
1173 1040 1276 1099 nicht
1293 1049 1363 1095 der
1379 1046 1568 1097 Vater?

529 1094 628 1153 ſonſt
643 1095 748 1145 koͤnte
766 1097 803 1152 ja
821 1097 992 1144 niemand
1011 1112 1094 1154 zum
1103 1100 1235 1157 Sohn
1253 1100 1434 1150 kommen.
1450 1102 1551 1159 Joh.

532 1156 573 1205 6,
589 1168 660 1209 44.
677 1154 811 1212 Fuͤhlet
826 1160 887 1206 der
906 1157 1066 1217 Menſch
1082 1160 1184 1208 einen
1203 1161 1339 1219 Trieb,
1353 1161 1422 1219 ſich
1433 1164 1551 1218 wahr⸗

528 1211 648 1269 haftig
667 1226 710 1268 zu
728 1212 894 1270 bekehren,
935 1215 972 1273 ſo
990 1217 1076 1273 liegt
1092 1223 1132 1264 es
1147 1218 1246 1275 nicht
1269 1232 1321 1266 an
1334 1218 1476 1279 ſeinem
1501 1221 1551 1267 ei⸗

528 1282 645 1325 genen
664 1274 825 1322 Wollen
844 1278 937 1324 oder
946 1274 1141 1333 Lauffen/
1165 1275 1335 1332 ſondern
1351 1290 1406 1326 an
1418 1280 1551 1331 GOt⸗

528 1338 592 1380 tes
619 1332 874 1384 Erbarmen.
921 1335 1043 1383 Roͤm.
1064 1349 1103 1390 9,
1129 1341 1193 1382 16.
1211 1336 1331 1391 Dazu
1346 1338 1433 1385 aber
1452 1339 1496 1388 iſt
1510 1350 1549 1384 er

530 1393 631 1441 gantz
644 1385 773 1444 bereit,
791 1391 888 1436 denn
903 1393 1008 1447 wahr
1025 1391 1114 1449 iſts,
1130 1394 1262 1444 GOtt
1286 1394 1331 1452 iſt
1347 1395 1439 1453 noch
1460 1394 1549 1456 ſtets

527 1449 661 1505 bereit,
689 1453 757 1498 den
779 1451 948 1503 Suͤnder
967 1454 1035 1500 mit
1054 1451 1376 1513 Barmhertzigkeit
1392 1467 1440 1506 ꝛc.

620 1570 721 1621 Wir
730 1571 870 1625 lauffen
882 1574 950 1619 mit
965 1575 1035 1621 den
1044 1574 1192 1631 Fuͤſſen.
1206 1576 1288 1623 Die
1302 1577 1412 1632 Fuͤſſe
1420 1580 1547 1622 GOt⸗

525 1626 583 1668 tes
592 1619 670 1678 ſind
687 1621 756 1678 ſein
765 1625 906 1680 Wort,
918 1622 1040 1680 Geſetz
1051 1629 1127 1673 und
1140 1625 1399 1682 Evangelium.
1409 1623 1544 1682 Durch

523 1680 596 1726 das
606 1677 730 1736 Geſetz
753 1681 846 1728 wird
862 1693 959 1738 zwar
973 1674 1038 1730 der
1050 1684 1219 1736 Suͤnder
1242 1684 1439 1742 erſchrecket,
1450 1680 1544 1744 daß

523 1754 562 1789 er
572 1755 636 1800 zur
644 1744 854 1803 Erkaͤntniß
869 1745 983 1803 ſeines
998 1744 1203 1804 ſuͤndlichen
1212 1749 1375 1799 Elendes
1384 1750 1543 1800 kommt;

522 1798 610 1846 aber
633 1798 725 1853 auch
746 1800 900 1858 zugleich
920 1799 1152 1861 aufgewecket,
1159 1805 1252 1862 daß
1268 1821 1305 1853 er
1323 1807 1391 1864 ſich
1400 1807 1542 1865 aufma⸗

522 1857 611 1914 chen
630 1861 708 1905 und
718 1860 975 1919 wiederkehren
991 1861 1078 1919 ſoll:
1092 1868 1189 1913 denn
1205 1870 1245 1913 es
1263 1865 1306 1923 iſt
1324 1870 1393 1916 der
1400 1866 1543 1922 Zucht⸗

522 1919 696 1974 Meiſter
727 1919 806 1976 auf
831 1922 1058 1980 Chriſtum.
1076 1923 1176 1974 Gal.
1203 1936 1243 1978 3,
1265 1938 1335 1979 24.
1371 1929 1469 1978 Wie
1487 1927 1542 1974 ein

521 1977 821 2040 Zucht⸗Meiſter
837 1981 984 2039 treibet,
1003 1982 1076 2042 daß
1097 1996 1188 2034 man
1201 1988 1272 2035 das
1293 1987 1398 2046 Boͤſe
1420 1987 1544 2043 laſſen,

1460 2040 1552 2083 und
