1539 2414
429 501 528 546 dieſes
545 502 785 554 abgeſchnittene
808 511 914 552 Stuͤck
938 512 972 548 in
998 513 1248 565 gegenwaͤrtigen
1273 519 1349 566 Fall

432 565 478 585 =
496 559 610 600 42161;
633 561 697 594 und
715 563 773 597 AC
788 566 835 603 =
851 565 881 611 ⅚.
892 574 1076 603 10000000
1097 570 1158 616 alſo
1185 570 1258 617 coſ
1253 571 1288 623 A
1299 584 1346 605 =

1063 664 1126 713 daß
1141 666 1203 712 alſo
1215 667 1263 706 die
1280 669 1346 710 Er⸗

428 719 575 767 gaͤnzung
610 730 664 761 des
680 727 826 769 Winkels
850 736 876 767 A
900 730 1042 780 zwiſchen
1066 748 1100 780 17
1120 741 1184 776 und
1202 747 1235 782 18
1246 740 1339 780 Min.

429 764 519 817 faͤllt,
547 776 619 810 oder
637 775 665 809 A
681 786 724 806 =
740 784 805 824 89°
828 784 881 826 42'
910 782 930 819 +
946 780 1000 827 iſt;
1036 784 1125 825 Man
1146 790 1260 827 nimmt
1275 790 1339 829 alſo

429 824 478 863 die
494 823 624 864 Winkel
641 826 695 869 bey
720 833 743 864 A
755 836 819 870 und
837 834 860 869 B
871 832 928 878 fuͤr
949 833 1043 874 rechte
1070 849 1121 875 an.
1190 840 1274 879 Nun
1291 843 1341 884 ſey

425 886 451 924 z.
460 873 505 914 E.
525 877 573 915 die
587 878 702 919 Breite
720 881 804 923 eines
820 884 920 924 Ortes
934 887 999 921 60°
1024 886 1070 931 25'
1097 893 1161 928 und
1176 892 1252 937 ſeine
1264 894 1339 931 Laͤn⸗

424 941 463 977 ge
478 940 525 962 =
544 938 607 970 20°
633 939 679 972 12'
703 936 732 982 ſo
749 940 857 990 nehme
871 950 945 979 man
967 941 1023 976 AF
1043 952 1087 973 =
1106 946 1158 995 25⁄60.
1184 949 1243 985 AK
1272 953 1338 989 und

424 983 484 1023 AE
500 992 544 1013 =
560 983 613 1033 12/60.
633 985 708 1029 AL;
731 992 760 1033 ſo
776 995 842 1040 gibt
861 993 915 1042 ſich
934 992 982 1030 die
997 991 1103 1035 Stelle
1119 1005 1160 1039 G.

473 1056 522 1099 65.
547 1052 624 1103 Zuſ.
650 1058 718 1105 Hat
737 1071 812 1099 man
838 1074 898 1100 nur
913 1060 986 1105 noch
1009 1062 1097 1102 einen
1114 1068 1177 1109 Ort
1192 1072 1242 1114 H;
1259 1071 1334 1110 eben

423 1100 455 1147 ſo
471 1101 672 1152 verzeichnet,
704 1110 732 1154 ſo
755 1113 822 1160 laͤßt
848 1111 903 1156 ſich
932 1113 1015 1159 jeder
1038 1116 1149 1152 andere
1176 1122 1186 1153 1
1208 1124 1268 1166 auf
1285 1125 1335 1159 die

422 1152 543 1204 Charte
561 1155 708 1207 bringen,
723 1165 820 1207 deſſen
831 1163 1072 1210 Entfernungen
1087 1173 1146 1203 von
1164 1171 1248 1215 jeden
1265 1176 1334 1219 bey⸗

420 1211 481 1247 den
510 1222 586 1249 man
619 1215 651 1253 in
675 1214 844 1259 bekannten
878 1214 1029 1264 Maaſſe,
1085 1230 1109 1268 z.
1131 1223 1176 1264 E.
1199 1226 1332 1275 Fuſſen,

419 1257 558 1308 Meilen,
576 1274 615 1302 ꝛc.
634 1268 721 1316 weiß.
774 1271 867 1311 Man
884 1271 987 1311 druͤcke
1000 1269 1152 1319 naͤhmlich
1165 1279 1240 1321 dieſe
1249 1280 1332 1321 Ent⸗

419 1304 591 1352 fernungen
604 1319 695 1357 durch
709 1320 817 1364 Theile
836 1320 892 1353 des
907 1317 1038 1356 Grades
1057 1316 1113 1353 AK
1129 1326 1189 1356 aus
1204 1331 1267 1360 und
1282 1332 1332 1364 be⸗

417 1360 546 1409 ſchreibe
571 1368 627 1401 mit
651 1374 708 1405 den
732 1375 863 1414 Laͤngen,
888 1371 936 1409 die
963 1382 1037 1410 man
1049 1370 1265 1423 ſolchergeſtalt
1282 1382 1331 1419 be⸗

416 1411 556 1454 koͤmmt,
581 1420 629 1451 als
652 1425 711 1455 mit
737 1425 857 1460 Seiten
891 1422 940 1459 ein
963 1419 1104 1466 Dreyeck
1137 1425 1210 1467 uͤber
1241 1431 1328 1480 GH;

417 1468 544 1513 welches
569 1472 581 1505 I
606 1473 700 1521 geben
726 1479 825 1520 wird,
851 1487 912 1514 nur
931 1479 995 1522 daß
1022 1488 1096 1517 man
1122 1479 1195 1529 noch
1224 1485 1326 1535 wiſſen

415 1516 511 1566 muß,
536 1521 597 1567 auf
608 1528 733 1571 welcher
751 1527 849 1569 Seite
870 1538 931 1567 von
947 1529 1034 1573 GH;
1051 1530 1065 1563 I
1080 1521 1161 1582 liegt.

478 1587 585 1627 Waͤre
610 1602 632 1634 z.
648 1591 694 1630 E.
714 1594 764 1630 die
787 1594 994 1642 Entfernung
1018 1598 1075 1633 des
1099 1598 1210 1640 dritten
1227 1602 1327 1645 Ortes

413 1640 476 1677 von
500 1636 531 1684 G
546 1653 597 1680 =
616 1645 737 1701 11421,5
751 1646 890 1700 Toiſen;
917 1645 948 1695 ſo
976 1641 1101 1697 betruͤge
1128 1648 1170 1698 ſie
1197 1651 1218 1712 ⅕
1242 1659 1323 1706 eines

413 1694 547 1733 Grades
562 1695 637 1742 (20)
652 1700 740 1735 und
723 1701 743 1750 I
757 1701 863 1740 wuͤrde
877 1703 932 1750 ſich
948 1703 977 1739 in
997 1703 1096 1741 einem
1109 1704 1216 1752 Kreiſe
1227 1711 1323 1760 befin⸗

409 1756 490 1796 den,
505 1755 557 1789 der
575 1753 605 1789 G
626 1766 692 1802 zum
702 1757 931 1808 Mittelpuncte
947 1765 1012 1799 und
1030 1759 1051 1809 ⅕
1068 1762 1126 1799 AK
1142 1775 1212 1813 zum
1222 1768 1322 1818 Halb⸗

410 1799 518 1838 meſſer
533 1797 628 1842 haͤtte.

461 1886 517 1922 66.
537 1883 617 1931 Zuſ.
628 1884 753 1934 Wuͤßte
766 1901 842 1930 man
859 1894 909 1932 die
916 1891 1138 1939 Weltgegend,
1155 1897 1229 1942 nach
1248 1900 1320 1941 wel⸗

407 1931 474 1975 cher
486 1938 541 1971 der
555 1935 647 1973 dritte
663 1934 726 1975 Ort
743 1946 807 1978 von
831 1942 862 1977 G
883 1940 991 1989 zulaͤge
1016 1942 1100 1991 nebſt
1122 1945 1213 1991 ſeiner
1236 1950 1321 1992 Ent⸗

406 1980 543 2034 fernung
558 1991 621 2023 von
632 1984 673 2029 G,
692 1984 723 2034 ſo
736 1987 808 2040 zoͤge
818 2001 894 2031 man
908 1990 974 2032 eine
985 1990 1065 2034 Linie
1084 1994 1116 2036 in
1133 1997 1189 2037 den
1199 2001 1319 2053 gehoͤri⸗
