1850 2558
908 597 1046 643 Weib,
1061 598 1130 638 der
1145 596 1216 649 ſoll
1230 600 1301 640 des
1315 598 1450 644 Todes
1466 599 1624 651 ſterben,
1641 600 1743 652 beyde

909 651 1155 691 Ehebrecher
1165 654 1247 681 und
1260 654 1561 696 Ehebrecherin,
1573 648 1671 685 Levit.
1681 639 1741 689 XX,

916 715 973 739 10.
997 704 1105 743 Eine
1112 704 1249 749 Dirne,
1260 710 1322 743 die
1341 708 1504 753 gehuret
1514 709 1587 757 hat
1601 709 1642 750 in
1650 703 1744 756 ihres

905 756 1196 808 VatersHauß,
1202 759 1265 815 ſoll
1274 768 1320 807 zu
1331 757 1421 799 todt
1429 761 1650 814 geſteiniget
1664 749 1745 809 wer⸗

906 810 989 854 den,
1003 811 1091 844 Deut.
1112 811 1195 863 XXll,
1205 822 1251 865 21.
1255 816 1390 858 ſondern
1399 817 1466 851 will
1478 816 1556 860 noch
1564 825 1615 855 ein
1626 811 1740 863 ſonder⸗

906 864 1007 905 bares
1025 861 1164 912 Gericht
1175 876 1219 906 an
1231 876 1335 912 jenem
1351 868 1454 918 Tage
1465 865 1546 913 uͤber
1564 872 1605 923 ſie
1622 868 1741 921 halten,

908 918 976 951 und
987 917 1067 961 ſeine
1084 920 1228 968 geꝛechte
1248 921 1339 962 Sache
1350 930 1394 959 an
1405 924 1501 963 ihnen
1512 914 1675 962 ausuͤben:
1692 909 1745 967 Die

907 970 1038 1011 Hurer
1047 966 1130 1007 und
1141 973 1386 1019 Ehebrecher
1395 977 1499 1012 wird
1514 975 1641 1017 GOtt
1656 964 1738 1013 rich⸗

905 1031 981 1070 ten,
992 1026 1067 1063 Ebr.
1076 1026 1163 1069 XIll,
1180 1038 1236 1071 14.
1254 1027 1449 1081 Offenbar
1466 1028 1552 1080 ſind
1563 1036 1625 1076 die
1640 1029 1741 1076 Wer⸗

904 1078 966 1116 cke
975 1080 1043 1117 des
1058 1076 1261 1127 Fleiſches,
1278 1085 1341 1118 als
1354 1084 1404 1119 da
1422 1082 1509 1130 ſind
1526 1072 1740 1134 Ehebruch,

905 1132 1093 1178 Hurerey,
1104 1130 1382 1184 Unreinigkeit,
1399 1136 1585 1179 Unzucht,
1598 1141 1645 1176 ꝛc.
1668 1131 1739 1172 von

905 1186 1078 1221 welchen
1089 1185 1148 1221 ich
1163 1187 1255 1222 euch
1264 1189 1364 1232 habe
1378 1197 1501 1227 zuvor
1509 1188 1653 1237 geſagt,
1666 1174 1741 1221 und

907 1239 993 1281 ſage
1004 1238 1102 1270 noch
1111 1246 1245 1277 zuvor,
1252 1240 1332 1283 daß
1342 1242 1404 1273 die
1415 1242 1557 1286 ſolches
1567 1222 1737 1290 thun,
1685 1222 1739 1292 ſol⸗

904 1293 1047 1334 len(niſi
1057 1290 1347 1339 refipiſcant)das
1370 1294 1473 1346 Reich
1490 1295 1615 1347 GOttes
1632 1278 1739 1348 nicht

901 1345 1029 1390 erben,
1045 1344 1150 1386 Gal.V,
1179 1354 1266 1391 19.
1229 1356 1273 1397 21.
1289 1347 1313 1397 1.
1325 1347 1386 1386 Cor.
1405 1348 1445 1391 Vl,
1461 1361 1482 1395 9.
1501 1360 1542 1390 10.
1561 1344 1665 1400 Alleine
1681 1345 1738 1390 die⸗

900 1399 948 1439 ſer
959 1400 1054 1438 Eifer
1065 1400 1123 1432 des
1134 1398 1269 1441 HErrn
1281 1399 1417 1434 brennet
1426 1409 1489 1435 nur
1498 1403 1603 1452 wider
1612 1398 1670 1442 die,
1678 1385 1760 1434 und

900 1454 980 1499 dieſe
1005 1453 1156 1501 Straffe
1172 1456 1259 1493 wird
1280 1460 1344 1493 nur
1368 1456 1469 1495 denen
1487 1449 1736 1507 angekuͤndiget,

903 1507 1023 1544 welche
1033 1510 1066 1538 in
1082 1508 1214 1552 ſolchen
1235 1506 1364 1554 Suͤnden
1373 1511 1454 1551 ohne
1462 1509 1546 1547 Reu
1562 1509 1629 1549 und
1636 1491 1735 1548 Buſſe

901 1560 1009 1589 leben.
1036 1560 1112 1592 Und
1120 1562 1214 1598 gehet
1222 1565 1331 1592 keines
1340 1566 1452 1600 weges
1462 1563 1640 1605 diejenigen
1649 1558 1703 1593 an,
1710 1542 1736 1590 ſo

898 1613 933 1646 in
944 1614 1000 1648 der
1007 1614 1147 1657 Zeit
1112 1619 1172 1666 der
1168 1615 1318 1652 Gnaden
1328 1612 1531 1665 umkehren,
1550 1613 1618 1666 ihre
1627 1603 1736 1659 Miſſe⸗

898 1666 1012 1702 thaten
1023 1670 1085 1698 mit
1099 1667 1304 1716 unzaͤhlichen
1327 1669 1469 1718 Thraͤnen
1485 1664 1675 1716 beſeufftzen,
1675 1650 1737 1714 und

893 1719 1106 1770 umCHriſti
1128 1722 1249 1760 Blutes
1258 1726 1325 1757 und
1335 1725 1562 1771 Verdienſtes
1570 1720 1677 1764 willen
1684 1709 1736 1755 bey

896 1784 1010 1830 GOtt
1019 1786 1145 1832 Gnade
1156 1786 1282 1840 ſuchen.

946 1875 1039 1922 Ergo
1048 1878 1126 1914 weil
1135 1878 1186 1920 ihr
1195 1892 1271 1917 euer
1280 1883 1416 1926 voriges
1427 1873 1634 1931 unzuͤchtiges
1642 1870 1736 1922 Leben

893 1930 1077 1971 verlaſſen,
1102 1935 1170 1964 und
1179 1937 1256 1969 euch
1266 1939 1365 1973 durch
1375 1940 1491 1976 wahre
1499 1935 1613 1981 Buſſe
1622 1922 1733 1970 wieder

892 1985 953 2027 bey
963 1983 1120 2029 CHriſto
1136 1987 1368 2030 eingefunden,
1387 1994 1471 2030 auch
1487 1993 1568 2035 dieſe
1585 1979 1734 2033 Suͤnden

892 2038 1067 2081 beſtaͤndig
1085 2037 1141 2075 biß
1159 2040 1213 2069 ins
1229 2039 1337 2076 Grab
1349 2043 1459 2083 haſſen
1476 2045 1601 2083 wollet,
1616 2037 1646 2084 ſo
1656 2021 1752 2074 wird

889 2097 1002 2123 weder
1012 2087 1076 2123 das
1088 2092 1223 2132 zeitliche
1237 2094 1315 2131 noch
1326 2097 1430 2133 ewige
1444 2097 1560 2137 Weh,
1576 2095 1606 2138 ſo
1630 2080 1734 2133 GOtt

891 2150 994 2175 denen
1007 2148 1149 2183 Hurern
1160 2152 1201 2173 ꝛc.
1214 2146 1375 2193 gedrohet,
1383 2151 1446 2194 euch
1465 2150 1588 2195 treffen,
1604 2142 1667 2195 denn
1689 2126 1734 2176 ihr

884 2204 921 2235 ja
933 2212 1002 2229 nun
1014 2203 1099 2238 nicht
1109 2202 1202 2239 mehr
1212 2204 1309 2232 unter
1317 2204 1375 2234 der
1382 2201 1470 2244 Zahl
1479 2203 1578 2248 dieſer
1586 2181 1734 2246 gottloſen
