1706 2455
631 368 722 394 deckte
741 369 808 393 man
830 361 899 399 ſeine
917 363 1080 399 Abſichten:
1114 365 1170 393 und
1192 369 1251 394 nun
1251 358 1413 398 vereitelte
1430 363 1498 394 eben

634 414 687 444 das
706 410 780 443 Volk
804 412 854 440 den
877 407 993 446 groͤßten
1016 409 1099 446 Theil
1119 409 1205 439 ſeines
1224 409 1355 445 Planes,
1386 409 1450 439 weil
1469 413 1500 439 es

639 464 685 487 mit
703 455 792 490 Recht
811 450 851 477 die
864 448 1044 485 Ariſtokratie
1064 451 1109 479 der
1122 448 1256 484 Adeligen
1280 448 1343 484 doch
1366 448 1431 483 noch
1450 448 1501 478 im⸗

632 514 693 534 mer
708 512 773 533 dem
789 502 999 538 Deſpotismus
1013 506 1059 534 der
1074 504 1200 540 Prieſter
1215 508 1326 538 vorzog.

719 555 753 579 Es
773 546 871 578 gelang
892 542 971 579 indeß
989 546 1047 573 dem
1057 542 1207 578 Kardinal,
1230 544 1257 572 in
1274 544 1399 580 gewiſſen
1412 542 1502 575 Ruͤck⸗

640 600 724 636 ſichten
751 597 802 625 das
815 594 943 630 Anſehen
966 597 1013 625 des
1029 595 1148 627 Senats
1168 603 1199 630 zu
1222 595 1416 629 vermindern,
1444 595 1501 625 und

639 647 677 673 die
694 643 796 675 Macht
813 644 859 671 des
875 641 1001 679 Papſtes
1019 649 1051 678 zu
1073 642 1250 679 vergroͤßern.
1291 643 1331 675 Er
1346 642 1501 677 vermehrte

640 697 676 725 die
692 688 802 728 Anzahl
823 690 869 717 der
883 687 1070 723 Senatoren,
1094 696 1141 718 um
1163 688 1232 724 deſto
1247 689 1324 726 mehr
1340 688 1500 720 Kreaturen

632 742 772 770 darunter
793 744 824 772 zu
853 735 950 773 haben.
996 736 1060 773 Jhr
1078 735 1237 773 Kollegium
1261 737 1349 774 waͤhlt
1377 737 1424 772 ſich
1448 737 1500 768 alle

632 794 701 821 zwei
713 781 863 819 Monathe
890 783 931 811 ein
955 782 1140 818 Oberhaupt,
1176 787 1257 812 unter
1278 784 1337 812 dem
1359 781 1501 813 Namen:

638 830 911 866 Gonfaloniere*);
929 834 984 860 und
998 831 1065 866 dieſe
1075 830 1199 866 Wahlen
1215 830 1271 867 ſind
1288 831 1387 861 immer
1396 831 1501 862 Volks⸗

634 883 704 919 feſte.
749 875 841 913 Jeder
855 882 910 905 von
926 878 976 906 den
992 878 1091 913 vierzig
1105 876 1275 908 Senatoren
1292 876 1340 913 hat
1355 877 1382 907 in
1400 876 1500 913 ſeinem

643 931 736 961 Hotel,
760 927 824 959 das,
848 926 910 954 weil
926 926 968 956 die
983 925 1093 957 Wuͤrde
1106 925 1203 960 erblich
1218 925 1261 960 iſt,
1284 926 1383 956 immer
1397 925 1437 955 bei
1454 927 1501 955 der

634 978 749 1002 Familie
765 970 869 1000 bleiben
885 969 962 1004 muß,
984 977 1027 1000 ein
1038 970 1280 1005 Staatszimmer.
1302 970 1378 1002 Dies
1389 969 1501 1005 braucht

634 1032 668 1055 er
679 1030 756 1054 nur,
778 1025 859 1047 wenn
879 1022 907 1048 er
928 1015 1211 1054 Gonfaloniere
1229 1021 1377 1054 geworden
1398 1017 1446 1054 iſt,
1467 1024 1499 1053 zu

631 1072 693 1099 den
704 1063 906 1098 Ceremonien;
935 1065 991 1094 und
1009 1063 1132 1094 alsdann
1153 1063 1219 1098 muß
1242 1071 1269 1093 er
1290 1062 1355 1097 auch
1379 1063 1447 1100 ſeine
1460 1064 1500 1095 Li⸗

640 1115 839 1145 vreibedienten
859 1109 1021 1148 vermehren
1037 1114 1092 1142 und
1108 1110 1264 1147 uͤberhaupt
1282 1110 1415 1147 groͤßeren
1429 1109 1500 1146 Auf⸗

637 1169 725 1191 wand
757 1158 858 1189 machen.

721 1208 752 1237 Es
771 1204 844 1240 giebt
859 1205 887 1235 in
904 1206 950 1236 der
964 1205 1063 1239 Stadt
1077 1204 1215 1242 Bologna
1234 1206 1276 1235 ein
1293 1205 1432 1237 Tribunal
1454 1205 1501 1241 fuͤr

632 1252 818 1290 Civilſachen,
840 1252 952 1287 welches
980 1254 1026 1284 die
1038 1247 1134 1292 Rota
1148 1252 1235 1289 heißt,
1255 1256 1312 1283 und
1329 1254 1413 1290 deſſen
1423 1254 1500 1285 Mit⸗

634 1313 747 1337 glieder,
774 1300 826 1329 wie
842 1299 869 1328 in
884 1298 981 1334 Rom,
1001 1298 1210 1330 Auditoren
1234 1305 1359 1334 genannt
1379 1300 1499 1329 werden.

712 1355 777 1376 Der
801 1345 1086 1386 Gonfaloniere
1115 1346 1163 1382 hat
1185 1354 1217 1382 zu
1240 1345 1329 1382 ſeinen
1349 1345 1499 1377 Amtsver⸗

635 1399 795 1429 richtungen
823 1393 882 1428 acht
899 1393 1030 1430 Konſuln
1052 1392 1211 1431 (Anziani,
1238 1394 1385 1430 Beiſitzer)
1412 1394 1499 1424 neben

635 1448 707 1487 ſich;
725 1442 784 1475 und
807 1440 872 1472 noch
888 1439 1036 1475 außerdem
1059 1440 1177 1477 ſechzehn
1193 1439 1338 1472 Tribunen
1360 1442 1407 1470 des
1424 1440 1499 1472 Vol⸗

635 1492 698 1524 kes,
714 1487 815 1526 welche
828 1486 1033 1517 Gonfalonieri
1056 1487 1102 1516 del
1116 1486 1227 1525 popolo
1242 1492 1367 1524 genannt
1387 1490 1498 1519 werden

632 1545 694 1565 und
715 1544 761 1567 alle
776 1537 834 1566 vier
846 1534 996 1572 Monathe
1008 1536 1147 1572 wechſeln.
1195 1537 1283 1572 Dieſe
1297 1535 1418 1573 ſechzehn
1433 1536 1498 1568 Tri⸗

639 1591 725 1619 bunen
747 1581 821 1617 ſind:
855 1588 899 1612 ein
921 1581 1182 1619 Rechtsgelehrter,
1216 1582 1260 1612 ein
1279 1581 1412 1619 Kuͤnſtler
1433 1585 1498 1614 oder

637 1633 802 1666 Notarius,
825 1630 890 1664 zwei
908 1629 1095 1663 Senatoren,
1117 1631 1175 1661 vier
1189 1630 1322 1666 Adelige,
1344 1631 1403 1662 vier
1416 1631 1498 1662 Buͤr⸗

637 1692 682 1715 ger
696 1683 739 1717 der
752 1670 862 1703 Stadt,
878 1672 935 1699 und
942 1670 1010 1711 vier
1018 1669 1189 1704 Kaufleute;
1211 1660 1267 1700 und
1282 1669 1333 1699 alle
1348 1669 1416 1707 dieſe
1429 1675 1499 1699 wer⸗

634 1731 687 1754 den
701 1731 766 1756 von
753 1721 852 1757 ihren
866 1721 970 1758 Kaſten
984 1724 1048 1753 oder
1062 1718 1199 1754 Staͤnden
1214 1721 1345 1759 gewaͤhlt.

717 1776 770 1800 Ein
784 1768 867 1806 Theil
883 1770 928 1799 der
942 1769 1142 1805 verſchiedenen
1156 1767 1260 1806 Zuͤnfte
1271 1772 1388 1800 ernennt
1410 1769 1497 1806 ſieben

635 1829 693 1860 und
709 1815 831 1853 zwanzig
846 1813 1013 1854 Perſonen,
1032 1815 1128 1853 welche
1144 1819 1196 1849 den
1211 1815 1332 1854 ſechzehn
1348 1816 1497 1849 Tribunen

665 1923 694 1954 *)
717 1919 806 1952 Dieſer
826 1919 916 1951 Name
934 1918 1070 1955 entſpricht
1086 1922 1155 1952 etwa
1172 1919 1230 1952 dem
1247 1917 1395 1957 Deutſchen
1416 1919 1496 1953 Wor⸗

701 1955 747 1989 te:
773 1956 1012 2001 Bannerherr.
