2078 2967
651 448 739 520 826

888 460 1016 504 Vom
1045 460 1262 509 geiſtlichen
1304 454 1481 513 Kampf
1495 453 1583 504 und
1617 457 1745 512 Sieg.

714 555 783 589 10.
816 546 959 596 Reiche
977 547 1134 592 deinem
1145 532 1285 588 ſchwa⸗

654 609 748 660 chen
763 608 912 663 Kinde,
943 610 1019 657 das
1032 610 1113 662 auf
1126 614 1285 660 matten

654 657 801 710 Fuͤſſen
815 657 928 708 ſteht,
960 657 1072 701 deine
1089 657 1284 703 Gnaden⸗

654 722 766 767 hand
805 717 1065 772 geſchwinde,
1119 716 1185 763 bis
1223 716 1285 765 die

653 778 786 834 Angſt
803 777 980 825 voruͤber
995 776 1111 834 geht;
1128 776 1206 826 wie
1223 777 1284 827 die

656 837 827 887 Jugend
838 837 983 886 gaͤngle
995 836 1106 886 mich,
1125 836 1202 885 daß
1215 836 1284 878 der

653 885 782 958 Feind
783 896 888 962 nicht
908 890 1047 952 ruͤhme
1043 895 1140 963 ſich,
1143 898 1185 961 er
1195 895 1282 958 hab'

656 960 720 1008 ein
720 957 820 1010 ſolch
835 958 936 1011 Herz
943 954 1119 1007 gefaͤllet,
1126 958 1203 1015 das
1209 955 1292 1015 auf

652 1017 730 1071 dich
750 1014 841 1062 ſein’
849 1014 1073 1067 Hoffnung
1090 1014 1224 1062 ſtellet.

712 1081 765 1126 11.
800 1074 884 1130 Du
911 1074 983 1123 biſt
1008 1086 1136 1126 meine
1161 1070 1283 1125 Huͤlf,

654 1134 764 1191 mein
780 1133 923 1186 Leben,
946 1132 1056 1187 mein
1066 1133 1173 1184 Fels,
1190 1133 1284 1183 mei⸗

653 1213 705 1251 ne
724 1199 976 1260 Zuverſicht,
1010 1203 1103 1253 dem
1119 1203 1176 1255 ich
1191 1203 1284 1253 Leib

654 1257 741 1303 und
771 1253 882 1303 Seel
911 1259 1094 1303 ergeben.
1134 1252 1282 1305 GOtt,

653 1314 766 1363 mein
794 1312 949 1371 GOtt,
980 1311 1165 1361 verzeuch
1190 1311 1284 1357 doch

654 1374 778 1426 nicht,
801 1373 871 1422 eile
890 1372 970 1422 mir
982 1378 1031 1422 zu
1055 1371 1183 1412 ſtehen
1190 1369 1285 1430 bey,

653 1433 760 1487 brich
778 1432 850 1482 des
872 1430 1043 1484 Feindes
1065 1429 1183 1487 Pfeil
1202 1433 1284 1484 ent⸗

654 1500 790 1552 zwey,
820 1491 888 1547 laß
904 1499 973 1541 ihn
995 1487 1104 1532 ſelbſt
1126 1487 1284 1536 zuruͤcke

653 1554 834 1604 prallen,
875 1553 958 1600 und
984 1549 1060 1604 mit
1085 1548 1290 1592 Schimpf

653 1619 726 1667 zur
746 1610 893 1662 Hoͤllen
916 1610 1055 1660 fallen.

712 1677 767 1722 12.
770 1670 853 1730 Jch
862 1669 937 1721 wil
945 1670 1018 1724 alle
1027 1665 1157 1720 meine
1171 1668 1286 1727 Tage

650 1731 826 1785 ruͤhmen
852 1729 967 1786 deine
990 1726 1114 1788 ſtarke
1139 1728 1284 1786 Hand,

651 1801 733 1855 daß
753 1800 809 1847 du
824 1800 954 1847 meine
962 1801 1078 1856 Plag
1101 1801 1179 1849 und
1199 1802 1284 1851 Kla⸗

647 1864 705 1914 ge
709 1859 805 1907 haſt
812 1854 853 1914 ſo
858 1863 1015 1923 gnaͤdig
1027 1856 1283 1904 abgewandt.

651 1910 784 1964 Nicht
797 1916 879 1958 nur
904 1908 946 1962 in
963 1907 1031 1958 der
1056 1913 1285 1961 Sterblich⸗

652 1970 728 2023 keit
745 1968 814 2025 ſoll
831 1966 920 2018 dein
933 1964 1077 2019 Ruhm
1088 1966 1178 2022 ſeyn
1188 1968 1285 2025 aus⸗

651 2028 859 2087 gebreit't;
892 2026 950 2083 ich
967 2025 1063 2081 wils
1083 2024 1180 2077 auch
1199 2023 1282 2078 her⸗

651 2089 752 2138 nach
760 2086 957 2138 erweiſen,
968 2083 1053 2134 und
1057 2083 1153 2135 dort
1162 2083 1282 2142 ewig⸗

651 2148 727 2200 lich
746 2146 832 2194 dich
851 2144 1018 2199 preiſen.

926 2203 1021 2253 Joh.
1031 2201 1282 2260 Heermann.

650 2274 741 2323 797.
763 2282 853 2323 Mel.
874 2270 986 2315 Nun
1000 2267 1078 2328 ſich
1096 2271 1161 2316 der
1178 2277 1282 2321 Tag.

662 2336 761 2429 W

765 2333 812 2383 as
834 2328 933 2383 mich
953 2331 996 2378 in
1023 2329 1145 2386 dieſer
1162 2322 1283 2383 Welt

783 2382 961 2442 betruͤbt,
971 2382 1019 2442 iſt
1029 2384 1161 2438 lauter
1172 2385 1282 2442 See⸗

652 2441 838 2501 lenpein,
883 2443 948 2493 die
988 2443 1070 2498 mir
1106 2444 1146 2502 ſo
1187 2443 1281 2503 tiefe

653 2501 860 2553 Wunden
875 2498 981 2561 gibt,
1012 2499 1076 2560 die
1094 2501 1216 2559 kaum
1234 2510 1283 2562 zu

653 2566 783 2621 heilen
798 2561 916 2618 ſeyn;
945 2559 1008 2615 die
1022 2558 1284 2621 Suͤndenlaſt

653 2625 744 2686 laͤſſt
761 2622 842 2679 mir
863 2618 970 2682 nicht
985 2616 1105 2680 Raſt,
1122 2620 1192 2671 der
1213 2621 1290 2679 tief

652 2693 875 2754 verborgne
875 2693 1034 2754 Feind,
1035 2689 1100 2744 die
1113 2695 1194 2754 boͤſe
1194 2695 1285 2755 Luſt

1322 537 1364 582 in
1384 538 1536 598 meiner
1545 538 1683 592 Bruſt
1704 539 1849 597 macht,
1868 525 1936 583 daß

1321 611 1431 657 mein
1451 613 1572 671 Auge
1590 611 1732 657 weint.

1380 678 1420 711 2.
1451 657 1558 705 Kein
1591 659 1759 719 Leiden,
1789 657 1862 708 das
1879 657 1933 699 die

1321 715 1441 767 Welt
1457 720 1627 775 beklagt,
1655 722 1737 779 ſetzt
1751 717 1849 771 mich
1864 707 1931 761 aus

1321 776 1475 839 meiner
1482 778 1598 842 Ruh,
1637 789 1714 830 vor
1729 778 1931 835 Kummer,

1319 838 1387 880 der
1405 837 1467 880 die
1478 839 1636 890 Heiden
1654 842 1784 894 plagt,
1815 820 1930 891 ſchließ

1319 899 1375 953 ich
1387 899 1495 948 mein
1506 899 1633 957 Herze
1652 911 1717 957 zu.
1749 902 1851 957 Kein
1861 899 1929 948 Un⸗

1321 955 1540 1007 gluͤcksfall,
1577 959 1672 1013 kein
1692 934 1929 1013 Donnerknall

1321 1015 1516 1066 erſchreckt
1553 1017 1638 1059 und
1678 1018 1798 1072 beugt
1837 999 1928 1057 mein

1319 1074 1445 1125 Herz.
1521 1075 1592 1127 Jn
1624 1074 1801 1123 GOttes
1830 1058 1929 1127 Huld

1319 1135 1420 1181 ſiegt
1434 1133 1501 1188 die
1494 1132 1677 1184 Geduld,
1687 1136 1766 1189 und
1775 1110 1928 1177 leichtert

1319 1197 1425 1252 allen
1439 1198 1659 1253 Schmerz.

1376 1271 1413 1306 3.
1446 1262 1553 1311 Kein
1564 1256 1760 1309 Mangel,
1790 1224 1927 1303 Krank⸗

1320 1310 1415 1363 heit,
1433 1314 1680 1364 Ungemach,
1700 1314 1768 1360 der
1788 1299 1870 1368 Tod
1877 1300 1927 1350 be⸗

1320 1371 1436 1423 truͤbt
1460 1375 1560 1414 mich
1589 1372 1715 1428 nicht,
1748 1358 1874 1426 GOtt
1891 1339 1929 1400 iſt

1321 1431 1405 1483 mir
1421 1431 1522 1480 alles
1546 1425 1821 1483 tauſendfach,
1848 1401 1928 1458 was

1320 1491 1401 1542 mir
1413 1490 1519 1532 alhie
1530 1491 1729 1541 gebricht;
1751 1487 1819 1532 der
1833 1470 1929 1524 treue

1321 1549 1455 1608 GOtt
1472 1550 1516 1600 in
1533 1550 1661 1596 Hohn
1689 1559 1774 1599 und
1789 1524 1931 1590 Spott,

1319 1610 1428 1664 mein
1455 1610 1643 1662 Freund,
1674 1609 1754 1664 der
1780 1600 1841 1646 nie
1870 1583 1927 1634 ab⸗

1319 1668 1450 1722 ſtirbt,
1484 1670 1593 1722 mein
1605 1669 1701 1720 Gut
1717 1661 1800 1711 und
1819 1643 1928 1705 Geld,

1319 1737 1440 1782 wenn
1465 1729 1509 1787 in
1524 1729 1593 1783 der
1613 1728 1734 1783 Welt
1750 1720 1827 1783 mir
1844 1694 1929 1756 alles

1319 1804 1418 1843 Gut
1435 1802 1636 1843 verdirbt.

1350 1849 1389 1906 4.
1401 1846 1503 1904 Das
1500 1843 1709 1911 ſchwerſte
1709 1821 1858 1900 Creutz,
1864 1815 1927 1873 das

1317 1916 1456 1961 groͤßte
1461 1908 1570 1961 Weh
1582 1911 1676 1953 liegt
1684 1895 1792 1958 ſelbſt
1801 1890 1843 1951 in
1849 1869 1928 1943 mei⸗

1316 1971 1388 2025 ner
1388 1966 1545 2026 Bruſt,
1562 1968 1639 2021 das
1649 1964 1748 2007 nagt
1756 1944 1863 1996 mich,
1870 1934 1927 1982 wo

1317 2025 1374 2084 ich
1383 2025 1459 2086 geh
1459 2028 1547 2087 und
1556 2025 1662 2071 ſteh;
1681 2025 1741 2062 die
1751 1999 1928 2065 angebor⸗

1317 2090 1369 2150 ne,
1369 2084 1475 2151 Luſt,
1487 2085 1549 2136 die
1557 2084 1655 2145 mich
1666 2064 1849 2143 beſtrickt,
1857 2042 1928 2100 und

1317 2144 1379 2202 oft
1398 2144 1568 2201 beruͤckt,
1598 2142 1698 2197 mich
1716 2139 1789 2188 gar
1805 2117 1926 2182 gefan⸗

1316 2213 1391 2261 gen
1413 2205 1543 2259 nimt,
1580 2202 1631 2265 eh
1659 2206 1738 2244 ichs
1764 2166 1925 2245 verſpuͤr,

1315 2261 1491 2318 daruͤber
1512 2264 1594 2320 mir
1624 2260 1732 2315 mein
1759 2239 1864 2303 Herz
1880 2223 1926 2270 in

1318 2328 1516 2389 Thraͤnen
1535 2327 1776 2384 ſchwimmt:

1374 2388 1408 2444 5.
1428 2382 1515 2442 Die
1532 2385 1665 2437 macht
1676 2385 1749 2426 mir
1767 2357 1820 2424 all
1833 2333 1926 2414 mein

1316 2440 1446 2498 Leben
1458 2441 1612 2497 ſchwer,
1632 2434 1715 2490 und
1721 2425 1806 2487 ſetzt
1817 2414 1851 2478 ſo
1866 2392 1932 2475 hef⸗

1317 2504 1379 2557 tig
1384 2511 1457 2556 an,
1471 2503 1538 2557 als
1547 2499 1600 2556 ob
1615 2502 1691 2544 das
1710 2488 1791 2542 nur
1805 2464 1927 2520 verge⸗

1319 2562 1422 2621 bens
1435 2560 1542 2615 waͤr,
1558 2557 1651 2619 was
1661 2543 1798 2608 GOtt
1804 2534 1849 2592 an
1863 2513 1933 2588 mir

1319 2620 1482 2671 gethan.
1504 2614 1632 2671 Mein
1642 2606 1770 2658 Herze
1780 2572 1929 2654 ſchreyt:

1842 2627 1932 2695 Ach!
