1508 2319
521 434 585 469 das
608 425 742 478 noͤthige
756 429 883 465 voraus
894 420 1066 474 geſchicket,
1084 426 1150 464 und
1164 424 1214 462 die
1233 421 1351 462 Ueber⸗

521 481 746 528 einſtimmung
760 480 823 517 mit
845 481 899 515 der
920 476 1077 524 geſunden
1094 474 1265 520 Vernunft
1280 471 1351 519 hin⸗

521 532 657 583 laͤnglich
683 531 830 581 gezeiget.
882 530 977 573 Weil
1004 530 1079 570 aber
1099 530 1181 569 viele
1202 529 1284 575 nicht
1303 528 1350 562 be⸗

522 589 643 635 greifen
672 586 813 632 koͤnnen,
836 592 964 624 warum
982 586 1034 623 die
1055 581 1230 631 Menſchen
1263 580 1351 617 einen

521 644 641 693 ſolchen
659 640 804 690 Erloͤſer,
818 638 947 686 welcher
968 637 1060 686 durch
1082 638 1146 685 ſein
1164 636 1270 675 Leiden
1287 640 1350 672 und

524 694 675 736 Sterben
698 695 738 741 ſie
760 695 823 732 mit
840 685 931 731 Gott
943 689 1116 738 verſoͤhnen
1134 686 1265 735 muͤſſen,
1283 686 1352 734 ſoll⸗

523 755 579 787 ten
613 745 728 795 noͤthig
755 742 875 794 gehabt
909 742 1032 793 haben,
1065 745 1132 781 und
1162 742 1263 788 dieſes
1300 745 1354 780 der

525 801 641 849 groͤßte
664 798 823 845 Einwurf
844 798 902 846 iſt,
925 795 1061 843 welchen
1083 805 1164 832 man
1180 795 1278 833 wider
1305 795 1355 833 die

524 852 756 902 Offenbarung
768 849 886 897 macht,
892 849 1021 896 welcher
1033 845 1092 897 ſich
1110 848 1204 894 ſogar
1218 847 1281 882 mit
1301 848 1356 883 der

516 904 681 951 geſunden
705 901 887 948 Vernunft
908 898 993 945 nicht
1013 889 1193 948 vereinigen
1214 894 1306 943 lieſſe,
1322 897 1356 933 ia

524 953 601 1002 noch
613 950 689 991 uͤber
699 953 769 991 dies
777 952 826 991 die
834 936 1063 1002 Offenbarung
1079 942 1214 996 lehrete,
1225 942 1274 1001 daß
1294 945 1358 990 die⸗

518 1001 574 1067 ſer
603 1012 737 1063 Erloͤſer
765 1010 860 1060 Gott
883 1013 948 1050 und
969 1005 1114 1058 Menſch
1139 1005 1273 1056 zugleich
1295 1004 1358 1055 ſey,

526 1061 661 1107 welches
677 1060 844 1103 abermals
856 1055 921 1095 mit
932 1044 986 1094 der
997 1052 1169 1100 Vernunft
1178 1043 1306 1102 ſtreite:
1323 1050 1358 1098 ſo

527 1119 596 1157 will
620 1118 665 1165 ich
678 1127 743 1154 nur
767 1113 868 1164 dieſen
890 1112 1030 1161 einzigen
1051 1109 1181 1161 Anſtoß
1204 1101 1270 1147 aus
1288 1112 1361 1149 dem

528 1169 635 1219 Wege
670 1164 843 1206 raͤumen,
865 1170 932 1204 und
970 1153 1159 1213 beweiſen,
1184 1165 1250 1209 daß
1281 1155 1361 1208 dieſe

528 1224 622 1266 Lehre
638 1223 703 1266 von
723 1217 779 1262 der
797 1217 939 1263 Perſon,
951 1220 1019 1259 und
1031 1216 1196 1254 Erloͤſung
1218 1204 1361 1250 Chriſti,

530 1282 591 1312 vor
611 1277 685 1311 dem
700 1268 921 1320 Richterſtuhl
943 1271 996 1306 der
1010 1257 1175 1321 ſchaͤrfſten
1191 1259 1378 1313 Vernunft

530 1327 672 1376 beſtehen
687 1325 798 1364 koͤnne.
848 1318 931 1372 Daß
944 1321 1002 1371 ſich
1022 1322 1059 1359 in
1062 1314 1171 1370 dieſer
1188 1312 1278 1371 Lehre
1297 1312 1359 1363 kein

530 1377 760 1429 Widerſpruch
788 1373 896 1420 finde,
930 1374 1066 1421 ſondern
1088 1382 1169 1411 man
1205 1360 1363 1421 vielmehr

531 1430 661 1479 dieſelbe
691 1428 747 1466 als
770 1425 887 1475 goͤtlich
917 1412 1112 1474 bewundern
1140 1417 1249 1470 muͤſſe.

632 1540 692 1582 So
714 1539 789 1578 bald
805 1538 870 1575 wir
890 1530 1087 1582 annehmen,
1098 1534 1166 1581 daß
1182 1533 1244 1574 alle
1257 1531 1365 1573 Men⸗

531 1595 616 1645 ſchen
641 1591 784 1638 Suͤnder
806 1591 900 1641 ſind,
937 1592 1001 1639 daß
1022 1583 1085 1634 wir
1104 1588 1169 1628 alle
1188 1585 1365 1634 weſentlich

533 1658 597 1686 von
625 1647 714 1686 Gott
729 1641 911 1694 abhaͤngen,
935 1643 999 1690 daß
1023 1643 1084 1681 wir
1095 1639 1281 1688 demſelben
1307 1650 1366 1677 un⸗

533 1702 578 1745 ſer
595 1697 727 1743 Daſeyn
748 1707 785 1742 zu
807 1692 945 1738 danken,
959 1696 1028 1732 und
1028 1680 1167 1745 allerley
1199 1682 1365 1743 Wohltha⸗

534 1757 585 1787 ten
615 1758 679 1787 von
709 1744 777 1794 ihm
807 1734 1015 1794 empfangen
1030 1736 1159 1796 haben;
1192 1743 1224 1791 ſo
1246 1731 1366 1788 muͤſſen

532 1803 594 1839 wir
616 1799 692 1844 auch
720 1799 879 1845 geſtehen,
905 1798 968 1843 daß
995 1798 1058 1833 wir
1078 1784 1261 1832 verbunden
1282 1787 1367 1840 ſind,

533 1865 593 1899 den
617 1856 743 1900 Willen
785 1854 908 1898 Gottes
945 1855 1005 1898 auf
1036 1855 1110 1898 das
1137 1850 1301 1898 genaueſte
1330 1858 1370 1894 zu

533 1910 701 1960 befolgen,
733 1914 799 1958 und
843 1903 1019 1960 demſelben
1055 1892 1117 1958 zur
1156 1895 1369 1956 Richtſchnur
