1588 2376
536 462 621 504 fertig
642 469 726 502 war,
756 460 879 501 erhoben
901 462 953 504 ſich
974 461 1029 496 alle
1050 458 1244 500 Brauherrn,
1275 460 1329 493 mit
1344 460 1383 494 le⸗

537 524 642 555 dernen
659 520 758 562 Hoſen
775 520 930 562 bekleidet,
958 520 988 553 in
1003 522 1059 552 das
1073 518 1386 559 Stadt ⸗ Brauhaus.

538 585 597 619 Die
622 581 822 621 Brauknechte
840 578 942 621 fuͤllten
965 581 1008 615 die
1019 579 1245 622 Trinkgeſchirre
1265 583 1323 613 und
1338 579 1384 613 be⸗

536 644 701 685 ſchmierten
733 641 859 685 zugleich
888 644 933 677 die
962 643 1002 677 im
1030 642 1125 683 Kreiſe
1155 639 1388 684 herumgeſetzten

537 705 677 747 Schemel
699 711 746 739 der
761 703 988 747 Bierſchniffeler
1004 702 1058 736 mit
1074 707 1137 738 dem
1153 700 1232 744 friſch
1248 700 1388 744 gebraue⸗

537 774 585 801 ten
610 767 709 801 Biere.
757 766 833 800 Nun
851 767 952 799 wurde
966 763 1098 807 gekoſtet.
1140 762 1224 805 Fand
1240 771 1310 796 man
1326 770 1388 795 nun

537 819 626 860 gleich
641 822 693 850 den
710 819 879 858 Geſchmack
892 822 943 850 des
952 816 1045 850 Biers
1062 818 1134 856 ohne
1148 818 1263 856 Tadel,
1286 819 1314 855 ſo
1324 829 1387 848 war

537 888 595 918 das
612 882 688 924 nicht
701 892 808 925 genug.
852 882 952 922 Nein,
974 884 1008 915 es
1024 885 1124 916 wurde
1138 885 1202 915 dem
1216 872 1390 923 ungeachtet

538 946 586 991 fuͤr
599 948 712 991 ſchlecht
727 946 866 987 erkannt,
888 956 974 980 wenn
988 945 1064 987 nicht
1082 948 1126 980 die
1142 945 1317 985 Brauherrn
1337 944 1393 987 auf

539 1014 621 1053 ihren
641 1013 742 1055 Sitzen
761 1011 814 1054 ſich
832 1009 983 1053 gleichſam
1000 1010 1153 1050 angepicht
1172 1010 1297 1049 fanden,
1329 1012 1389 1042 und

541 1069 617 1102 beim
643 1067 799 1109 Aufſtehen
820 1069 865 1100 die
879 1067 1020 1103 Schemel
1043 1072 1083 1097 an
1109 1067 1163 1099 den
1176 1060 1277 1108 Hoſen
1293 1063 1390 1101 kleben

529 1135 664 1170 blieben.

603 1262 701 1301 Wenn
724 1263 779 1297 alle
792 1259 1024 1304 Polizeibeamte
1044 1259 1115 1299 nach
1129 1263 1178 1293 der
1192 1258 1390 1300 Vollziehung

540 1321 616 1361 ihrer
639 1319 976 1362 Polizeiverordnungen
1003 1317 1073 1352 eben
1099 1317 1126 1359 ſo
1150 1315 1308 1359 treuherzig
1329 1317 1389 1350 und

541 1384 742 1427 gewiſſenhaft
772 1384 999 1427 ſchniffelten
1028 1385 1088 1416 und
1117 1381 1334 1425 probirten;
1360 1381 1389 1424 ſo

542 1443 643 1479 wuͤrde
662 1454 734 1480 man
758 1446 802 1479 die
822 1443 935 1486 Gaſſen
954 1444 1043 1479 vieler
1065 1441 1182 1479 Staͤdte
1199 1442 1276 1486 nicht:
1288 1441 1317 1484 ſo
1332 1450 1387 1476 un⸗

542 1508 645 1553 ſauber
656 1509 762 1550 finden.
