1705 2526
495 388 685 445 aͤngſtliche
703 384 878 439 Unruhe,
915 381 1080 435 Brechen
1096 390 1135 424 u.
1156 387 1194 421 a.
1208 386 1288 422 m.
1279 378 1300 418 —
1319 370 1385 423 die
1398 376 1472 425 Zu⸗

498 460 802 519 ſammenfallung
829 462 896 505 des
914 456 1102 511 Bauchs,
1120 454 1176 500 die
1203 454 1270 507 bey
1295 455 1375 498 dem
1394 450 1472 496 An⸗

499 539 588 595 griff
599 537 668 583 des
684 536 850 589 Bauchs
869 533 1043 580 bemerkte
1067 527 1327 580 wellenartige
1340 523 1474 570 Bewe⸗

501 618 603 665 gung
617 610 655 655 in
668 609 779 665 ſelben
797 617 870 652 von
890 610 953 651 der
974 602 1186 658 innerlichen
1205 597 1479 654 Blutſtuͤrzung

501 710 554 724 —
581 689 657 730 und
674 685 810 739 endlich
829 683 884 727 die
902 681 1040 736 Folgen
1058 682 1113 723 der
1129 674 1343 732 innerlichen
1362 671 1479 720 Blut⸗

501 757 706 812 ergießung
724 756 763 798 in
785 752 842 797 die
861 750 989 808 Hoͤhle
1011 753 1079 797 des
1096 737 1270 801 Bauchs.

590 844 671 889 Die
697 839 867 894 Urſache
885 839 953 880 der
965 833 1217 891 Zerreißung.
1250 829 1328 877 Die
1351 828 1483 882 gerin⸗

501 920 592 962 gere
607 903 1093 961 Vorbereitungsurſache
1108 909 1233 944 waren
1240 902 1300 942 die
1318 901 1354 950 ſo
1372 900 1486 940 vielen

503 986 636 1041 harten
658 981 873 1034 Geburten,
890 979 928 1025 in
946 976 1095 1031 welchen
1113 976 1170 1023 die
1188 969 1483 1029 Gebaͤhrmutter

505 1058 683 1116 vielleicht
700 1055 865 1110 mehrers
887 1055 976 1107 nach
997 1048 1188 1099 vorwaͤrts
1216 1056 1296 1095 von
1331 1052 1399 1092 den
1419 1045 1483 1091 ab⸗

506 1134 706 1191 ſteigenden
714 1136 791 1178 und
806 1134 848 1178 in
857 1136 933 1177 das
951 1133 1036 1183 enge
1043 1126 1187 1175 Becken
1203 1120 1483 1179 eindringenden

509 1211 656 1268 Koͤpfen
679 1211 713 1266 ſo
734 1211 804 1257 viel
825 1206 998 1264 geborner
1015 1205 1153 1252 Kinder
1168 1204 1206 1258 ſo
1234 1202 1327 1256 ſtark
1360 1197 1485 1254 gedeh⸗

510 1290 601 1340 net,
627 1281 830 1340 gedruͤcket,
878 1276 1098 1336 gequetſchet
1129 1280 1206 1321 und
1232 1272 1416 1330 gleichſam
1449 1274 1486 1317 in

510 1366 608 1421 ihrer
634 1361 828 1416 Subſtanz
862 1359 976 1406 locker
1006 1350 1183 1417 gemacht
1181 1357 1342 1400 worden.
1411 1351 1490 1398 Die

517 1439 599 1484 viel
612 1436 769 1486 ſtaͤrkere
779 1443 860 1479 war
880 1435 944 1476 der
973 1425 1204 1485 ungluͤckliche
1228 1426 1348 1480 Fall,
1385 1422 1495 1476 durch

514 1509 667 1563 welchen
702 1510 761 1554 die
793 1509 945 1552 vordere
969 1508 1045 1549 und
1081 1500 1258 1555 nachhero
1288 1496 1491 1552 geborſtene

517 1590 651 1638 Wand
668 1591 731 1633 der
748 1580 1070 1636 Gebaͤhrmutter,
1097 1581 1155 1624 die
1180 1575 1353 1629 ohnedem
1374 1571 1493 1625 wenig

517 1655 759 1713 Widerſtand
780 1651 941 1705 machte,
961 1651 1046 1703 noch
1064 1648 1165 1700 mehr
1182 1639 1413 1700 gequetſchet,
1430 1651 1492 1696 zur

519 1736 601 1792 Zeit
618 1739 682 1782 der
698 1731 848 1782 Geburt
867 1740 938 1776 von
967 1731 1048 1774 dem
1088 1720 1366 1780 wahrſcheinlich
1394 1721 1499 1777 ſchief

519 1807 609 1856 uͤber
630 1810 686 1855 die
705 1802 953 1861 Schambeine
968 1796 1204 1858 geſtandenen
1230 1796 1335 1849 Kopf
1363 1793 1495 1848 gedruͤ⸗

520 1885 607 1936 cket,
634 1879 848 1937 entzuͤndet,
878 1889 964 1928 vom
990 1878 1166 1926 Brand,
1202 1877 1270 1919 den
1297 1874 1348 1928 ich
1370 1870 1500 1927 hiemit

525 1967 587 2011 als
606 1965 662 2009 die
683 1960 837 2015 naͤchſte
854 1957 1021 2014 Urſache
1052 1951 1220 2007 anſehe,
1263 1948 1497 2004 angegriffen,

529 2044 606 2086 und
628 2040 758 2091 endlich
778 2046 850 2082 von
870 2037 952 2083 dem
970 2030 1076 2088 Kopf
1088 2035 1156 2080 des
1171 2027 1312 2078 Kindes
1335 2024 1502 2079 durchge⸗

527 2116 645 2172 ſtoſſen
660 2118 818 2162 worden.
