1833 2702
200 489 234 521 in
249 489 365 526 Moſaik
393 490 534 533 gebracht
559 493 619 527 hat.
671 495 783 529 Ferner
800 496 864 530 ſind
881 508 941 531 von
959 497 1025 531 ihm
1050 500 1098 534 die
1114 501 1212 535 Bilder

203 534 256 565 der
285 536 360 567 zwei
378 536 511 579 Sybillen
540 536 604 569 und
635 537 685 570 des
709 541 736 577 h.
764 541 894 575 Niccolo
920 542 984 574 und
1012 543 1143 578 Liberale
1170 546 1212 578 im

202 587 326 618 Grunde
350 587 440 619 dieſes
460 587 631 625 Gewölbes,
658 591 735 623 nach
757 591 1003 627 Tizianello.
1057 597 1128 628 Von
1146 596 1212 629 ihm

202 637 266 684 ſind
291 640 361 685 alle
376 641 423 675 die
438 640 595 676 Moſaiken
616 643 667 675 der
683 643 810 678 Anſicht
825 655 926 689 gegen
944 648 1002 680 den
1020 652 1060 682 St.
1077 652 1210 684 Marcus-

198 688 265 727 plaz
290 698 378 720 unter
403 690 461 721 den
479 692 583 731 Bögen
612 689 664 722 der
688 694 817 727 zweiten
840 696 991 736 Ordnung,
1019 698 1110 729 auſſer
1127 699 1210 732 einer

196 743 292 785 Figur
313 743 459 786 Johannis
494 746 544 780 des
561 748 687 781 Täufers
709 750 742 782 in
766 751 849 784 einer
873 751 998 787 Niſche.
1052 754 1110 787 Die
1135 757 1208 790 erſte

196 796 310 820 enthält
335 795 393 820 den
420 800 490 823 vom
513 784 631 825 Kreuze
658 803 881 836 genommenen
904 798 1057 834 Chriftus,
1087 802 1132 829 die
1157 813 1207 833 an-

195 848 264 881 dere
290 849 440 882 Chriſtum
464 851 504 884 im
528 851 673 890 Limbus,
695 854 742 885 die
767 855 855 889 dritte
871 855 949 889 ſeine
965 856 1205 899 Auferſtehung,

195 898 259 930 und
277 898 322 931 die
339 901 414 932 lezte
439 900 518 934 ſeine
535 901 759 940 Himmelfahrt.

270 1006 305 1039 In
333 1006 431 1039 einem
458 1005 581 1042 kleinen
604 1009 746 1043 Gewölbe
771 1011 823 1044 der
842 1013 973 1051 Kirche,
1000 1013 1048 1046 bei
1070 1015 1121 1048 der
1140 1017 1195 1051 Gal

189 1056 261 1089 lerie
282 1057 334 1090 faſt
347 1059 424 1090 über
445 1060 499 1100 der
513 1061 625 1094 Thüre
649 1063 700 1096 der
716 1061 919 1107 Taufcapelle,
945 1064 1033 1099 ſiehet
1050 1076 1119 1098 man
1138 1067 1205 1100 eine

189 1104 253 1134 ſehr
285 1103 402 1137 ſchöne,
416 1103 549 1142 Moſaike
576 1116 635 1139 von
659 1108 783 1151 Jacob
801 1108 1007 1150 Paſterini,
1045 1112 1097 1143 der
1114 1121 1204 1146 unter

190 1157 248 1189 den
266 1156 404 1193 Meiſtern
431 1158 481 1191 des
507 1160 676 1197 Zeitalters,
710 1160 743 1193 in
774 1164 920 1197 welchem
954 1176 984 1196 er
1015 1168 1107 1204 lebte,
1136 1168 1204 1199 eine

188 1208 241 1240 der
265 1208 357 1240 erſten
379 1209 490 1243 Stellen
519 1209 663 1245 verdient.
723 1214 771 1247 Sie
795 1216 910 1249 enthält
936 1217 1088 1250 Chriſtum
1114 1225 1203 1250 unter

188 1254 313 1298 einigen
337 1258 471 1293 Thieren
494 1261 537 1293 im
560 1261 666 1294 Cirkel
691 1273 753 1296 von
783 1264 845 1297 vier
865 1265 989 1299 Bildern
1015 1277 1076 1300 von
1098 1269 1203 1302 Alten.

187 1309 244 1345 Die
262 1309 369 1343 Arbeit
384 1310 419 1344 iſt
430 1320 489 1344 aus
509 1308 615 1358 1615.

261 1410 335 1440 Eine
361 1409 470 1453 andere
487 1400 630 1444 Moſaike
655 1410 707 1446 faſt
728 1420 780 1446 aus
807 1412 859 1448 der
884 1415 1056 1450 nemlichen
1074 1419 1139 1452 Zeit
1165 1418 1200 1453 iſt

182 1463 220 1501 in
236 1468 288 1501 der
306 1469 493 1512 Taufcapelle
525 1470 619 1512 ſelbſt,
645 1474 720 1507 über
752 1475 820 1508 dem
833 1476 1008 1520 Begräbniſs
1031 1479 1082 1511 des
1106 1481 1197 1521 Doge

183 1516 333 1559 Dandalo.
385 1520 423 1552 Es
446 1511 521 1554 ſtellt
543 1521 591 1553 die
611 1524 726 1555 Geburt
744 1522 892 1567 Johannis
920 1527 970 1558 des
986 1528 1113 1561 Täufers
1135 1539 1199 1567 vor,

181 1570 247 1604 und
270 1571 351 1604 ward
378 1572 430 1605 der
449 1572 617 1611 Aufſchrift
632 1575 747 1618 gemäſs
774 1588 833 1610 von
852 1578 950 1612 einem
965 1581 1103 1619 Franc,
1121 1584 1200 1615 Tu-

181 1623 317 1661 raſſio
317 1625 424 1663 1618
454 1626 532 1658 nach
551 1623 700 1662 Pilotti
726 1629 875 1673 gemacht.

255 1726 316 1761 Um
350 1725 426 1759 dieſe
462 1723 527 1758 Zeit
551 1719 691 1771 ergieng
712 1726 761 1763 ein
785 1729 884 1764 Befehl
909 1742 947 1765 an
973 1729 1020 1766 die
1045 1731 1195 1777 Arbeiter,

177 1775 237 1811 ſich
262 1771 321 1813 nur
347 1779 399 1813 der
418 1777 639 1820 Zeichnungen
658 1781 717 1815 der
742 1783 928 1828 würdigſten
942 1786 1060 1821 Mahler
1082 1800 1121 1821 zu
1145 1790 1196 1820 be-

179 1825 306 1864 dienen,
336 1827 445 1862 welche
464 1830 511 1863 die
529 1831 743 1865 Procuratoren
768 1834 846 1867 dazu
861 1836 1036 1869 auserſehen
1057 1838 1194 1874 würden.

176 1879 238 1909 Der
255 1880 327 1911 erſte
343 1876 474 1918 Mahler,
502 1878 552 1911 der
578 1878 637 1912 den
653 1880 784 1925 Auftrag
797 1895 837 1916 zu
856 1883 954 1917 dieſen
971 1885 1193 1928 Zeichnungen

175 1932 304 1969 bekam,
332 1934 367 1967 iſt
385 1932 544 1977 unſtreitig
570 1936 687 1970 Peter
713 1935 907 1981 Vecchia,
932 1942 1009 1974 nach
1029 1942 1128 1977 deſſen
1145 1948 1196 1977 Er-

174 1982 344 2026 findungen
375 1995 414 2018 an
439 1984 666 2028 verſchiedenen
696 1993 793 2032 Orten
827 1994 881 2025 der
907 1993 1019 2027 Kirche
1044 1993 1193 2038 folgende

173 2035 337 2071 Moſaiken
355 2034 526 2078 verfertiget
541 2037 675 2073 wurden.
705 2033 773 2074 Im
789 2040 923 2077 Vorhofe
949 2052 1047 2082 gegen
1067 2044 1116 2076 die
1133 2048 1193 2079 Sei-

175 2086 314 2120 tenthüre
339 2087 403 2120 nach
419 2077 479 2130 St.
506 2087 622 2124 Baſſo
647 2101 687 2123 zu
710 2092 746 2124 iſt
769 2093 802 2125 in
826 2092 923 2128 einem
947 2091 1052 2136 Bogen
1067 2093 1190 2139 Joſeph,

171 2139 226 2171 der
242 2140 375 2179 Träume
400 2141 520 2177 deutet;
545 2140 578 2173 in
604 2140 704 2175 einem
717 2144 833 2179 andern
849 2147 975 2179 Pharaos
993 2148 1190 2190 Untergang,

172 2189 236 2215 und
260 2190 291 2216 in
319 2190 387 2218 dem
414 2188 554 2220 Gewölbe
576 2188 650 2219 über
662 2191 740 2230 dem
756 2187 929 2233 Begräbniſs
955 2191 1013 2239 des
1015 2194 1104 2236 Doge
1124 2199 1191 2229 Mo-

171 2242 263 2276 roſini
286 2243 347 2277 vier
367 2238 495 2288 Heilige.
555 2247 655 2286 Ueber
687 2246 755 2283 dem
778 2252 865 2286 Altar
899 2249 951 2283 der
976 2252 1134 2288 Madonna
1159 2254 1193 2288 in
