1410 2115
199 268 474 320 Kriegs⸗Volck,
489 269 523 314 ſo
539 267 734 318 waͤhrenden
741 267 899 315 Friedens
914 269 997 310 keine
1005 267 1120 311 Dien⸗

204 324 248 368 ſte
270 320 372 369 leiſte,
394 319 459 367 auf
476 323 541 363 das
559 321 646 363 Land
669 330 724 368 zur
740 319 856 362 Arbeit
879 320 1119 366 zuruͤckſchicke:

199 374 295 416 Alles
311 370 411 417 dieſes
433 370 470 420 iſt
492 372 553 415 mit
570 371 689 419 ſolchen
707 368 974 415 Erlaͤuterungen
999 368 1119 411 beglei⸗

200 427 275 467 tet,
310 421 360 463 die
382 420 450 464 eine
469 422 534 469 auf
551 424 614 462 das
637 420 755 469 kluͤgſte
776 419 995 466 eingerichtete
1015 419 1118 463 Ord⸗

199 477 323 517 nung,
354 468 423 512 und
454 471 505 512 die
527 467 787 518 vernuͤnftigſte,
820 468 1025 515 geſchickteſte
1045 471 1116 508 und

198 521 370 571 gelindeſte
388 521 533 573 Politick
550 519 710 568 anzeigen.
760 518 850 564 Wir
867 522 984 562 wollen
1005 523 1117 561 davon

197 572 251 614 ein
273 569 426 620 Exempel
447 570 619 620 anfuͤhren.
675 570 797 617 „Das
816 569 1036 617 Durchgehen
1060 573 1117 611 der

202 617 442 664 „Soldaten,
465 621 531 658 das
548 619 581 657 in
596 627 708 658 eueren
722 617 848 658 Landen
865 616 899 663 ſo
913 617 1038 664 gemein
1055 615 1118 663 iſt
1104 616 1123 663 ,

201 669 348 717 „faͤhrt
367 671 431 711 der
451 669 697 713 Brachmane
723 667 808 714 fort,
874 667 1030 715 verhuͤten
1053 667 1116 708 wir

198 719 332 766 »durch
345 718 395 760 ein
410 718 531 766 ſolches
548 719 692 765 Mittel,
717 721 779 759 das
794 712 855 763 faſt
871 718 1033 765 niemahls
1048 716 1117 765 fehl

198 772 369 820 »ſchlaͤgt.
419 771 509 817 Wir
530 771 630 818 geben
653 772 767 817 unſern
788 773 971 815 Soldaten
991 771 1115 815 taͤglich

201 820 326 862 „einen
334 820 419 864 Sol
433 821 512 863 uͤber
528 819 616 867 ihren
632 818 846 865 ordentlichen
859 818 980 865 Sold;
1007 819 1117 861 Allein

199 870 330 917 „dieſer
346 871 430 914 Sol
444 872 526 911 wird
544 869 640 915 ihnen
656 866 863 915 aufbehalten
886 870 954 907 und
972 876 1008 914 zu
1028 867 1116 908 einer

199 918 396 964 „Summe
416 919 632 966 geſammlet,
665 919 714 960 die
737 917 832 964 ihnen
855 917 912 964 bey
929 915 1117 964 Endigung

200 970 319 1016 „ihrer
336 970 634 1020 Verſpruch⸗Zeit,
658 971 711 1012 als
733 962 810 1014 eine
828 962 1001 1013 Belohnung
1033 968 1117 1015 ihrer

200 1021 375 1070 „Dienſte
404 1021 580 1070 zugeſtellet
604 1023 698 1063 wird.
764 1019 884 1068 Dieſer
902 1019 1117 1066 Verſpruch,

199 1071 300 1118 „daß
319 1072 365 1115 ich
381 1075 417 1111 es
433 1071 480 1113 im
494 1068 743 1118 Vorbeygehen
759 1067 851 1115 ſage,
877 1069 958 1109 wird
974 1069 1118 1110 niemals

201 1116 316 1165 »uͤber
345 1118 426 1167 ſeine
449 1117 571 1166 geſetzte
595 1115 669 1166 Zeit
698 1116 909 1165 verlaͤngert,
941 1121 1010 1158 und
1037 1126 1118 1159 man

201 1166 423 1213 „beobachtet
438 1173 474 1209 es
495 1168 572 1210 eben
588 1166 623 1214 ſo
638 1175 769 1214 genau,
794 1167 896 1207 einem
912 1167 1118 1212 Soldaten,

201 1227 270 1257 „er
284 1217 333 1263 ſey
348 1226 414 1256 wer
427 1226 460 1256 er
480 1218 597 1261 wolle,
620 1220 676 1259 der
696 1217 777 1265 ſeine
789 1215 864 1263 Zeit
875 1214 1118 1263 ausgehalten,

201 1268 295 1312 „den
310 1265 464 1313 Abſchied
476 1274 513 1312 zu
531 1264 656 1313 geben,
681 1267 734 1307 als
758 1264 826 1311 ihm
852 1265 930 1306 uͤber
953 1266 1017 1306 das
1041 1263 1116 1310 hin⸗

200 1308 369 1363 „terlegte
383 1315 497 1363 Geld,
522 1316 586 1357 das
602 1324 632 1358 er
648 1314 710 1358 mit
724 1309 833 1362 Recht
846 1322 883 1362 zu
896 1312 1027 1361 fordern
1044 1311 1118 1362 hat,

199 1364 464 1415 „Rechenſchaft
484 1376 523 1415 zu
547 1365 645 1415 thun.
693 1365 819 1412 Bildet
840 1365 914 1413 euch
936 1365 1013 1410 auch
1030 1365 1117 1413 nicht

200 1416 309 1463 „ein,
331 1415 397 1464 daß
417 1417 517 1466 dieſes
529 1419 645 1463 Geld,
670 1425 766 1458 wenn
791 1426 822 1456 er
839 1423 946 1456 etwan
964 1416 1117 1457 umkom⸗

199 1478 311 1511 „men
330 1467 445 1517 ſollte,
479 1468 615 1517 zugleich
639 1470 701 1511 mit
724 1468 878 1516 wegfiele.
926 1468 986 1518 Jn
1000 1468 1118 1513 dieſem

200 1513 310 1564 „Fall
332 1519 415 1560 wird
438 1522 474 1559 es
499 1518 595 1569 ſeiner
615 1515 756 1567 Familie
780 1515 990 1565 behaͤndiget.
1038 1518 1117 1558 Und

199 1565 312 1613 „dieſe
328 1565 487 1615 Abgabe,
510 1561 560 1610 die
576 1566 694 1609 einmal
707 1566 768 1608 wie
786 1567 850 1606 das
864 1569 980 1609 andere
995 1563 1118 1610 bleibt,

198 1615 341 1664 „dienet
365 1616 444 1662 auch
466 1617 582 1665 unſern
599 1617 782 1663 Soldaten
803 1623 841 1663 zu
864 1617 966 1658 einem
983 1615 1116 1660 Bewe⸗

198 1669 534 1718 „gungs⸗Grund,
567 1669 616 1711 die
633 1667 799 1718 Fahnen,
833 1673 930 1709 unter
953 1671 1055 1709 denen
1073 1666 1117 1716 ſie

197 1715 293 1765 „ſich
313 1725 350 1765 zu
371 1714 491 1766 fechten
514 1717 700 1763 verbunden
725 1713 857 1766 haben,
888 1713 971 1763 nicht
992 1724 1030 1763 zu
1044 1722 1117 1757 ver⸗

197 1760 375 1817 „laſſen.„
