1470 2322
366 314 449 359 128

556 299 738 370 Hiſtorie
738 299 840 370 von
840 299 935 370 der
935 299 1232 370 Auferſtehung

363 409 402 439 da
413 415 444 440 er
457 407 527 445 noch
543 408 573 443 in
582 407 707 443 Galilaͤa
721 413 798 447 war,
811 411 873 442 und

362 450 479 491 ſprach:
502 453 571 487 Des
597 455 757 491 Menſchen
777 454 872 493 Sohn

360 490 436 527 muß
457 490 692 525 uͤberantwortet
707 495 827 526 werden
842 494 872 525 in

361 534 407 566 die
416 532 524 573 Haͤnde
533 535 582 567 der
591 532 730 570 Suͤnder,
746 535 808 567 und
822 542 870 571 ge⸗

359 569 502 608 kreuziget
520 572 650 607 werden,
667 575 727 603 und
740 579 791 604 am
801 565 874 604 drit⸗

361 619 410 647 ten
419 615 502 654 Tage
518 616 711 656 auferſtehen.
756 619 820 651 Und
835 618 872 655 ſie

360 654 522 694 gedachten
545 664 585 689 an
608 658 664 694 ſein
686 658 786 694 Wort,
808 660 870 691 und

359 694 487 734 giengen
507 704 579 731 vom
595 698 708 733 Grabe,
730 700 791 731 und
806 703 870 731 ver⸗

359 736 516 775 kuͤndigten
530 739 588 773 das
602 739 730 777 darnach
742 742 795 775 den
806 741 870 775 Eil⸗

358 777 410 818 fen
426 771 487 814 und
504 781 558 811 den
578 782 690 812 andern
707 779 794 817 allen,
809 782 871 812 und

360 821 463 861 ſagten
496 824 604 861 ſolches
635 827 690 858 den
723 823 872 864 Apoſteln,

358 865 422 897 und
438 865 473 897 es
488 863 629 901 dauchten
642 865 679 905 ſie
694 866 756 900 ihre
765 866 873 900 Worte

358 902 450 944 eben,
482 905 534 938 als
556 904 679 940 waͤrens
700 905 871 947 Maͤhrlein,

358 950 421 983 und
437 948 579 989 glaͤubten
593 950 680 990 ihnen
696 951 786 989 nicht.

401 1031 456 1067 Da
471 1032 543 1066 aber
559 1032 668 1068 Maria
679 1031 870 1071 Magdalena

354 1074 419 1113 alſo
432 1074 521 1111 laͤuft,
538 1076 609 1114 (wie
618 1075 744 1115 geſagt,)
759 1075 870 1111 koͤmmt

358 1112 398 1151 ſie
420 1121 454 1153 zu
471 1113 592 1147 Simon
611 1105 716 1156 Petro,
743 1115 806 1145 und
834 1121 869 1153 zu

357 1153 426 1187 dem
449 1157 563 1187 andern
584 1155 715 1195 Juͤnger,
741 1154 868 1195 welchen

356 1197 456 1237 Jeſus
482 1199 537 1233 lieb
563 1198 653 1237 hatte,
675 1203 736 1232 und
768 1200 868 1238 ſprach

356 1241 392 1275 zu
426 1235 533 1276 ihnen:
575 1238 639 1273 Sie
678 1238 773 1278 haben
813 1242 868 1273 den

356 1274 461 1315 Herrn
474 1282 715 1315 weggenommen
731 1277 792 1311 aus
803 1280 869 1312 dem

356 1318 476 1355 Grabe,
496 1320 559 1351 und
579 1321 637 1352 wir
660 1321 760 1359 wiſſen
780 1321 869 1360 nicht,

355 1365 407 1396 wo
415 1360 452 1402 ſie
460 1361 512 1401 ihn
520 1360 667 1402 hingelegt
676 1361 784 1402 haben.

401 1443 457 1477 Da
480 1442 567 1483 gieng
592 1443 708 1485 Petrus
732 1446 794 1479 und
817 1447 868 1478 der

356 1486 469 1519 andere
497 1484 619 1526 Juͤnger
644 1485 774 1523 hinaus,
804 1488 866 1519 und

354 1523 459 1557 kamen
478 1531 545 1564 zum
557 1523 673 1561 Grabe.
700 1520 740 1562 Es
779 1527 867 1566 liefen

354 1565 427 1600 aber
447 1566 492 1599 die
510 1566 617 1607 Zween
635 1566 774 1608 zugleich;
802 1568 864 1601 und

355 1610 407 1640 der
427 1611 536 1643 andere
550 1605 673 1649 Juͤnger
693 1610 747 1647 lief
763 1615 864 1647 zuvor,

355 1648 507 1685 ſchneller
530 1651 607 1683 denn
638 1649 766 1689 Petrus,
804 1652 867 1682 und

356 1689 424 1723 kam
456 1696 508 1722 am
533 1688 625 1728 erſten
655 1696 721 1730 zum
751 1689 866 1728 Grabe,

356 1729 457 1776 gucket
490 1731 602 1771 hinein,
637 1735 702 1766 und
730 1731 797 1771 ſahe
821 1735 867 1767 die

354 1770 458 1807 Leinen
479 1769 586 1812 gelegt,
620 1779 652 1804 er
680 1771 766 1812 gieng
796 1771 867 1807 aber

355 1812 434 1854 nicht
453 1812 564 1852 hinein.
607 1815 662 1851 Da
680 1807 792 1852 koͤmmt
811 1815 867 1853 Si⸗

355 1864 430 1890 mon
451 1858 570 1897 Petrus
603 1857 665 1895 ihm
691 1857 774 1894 nach,
805 1860 867 1891 und

355 1897 445 1939 gieng
473 1896 573 1936 hineiu
603 1898 635 1933 in
672 1901 731 1934 das
758 1897 865 1938 Grab,

354 1941 421 1974 und
449 1938 538 1982 ſiehet
558 1939 605 1974 die
628 1939 733 1976 Leinen
759 1938 865 1981 gelegt,

354 1983 418 2016 und
452 1983 513 2017 das
547 1980 771 2021 Schweißtuch,
805 1984 865 2017 das

355 2024 432 2067 Jeſu
458 2032 513 2060 um
539 2024 601 2060 das
620 2023 730 2067 Haupt
755 2022 867 2067 gebun⸗

916 412 970 444 den
983 417 1060 450 war,
1083 410 1162 450 nicht
1185 411 1237 450 bey
1261 412 1306 445 die
1321 413 1423 447 Leinen

914 454 1025 491 gelegt,
1053 454 1176 492 ſondern
1208 457 1331 496 beyſeits
1363 458 1423 489 ein⸗

913 494 1067 532 gewickelt,
1085 502 1126 528 an
1147 497 1241 528 einem
1262 498 1422 534 beſondern

914 540 983 572 Ort.
1025 537 1078 572 Da
1096 537 1182 576 gieng
1202 539 1275 576 auch
1296 542 1346 572 der
1367 547 1421 571 an⸗

914 578 981 608 dere
996 574 1116 615 Juͤnger
1132 576 1239 615 hinein,
1255 579 1305 609 der
1321 587 1377 610 am
1377 587 1421 610 er⸗

915 616 974 653 ſten
988 625 1054 656 zum
1064 617 1168 651 Grabe
1183 620 1259 656 kam,
1276 620 1337 650 und
1346 618 1422 657 ſahe,

913 661 975 691 und
991 657 1144 698 glaͤubets,
1159 662 1234 693 denn
1249 659 1285 699 ſie
1300 659 1422 697 wußten

913 703 959 735 die
987 702 1111 739 Schrift
1138 704 1211 736 noch
1242 702 1337 739 nicht,
1361 702 1421 741 daß

913 748 944 772 er
976 747 1034 774 von
1058 742 1114 775 den
1140 741 1256 777 Todten
1282 736 1421 783 auferſte⸗

914 781 970 818 hen
994 781 1106 821 muͤßte.
1152 784 1206 817 Da
1228 790 1351 823 giengen
1375 785 1421 817 die

914 822 1036 863 Juͤnger
1053 823 1158 856 wieder
1176 823 1342 864 zuſammen,
1358 826 1420 857 und

912 849 1029 899 Petrus
1052 861 1258 891 verwunderte
1277 859 1342 900 ſich,
1365 861 1420 892 wie

913 908 949 942 es
966 907 1102 949 zugieng.

951 989 1063 1024 Maria
1085 988 1157 1023 aber
1176 989 1260 1029 ſtund
1278 995 1334 1023 vor
1352 993 1419 1025 dem

913 1027 1028 1066 Grabe,
1053 1029 1115 1061 und
1132 1028 1255 1061 weinete
1273 1025 1419 1066 draußen.

911 1073 970 1108 Als
985 1072 1022 1112 ſie
1034 1081 1096 1105 nun
1110 1073 1243 1110 weinete,
1258 1072 1373 1112 guckete
1382 1075 1418 1116 ſie

911 1116 942 1147 in
958 1117 1017 1151 das
1033 1115 1132 1156 Grab,
1147 1118 1208 1149 und
1223 1116 1309 1156 ſiehet
1322 1124 1418 1155 zween

911 1156 1007 1195 Engel
1050 1157 1082 1188 in
1127 1157 1240 1196 weißen
1277 1156 1418 1193 Kleidern

910 1188 1000 1234 ſitzen,
1035 1194 1119 1228 einen
1139 1202 1172 1235 zu
1194 1197 1251 1229 den
1272 1193 1418 1235 Haͤupten

912 1240 967 1271 den
988 1238 1100 1271 andern
1121 1245 1154 1277 zu
1177 1240 1232 1272 den
1248 1237 1363 1278 Fuͤßen,
1380 1241 1418 1273 da

911 1278 950 1314 ſie
975 1282 1029 1313 den
1047 1279 1199 1318 Leichnam
1216 1280 1293 1319 Jeſu
1317 1279 1417 1317 hinge⸗

910 1314 985 1352 leget
1008 1313 1129 1351 hatten,
1158 1318 1220 1347 und
1246 1308 1417 1355 dieſelbigen

909 1351 1047 1397 ſprachen
1073 1365 1106 1396 zu
1130 1358 1196 1393 ihr:
1224 1358 1321 1399 Weib,
1345 1360 1417 1393 was

908 1397 1024 1435 weineſt
1038 1398 1099 1431 du?
1131 1398 1194 1434 Sie
1210 1398 1312 1439 ſprach
1328 1408 1360 1432 zu
1374 1399 1417 1438 ih⸗

908 1445 983 1471 nen:
1002 1436 1063 1471 Sie
1078 1435 1174 1476 haben
1190 1439 1304 1471 meinen
1316 1430 1417 1480 Herrn

906 1479 1163 1520 weggenommen,
1190 1485 1253 1516 und
1275 1482 1318 1523 ich
1340 1484 1416 1524 weiß

907 1518 996 1563 nicht,
1033 1532 1083 1559 wo
1117 1525 1153 1565 ſie
1184 1525 1237 1566 ihn
1269 1523 1416 1566 hingelegt

907 1565 1014 1603 haben.

949 1603 1015 1635 Und
1029 1601 1080 1635 als
1096 1599 1132 1641 ſie
1141 1602 1201 1634 das
1209 1602 1298 1642 ſagte,
1315 1604 1415 1636 wand⸗

909 1650 936 1679 te
958 1647 995 1685 ſie
1017 1646 1071 1687 ſich
1092 1645 1219 1686 zuruͤcke,
1248 1649 1309 1680 und
1331 1648 1415 1686 ſiehet

906 1687 1015 1729 Jeſum
1030 1685 1135 1722 ſtehen,
1156 1690 1218 1720 und
1237 1687 1315 1722 weiß
1327 1689 1414 1729 nicht,

907 1731 968 1768 daß
1006 1732 1043 1765 es
1069 1731 1165 1769 Jeſus
1195 1733 1239 1760 iſt.
1285 1729 1414 1771 Spricht

908 1766 1008 1808 Jeſus
1040 1772 1073 1807 zu
1105 1764 1169 1806 ihr:
1202 1759 1308 1804 Weib,
1344 1770 1413 1803 was

907 1810 1025 1852 weineſt
1043 1810 1105 1845 du?
1136 1818 1203 1847 wen
1228 1810 1332 1854 ſucheſt
1352 1815 1414 1849 du?

909 1853 973 1889 Sie
986 1856 1127 1891 meynete,
1146 1861 1176 1886 er
1193 1854 1239 1895 ſey
1255 1858 1305 1888 der
1320 1854 1414 1890 Gaͤrt⸗

907 1899 972 1933 ner,
987 1897 1049 1929 und
1064 1895 1171 1935 ſpricht
1185 1904 1219 1936 zu
1233 1896 1312 1936 ihm:
1324 1897 1413 1938 Herr,

908 1938 972 1977 haſt
995 1940 1035 1972 du
1060 1934 1112 1975 ihn
1136 1941 1355 1978 weggetragen,
1385 1938 1413 1978 ſo

908 1979 975 2022 ſage
994 1979 1062 2017 mir,
1085 1984 1134 2013 wo
1153 1980 1216 2016 haſt
1232 1983 1271 2013 du
1286 1979 1337 2018 ihn
1351 1979 1413 2018 hin⸗

908 2021 1043 2063 geleget?
1064 2021 1094 2062 ſo
1115 2022 1178 2059 will
1193 2023 1236 2066 ich
1253 2021 1304 2060 ihn
1319 2022 1413 2059 holen.

1281 2067 1414 2092 Spricht
