1366 1977
517 180 578 229 82

806 185 902 242 Der
902 185 956 242 V.
956 185 1067 242 Theil

577 281 675 317 Nach
684 281 752 315 dem
763 270 997 334 Trojaniſchen
1014 281 1120 337 Kriege
1144 286 1212 334 ſind
1231 281 1274 341 ſie
1283 297 1314 330 an

523 330 578 366 der
592 328 723 369 Donau
749 329 871 380 herauf
884 332 1049 383 geruͤcket,
1064 343 1133 377 und
1149 340 1253 390 haben
1271 343 1311 391 ſich

523 380 663 426 endlich
649 371 687 418 in
704 384 935 435 Deutſchland,
954 389 1194 440 zwiſchen
1133 391 1194 444 dem
1212 394 1314 444 Rhein

521 430 589 464 und
600 433 652 465 der
660 429 744 470 Elbe
753 421 1009 483 niedergelaſſen.

569 489 704 530 Erſtlich
715 491 779 532 ſind
790 495 866 539 dieſe
878 496 1017 537 Voͤlcker
1038 485 1299 548 CIMMERII,

517 532 656 577 darnach
665 530 942 582 SlCAMBRI,
950 538 1011 590 und
1030 542 1151 591 endlich
1168 547 1310 599 FRAN-

515 579 584 628 CI
584 582 742 631 genennet
751 591 892 627 worden.

563 637 652 680 Jhre
668 639 850 689 eigentliche
869 645 1030 694 Ankunfft
1044 649 1079 689 in
1094 649 1298 700 Deutſchland

512 683 566 728 ſoll
577 684 632 727 ſich
659 680 727 739 429.
751 685 827 736 Jahr
843 698 896 729 vor
912 692 1036 741 Chriſti
1051 694 1201 742 Geburt,
1219 704 1296 738 unter

506 735 609 783 ihrem
619 736 746 787 Koͤnige
760 743 1105 788 MARCOMIRO
1107 749 1296 798 zugetragen

506 778 622 835 haben.

552 834 682 876 Andere
688 836 797 887 halten
806 844 867 880 das
874 841 933 889 fuͤr
942 836 1050 883 lauter
1065 844 1217 897 Fabeln,
1238 850 1290 889 und

505 883 616 933 ſagen,
625 893 660 924 es
667 889 776 930 waͤren
792 892 900 932 uralte
932 890 1083 948 Deutſche
1102 895 1288 953 Einwohner,

498 943 568 977 und
578 943 632 981 der
638 940 775 990 Nahme
784 936 950 994 Francke
954 937 1046 1000 heiſſe
1057 947 1152 999 nichts
1168 955 1286 997 anders,

498 987 553 1026 als
562 988 611 1027 ein
642 981 763 1042 freyer
759 987 948 1049 Menſch;
960 1004 1014 1039 der
1022 999 1108 1039 waͤre
1116 1001 1218 1050 daher
1230 1002 1283 1043 ent⸗

496 1033 658 1086 ſtanden,
667 1041 741 1082 weil
750 1044 807 1090 ſich
817 1047 895 1095 dieſe
913 1047 1053 1091 Voͤlcker
1065 1048 1225 1101 niemahls
1234 1047 1289 1106 der

491 1079 688 1146 Roͤmiſchen
703 1087 927 1151 Dienſtbarkeit
935 1102 1166 1156 unterworffen
1173 1096 1283 1151 haͤtten.

865 1163 916 1195 II.

488 1186 591 1239 Wie
600 1186 711 1248 laͤſſet
720 1190 795 1247 ſich
813 1203 879 1244 nun
895 1197 961 1245 die
967 1189 1215 1262 Fraͤnckiſche
1220 1184 1275 1276 Hi⸗

708 1254 824 1299 ſtorie
846 1257 1073 1306 eintheilen?

533 1303 630 1345 Man
640 1306 753 1346 mercke
760 1318 823 1346 nur
840 1317 905 1348 aus
921 1316 976 1351 der
991 1313 1207 1365 Fraͤnckiſchen
1222 1314 1272 1363 Hi⸗

485 1352 578 1398 ſtorie
596 1357 645 1396 die
661 1359 781 1407 beyden
800 1360 933 1413 Koͤnige
958 1364 1269 1418 PHARAMUN-

483 1411 611 1449 DUM
611 1413 685 1451 und
709 1417 979 1458 CAROLUM
1006 1424 1058 1459 M.

534 1461 956 1506 PHARAMUNDUS
967 1466 1037 1518 hat
1045 1467 1110 1509 An.
1129 1467 1263 1518 418.
1218 1463 1270 1518 die

477 1504 639 1555 Francken
654 1519 728 1556 zum
751 1512 848 1560 erſten
875 1517 956 1562 nach
976 1507 1107 1572 Gallien
1126 1516 1272 1574 gefuͤhret

477 1561 546 1596 und
556 1561 695 1609 dadurch
705 1567 764 1602 den
774 1563 896 1608 Grund
905 1573 944 1615 zu
960 1571 1014 1611 der
1030 1561 1262 1624 Frantzoͤſiſchen

471 1604 658 1669 Monarchie
682 1608 818 1671 geleget.

1190 1684 1272 1718 CA-
