1563 2262
332 281 441 334 durch
458 279 680 334 Franckreich
697 280 772 328 und
791 276 953 333 Jtalien.

1038 286 1086 328 59

207 380 272 423 dich
290 379 349 425 auf
361 381 461 418 deiner
469 376 559 422 Reiſe
577 376 671 421 durch
679 373 871 422 Franckreich
889 376 953 410 und
961 370 1088 419 Jtalien

207 427 352 477 beqgleiten
375 431 443 476 ſoll!
493 425 602 473 Hum!
635 427 714 473 ſagte
744 425 805 470 ich,
843 425 913 474 thut
940 426 1019 468 nicht
1041 427 1087 461 die

209 480 322 531 Haͤlfte
346 482 451 527 unſers
467 482 564 519 Adels
579 487 637 517 mit
651 489 747 515 einem
763 482 1000 546 Schoͤpſenkepf
1026 492 1089 512 von

209 557 452 599 compagnon
483 546 529 586 de
560 556 725 596 voyage,
749 550 980 593 (Reiſegefaͤhrten,)
1016 543 1089 581 eben

211 614 259 649 die
275 610 384 656 Reiſe,
412 611 476 647 und
491 605 605 655 muͤſſen
630 610 667 656 ſie
682 607 763 653 nicht
778 602 919 644 uͤberdem
941 605 1015 647 noch
1032 606 1090 641 den

212 671 355 718 Pfeifer,
384 673 447 708 und
468 672 524 709 den
541 662 650 720 Teufel
665 671 729 706 und
746 668 839 713 alles,
870 669 900 704 in
918 667 973 704 den
990 662 1092 709 Kauf,

213 726 375 780 bezahlen?
419 730 529 769 Wenn
556 728 611 775 ſich
639 730 686 766 ein
709 726 838 774 Menſch
864 731 925 762 aus
956 726 985 770 ſo
1010 726 1093 762 einer

212 789 432 840 Verlegenheit
461 792 518 827 mit
540 780 636 826 einem
664 782 916 837 zweydeutigen
941 779 1094 840 Einfall,

211 847 293 891 oder
317 847 429 892 einem
451 844 705 901 Wortſpiele*
731 855 824 884 retten
842 847 899 882 kan
915 865 973 874 —
1001 846 1030 888 ſo
1048 844 1094 881 be⸗

213 909 307 956 findet
323 918 354 944 er
369 907 424 956 ſich
441 908 521 952 nicht
537 903 604 945 uͤbel
619 900 746 950 dabey
764 926 787 934 —
830 903 912 943 Aber
931 902 966 941 La
984 901 1090 948 Fleur,

212 967 292 1015 ſagte
309 966 369 1012 ich,
395 967 443 1017 ihr
459 963 551 1007 koͤnnt
568 964 640 1012 doch
666 964 740 1008 noch
758 963 832 1012 ſonſt
850 962 1016 1003 was?
1004 955 1036 1008 —
1053 960 1092 1004 O

214 1026 362 1079 qu'oui!
395 1033 458 1068 (O!
476 1030 539 1068 ja!)
569 1048 625 1057 —
640 1018 695 1077 Er
744 1027 830 1066 konte
853 1018 1096 1071 Struͤmpflinge

215 1088 357 1132 machen,
388 1088 451 1123 und
468 1090 515 1125 ein
532 1089 631 1134 wenig
647 1085 759 1134 fiddeln
778 1106 835 1113 —
853 1082 988 1123 Bravo!
1015 1080 1094 1130 ſagte

216 1152 269 1188 der
289 1143 478 1202 Verſtand
497 1169 554 1177 —
581 1145 671 1187 So?
694 1145 774 1192 ſagte
789 1143 852 1190 ich,
878 1143 922 1190 ich
938 1144 1022 1191 ſpiele
1037 1145 1097 1181 den

216 1208 299 1257 Baß
316 1230 374 1237 —
397 1207 475 1247 Wir
491 1207 611 1244 werden
630 1211 691 1242 uns
715 1208 771 1251 gut
788 1203 957 1250 zuſammen
975 1201 1097 1248 ſchicken

952 1280 1010 1298 —
1026 1266 1098 1318 Jhr

259 1354 277 1371 *
297 1344 531 1399 Zweydeutigen
547 1348 677 1389 Einfall,
698 1352 772 1380 oder
787 1347 884 1380 einem
902 1343 1096 1388 Wortſpiele,

302 1400 417 1434 Drum,
440 1397 499 1432 eine
518 1395 685 1435 Trommel;
721 1395 901 1433 Drummer,
929 1391 973 1426 ein
993 1390 1098 1428 Trom⸗

302 1445 494 1492 melſchlaͤger;
521 1447 695 1487 humdrum,
722 1445 802 1485 dull,
832 1444 968 1482 dronish,
989 1443 1096 1485 ſtupid,

302 1507 346 1542 ein
368 1502 578 1550 Schoͤpskopf,
608 1506 755 1544 dummer,
781 1502 876 1545 fauler
896 1500 975 1538 Kerl.
1025 1499 1099 1537 Eine

300 1555 407 1600 naͤhere
425 1555 592 1599 Erklaͤrung
605 1552 718 1595 moͤgte,
739 1553 779 1596 ich
798 1554 870 1595 weiß
885 1551 959 1595 nicht
971 1553 1025 1588 wie
1043 1553 1099 1589 vie⸗

300 1608 346 1642 len
359 1600 606 1649 Reiſegefaͤhrten,
625 1592 758 1646 anſtoͤßig
772 1602 900 1643 ſcheinen.
944 1601 1017 1638 Wer
1031 1598 1101 1638 aber

304 1658 373 1700 doch
393 1659 452 1692 eine
472 1664 613 1699 genauere
625 1655 773 1692 Kenntnis
787 1656 814 1696 ſo
837 1657 914 1689 eines
929 1654 1097 1687 Humdrum

302 1711 338 1741 de
361 1710 560 1752 Compagnon
583 1708 618 1740 de
643 1716 757 1748 voyage
777 1703 855 1739 eines
879 1712 985 1747 jungen
998 1707 1100 1748 Engli⸗

303 1760 379 1802 ſchen
407 1760 591 1796 Edelmanns
610 1757 763 1803 verlangt,
783 1755 837 1792 kan
860 1756 894 1799 ſie
914 1758 997 1800 beym
1020 1762 1101 1796 Pope

303 1814 436 1847 Danciad
452 1814 492 1851 B.
511 1815 561 1853 IV,
579 1817 607 1845 v.
623 1823 667 1850 271
682 1810 753 1854 folg.
773 1809 878 1851 finden.
894 1816 932 1860 --
948 1816 987 1865 J.
992 1810 1036 1840 ſee
1049 1810 1099 1839 ad-

303 1874 394 1896 vance
417 1866 543 1901 whore,
570 1865 654 1906 Pupil
681 1866 739 1895 and
754 1862 825 1897 lac'd
842 1865 996 1894 Governor
1020 1859 1099 1892 from

302 1925 410 1955 France
429 1930 484 1954 etc.
530 1921 602 1956 Von
619 1917 779 1960 Deutſchen
795 1919 860 1961 ſage
875 1918 916 1959 ich
933 1911 1067 1963 nichts,
1068 1915 1103 1964 es

302 1964 417 2010 moͤgten
434 1965 541 2004 Steine
563 1965 688 2008 ſchreien.
