1437 2124
267 518 381 560 genheit
396 520 482 559 zeigte
507 520 541 557 ſie
563 517 632 557 aufs
649 524 735 556 neue,
756 517 809 554 daß
829 517 863 555 ſie
886 519 930 548 ein
946 525 1008 546 vor⸗

267 580 405 619 trefliches
417 577 494 620 Herz
508 577 589 622 habe.
611 577 674 611 Die
688 578 916 616 Unmoͤglichkeit,
934 580 1010 615 ſelbſt

266 635 351 679 ihren
368 633 494 676 Gemahl
509 636 620 673 pflegen
641 640 698 665 und
716 644 823 664 warten
840 644 873 669 zu
890 641 1010 668 koͤnnen,

269 701 444 742 erſchuͤtterte
465 700 512 741 ihr
534 699 656 739 Mitleid
677 701 733 737 auf
750 702 802 730 das
827 698 947 736 ſtaͤrkſte,
978 703 1011 737 ſie

268 755 344 791 ſetzte
364 751 423 789 ſich
432 741 489 780 ans
511 751 593 787 Pult
614 755 673 780 und
695 756 796 784 ſchrieb
815 758 896 778 einen
913 758 1012 783 Brief,

269 819 384 860 welcher
410 819 458 852 der
477 817 591 860 treueſte
614 814 742 852 Abdruck
763 814 841 857 ihres
863 817 1013 855 zaͤrtlichen

270 876 399 922 Gefuͤhls
418 884 489 918 war,
512 878 570 910 und
590 876 624 916 ſie
640 879 727 916 jedem
744 887 800 908 nur
816 881 881 915 noch
897 879 1013 927 liebens⸗

271 933 414 979 wuͤrdiger
437 938 548 976 machen
571 940 679 975 mußte.
726 952 871 985 Sewald,
891 947 939 985 der
955 943 1016 986 Au⸗

272 1013 411 1050 genzeuge
426 1008 512 1048 dleſer
528 1008 630 1043 Scene
642 1014 721 1046 war,
741 1005 844 1038 konnte
863 1007 910 1045 ſich
928 1004 1015 1044 dabey

272 1072 320 1102 der
333 1067 472 1109 Thraͤnen
496 1066 570 1104 nicht
585 1062 750 1108 enthalten,
771 1062 878 1102 Freude
894 1064 1016 1101 funkelte

272 1130 329 1162 aus
344 1126 438 1166 ſeinen
457 1124 559 1167 Augen
576 1124 644 1159 uͤber
660 1126 730 1163 dieſe
740 1122 867 1163 Spuren
883 1129 931 1154 des
947 1127 1017 1160 fein⸗

274 1191 332 1230 ſten
346 1187 565 1231 Zartgefuͤhls.
584 1188 651 1227 Hat
667 1190 717 1218 der
731 1185 861 1224 Himmel
884 1185 951 1221 noch
975 1184 1019 1216 be⸗

273 1247 421 1288 ſchloſſen,
440 1245 511 1283 dieſe
531 1252 609 1286 zwey
625 1243 736 1278 Seelen
760 1245 815 1275 mit
834 1242 969 1273 einander
983 1249 1018 1280 zu

275 1305 432 1340 verbinden
446 1320 490 1328 —
512 1306 570 1337 und
591 1305 644 1337 wie
660 1303 738 1342 leicht
756 1302 828 1334 kann
853 1301 939 1339 dieſes
957 1308 1019 1332 nun

276 1367 351 1405 nicht
374 1366 502 1407 moͤglich
517 1368 629 1398 werden
651 1375 692 1391 —
715 1364 743 1403 ſo
765 1364 836 1395 wird
859 1363 951 1400 gewiß
977 1365 1021 1395 die

275 1432 377 1472 goldne
391 1428 497 1470 Frucht
517 1432 565 1462 der
578 1426 775 1468 Haͤuslichkeit
797 1426 848 1468 bey
872 1425 961 1468 ihnen
977 1434 1022 1465 ge⸗

277 1491 393 1536 deihen,
433 1492 489 1524 und
510 1484 598 1533 beide
626 1489 682 1522 mit
710 1488 843 1522 einander
875 1487 1021 1530 hienieden

274 1557 357 1596 ſchon
379 1556 446 1595 ſelig
468 1555 544 1595 ſeyn.
597 1551 714 1593 Moͤchte
740 1554 827 1593 dieſes
850 1550 1024 1590 Schauſpiel

279 1623 338 1648 nur
364 1614 429 1647 bald
459 1614 507 1653 ſich
536 1612 697 1647 entwickeln
720 1614 779 1643 und
806 1613 854 1642 der
881 1610 1023 1649 Vorhang

279 1677 385 1715 fallen,
403 1676 434 1706 es
456 1675 528 1716 wird
551 1672 615 1712 doch
637 1673 704 1712 auch
724 1671 802 1709 Zeit,
823 1671 875 1707 daß
894 1667 932 1705 ich
955 1670 1021 1708 auch

281 1736 383 1769 wieder
406 1731 512 1765 einmal
534 1739 572 1764 an
592 1734 661 1771 mich
684 1731 762 1771 ſelbſt
782 1730 874 1762 denke.
918 1726 1024 1762 Meine

282 1785 520 1837 liebenswuͤrdige
534 1787 676 1834 Henriette
691 1791 752 1828 ſagt
754 1788 827 1834 kein
838 1786 935 1826 Wort,
958 1791 1025 1819 aber
