1547 2353
432 459 567 501 Thore
584 459 648 491 und
665 459 725 492 das
740 459 862 501 Schloß
878 462 1002 505 beſetzte,
1017 466 1080 499 und
1098 463 1144 502 die
1158 460 1286 510 Schluͤſ⸗

432 514 506 559 ſel
521 525 557 559 zu
572 505 630 548 den
648 516 814 560 Feſtungen
834 517 946 553 bekam.

544 563 665 606 Guſtav
693 563 796 601 wollte
817 563 1019 609 Magdeburg
1043 569 1189 611 entſetzen,
1218 569 1282 605 kam

432 621 502 657 zu
524 609 609 655 ſpaͤt,
648 616 732 661 Tilly
761 616 895 653 eroberte
917 621 982 654 und
1007 621 1141 662 zerſtoͤrte
1169 626 1204 659 es
1222 627 1284 658 den

432 666 566 700 10ten
581 668 666 712 May
686 665 793 711 1631.
822 670 942 712 Guſtav
959 670 1037 707 blieb
1057 674 1097 707 in
1112 677 1162 708 der
1177 674 1283 715 Mark,

462 716 611 757 Wilhelm
641 716 745 758 mußte
784 717 832 752 die
871 716 1034 763 kaiſerliche
1063 720 1182 764 Partey
1219 731 1282 757 ver⸗

432 766 570 809 laſſen;
612 769 701 802 kaum
732 774 803 809 war
825 768 892 811 dieß
917 768 1090 815 geſchehen,
1130 772 1161 813 ſo
1182 774 1283 809 verlor

462 823 584 858 Guſtav
609 823 640 852 in
663 823 713 857 der
729 819 879 862 Schlacht
902 820 958 867 bey
977 818 1074 865 Luͤtzen
1095 824 1126 859 in
1144 824 1282 866 Sachſen

432 869 524 902 das
540 875 640 898 Leben.
695 872 928 908 Brandenburg
954 869 1017 901 und
1045 871 1140 904 andre
1162 860 1282 908 Staͤdte

457 929 587 954 wurden
609 925 719 954 binnen
735 924 756 954 6
774 924 908 963 Wochen
932 930 993 957 von
1009 927 1064 958 den
1071 923 1281 968 Kaiſerlichen,

432 975 513 1020 als
528 977 672 1016 Feinden,
695 976 819 1014 einmal,
841 978 906 1011 und
921 984 984 1012 von
1004 977 1091 1022 ihren
1105 979 1280 1025 Freunden,

456 1032 514 1059 den
530 1019 714 1065 Schweden,
729 1027 875 1070 zweymal
892 1025 1088 1073 gepluͤndert;
1103 1037 1178 1066 man
1195 1029 1280 1066 denke

432 1080 525 1122 ſich,
548 1080 604 1114 wie
621 1081 682 1114 das
698 1080 796 1122 platte
816 1082 896 1119 Land
913 1081 1045 1125 ausſah.

533 1133 579 1169 Zu
609 1132 661 1161 der
682 1129 744 1170 Zeit
766 1129 855 1170 ſtarb
885 1132 938 1166 der
956 1132 1074 1172 Herzog
1095 1138 1168 1166 von
1183 1134 1279 1176 Pom⸗

455 1190 552 1209 mern,
575 1182 638 1208 und
664 1179 729 1215 dieß
746 1179 836 1223 Land
850 1176 903 1224 fiel
917 1181 993 1213 dem
1008 1170 1207 1222 Churfuͤrſten
1222 1189 1276 1222 zu;

432 1227 530 1256 aber
546 1232 592 1255 die
607 1228 778 1262 Schweden
794 1225 935 1264 nahmen
935 1224 979 1265 es
988 1225 1027 1260 in
1042 1218 1145 1269 Beſitz.
1173 1227 1276 1270 Georg

452 1279 621 1311 Wilhelm,
648 1279 698 1304 der
715 1275 772 1317 bey
789 1275 845 1308 den
860 1273 1029 1316 Schweden
1047 1265 1144 1314 keinen
1160 1277 1273 1322 Schutz

452 1334 552 1370 fand,
578 1329 652 1368 ging
679 1326 788 1365 wieder
810 1338 878 1375 zum
902 1330 1005 1375 Kaiſer
1024 1329 1112 1376 uͤber,
1135 1336 1199 1371 und
1230 1326 1282 1373 die

452 1383 628 1420 Schweden
658 1378 940 1424 uͤberſchwemmten
969 1382 1014 1419 die
1043 1383 1150 1423 Mark.
1217 1387 1272 1424 So

451 1435 551 1470 gings
575 1433 628 1465 bis
646 1437 697 1467 der
720 1432 883 1479 Churfuͤrſt
911 1437 1007 1478 1640
1030 1426 1121 1477 ſtarb.

525 1486 676 1530 Friedrich
702 1487 866 1530 Wilhelm,
892 1489 953 1531 ſein
969 1488 1067 1528 Sohn
1090 1494 1155 1527 und
1170 1490 1280 1532 Nach⸗

449 1541 558 1569 folger,
584 1546 652 1562 war
672 1539 717 1561 20
734 1538 820 1572 Jahr
838 1537 895 1567 alt,
917 1526 978 1558 —
1019 1532 1185 1578 Pommern
1208 1536 1270 1569 und

449 1593 498 1619 ein
521 1591 633 1630 großer
651 1591 742 1628 Theil
766 1592 816 1623 der
841 1588 1013 1633 Churmark
1031 1595 1135 1627 waren
1159 1593 1192 1628 in
1213 1595 1269 1628 den

448 1642 582 1678 Haͤnden
601 1646 652 1670 der
667 1643 851 1678 Schweden,
875 1639 963 1674 Cleve
975 1643 1047 1673 von
1070 1642 1125 1673 den
1140 1636 1271 1685 Hollaͤn⸗

445 1699 523 1723 dern
538 1697 602 1720 und
618 1695 783 1732 Spaniern
804 1690 1049 1735 uͤberſchwemmt
1071 1694 1134 1726 und
1157 1692 1277 1738 zerruͤt⸗

447 1751 512 1780 tet;
525 1746 576 1775 die
585 1746 847 1781 Commandanten
864 1752 924 1786 von
940 1743 1075 1789 Kuͤſtriu
1073 1741 1156 1795 und
1154 1749 1267 1792 Span⸗

447 1804 512 1828 dau
536 1798 659 1828 wollten
676 1799 740 1830 dem
758 1794 957 1839 Churfuͤrſten
981 1795 1063 1836 nicht
1085 1795 1265 1843 gehorchen;

442 1853 537 1887 dieſer
556 1848 644 1884 hatte
665 1849 727 1889 alſo
750 1849 808 1890 faſt
832 1847 936 1890 nichts
954 1849 983 1883 in
997 1845 1137 1894 Haͤnden.
1191 1855 1265 1892 Den

443 1902 711 1937 Commandanten
743 1906 803 1933 von
831 1892 997 1943 Spandau
1028 1900 1086 1943 ließ
1112 1900 1264 1949 Friedrich

444 1951 594 1995 Wilhelm
628 1949 795 1994 auffangen
827 1956 890 1992 und
915 1950 1122 1999 enthaupten;
1170 1957 1264 2002 dieſes
