2842 2923
555 368 698 443 erſten
715 369 884 447 Theils
894 373 956 435 V.
972 363 1190 445 Predigt.

1512 381 1582 432 141

157 472 236 524 mich
252 471 426 527 geſtorben
443 474 519 519 und
536 473 601 525 hat
615 471 686 533 ſein
706 470 811 519 Blut
826 471 887 531 fuͤr
902 473 989 526 mich
1006 469 1195 528 vergoſſen.
1209 473 1290 516 Gal.
1307 480 1345 516 II.
1354 475 1508 519 oder
1453 465 1504 524 wie
1519 476 1577 527 ihr

155 530 288 586 bißhero
295 541 388 577 euere
397 531 575 584 Haggada
593 536 666 579 oder
674 530 1016 587 Verkuͤndigungen
1025 526 1187 583 gehabt/
1197 534 1247 578 da
1263 535 1319 584 ihr
1329 536 1382 580 die
1398 534 1578 581 Wunder

154 584 324 642 GOttes/
329 586 365 642 ſo
376 587 415 631 in
424 581 735 641 Aegypten⸗Land
748 594 808 638 zur
816 588 897 631 Zeit
907 597 1022 633 euerer
1031 578 1163 635 Vaͤter
1173 585 1372 642 geſchehen/
1388 586 1577 633 verkuͤndi⸗

150 644 223 712 get/
241 639 278 701 ſo
294 645 354 701 ſolt
366 642 421 709 ihr
446 645 502 699 nun
516 649 693 700 dargegen
709 642 798 700 itzo/
820 659 854 691 ſo
877 647 946 702 offt
973 648 1027 701 ihr
1052 647 1112 701 diß
1127 649 1251 703 heilige
1268 645 1505 695 Abendmahl
1521 656 1578 700 ge⸗

154 699 353 756 brauchet/
359 699 498 744 meinen
513 695 609 746 Tod
622 687 855 753 verkuͤndigen
872 700 1029 753 dadurch
1050 699 1096 751 ich
1114 700 1192 750 euch
1211 705 1284 745 aus
1295 702 1362 747 den
1374 699 1577 754 Hoͤlliſchen

154 754 329 812 Aegypten
339 761 416 803 und
427 756 702 814 Dienſt⸗Hauſe
712 745 853 812 erloͤſet
867 749 982 808 habe.
999 757 1086 803 Und
1107 760 1277 808 nachdem
1291 764 1367 803 uns
1386 761 1443 804 der
1451 758 1577 812 HErr

154 818 285 876 JEſus
294 819 404 873 dieſen
414 818 546 866 Neuen
553 812 678 867 Bund
688 818 760 872 alſo
770 809 987 873 eingeſetzet/
1002 818 1036 873 ſo
1054 818 1163 873 folget
1170 815 1308 869 endlich
1308 815 1365 868 8.)
1376 819 1575 871 diſcipulo-

154 866 230 921 rum
246 868 391 929 ſequela
414 876 481 921 wie
498 876 550 920 die
567 871 721 931 Juͤngrr
739 871 863 926 ſolches
871 881 1147 928 angenommen.
1210 876 1309 924 Und
1321 875 1369 929 ſie
1378 878 1576 923 truncken

153 931 220 979 alle
233 933 407 979 daraus.
466 932 547 980 Sie
582 932 739 985 nahmen
773 930 934 982 alleſamt
957 937 1023 979 den
1048 932 1159 984 Kelch
1176 932 1276 986 nebſt
1289 936 1356 977 den
1373 930 1577 984 geſegneten

152 984 258 1033 Wein
269 990 336 1029 und
358 982 523 1044 empfahen
546 983 650 1037 dabey
668 986 737 1028 das
747 977 954 1040 hochheilige
971 987 1077 1031 Blut
1093 989 1157 1031 des
1173 985 1342 1040 Sohnes
1351 974 1521 1034 GOttes
1531 993 1575 1039 zu

151 1043 233 1107 ihrer
242 1041 450 1109 Seeligkeit/
474 1049 758 1097 ausgenommen
769 1046 834 1091 den
846 1042 1060 1096 Verraͤther
1070 1042 1187 1108 Juda
1198 1045 1256 1090 der
1266 1045 1332 1100 ſich
1344 1049 1414 1093 das
1424 1045 1578 1098 Gericht

147 1101 189 1155 aß
202 1105 276 1148 und
293 1099 421 1159 tranck.
421 1099 520 1159 durch
529 1095 614 1157 ſeine
637 1095 752 1160 eigene
741 1099 889 1158 Schuld
926 1096 992 1152 und
1013 1096 1193 1158 Boßheit.
1212 1102 1480 1159 Vermuthlich
1490 1096 1583 1158 iſts/

148 1156 216 1212 daß
232 1155 276 1210 ſie
295 1151 428 1213 darauf
441 1158 509 1202 den
516 1155 757 1211 Lob⸗Geſang
765 1159 839 1202 und
850 1165 944 1211 zwar
954 1160 1020 1202 den
1029 1157 1146 1212 letzten
1155 1157 1266 1212 Theil
1277 1149 1441 1213 deſſelben
1450 1156 1576 1213 geſun⸗

146 1220 241 1275 gen/
259 1218 378 1264 indem
395 1221 454 1264 der
467 1218 552 1276 erſte
569 1218 686 1270 Theil
696 1219 783 1267 nach
798 1216 992 1275 Juͤdiſcher
1002 1219 1151 1267 Art
1102 1213 1163 1265 vor
1160 1221 1219 1265 der
1228 1218 1460 1270 Mahlzeit
1442 1214 1499 1263 war
1519 1228 1580 1269 ge⸗

147 1276 299 1336 ſprochen
316 1278 472 1321 worden.
524 1275 652 1329 Dieſer
667 1274 910 1330 Lob⸗Geſang
926 1271 967 1326 iſt
984 1274 1170 1328 enthalten
1186 1278 1223 1322 in
1234 1281 1301 1322 den
1345 1267 1430 1320 CXV.
1461 1267 1575 1321 CXVI.

147 1338 290 1381 CXVII.
306 1340 471 1380 CXVIII.
486 1338 635 1379 Pſalm.
672 1331 792 1385 Denn
827 1338 880 1382 die
896 1335 1028 1390 Juͤden
1046 1332 1203 1390 pflegten
1219 1328 1320 1390 dieſe
1346 1332 1491 1387 Pſalmen
1508 1328 1578 1380 von

146 1390 275 1434 CXIII.
306 1388 364 1444 biß
387 1393 552 1433 CXVIII.
572 1390 692 1432 Hallel
710 1389 780 1435 das
796 1388 837 1445 iſt
850 1387 1097 1442 Lob⸗Geſang
1113 1385 1155 1442 zu
1178 1387 1313 1439 nennen.
1358 1378 1433 1441 Die
1438 1382 1576 1444 erſten

146 1443 268 1497 beyden
277 1441 407 1498 ſungen
414 1440 460 1495 ſie
468 1440 636 1497 nachdem
639 1430 689 1501 ſie
716 1443 764 1496 den
773 1441 911 1490 andern
920 1443 1025 1498 Kelch
1035 1444 1100 1498 bey
1111 1446 1177 1489 den
1187 1441 1459 1500 Oſter⸗Lamm
1467 1447 1577 1488 trun⸗

147 1503 216 1548 cken
223 1506 296 1548 und
306 1504 394 1556 recht
406 1511 441 1557 zu
448 1501 573 1557 ſpeiſen
580 1499 815 1556 anfiengen/
813 1501 964 1558 worauf
976 1506 1035 1550 der
1043 1501 1315 1557 Hauß⸗Vater
1326 1506 1392 1549 den
1400 1499 1576 1558 gewoͤhn⸗

147 1558 247 1613 lichen
270 1556 419 1611 Seegen
437 1555 550 1610 ſprach
582 1557 647 1601 wie
664 1556 789 1610 hievon
805 1547 1047 1612 ausfuͤhrliche
1063 1553 1262 1612 Nachricht
1277 1568 1320 1610 zu
1334 1555 1456 1612 finden
1466 1549 1575 1611 beym

143 1618 374 1661 Maimonide
396 1618 443 1660 de
462 1618 583 1660 Sacrif.
608 1614 726 1672 paſch.
744 1619 960 1671 Hottinget.
969 1618 1017 1660 de
1025 1622 1112 1670 Jure
1126 1621 1243 1661 Hebr.
1254 1619 1335 1668 Die
1345 1620 1478 1675 Juden
1486 1626 1574 1662 mu⸗

147 1669 215 1726 ſten
249 1672 408 1724 viererley
425 1671 557 1724 pocula
573 1670 736 1717 trincken.
795 1673 974 1714 Tertium
993 1672 1177 1724 poculum
1195 1674 1401 1713 vocabatur
1410 1673 1573 1714 benedi-

147 1731 244 1767 ctum
259 1731 345 1778 quia
361 1729 559 1779 gratiarum
578 1723 768 1767 actionem
787 1726 868 1785 poſt
889 1726 993 1783 cibum
1017 1727 1194 1768 dicebant
1204 1727 1303 1782 apud
1313 1723 1417 1769 illud.
1477 1726 1573 1781 Bey

148 1786 208 1833 den
218 1789 343 1834 dritten
354 1789 449 1843 ſatzte
476 1790 512 1834 er
521 1783 569 1833 das
576 1778 801 1841 Nachtmahl
810 1788 893 1845 ein/
900 1793 975 1834 von
985 1791 1053 1833 den
1063 1793 1151 1837 4ten
1160 1790 1302 1842 poculo
1313 1789 1419 1835 wolte
1429 1799 1464 1833 er
1476 1789 1573 1835 nicht

147 1844 310 1887 trincken:
338 1845 422 1898 Jch
444 1841 575 1888 werde
601 1845 683 1887 von
698 1836 779 1890 den
786 1839 992 1897 Gewaͤchs
1009 1844 1080 1890 des
1088 1841 1342 1897 Weinſtocks
1352 1842 1456 1899 nicht
1465 1831 1576 1894 trin⸗

147 1904 228 1948 cken
257 1900 321 1955 biß
356 1903 433 1954 ichs
450 1908 530 1948 neu
547 1903 718 1951 trincken
736 1894 868 1951 werde
884 1903 927 1949 in
937 1905 1092 1949 meines
1106 1902 1275 1951 Vaters
1286 1903 1423 1956 Reich.
1484 1903 1573 1948 Und

144 1958 304 2011 nachdem
319 1960 377 2016 diß
392 1961 482 2006 alles
496 1952 668 2014 geſchehen
687 1961 784 2021 war/
805 1960 886 2015 gieng
894 1962 952 2006 der
960 1952 1087 2014 HErr
1095 1960 1245 2018 JEſus
1254 1961 1316 2016 bey
1327 1956 1442 2017 ſpaͤter
1452 1960 1576 2011 Nacht

146 2011 329 2069 hinaus
290 2025 332 2076 an
342 2019 408 2063 den
418 2016 495 2066 Oel
510 2016 624 2070 Berg
624 2016 697 2070 und
707 2013 800 2070 ſieng
809 2009 945 2074 darauf
946 2008 1015 2071 ſein
1031 2015 1197 2072 ſchweres
1205 2017 1493 2065 Seelen⸗Leiden
1500 2004 1572 2065 an/

149 2075 208 2117 wie
234 2075 292 2117 der
307 2074 455 2128 gelehrte
474 2072 687 2114 Buxtorfius
704 2073 893 2127 behauptet
906 2063 1083 2117 diſſertat.
1125 2071 1169 2126 de
1160 2077 1283 2116 Cœna
1295 2073 1458 2114 Domini
1467 2080 1503 2115 §.
1513 2082 1576 2125 14.

150 2134 246 2165 num.
259 2134 307 2168 10.
326 2133 379 2171 wie
388 2130 472 2178 auch
483 2126 676 2168 Lichtfoot
684 2129 723 2167 in
734 2125 846 2169 Horis
861 2126 980 2171 Hebr.
997 2130 1043 2170 ad
1052 2127 1192 2171 Matth.
1202 2130 1333 2171 XXVI.
1343 2143 1398 2180 27.
1438 2123 1579 2181 Dieſen

152 2189 266 2240 Bund
301 2202 376 2237 nun
391 2193 466 2237 will
481 2203 516 2236 er
533 2194 591 2236 der
605 2194 746 2246 gantzen
763 2184 998 2248 Chriſtlichen
1018 2189 1206 2248 Kirchen/
1221 2193 1346 2242 welche
1361 2198 1439 2240 aus
1449 2193 1581 2243 Boͤſen

153 2245 217 2290 und
228 2240 420 2299 Frommen
414 2244 572 2306 beſtehet
590 2243 838 2301 anvertrauen/
868 2238 914 2299 ſie
948 2247 1052 2299 ſollen
1068 2246 1135 2293 alle
1152 2246 1235 2301 eſſen
1265 2248 1324 2291 und
1339 2247 1491 2293 trincken
1500 2248 1580 2292 und

153 2301 211 2357 ſich
227 2303 309 2357 ſeine
325 2301 576 2357 Wohlthaten
592 2304 697 2355 durch
719 2292 776 2357 diß
783 2294 1027 2358 Sacrament
1041 2297 1189 2356 glaͤubig
1197 2302 1381 2355 zueignen.
1442 2299 1583 2349 Judas

156 2357 275 2410 genoſſe
286 2362 321 2415 es
334 2362 408 2410 auch
422 2360 506 2403 aber
514 2358 610 2416 nicht
615 2363 674 2418 zur
682 2351 892 2412 Seeligkeit.
942 2350 1017 2404 So
1033 2356 1114 2408 ſind
1127 2355 1198 2416 ihrer
1230 2353 1297 2403 viel
1306 2355 1344 2404 in
1353 2351 1412 2406 der
1422 2343 1580 2409 Kirchen

990 2418 1083 2481 T3

1521 2428 1580 2470 Die
