1550 2190
661 389 728 424 Der
751 386 853 430 Koͤnig
877 388 947 429 ſah,
974 387 1030 421 wie
1053 397 1124 421 man
1148 387 1234 429 ſagt,
1263 391 1296 422 es
1313 387 1390 429 nicht

588 451 682 483 gern,
711 444 769 485 daß
789 444 848 483 ſein
866 446 989 479 Bruder
1007 448 1066 477 ans
1084 444 1262 486 Heurathen
1280 446 1392 484 dachte,

587 506 650 537 und
670 502 721 544 ſah
738 506 770 536 es
789 503 860 541 noch
881 502 1015 543 weniger
1032 511 1125 543 gern,
1148 503 1205 543 daß
1224 503 1301 543 ſeine
1318 504 1392 539 Nei⸗

591 572 673 605 gung
693 565 746 601 auf
764 566 840 607 dieſe
858 566 1045 608 Prinzeſſinn
1063 568 1122 607 fiel.

664 622 707 656 Er
723 628 788 654 war
805 620 968 663 perſoͤnlich
987 629 1080 662 gegen
1099 620 1135 661 ſie
1152 621 1392 661 eingenommen,

589 683 653 715 und
677 683 751 722 hielt
775 692 839 718 eine
857 684 1059 723 Verbindung
1083 683 1138 715 mit
1162 682 1209 725 ihr
1227 681 1328 717 weder
1343 681 1392 723 fuͤr

591 738 752 782 anſtaͤndig
770 741 841 780 noch
860 740 911 781 fuͤr
927 741 1139 784 vortheilhaft.
1191 743 1301 784 Daher
1319 742 1392 776 wies

591 811 623 835 er
640 803 697 835 das
715 802 829 841 Geſuch
854 802 949 843 ſeines
965 802 1106 836 Bruders
1127 810 1178 836 um
1200 801 1237 843 ſie
1257 801 1392 843 anfangs

591 860 738 901 geradezu
756 859 870 901 zuruͤck.

664 912 894 955 Wiederhohlte
913 917 1025 947 Bitten
1051 912 1156 953 hatten
1182 914 1246 947 kein
1270 915 1392 952 beſſeres

589 980 763 1023 Schickſal;
797 982 845 1016 bis
874 982 926 1024 ihn
943 982 1061 1019 endlich
1088 984 1133 1017 die
1154 982 1319 1025 Heftigkeit
1341 986 1391 1018 des

588 1042 739 1083 Prinzen,
756 1059 803 1065 —
829 1042 886 1076 mit
901 1044 952 1075 der
951 1040 984 1082 er
1013 1042 1064 1082 ſich
1085 1042 1157 1083 einſt
1167 1042 1229 1084 ihm
1248 1051 1279 1085 zu
1280 1039 1390 1085 Fuͤßen

588 1101 691 1142 warf,
725 1103 787 1136 und
805 1102 922 1144 flehend
943 1103 995 1143 ihn
1013 1104 1083 1140 bat,
1119 1102 1182 1144 ihm
1203 1104 1259 1137 den
1277 1104 1342 1139 Tod
1359 1112 1391 1144 zu

588 1158 705 1200 geben,
733 1165 822 1192 wenn
845 1168 876 1193 er
899 1158 962 1201 ihm
985 1160 1063 1198 ſeine
1080 1160 1218 1195 Geliebte
1234 1161 1312 1198 nicht
1329 1168 1390 1194 ver⸗

589 1217 724 1265 willigen
743 1218 861 1258 wollte,
887 1237 935 1242 —
965 1215 1172 1259 uͤberraſchte,
1204 1219 1265 1252 und
1282 1218 1344 1260 ihm
1363 1220 1390 1261 ſo

588 1282 669 1323 ſeine
687 1281 909 1324 Einwilligung
933 1282 1081 1323 abdrang.

667 1333 784 1374 Jndem
803 1334 855 1367 der
873 1332 973 1375 Koͤnig
993 1333 1069 1372 ſeine
1082 1328 1302 1374 Einwilligung
1320 1338 1389 1373 gab,

591 1398 717 1433 erklaͤrte
744 1410 774 1433 er
792 1399 890 1441 jedoch
916 1400 1062 1442 zugleich,
1089 1400 1146 1440 daß
1168 1410 1198 1434 er
1221 1401 1275 1440 bey
1297 1402 1387 1439 ſeiner

590 1457 806 1500 Vermaͤhlung
832 1457 910 1498 nicht
929 1466 1059 1499 zugegen
1086 1458 1176 1498 ſeyn,
1212 1459 1284 1497 auch
1311 1459 1387 1501 ſeine

588 1519 780 1561 Gemahlinn
799 1519 877 1557 nicht
895 1520 979 1561 ſehen
995 1519 1092 1553 wolle.

663 1571 759 1607 Lange
785 1569 863 1610 ſetzte
899 1578 929 1602 er
943 1564 1036 1608 dieſe
1069 1566 1236 1603 kraͤnkende
1262 1572 1387 1612 Zuruͤck⸗

589 1637 701 1679 ſetzung
719 1636 799 1674 fort,
825 1637 965 1681 wiewohl
990 1640 1037 1673 die
1063 1637 1153 1679 junge
1169 1637 1385 1681 Markgraͤfinn

587 1693 651 1735 jede
668 1689 973 1736 Liebenswuͤrdigkeit
991 1694 1021 1727 in
1041 1693 1093 1736 ſich
1110 1684 1286 1735 vereinigte.
