1665 2576
556 451 621 495 90

689 433 781 489 Die
781 433 922 489 aͤchte
922 433 1257 489 Aufmerkſamkeit
1257 433 1336 489 ꝛc.

559 521 697 564 gebotne
713 521 834 561 Gnade
857 521 981 565 Gottes
1003 523 1185 578 verachten,
1214 533 1290 570 oder
1315 531 1470 575 vernach⸗

561 574 713 626 laͤſſigen.
761 578 843 620 Wir
859 582 994 624 wuͤrden
1008 580 1086 631 ihn,
1110 594 1164 626 wo
1185 589 1247 637 ſein
1260 591 1363 633 Wille
1384 592 1463 638 auch

564 630 776 678 verkuͤndiget
792 630 923 679 wuͤrde,
952 633 1015 672 mit
1027 635 1135 687 offnen
1148 640 1273 689 Herzen
1292 646 1360 683 und
1378 645 1462 686 einer

560 684 729 730 doppelten
749 682 1035 737 Aufmerkſamkeit
1063 701 1101 738 zu
1128 699 1196 731 uns
1223 699 1316 736 reden
1344 699 1462 749 hoͤren.

558 734 642 775 Wir
656 737 791 776 wuͤrden
809 738 872 785 auf
884 738 973 778 einen
991 741 1081 787 jeden
1096 743 1258 790 Eindruck
1275 755 1327 788 der
1341 751 1461 799 himm⸗

555 788 673 841 liſchen
692 790 871 843 Wahrheit
892 795 955 835 mit
972 797 1140 853 Weißheit
1158 806 1225 843 und
1239 804 1460 858 Ueberlegung

554 844 697 885 achten:
734 852 793 881 um
815 840 974 895 denſelben
995 858 1033 896 zu
1056 850 1142 892 einer
1162 851 1267 904 Regel
1285 853 1344 905 fuͤr
1363 858 1459 908 unſre

554 895 736 941 Gedanken
755 903 823 939 und
838 898 1088 957 Handlungen;
1116 916 1188 957 zum
1201 908 1299 962 Troſt
1311 915 1378 952 und
1400 924 1457 962 zur

550 949 765 1002 Erquickung
786 953 824 991 in
854 953 983 1005 unſerm
1003 957 1167 1004 Kummer
1193 972 1233 1010 zu
1259 963 1457 1019 bewahren;

550 1002 717 1053 denſelben
739 1004 853 1046 wieder
873 1011 995 1052 andern
1013 1013 1164 1058 Kindern
1182 1016 1310 1061 Gottes
1338 1020 1455 1069 mitzu⸗

549 1056 710 1104 bringen,
740 1059 809 1095 und
831 1060 894 1099 mit
911 1061 1011 1112 ihnen
1039 1064 1134 1109 durch
1151 1059 1453 1123 gemeinſchaftliche

547 1109 865 1166 Aufmunterungen
882 1117 1034 1168 geſtaͤrket
1070 1120 1108 1168 zu
1100 1126 1242 1167 werden.
1280 1128 1367 1169 Gieb
1381 1139 1451 1171 uns

541 1165 690 1211 Gnade,
717 1162 942 1209 erbarmender
967 1168 1081 1221 Vater,
1108 1182 1167 1213 um
1183 1175 1290 1217 deines
1299 1175 1450 1230 Sohnes

547 1218 676 1269 willen,
705 1221 803 1272 deſſen
826 1223 917 1267 Leben
942 1231 986 1268 du
1008 1228 1097 1277 nicht
1117 1231 1286 1287 ſchonteſt,
1312 1237 1449 1286 ſondern

543 1271 604 1320 ihn
625 1280 663 1318 zu
681 1273 784 1314 einem
797 1274 904 1327 Opfer
920 1279 979 1330 fuͤr
994 1283 1104 1333 unſere
1115 1284 1332 1338 Miſſethaten
1346 1288 1448 1339 dahin

538 1325 664 1378 gabſt:
702 1328 789 1371 Gieb
802 1339 869 1373 uns
884 1332 992 1385 Kraft
1014 1340 1072 1378 und
1079 1338 1296 1392 Vermoͤgen,
1321 1346 1445 1386 deinem

539 1380 637 1430 Rufe
652 1380 715 1420 mit
733 1382 886 1436 groͤſſerer
900 1386 1186 1442 Bereitwilligkeit
1199 1403 1237 1440 zu
1250 1393 1446 1449 gehorchen;

539 1436 630 1466 deine
651 1433 810 1475 liebreiche
831 1435 991 1475 Stimme
1012 1438 1075 1476 mit
1097 1447 1213 1479 neuem
1230 1431 1442 1493 Vergnuͤgen

539 1493 581 1530 zu
596 1486 723 1534 hoͤren;
761 1495 830 1529 und
845 1493 897 1531 dir
911 1493 1013 1543 willig
1030 1506 1068 1542 zu
1087 1496 1218 1545 folgen,
1242 1510 1297 1539 wo
1313 1508 1357 1541 du
1371 1513 1440 1545 uns

533 1536 716 1589 hinfuͤhren
733 1538 828 1583 wilſt.
874 1541 944 1590 Ja,
948 1541 1130 1599 heiligſter
1144 1536 1330 1605 Verſoͤhner,
1349 1551 1440 1602 theu⸗

536 1590 631 1633 erſter
644 1589 733 1632 Herr
746 1590 821 1626 und
835 1588 1066 1643 Seelenhirte,
1099 1594 1186 1636 deine
1201 1594 1361 1642 Stimme
1379 1592 1473 1653 ſoll

533 1645 613 1693 ſtets
627 1644 721 1694 unſer
733 1647 973 1701 angenehmſter
988 1650 1123 1706 Geſang
1136 1655 1226 1709 ſeyn,
1259 1661 1355 1707 durch
1377 1667 1439 1703 den

533 1699 599 1737 wir
630 1697 844 1752 inſonderheit
879 1702 996 1754 ergoͤtzt
1025 1715 1065 1754 zu
1090 1713 1218 1752 werden
1242 1712 1433 1767 wuͤnſchen;

532 1756 602 1794 und
639 1754 726 1795 deine
767 1757 1007 1811 wohlthaͤtigen
1033 1764 1172 1819 Befehle
1204 1769 1300 1818 ſollen
1328 1771 1435 1814 unab⸗

528 1804 650 1854 laͤßlich
674 1806 767 1852 unſre
786 1806 906 1858 einzige
921 1806 1138 1863 Richtſchnur
1164 1805 1325 1868 bleiben,
1348 1819 1432 1869 nach

529 1861 585 1900 der
605 1859 667 1899 wir
686 1863 839 1904 wandeln
856 1866 986 1908 wollen.
1054 1870 1119 1914 Du
1139 1873 1227 1926 wirſt
1248 1883 1317 1918 uns
1338 1882 1431 1920 dann

528 1916 664 1968 dereinſt
684 1926 729 1956 an
751 1920 874 1963 deinem
891 1920 1029 1976 heiligen
1040 1926 1148 1981 Tiſche
1166 1936 1227 1973 den
1242 1931 1338 1984 Platz
1360 1934 1429 1975 ein⸗

526 1971 687 2015 raͤumen,
716 1972 775 2009 den
790 1976 834 2012 du
850 1980 932 2024 uns,
958 1980 1032 2027 und
1041 1978 1125 2020 allen
1139 1982 1272 2034 wahren
1280 1985 1428 2031 Glaͤubi⸗

523 2035 586 2073 gen
603 2026 639 2065 in
660 2031 718 2067 den
731 2027 950 2082 himmliſchen
970 2033 1240 2090 ewigdauernden
1252 2039 1430 2095 Feyerlich⸗

517 2081 618 2124 keiten
633 2080 800 2136 zubereitet
813 2085 898 2140 haſt.
946 2088 1069 2137 Amen.
