2539 2852
764 434 892 491 ſobald
910 444 1000 481 man
1017 429 1122 485 mehr
1140 429 1226 487 ſeyn
1243 428 1320 477 will
1337 428 1408 476 wie
1430 426 1592 479 Andere,
1605 422 1692 481 ſich
1712 422 1782 480 auf
1803 420 1898 479 ſeine
1933 410 2145 483 Einſichten
2159 418 2260 469 oder

765 494 920 542 Stand
928 495 1049 536 etwas
1067 488 1253 542 einbildet,
1264 484 1332 544 ſich
1344 484 1445 541 nicht
1458 484 1503 537 zu
1503 483 1611 536 einer
1627 481 1869 539 beſcheidenen
1879 481 1957 526 und
1967 474 2142 543 maͤßigen
2150 464 2261 525 Den⸗

769 547 951 601 kungsart
968 558 1043 592 von
1061 545 1179 602 ſeinen
1199 542 1406 596 etwanigen
1416 536 1864 596 Verdienſtengewoͤhnt,
1882 531 1919 590 ſo
1939 534 2095 591 entſteht
2110 535 2259 580 daraus

767 620 839 661 gar
857 609 941 654 bald
958 600 1128 657 allerley
1147 598 1290 660 Boͤſes.
1293 602 1449 651 Dawill
1464 612 1556 647 man
1572 600 1667 645 denn
1687 597 1727 643 in
1737 597 1832 643 allen
1848 596 2009 647 Dingen
2020 594 2129 642 allein
2137 593 2263 648 Recht

766 662 906 718 haben,
921 660 1051 716 richtet
1068 660 1230 713 Andere,
1248 650 1344 705 wird
1366 656 1422 710 oft
1438 652 1624 714 unhoͤflich
1648 646 1724 699 und
1731 650 1922 707 beleidigt,
1937 651 2017 696 und
2034 648 2178 698 daraus
2188 654 2264 696 ent⸗

770 720 863 778 ſteht
879 722 974 768 denn
991 720 1137 767 allemal
1151 716 1274 774 Zank,
1289 717 1368 763 und
1394 715 1452 762 die
1477 710 1692 768 Gemuͤther
1713 711 1862 765 werden
1888 713 2061 762 getrennt
2083 696 2161 753 und
2188 712 2264 752 ent⸗

768 777 871 835 fernt
885 788 967 823 von
981 774 1172 822 einander.

869 825 987 866 Eben
1010 823 1048 871 ſo
1066 821 1211 871 gehoͤrt
1227 818 1317 870 auch
1335 816 1391 859 die
1414 815 1646 867 Geſinnung
1672 814 1737 853 der
1745 797 2011 863 Sanftmuth
2036 803 2121 853 und
2139 800 2267 858 Lang⸗

716 871 897 937 muth
915 881 1022 933 dazu,
1037 889 1147 923 wenn
1167 879 1238 923 wir
1257 876 1442 931 Einigkeit
1460 882 1569 919 unter
1588 879 1665 918 uns
1684 874 1846 925 erhalten
1864 875 2009 916 wollen.
2054 873 2200 916 Damit
2221 870 2268 920 iſt

777 949 951 1004 gemeint,
972 948 1043 1001 daß
1061 947 1133 994 wir
1149 946 1299 1003 nicht
1262 940 1306 1003 ſo
1320 945 1423 1001 leicht
1443 942 1555 997 durch
1582 942 1707 996 wahre
1732 941 1816 985 oder
1841 936 2077 994 eingebildete
2100 937 2316 986 Beleidi⸗

773 1016 922 1061 gungen
940 1005 1111 1053 Anderer
1133 1006 1211 1049 uns
1228 1001 1270 1047 in
1285 999 1390 1058 Hitze
1406 998 1562 1052 bringen
1580 999 1655 1042 und
1673 1003 1757 1047 zum
1776 988 1866 1057 Zorn
1882 990 1998 1054 reizen
2020 991 2153 1048 laſſen,
2170 1001 2268 1038 wor⸗

778 1070 851 1113 aus
874 1065 1023 1112 allemal
1049 1060 1286 1116 Uneinigkeit
1313 1058 1530 1114 entſpringt.
1563 1055 1781 1113 Spruͤchw.
1800 1055 1901 1104 Sal.
1921 1068 1991 1108 25,
2009 1055 2071 1101 V.
2084 1063 2132 1102 8.
2169 1043 2269 1109 Alſo

778 1119 877 1179 gehe
894 1121 1002 1176 nicht
1023 1117 1164 1175 ſchnell
1179 1121 1271 1174 zum
1288 1115 1404 1174 Zank
1420 1120 1522 1164 aus:
1540 1102 1725 1167 bedenke,
1739 1116 1836 1160 was
1853 1112 1909 1158 du
1926 1110 2045 1163 beym
2064 1107 2270 1162 Ausgang

759 1181 885 1233 thun
900 1180 1089 1233 wollteſt,
1106 1186 1232 1225 wenn
1249 1177 1342 1225 dein
1360 1171 1562 1229 Naͤchſter
1579 1174 1666 1223 dich
1680 1169 1929 1227 beſchimpft.
1960 1172 2058 1217 Wer
2076 1167 2144 1225 ſich
2154 1177 2197 1218 zu
2208 1167 2271 1212 der

765 1236 908 1282 Unart
922 1230 1098 1288 gewoͤhnt
1114 1229 1193 1283 hat,
1210 1229 1344 1275 immer
1361 1227 1475 1283 gleich
1490 1227 1533 1273 in
1547 1225 1672 1281 Wuth
1690 1226 1765 1271 und
1777 1221 1884 1280 Hitze
1899 1228 1946 1272 zu
1961 1218 2151 1275 gerathen,
2159 1207 2272 1269 belei⸗

780 1296 869 1350 digt
887 1292 1041 1346 Andere,
1058 1291 1135 1337 und
1154 1288 1254 1344 giebt
1269 1300 1313 1338 zu
1349 1278 1479 1341 Streit
1502 1276 1641 1342 Anlaß.
1683 1282 1809 1335 Nein,
1819 1273 1891 1334 da
1894 1277 2131 1336 gewoͤhne
2084 1270 2165 1335 dich
2171 1272 2272 1331 viel⸗

781 1348 886 1402 mehr
901 1346 1037 1394 immer
1051 1346 1150 1402 ſanft
1167 1348 1245 1393 und
1263 1340 1535 1401 freundlich
1489 1338 1532 1399 zu
1555 1333 1651 1398 ſeyn,
1677 1331 1758 1400 auch
1771 1331 1884 1397 ſelbſt
1925 1337 2011 1392 wenn
2028 1336 2091 1390 du
2091 1333 2275 1389 beleidigt

780 1406 936 1461 wirſt.
955 1407 1036 1455 Da
1058 1402 1186 1453 nimm
1192 1392 1257 1454 dir
1275 1401 1359 1460 Zeit
1373 1411 1449 1453 zur
1459 1394 1720 1451 Ueberlegung
1738 1389 1803 1450 und
1825 1387 1933 1447 lerne
1943 1384 2038 1449 auch
2061 1390 2275 1447 ſchweigen.

778 1452 869 1511 Aber
901 1465 996 1507 wenn
1035 1459 1086 1503 du
1102 1454 1251 1512 ſogleich
1268 1453 1399 1509 zornig
1414 1452 1514 1509 wirſt
1530 1454 1607 1499 und
1630 1452 1732 1497 dann
1750 1449 1821 1496 mit
1840 1440 2020 1508 Schelten
2044 1452 2123 1494 und
2142 1442 2275 1498 harten

781 1524 952 1569 Worten
970 1517 1109 1574 heraus
1127 1516 1277 1572 faͤhreſt,
1297 1517 1334 1570 ſo
1352 1514 1444 1568 muß
1458 1513 1496 1567 ja
1514 1514 1570 1559 die
1587 1509 1774 1567 Einigkeit
1790 1508 1929 1567 geſtoͤrt
1937 1508 2098 1554 werden.
2130 1504 2219 1561 Bey
2219 1504 2275 1560 je⸗

786 1587 853 1625 ner
870 1574 1101 1631 Geſinnung
1120 1571 1196 1629 haſt
1205 1578 1261 1618 du
1277 1571 1383 1627 ſchon
1401 1569 1472 1617 viel
1488 1581 1553 1623 zur
1563 1567 1840 1621 Beobachtung
1850 1566 1913 1611 der
1923 1562 2121 1619 Eintracht
2129 1571 2276 1615 gewon⸗

770 1647 875 1688 nen,
892 1640 1009 1683 denn:
1040 1634 1195 1689 Sirach
1216 1644 1284 1689 28,
1297 1637 1364 1681 V.
1390 1645 1452 1685 13.
1476 1637 1531 1677 16.
1559 1627 1670 1688 Jaͤch
1685 1626 1843 1685 ſeyn
1803 1623 1848 1686 zu
1871 1616 1999 1686 Hader,
2022 1613 2167 1686 zuͤndet
2188 1608 2278 1683 Feu⸗

782 1698 833 1738 er
849 1698 918 1738 an.
949 1687 1034 1738 Ein
1050 1685 1162 1743 boͤſes
1178 1684 1316 1736 Maul
1332 1684 1487 1737 machet
1503 1680 1581 1728 viel
1600 1677 1723 1735 Leute
1737 1674 1955 1727 uneins.

889 1738 981 1784 Und
998 1746 1063 1782 um
1083 1736 1120 1790 ſo
1138 1733 1383 1791 ſanftmuͤthig
1398 1741 1441 1784 zu
1440 1733 1558 1785 ſeyn,
1581 1731 1708 1793 gehoͤrt
1732 1733 1812 1776 denn
1839 1724 1985 1782 freilich
2007 1712 2107 1780 auch
2123 1718 2191 1770 die
2198 1708 2278 1782 hier

755 1804 1027 1860 empfohlene
1036 1804 1203 1853 Geduld
1212 1804 1308 1851 oder
1315 1793 1677 1855 Nachſtcht
1546 1790 1601 1851 mit
1621 1791 1681 1850 den
1684 1794 1847 1862 Fehlern
1850 1787 2028 1847 Anderer
2028 1789 2143 1844 dazu.
2171 1779 2281 1849 Denn

769 1864 865 1907 wer
875 1857 1015 1915 nichts
1027 1856 1245 1913 uͤberſehen,
1257 1864 1338 1907 gar
1357 1853 1494 1910 nichts
1494 1850 1687 1908 ertragen
1699 1842 1816 1913 kann,
1837 1839 1902 1910 der
1930 1843 2028 1906 wird
2028 1841 2130 1906 auch
2159 1843 2278 1900 gewiß

792 1903 899 1965 leicht
914 1908 1043 1965 zornig
1060 1911 1217 1957 werden.
1261 1910 1380 1956 Aber
1391 1903 1461 1959 der
1485 1899 1598 1963 wahre
1614 1897 1765 1958 Chriſt,
1787 1908 1846 1958 der
1863 1900 2011 1950 dulden,
2028 1898 2106 1944 und
2123 1896 2223 1950 auch
2231 1906 2281 1951 an

791 1970 952 2019 Andern
971 1969 1091 2011 etwas
1108 1974 1152 2016 zu
1167 1969 1300 2016 tragen
1315 1961 1457 2015 gelernt
1472 1950 1554 2014 hat,
1554 1954 1653 2013 kann
1666 1956 1749 2012 denn
1770 1946 1854 2014 auch
1873 1945 1935 2011 zur
1947 1951 2088 2009 rechten
2101 1952 2194 2007 Zeit
2201 1954 2281 2002 eine

774 2028 898 2070 weiſe
908 2021 1204 2084 Nachgiebigkeit
1212 2025 1395 2081 beweiſen.
1405 2025 1478 2073 Da
1488 2023 1583 2070 wird
1593 2031 1631 2069 er
1641 2021 1706 2078 ſich
1728 2023 1805 2069 denn
1821 2013 1933 2072 lieber
1946 2025 2006 2065 mit
2013 2010 2150 2080 ſeinen
2169 2003 2282 2081 Naͤch⸗

781 2084 870 2141 ſten
885 2079 1159 2143 verſtaͤndigen,
1176 2077 1273 2124 wird
1291 2078 1399 2124 einen
1414 2074 1630 2131 Vorſchlag
1650 2084 1715 2125 zur
1730 2060 1844 2123 Guͤte
1863 2063 1966 2124 thun,
1988 2067 2081 2131 wird
2099 2064 2183 2133 gern
2205 2070 2281 2131 ein⸗

790 2142 884 2192 mal,
901 2145 968 2187 des
986 2141 1103 2187 lieben
1120 2139 1306 2194 Friedens
1320 2140 1398 2184 und
1422 2148 1491 2183 um
1515 2132 1576 2182 der
1599 2128 1816 2189 Erhaltung
1833 2125 1912 2185 der
1933 2124 2134 2185 Eintracht
2134 2125 2281 2183 willen,

775 2198 1013 2253 nachgeben,
1032 2198 1150 2249 wirds
1166 2197 1204 2252 ſo
1219 2193 1459 2249 machen
1403 2189 1475 2243 wie
1474 2190 1686 2248 Abraham,
1717 2200 1724 2233 1
1737 2191 1871 2247 Buch
1879 2188 1998 2244 Moſe
2010 2188 2083 2246 13,
2123 2185 2283 2241 V.7⸗11.

789 2263 877 2307 Als
894 2259 1042 2305 immer
1054 2256 1171 2312 Zank
1188 2249 1281 2307 war
1289 2251 1495 2310 zwiſchen
1517 2245 1588 2301 den
1604 2249 1756 2302 Hirten
1780 2246 1890 2300 uͤber
1895 2243 2145 2302 Abrahams
2159 2237 2286 2302 Vieh,

792 2315 881 2363 und
898 2312 1084 2367 zwiſchen
1100 2313 1177 2361 den
1194 2311 1347 2363 Hirten
1366 2307 1473 2359 uͤber
1480 2306 1609 2360 Loths
1625 2305 1787 2361 Vieh.
1806 2295 1872 2360 Da
1871 2292 2039 2359 ſprach
2039 2291 2284 2358 Abraham

796 2384 844 2431 zu
861 2371 988 2427 Loth:
1026 2370 1181 2428 Lieber,
1203 2370 1272 2424 laß
1297 2366 1405 2423 nicht
1457 2354 1552 2426 Zank
1572 2363 1668 2421 ſeyn
1686 2352 1875 2423 zwiſchen
1912 2351 1982 2426 mir
2007 2351 2077 2414 und
2104 2357 2182 2419 dir,
2200 2358 2285 2411 und
