1556 2380
297 1702 385 1741 Joh.
402 1706 439 1731 21.

524 466 596 509 das
603 471 769 524 geiſtliche
775 475 1050 532 Prieſterthum,
1075 484 1221 533 welches
1230 491 1318 531 allen
1326 490 1399 531 de⸗

519 527 607 566 nen,
635 521 690 563 die
708 526 767 565 der
784 526 904 577 heilige
924 529 1028 581 Geiſt
1049 534 1199 585 geſalbet
1216 539 1290 587 hat,
1310 539 1381 582 und

518 572 680 620 Chriſten
700 578 822 627 ſeynd,
846 580 981 628 gemein
996 587 1055 637 iſt,
1076 588 1142 632 mit
1151 586 1379 643 aͤuſſerlichen,

518 622 666 673 welches
695 637 773 676 zum
807 632 942 683 Dienſt
979 639 1041 681 der
1068 639 1214 690 Kirchen
1234 642 1391 694 gehoͤrt,

516 671 590 713 und
617 674 706 726 nicht
729 681 840 727 allen,
873 680 1017 732 ſondern
1044 687 1146 731 allein
1169 691 1297 744 denen,
1321 693 1385 737 die

513 728 620 770 darzu
639 730 793 781 beruffen
809 735 881 776 und
898 737 1083 789 ordentlich
1095 737 1273 797 beſtaͤtiget
1286 747 1388 796 ſeyn,

512 772 678 827 gebuͤhrt,
703 781 792 828 nicht
827 781 870 826 in
875 783 1040 830 einander
1061 798 1255 841 vermenge,
1289 796 1416 837 wel⸗

509 826 587 872 ches
605 828 690 875 ohne
714 831 902 883 merckliche
924 840 1008 881 und
1024 836 1207 895 ſchaͤdliche
1229 843 1385 896 Zerruͤt⸗

510 884 597 926 tung
608 882 680 923 und
692 881 906 931 Verderben
915 883 973 937 der
985 890 1133 947 Kirchen
1142 890 1234 952 nicht
1241 893 1384 953 geſche⸗

506 930 572 968 hen
592 937 700 971 mag.

876 999 986 1032 XIII.

552 1022 677 1066 Vom
691 1024 877 1070 oberſten
892 1027 1125 1081 Biſchoffe,
1141 1037 1222 1072 und
1244 1021 1374 1086 an⸗

753 1095 844 1125 dern
854 1093 1114 1132 Biſchoͤffen.

546 1128 632 1172 Und
634 1131 706 1175 auf
710 1132 781 1179 daß
790 1135 844 1180 die
851 1137 987 1189 Kirche,
1014 1141 1069 1184 die
1087 1142 1182 1186 eines
1190 1140 1377 1198 Haupts,

495 1186 567 1226 das
588 1190 644 1233 iſt,
669 1191 735 1234 des
759 1187 896 1239 HErrn
917 1191 1047 1248 CHriſti
1064 1196 1198 1250 einiger
1204 1200 1284 1250 Leib
1305 1207 1372 1254 iſt,

493 1234 585 1283 deſto
599 1235 730 1285 leichter
739 1239 774 1280 in
790 1234 951 1293 Einigkeit
965 1241 1110 1296 erhalten
1142 1243 1260 1296 wuͤrde,
1269 1255 1363 1295 wie⸗

490 1278 587 1325 wohl
601 1281 644 1328 ſie
651 1282 719 1325 viel
726 1279 907 1336 Biſchoͤffe
917 1286 1001 1344 hat,
1009 1289 1128 1341 welche
1139 1286 1216 1345 das
1236 1285 1376 1351 Volck,

489 1334 525 1377 ſo
543 1334 707 1387 Chriſtus
723 1336 837 1387 durch
847 1336 915 1390 ſein
931 1342 1086 1392 theures
1097 1350 1210 1394 Blut
1224 1353 1360 1394 erwor⸗

488 1375 553 1415 ben
575 1377 667 1428 hat,
681 1378 866 1430 regieren,
883 1382 969 1429 und
986 1387 1054 1431 das
1069 1385 1136 1433 aus
1151 1387 1358 1442 goͤttlichen

484 1430 678 1482 Rechten,
704 1435 748 1484 ſo
769 1437 837 1485 hat
859 1433 955 1486 man
968 1442 1062 1492 doch
1077 1445 1177 1491 einen
1194 1449 1348 1502 oberſten

481 1484 667 1539 Biſchoff,
692 1491 753 1534 der
770 1491 842 1535 den
852 1494 993 1541 andern
1007 1499 1118 1551 allen,
1152 1501 1218 1547 mit
1240 1507 1350 1550 voller

484 1536 637 1584 Gewalt
652 1536 820 1596 fuͤrgeſetzt
835 1544 900 1597 iſt,
920 1546 1212 1597 Schiſmata
1144 1547 1210 1597 und
1226 1555 1343 1602 Tren⸗

477 1587 572 1628 nung
589 1584 813 1636 zuverhuͤten,
828 1591 900 1632 und
915 1593 994 1635 das
1005 1596 1092 1645 nach
1114 1598 1176 1641 der
1200 1595 1389 1645 Præro-

472 1637 573 1685 gativ
599 1641 672 1684 und
689 1639 848 1694 Fuͤrzug,
870 1647 933 1695 der
950 1650 1065 1701 Petro
1098 1655 1267 1706 verliehen
1286 1659 1341 1708 iſt,

471 1689 548 1733 und
562 1695 632 1736 wie
656 1694 756 1746 Nutz
770 1696 899 1748 ſolches
917 1703 991 1752 ſey,
1014 1704 1071 1748 die
1096 1707 1335 1757 Trennungen

469 1741 506 1782 in
523 1741 586 1784 der
599 1742 747 1795 Kirchen
765 1744 993 1801 zuverhuͤten,
1015 1752 1177 1808 beweiſet
1190 1759 1252 1807 ſich
1261 1764 1364 1810 aus

466 1791 559 1842 dem,
575 1792 648 1842 daß
657 1802 728 1841 aus
739 1797 977 1852 Verachtung
984 1804 1096 1855 dieſes
1105 1809 1216 1859 hohen
1222 1810 1332 1861 Prie⸗

464 1843 551 1893 ſters
576 1845 760 1895 offtmahls
767 1848 1004 1902 Trennungen
1014 1857 1085 1900 und
1094 1861 1331 1910 Spaltungen

465 1883 671 1942 entſtanden
695 1895 826 1947 ſeynd,
856 1901 923 1945 wie
940 1907 980 1945 es
995 1904 1083 1957 auch
1108 1908 1334 1961 Cyprianus

463 1943 623 1993 ſchreibt,
640 1947 714 1990 und
729 1950 801 1992 das
811 1951 947 1999 Werck
944 1947 1055 2009 ſelbſt
1067 1946 1191 2010 zeuget.

512 1983 613 2028 Wer
628 1996 701 2032 nun
717 1990 784 2035 den
800 1992 928 2046 Stuhl
944 1997 1055 2050 Petri
1070 2001 1172 2045 innen
1181 2004 1254 2052 hat,
1264 2001 1326 2043 als
