2660 3006
682 468 783 509 Von
817 461 1089 525 Erſchaffung
1123 470 1189 515 der
1222 464 1362 523 Welt.

1713 472 1792 526 215

290 594 374 636 Der
390 594 535 635 ewige,
530 596 650 638 treue
668 598 747 639 und
769 598 984 651 allmaͤchti⸗

235 645 284 688 ge
296 641 436 690 GOtt,
453 627 676 693 Schoͤpffer
692 642 885 695 Himmels
900 648 981 687 und

237 700 307 737 der
328 688 472 743 Erden,
477 690 664 749 erleuchte
684 710 759 744 uns
779 701 902 749 durch
922 703 982 752 ſei⸗

234 757 310 789 nen
326 749 503 799 Heiligen
523 751 642 804 Geiſt,
652 763 716 796 um
732 754 847 804 ſeines
867 756 981 805 Soh⸗

234 808 307 842 nes
326 790 446 852 JEſu
467 799 621 854 CHriſti
644 804 793 856 willen,
820 806 893 855 auf
904 807 982 857 daß

235 857 313 893 wir
354 854 444 899 dieſe
486 853 584 904 hohe
624 858 751 904 Lehre
792 871 874 901 von
913 863 981 903 der

233 905 495 960 Schoͤpffung
540 918 614 952 aus
656 910 787 960 ſeinem
830 913 981 957 Worte

231 955 345 1006 recht
376 959 566 1011 verſtehen
599 963 758 1014 lernen,
797 965 887 1014 ſtets
922 965 982 1007 be⸗

231 1012 438 1067 trachten,
464 1019 542 1062 und
573 1019 757 1075 feſtiglich
782 1020 981 1076 glaͤuben,

1037 596 1115 644 ihm
1131 595 1194 645 fuͤr
1212 596 1304 643 ſeine
1320 598 1681 654 unausſprechliche
1696 602 1784 646 Guͤ⸗

1034 656 1073 690 te
1093 653 1172 694 und
1187 651 1467 700 Wohlthaten,
1491 655 1528 700 ſo
1549 665 1588 695 er
1609 666 1686 697 uns
1698 653 1785 708 taͤg⸗

1035 703 1111 753 lich
1130 703 1407 755 wiederfahren
1430 708 1523 759 laͤßt,
1542 708 1641 757 ohne
1651 714 1786 754 Unter⸗

1034 758 1100 807 laß
1134 760 1259 806 durch
1291 760 1499 809 CHriſtum
1533 763 1786 817 danckſagen,

1033 813 1114 852 und
1136 815 1177 855 in
1208 814 1301 856 aller
1323 812 1575 866 Anfechtung
1604 821 1684 860 und
1705 819 1784 862 Be⸗

1034 861 1285 915 kuͤmmernuͤß
1299 874 1372 907 uns
1383 866 1454 915 auf
1458 866 1547 913 ſeine
1558 868 1784 918 unendliche

1035 920 1234 970 Weißheit
1249 926 1326 963 und
1344 921 1590 976 allmaͤchtige
1599 925 1784 976 Gewalt,

1033 968 1134 1019 nach
1162 970 1295 1023 ſeinem
1319 973 1494 1023 Worte,
1524 976 1596 1016 mit
1624 975 1782 1025 ſtarcker

1035 1020 1257 1082 Zuverſicht
1275 1030 1478 1083 verlaſſen!
1504 1034 1637 1080 Amen.

541 1268 703 1383 Die
758 1266 1040 1384 Andere
1105 1258 1458 1402 Predigt,

409 1447 585 1516 Von
627 1447 1061 1531 Erſchaffung
1105 1455 1299 1527 derer
1341 1455 1591 1532 Engel.

234 1543 451 1838 D

453 1602 570 1647 ieweil
577 1607 631 1650 die
638 1603 748 1660 Engel
763 1606 977 1662 unſichtbah⸗

479 1669 515 1704 re
540 1661 676 1710 Geiſter
709 1662 805 1714 ſind,
829 1660 974 1710 wuͤrden

479 1715 545 1757 wir
555 1716 663 1764 nichts
671 1725 741 1760 von
748 1715 975 1771 Erſchaffung

479 1768 552 1806 und
560 1766 664 1810 Leben
671 1773 727 1812 der
740 1763 825 1817 Engel
846 1770 972 1823 wiſſen,

473 1813 626 1860 woferne
632 1817 776 1860 GOttes
790 1819 906 1870 Wort
912 1825 977 1872 ſol⸗

219 1849 295 1901 ches
305 1853 392 1903 nicht
404 1848 619 1914 offenbahret
616 1859 739 1913 haͤtte.
732 1864 845 1903 Denn
853 1870 897 1901 ob
907 1870 971 1913 ſich

216 1908 320 1957 gleich
338 1911 391 1954 die
397 1920 500 1962 guten
516 1915 586 1957 und
600 1914 699 1966 boͤſen
707 1914 816 1968 Engel
833 1919 970 1964 biswei⸗

216 1968 267 2007 len
280 1969 371 2016 ſehen
388 1970 502 2023 laſſen,
517 1974 574 2016 der
588 1971 773 2026 Menſchen
788 1975 860 2020 und
869 1977 969 2023 ande⸗

214 2029 265 2060 rer
284 2021 479 2068 Creaturen
500 2023 640 2078 Geſtalt
656 2037 702 2070 an
727 2026 791 2079 ſich
814 2029 969 2081 nehmen,

214 2076 277 2116 mit
302 2070 466 2131 Menſchen
476 2072 648 2137 Sprache
649 2079 774 2131 halten,
774 2080 809 2132 ſo
822 2082 969 2129 koͤnnten

215 2122 297 2169 doch
310 2125 376 2168 wir
393 2126 481 2175 nicht
496 2131 670 2172 erdencken
692 2134 778 2178 noch
798 2139 967 2181 errathen,

214 2179 331 2229 woher
348 2183 400 2225 die
419 2182 556 2237 Geiſter
573 2184 712 2236 waͤren,
725 2189 790 2227 wie
808 2190 887 2229 weit
901 2190 964 2238 ſich

213 2227 282 2277 ihre
300 2227 444 2276 Gewalt
465 2237 640 2286 erſtreckte,
654 2245 753 2286 wozu
767 2240 811 2286 ſie
829 2246 965 2282 verord⸗

214 2295 280 2331 net,
299 2290 342 2333 ob
366 2294 436 2334 und
454 2299 535 2337 was
551 2295 591 2345 ſie
612 2297 674 2338 mit
691 2302 760 2342 uns
780 2297 965 2348 Menſchen

213 2346 249 2386 zu
260 2341 419 2396 ſchaffen,
437 2346 479 2388 ob
498 2346 563 2388 wir
584 2351 654 2389 uns
665 2348 753 2397 ihrer
772 2359 811 2399 zu
826 2349 965 2400 troͤſten,

212 2395 291 2435 oder
306 2394 362 2446 fuͤr
382 2397 479 2446 ihnen
495 2407 535 2449 zu
549 2399 697 2450 fuͤrchten
718 2406 789 2443 und
806 2411 846 2452 zu
861 2403 962 2450 huͤten

210 2436 329 2490 haben,
347 2447 412 2485 wie
432 2451 497 2484 wir
516 2455 586 2486 uns
609 2460 710 2495 gegen
727 2454 770 2495 ſie
790 2456 962 2496 verhalten

209 2493 331 2542 ſollen?
384 2508 484 2541 wenn
501 2507 571 2543 uns
586 2504 738 2548 GOttes
750 2505 868 2548 Wort
876 2506 963 2553 nicht

210 2545 323 2595 davon
334 2553 573 2608 unterrichtete.
594 2558 646 2615 Die
663 2559 758 2616 boͤſen
766 2559 961 2608 unſaubern

1030 1606 1190 1661 Geiſter,
1207 1607 1244 1660 ſo
1262 1612 1298 1654 in
1318 1612 1377 1655 der
1400 1609 1598 1663 Wahrheit
1618 1612 1706 1664 nicht
1729 1615 1783 1660 be⸗

1028 1662 1168 1714 ſtanden
1182 1664 1267 1715 ſind,
1276 1664 1411 1718 duͤrffen
1429 1667 1492 1718 ſich
1501 1670 1557 1720 fuͤr
1565 1668 1694 1713 Goͤtter
1708 1673 1781 1713 und

1029 1712 1210 1764 Heylande
1229 1715 1424 1768 ausgeben,
1445 1720 1503 1762 der
1528 1716 1662 1765 Satan
1687 1718 1787 1774 darff

1027 1780 1110 1814 vom
1120 1771 1256 1822 Sohne
1264 1772 1416 1818 GOttes
1426 1777 1478 1818 die
1490 1776 1700 1826 Anbethung
1713 1776 1781 1821 for⸗

1027 1824 1121 1874 dern,
1138 1826 1209 1867 und
1231 1825 1335 1873 dafuͤr
1354 1830 1404 1871 die
1420 1828 1548 1876 Reiche
1563 1831 1663 1880 dieſer
1673 1831 1782 1876 Welt

1026 1878 1231 1931 verheiſſen;
1273 1882 1453 1928 Bemuͤhet
1483 1885 1547 1935 ſich
1579 1886 1666 1932 auch
1693 1889 1782 1933 ohne

1024 1929 1191 1984 Unterlaß
1210 1931 1364 1986 hoͤchſten
1379 1933 1632 1988 Vermoͤgens,
1652 1938 1721 1987 daß
1744 1947 1781 1982 er

1023 1988 1087 2030 den
1113 1986 1298 2037 Menſchen
1322 1986 1358 2030 in
1377 1987 1547 2039 Jrrthum
1567 1990 1683 2041 fuͤhre,
1704 1994 1777 2034 und

1023 2039 1087 2089 ſich
1109 2040 1200 2092 ſelbſt
1219 2040 1274 2092 fuͤr
1297 2040 1411 2087 GOtt
1433 2041 1593 2093 ausgebe.
1644 2047 1778 2089 Daher

1022 2088 1113 2138 ſehen
1134 2100 1212 2139 wir,
1231 2091 1301 2143 daß
1318 2095 1371 2136 die
1390 2094 1557 2147 Voͤlcker,
1567 2087 1608 2137 ſo
1623 2096 1778 2138 GOttes

1019 2143 1139 2188 Wort
1154 2141 1243 2194 nicht
1259 2146 1391 2195 haben,
1408 2147 1516 2196 nichts
1532 2148 1683 2196 gewiſſes
1703 2158 1776 2196 von

1020 2193 1083 2234 den
1098 2190 1259 2242 Geiſtern
1276 2197 1345 2236 und
1361 2193 1492 2245 Engeln
1506 2199 1616 2244 lehren
1631 2195 1775 2244 koͤnnen.

1017 2248 1078 2301 Jn
1099 2251 1253 2297 GOttes
1272 2253 1394 2297 Wort
1418 2256 1502 2297 aber
1520 2256 1608 2297 wird
1630 2257 1776 2309 deutlich

1021 2298 1171 2349 gelehret,
1187 2305 1267 2343 was
1278 2311 1345 2344 von
1357 2305 1417 2345 den
1428 2303 1558 2350 Engeln
1575 2313 1613 2351 zu
1621 2302 1774 2355 glaͤuben

1019 2354 1090 2394 und
1111 2363 1149 2401 zu
1168 2356 1281 2402 halten
1303 2355 1363 2403 ſey,
1381 2360 1450 2397 und
1468 2358 1505 2406 iſt
1518 2358 1597 2406 dieſe
1617 2359 1706 2410 Lehre
1721 2361 1775 2405 ein

1017 2405 1088 2454 ſehr
1108 2406 1287 2456 troͤſtlicher,
1295 2407 1488 2456 heilſamer
1518 2410 1589 2451 und
1619 2409 1773 2463 noͤthiger

1015 2459 1157 2502 Artickel
1178 2462 1237 2500 des
1258 2459 1466 2509 Glaubens,
1488 2461 1592 2513 deſſen
1619 2474 1682 2505 wir
1701 2470 1773 2508 uns

1015 2513 1051 2553 in
1070 2513 1198 2563 groſſen
1213 2513 1358 2559 Noͤthen
1377 2517 1448 2559 und
1466 2515 1772 2573 Gefaͤhrlichkeiten

1015 2564 1098 2616 hoch
1111 2563 1277 2618 getroͤſten
1297 2564 1441 2621 koͤnnen,
1455 2568 1511 2618 der
1524 2574 1603 2624 uns
1618 2572 1703 2620 auch
1714 2583 1773 2624 zur

1659 2636 1770 2681 War⸗
