<PcGts xmlns="http://schema.primaresearch.org/PAGE/gts/pagecontent/2019-07-15" xmlns:xsi="http://www.w3.org/2001/XMLSchema-instance" xsi:schemaLocation="http://schema.primaresearch.org/PAGE/gts/pagecontent/2019-07-15 http://schema.primaresearch.org/PAGE/gts/pagecontent/2019-07-15/pagecontent.xsd" pcGtsId="OCR-D-GT-FULLTEXT-REPAIR-541">
  <Metadata>
    <Creator>OCR-D DFG Phase III</Creator>
    <Created>2024-01-19T13:08:58Z</Created>
    <LastChange>2024-01-19T13:08:58Z</LastChange>
    <Comments>ODEM: OCR-D extension for mass digitization (2021-2024)</Comments>
    <MetadataItem type="processingStep" name="layout/segmentation/region" value="ocrd-segment-repair">
      <Labels externalModel="ocrd-tool" externalId="parameters">
        <Label value="False" type="sanitize"/>
        <Label value="5" type="sanitize_padding"/>
        <Label value="0" type="simplify"/>
        <Label value="False" type="plausibilize"/>
        <Label value="0.9" type="plausibilize_merge_min_overlap"/>
        <Label value="0" type="spread"/>
        <Label value="region" type="spread_level"/>
      </Labels>
      <Labels externalModel="ocrd-tool" externalId="version">
        <Label value="0.1.24" type="ocrd-segment-repair"/>
        <Label value="2.65.0" type="ocrd/core"/>
      </Labels>
    </MetadataItem>
  </Metadata>
  <Page imageFilename="https://opendata.uni-halle.de/retrieve/cbaaf668-586c-4a48-916a-fe766207cc3a/00000477.jpg" imageWidth="1639" imageHeight="2469" type="content" primaryLanguage="German">
    <Border>
      <Coords points="68,297 72,2384 1329,2412 1304,313"/>
    </Border>
    <ReadingOrder>
      <OrderedGroup id="ro_1652255482037" caption="Regions reading order">
        <RegionRefIndexed index="0" regionRef="region0007"/>
        <RegionRefIndexed index="1" regionRef="TextRegion_1650612899773_2872"/>
        <RegionRefIndexed index="2" regionRef="TextRegion_1650612984733_2917"/>
        <RegionRefIndexed index="3" regionRef="TextRegion_1650612984732_2916"/>
        <RegionRefIndexed index="4" regionRef="region0014"/>
        <RegionRefIndexed index="5" regionRef="region_1650612921530_2878"/>
        <RegionRefIndexed index="6" regionRef="region0009"/>
      </OrderedGroup>
    </ReadingOrder>
    <TextRegion id="region0007" custom="readingOrder {index:0;}" orientation="-1.2579529" readingDirection="left-to-right">
      <Coords points="157,485 1019,496 1010,1201 147,1190"/>
      <TextLine id="region0007_line0001" custom="readingOrder {index:0;}">
        <Coords points="912,495 900,495 896,506 859,505 855,502 821,505 813,496 801,496 789,505 642,506 538,501 531,500 526,495 515,496 484,490 424,490 410,499 371,496 369,489 352,488 344,495 314,493 308,487 290,487 282,493 263,492 262,487 157,485 157,526 163,526 167,532 198,540 267,540 285,546 295,543 383,544 391,554 421,547 477,553 540,549 559,559 569,554 614,554 632,550 655,554 691,552 763,555 781,553 803,560 815,554 851,554 868,551 893,551 903,555 920,557 969,557 975,560 1017,555 1016,503 1005,502 1000,506 989,505 950,495 940,495"/>
        <Word id="region0007_line0001_word0000" custom="readingOrder {index:0;}">
          <Coords points="219,492 268,493 267,538 218,537"/>
          <TextEquiv conf="0.92650515">
            <Unicode>Er</Unicode>
          </TextEquiv>
        </Word>
        <Word id="region0007_line0001_word0001" custom="readingOrder {index:1;}">
          <Coords points="371,496 284,494 283,545 288,545 295,543 371,544 372,496 371,496"/>
          <TextEquiv>
            <Unicode>ſtarb</Unicode>
          </TextEquiv>
        </Word>
        <Word id="region0007_line0001_word0002" custom="readingOrder {index:2;}">
          <Coords points="425,547 426,510 391,509 390,549 409,549 421,547"/>
          <TextEquiv conf="0.91636956">
            <Unicode>zu</Unicode>
          </TextEquiv>
        </Word>
        <Word id="region0007_line0001_word0003" custom="readingOrder {index:3;}">
          <Coords points="532,500 444,498 443,547 536,549 540,549 541,549 567,550 568,502 538,501"/>
          <TextEquiv conf="0.92544615">
            <Unicode>Nola,</Unicode>
          </TextEquiv>
        </Word>
        <Word id="region0007_line0001_word0004" custom="readingOrder {index:4;}">
          <Coords points="598,511 656,512 655,543 597,542"/>
          <TextEquiv conf="0.92544615">
            <Unicode>am</Unicode>
          </TextEquiv>
        </Word>
        <Word id="region0007_line0001_word0005" custom="readingOrder {index:5;}">
          <Coords points="894,551 895,508 770,505 678,505 678,552 687,552 691,552 707,552 770,554 781,553 785,554 812,555 815,554 851,554 868,551 893,551"/>
          <TextEquiv conf="0.91591763">
            <Unicode>neunzehnten</Unicode>
          </TextEquiv>
        </Word>
        <Word id="region0007_line0001_word0006" custom="readingOrder {index:6;}">
          <Coords points="1014,555 1015,507 915,505 914,555 1002,556"/>
          <TextEquiv conf="0.91865355">
            <Unicode>Tage</Unicode>
          </TextEquiv>
        </Word>
        <TextEquiv>
          <Unicode>Er ſtarb zu Nola, am neunzehnten Tage</Unicode>
        </TextEquiv>
      </TextLine>
      <TextLine id="region0007_line0002" custom="readingOrder {index:1;}">
        <Coords points="165,533 156,534 155,590 176,589 218,596 315,597 326,600 362,602 364,607 372,609 383,607 387,602 469,605 476,598 488,599 492,604 519,603 529,606 533,603 554,604 593,608 603,612 614,608 664,603 809,607 854,615 884,612 897,605 959,608 994,611 999,615 1017,613 1017,561 904,559 902,555 893,552 868,552 854,553 846,560 811,558 803,561 778,554 728,560 710,559 704,553 691,553 685,559 647,559 641,553 632,551 624,554 622,558 584,554 557,560 540,550 507,557 482,556 421,548 391,555 386,552 383,545 365,546 354,550 324,550 299,544 285,547 267,541 198,541"/>
        <Word id="region0007_line0002_word0000" custom="readingOrder {index:0;}">
          <Coords points="165,546 225,548 224,589 164,587"/>
          <TextEquiv conf="0.93287474">
            <Unicode>des</Unicode>
          </TextEquiv>
        </Word>
        <Word id="region0007_line0002_word0001" custom="readingOrder {index:1;}">
          <Coords points="386,551 235,548 234,596 315,597 326,600 360,602 387,603 387,602 408,603 409,552 404,552 391,555 386,552"/>
          <TextEquiv conf="0.9262377">
            <Unicode>Monaths</Unicode>
          </TextEquiv>
        </Word>
        <Word id="word_1650613016937_2926" custom="readingOrder {index:2;}">
          <Coords points="419,552 418,599 473,600 476,598 488,599 489,600 592,603 612,603 612,584 593,556 578,555 557,560 546,553 523,553 507,557 482,556 451,552"/>
          <TextEquiv>
            <Unicode>Auguſtus,</Unicode>
          </TextEquiv>
        </Word>
        <Word id="region0007_line0002_word0004" custom="readingOrder {index:3;}">
          <Coords points="644,556 629,556 628,596 660,597 660,559 647,559"/>
          <TextEquiv conf="0.9675421">
            <Unicode>in</Unicode>
          </TextEquiv>
        </Word>
        <Word id="region0007_line0002_word0005" custom="readingOrder {index:4;}">
          <Coords points="679,561 756,562 755,600 678,598"/>
          <TextEquiv conf="0.95198995">
            <Unicode>eben</Unicode>
          </TextEquiv>
        </Word>
        <Word id="region0007_line0002_word0006" custom="readingOrder {index:5;}">
          <Coords points="800,560 771,560 770,600 843,601 844,561 804,560 803,561"/>
          <TextEquiv conf="0.96059173">
            <Unicode>dem</Unicode>
          </TextEquiv>
        </Word>
        <Word id="region0007_line0002_word0007" custom="readingOrder {index:6;}">
          <Coords points="1013,613 1014,563 855,559 854,612 877,612 884,612 897,605 959,608 994,611 999,615"/>
          <TextEquiv conf="0.96059173">
            <Unicode>Zimmer,</Unicode>
          </TextEquiv>
        </Word>
        <TextEquiv>
          <Unicode>des Monaths Auguſtus, in eben dem Zimmer,</Unicode>
        </TextEquiv>
      </TextLine>
      <TextLine id="region0007_line0003" custom="readingOrder {index:2;}">
        <Coords points="168,590 163,592 161,598 155,598 155,626 155,645 264,651 310,650 323,654 346,652 351,655 401,657 402,661 408,664 420,656 487,657 498,661 513,658 521,662 531,662 550,657 580,659 587,657 621,662 684,664 699,663 708,659 725,662 838,661 846,652 854,655 859,665 870,659 886,666 894,665 899,658 923,662 941,658 953,662 1016,663 1017,615 968,614 959,609 950,608 944,613 917,613 910,607 897,606 884,613 863,617 784,614 779,607 766,606 760,613 664,604 604,613 554,605 533,604 529,607 519,604 492,605 488,600 476,599 460,611 454,611 453,606 449,603 437,603 433,606 411,603 403,608 372,610 363,607 321,604 315,598 281,597 267,602 186,600 184,594"/>
        <Word id="region0007_line0003_word0000" custom="readingOrder {index:0;}">
          <Coords points="166,601 200,602 199,642 165,641"/>
          <TextEquiv conf="0.9681394">
            <Unicode>in</Unicode>
          </TextEquiv>
        </Word>
        <Word id="region0007_line0003_word0001" custom="readingOrder {index:1;}">
          <Coords points="357,606 225,604 224,646 376,649 376,609 372,610 363,607"/>
          <TextEquiv conf="0.952441">
            <Unicode>welchem</Unicode>
          </TextEquiv>
        </Word>
        <Word id="region0007_line0003_word0002" custom="readingOrder {index:2;}">
          <Coords points="489,601 474,601 460,611 454,611 453,606 449,603 437,603 433,606 411,603 407,606 406,661 412,661 420,656 487,657 488,657 489,601"/>
          <TextEquiv conf="0.9167331">
            <Unicode>ſein</Unicode>
          </TextEquiv>
        </Word>
        <Word id="region0007_line0003_word0003" custom="readingOrder {index:3;}">
          <Coords points="616,661 616,611 604,613 554,605 533,604 529,607 519,604 506,604 506,659 513,658 521,662 531,662 550,657 580,659 587,657"/>
          <TextEquiv conf="0.9186514">
            <Unicode>Vater</Unicode>
          </TextEquiv>
        </Word>
        <Word id="region0007_line0003_word0004" custom="readingOrder {index:4;}">
          <Coords points="645,612 820,616 819,660 644,656"/>
          <TextEquiv conf="0.9208303">
            <Unicode>Octavius</Unicode>
          </TextEquiv>
        </Word>
        <Word id="region0007_line0003_word0005" custom="readingOrder {index:5;}">
          <Coords points="1013,663 1014,621 849,617 848,653 854,655 859,665 870,659 886,666 887,666 894,665 899,658 923,662 941,658 953,662"/>
          <TextEquiv conf="0.85618556">
            <Unicode>geſtorben</Unicode>
          </TextEquiv>
        </Word>
        <TextEquiv conf="0.9221634">
          <Unicode>in welchem ſein Vater Octavius geſtorben</Unicode>
        </TextEquiv>
      </TextLine>
      <TextLine id="region0007_line0004" custom="readingOrder {index:3;}">
        <Coords points="846,653 837,666 813,666 808,663 797,663 786,666 781,661 764,660 757,665 748,665 742,661 708,660 696,667 655,667 609,665 602,664 595,658 587,658 576,662 550,658 539,662 521,664 513,659 499,662 476,658 469,663 432,662 427,657 420,657 408,665 352,661 351,656 346,653 335,653 326,660 318,660 310,651 285,651 276,655 165,650 155,651 154,700 241,700 275,708 298,706 307,710 412,713 416,718 425,718 432,713 456,714 471,710 478,720 488,717 490,713 550,715 573,709 584,709 591,714 615,714 619,711 633,712 639,715 697,713 708,719 717,714 733,719 741,713 749,713 781,720 787,716 815,716 827,712 888,714 898,718 912,712 932,715 987,716 1007,715 1016,711 1016,671 954,669 953,663 947,659 930,662 927,666 920,661 899,659 892,667 870,660 859,666 855,657"/>
        <Word id="region0007_line0004_word0000" custom="readingOrder {index:0;}">
          <Coords points="164,657 252,659 251,692 163,690"/>
          <TextEquiv conf="0.89922994">
            <Unicode>war.</Unicode>
          </TextEquiv>
        </Word>
        <Word id="region0007_line0004_word0001" custom="readingOrder {index:1;}">
          <Coords points="312,654 280,653 278,654 277,698 326,699 327,659 326,660 318,660"/>
          <TextEquiv conf="0.89922994">
            <Unicode>Er</Unicode>
          </TextEquiv>
        </Word>
        <Word id="region0007_line0004_word0002" custom="readingOrder {index:2;}">
          <Coords points="349,655 335,655 334,703 464,706 464,662 432,662 427,657 421,657 420,657 408,665 352,661 351,656"/>
          <TextEquiv conf="0.925172">
            <Unicode>brachte</Unicode>
          </TextEquiv>
        </Word>
        <Word id="region0007_line0004_word0003" custom="readingOrder {index:3;}">
          <Coords points="483,659 475,659 474,659 473,708 534,709 535,662 521,664 514,660 510,660 499,662"/>
          <TextEquiv conf="0.9320715">
            <Unicode>ſein</Unicode>
          </TextEquiv>
        </Word>
        <Word id="region0007_line0004_word0004" custom="readingOrder {index:4;}">
          <Coords points="558,659 547,659 544,659 544,703 644,705 644,666 609,665 602,664 597,660 582,659 576,662"/>
          <TextEquiv conf="0.9216453">
            <Unicode>Leben</Unicode>
          </TextEquiv>
        </Word>
        <Word id="region0007_line0004_word0005" custom="readingOrder {index:5;}">
          <Coords points="655,667 654,711 718,712 719,664 702,664 696,667 655,667"/>
          <TextEquiv conf="0.9290072">
            <Unicode>auf</Unicode>
          </TextEquiv>
        </Word>
        <Word id="region0007_line0004_word0006" custom="readingOrder {index:6;}">
          <Coords points="726,666 809,667 808,713 725,712"/>
          <TextEquiv conf="0.9290072">
            <Unicode>ſechs</Unicode>
          </TextEquiv>
        </Word>
        <Word id="region0007_line0004_word0007" custom="readingOrder {index:7;}">
          <Coords points="849,654 845,654 837,666 818,666 818,707 883,708 883,664 870,660 859,666 855,657"/>
          <TextEquiv conf="0.9318745">
            <Unicode>und</Unicode>
          </TextEquiv>
        </Word>
        <Word id="region0007_line0004_word0008" custom="readingOrder {index:8;}">
          <Coords points="927,666 895,665 894,716 902,716 912,712 932,715 987,716 1007,715 1013,712 1014,671 954,669 954,666 927,666 927,666"/>
          <TextEquiv conf="0.9246088">
            <Unicode>ſieben⸗</Unicode>
          </TextEquiv>
        </Word>
        <TextEquiv conf="0.92131627">
          <Unicode>war. Er brachte ſein Leben auf ſechs und ſieben⸗</Unicode>
        </TextEquiv>
      </TextLine>
      <TextLine id="region0007_line0005" custom="readingOrder {index:4;}">
        <Coords points="912,713 898,719 887,715 871,722 861,722 856,714 827,713 818,716 814,721 776,721 741,714 733,720 716,716 708,720 697,714 690,718 642,720 633,713 619,712 611,719 592,719 591,715 584,710 573,710 556,713 548,719 501,718 478,721 471,711 460,714 456,719 448,719 368,718 309,713 298,707 275,709 241,701 196,708 194,702 180,700 173,705 154,706 154,760 170,755 186,756 194,763 250,766 265,765 284,760 296,768 305,764 337,768 348,773 359,769 387,769 397,765 458,766 472,758 481,760 485,771 522,764 535,764 551,772 560,772 566,768 606,768 607,772 616,775 626,772 628,768 652,766 793,769 795,773 809,774 837,767 848,767 856,775 865,776 875,767 898,772 951,774 957,778 967,779 978,775 994,778 1014,777 1016,723 972,723"/>
        <Word id="region0007_line0005_word0000" custom="readingOrder {index:0;}">
          <Coords points="196,708 162,707 161,756 166,756 170,755 186,756 187,757 209,757 210,708 198,708 196,708"/>
          <TextEquiv conf="0.9325864">
            <Unicode>zig</Unicode>
          </TextEquiv>
        </Word>
        <Word id="region0007_line0005_word0001" custom="readingOrder {index:1;}">
          <Coords points="304,710 224,709 222,764 265,764 284,760 292,765 301,765 305,764 322,766 358,767 359,717 309,713"/>
          <TextEquiv conf="0.92330384">
            <Unicode>Jahre,</Unicode>
          </TextEquiv>
        </Word>
        <Word id="region0007_line0005_word0002" custom="readingOrder {index:2;}">
          <Coords points="475,716 458,716 456,719 448,719 386,718 385,764 458,765 472,758 481,760 483,766 508,766 522,764 528,764 529,718 501,718 478,721"/>
          <TextEquiv conf="0.9198603">
            <Unicode>weniger</Unicode>
          </TextEquiv>
        </Word>
        <Word id="region0007_line0005_word0003" custom="readingOrder {index:3;}">
          <Coords points="591,716 553,715 553,715 551,771 561,771 566,768 606,768 607,772 608,772 623,773 626,772 628,768 631,768 633,717 614,717 611,719 592,719"/>
          <TextEquiv conf="0.8961284">
            <Unicode>fuͤnf</Unicode>
          </TextEquiv>
        </Word>
        <Word id="region0007_line0005_word0004" custom="readingOrder {index:4;}">
          <Coords points="650,724 717,725 717,765 650,764"/>
          <TextEquiv conf="0.932543">
            <Unicode>und</Unicode>
          </TextEquiv>
        </Word>
        <Word id="region0007_line0005_word0005" custom="readingOrder {index:5;}">
          <Coords points="873,768 874,725 741,722 740,767 793,769 795,773 809,774 837,767 848,767 856,775 862,775 865,775"/>
          <TextEquiv conf="0.92169756">
            <Unicode>dreyßig</Unicode>
          </TextEquiv>
        </Word>
        <Word id="region0007_line0005_word0006" custom="readingOrder {index:6;}">
          <Coords points="1009,777 1010,726 897,723 896,771 898,772 951,774 954,776 972,777 978,775 991,777 999,777"/>
          <TextEquiv conf="0.92169756">
            <Unicode>Tage,</Unicode>
          </TextEquiv>
        </Word>
        <TextEquiv conf="0.9211167">
          <Unicode>zig Jahre, weniger fuͤnf und dreyßig Tage,</Unicode>
        </TextEquiv>
      </TextLine>
      <TextLine id="region0007_line0006" custom="readingOrder {index:5;}">
        <Coords points="472,759 465,765 438,773 413,774 409,767 397,766 390,772 356,771 348,774 336,770 296,769 284,761 263,767 234,767 194,764 186,757 170,756 153,761 152,806 262,816 266,822 273,824 289,818 421,821 476,827 504,820 515,820 518,824 525,825 537,820 565,820 656,824 661,821 672,821 676,825 690,825 703,822 768,825 793,821 846,826 933,825 939,822 977,827 994,832 1014,831 1014,779 976,777 967,780 947,776 887,775 884,770 875,768 865,777 856,776 847,768 836,768 809,775 769,776 733,768 652,767 644,769 641,773 627,772 616,776 593,772 551,773 534,765 521,765 485,772 481,769 481,761"/>
        <Word id="region0007_line0006_word0000" custom="readingOrder {index:0;}">
          <Coords points="192,762 161,762 160,806 253,815 329,817 329,769 296,769 290,765 271,764 263,767 234,767 194,764"/>
          <TextEquiv conf="0.9199519">
            <Unicode>immaßen</Unicode>
          </TextEquiv>
        </Word>
        <Word id="region0007_line0006_word0001" custom="readingOrder {index:1;}">
          <Coords points="348,781 381,782 380,812 347,811"/>
          <TextEquiv conf="0.95909935">
            <Unicode>er</Unicode>
          </TextEquiv>
        </Word>
        <Word id="region0007_line0006_word0002" custom="readingOrder {index:2;}">
          <Coords points="412,772 399,772 398,811 442,812 443,773 438,773 438,773 413,774"/>
          <TextEquiv conf="0.9474732">
            <Unicode>im</Unicode>
          </TextEquiv>
        </Word>
        <Word id="region0007_line0006_word0003" custom="readingOrder {index:3;}">
          <Coords points="481,761 469,761 465,765 460,766 459,822 493,822 504,820 515,820 517,823 529,823 537,820 565,820 574,820 575,772 551,773 534,765 521,765 485,772 481,769"/>
          <TextEquiv conf="0.9198778">
            <Unicode>Jahre</Unicode>
          </TextEquiv>
        </Word>
        <Word id="region0007_line0006_word0004" custom="readingOrder {index:4;}">
          <Coords points="611,775 591,775 590,818 672,819 673,776 617,775 616,776"/>
          <TextEquiv conf="0.96583754">
            <Unicode>nach</Unicode>
          </TextEquiv>
        </Word>
        <Word id="region0007_line0006_word0005" custom="readingOrder {index:5;}">
          <Coords points="808,822 809,779 689,777 688,821 783,822 793,821"/>
          <TextEquiv conf="0.9655423">
            <Unicode>Roms</Unicode>
          </TextEquiv>
        </Word>
        <Word id="region0007_line0006_word0006" custom="readingOrder {index:6;}">
          <Coords points="989,830 1009,831 1010,782 822,778 821,823 846,826 933,825 939,822 977,827"/>
          <TextEquiv conf="0.9511806">
            <Unicode>Erbauung</Unicode>
          </TextEquiv>
        </Word>
        <TextEquiv conf="0.94699466">
          <Unicode>immaßen er im Jahre nach Roms Erbauung</Unicode>
        </TextEquiv>
      </TextLine>
      <TextLine id="region0007_line0007" custom="readingOrder {index:6;}">
        <Coords points="939,823 931,830 888,829 877,826 870,830 851,829 814,823 775,824 757,830 725,830 715,823 694,825 689,829 677,829 672,822 661,822 654,829 553,824 523,826 515,821 504,821 476,828 421,828 273,825 187,810 152,810 152,837 152,863 189,870 207,867 213,873 236,875 251,869 259,869 265,873 340,874 347,880 355,881 364,880 368,875 412,875 415,879 425,880 433,875 465,875 471,872 542,875 549,880 556,880 564,871 580,874 593,871 636,876 646,881 667,874 674,881 696,883 707,879 732,880 740,876 752,879 772,877 780,882 790,883 857,885 864,881 883,879 891,875 941,877 993,886 1013,885 1014,832 956,831 955,826 951,824"/>
        <Word id="region0007_line0007_word0000" custom="readingOrder {index:0;}">
          <Coords points="236,818 162,817 161,864 174,867 201,867 207,867 208,868 253,869 253,821"/>
          <TextEquiv>
            <Unicode>689,</Unicode>
          </TextEquiv>
        </Word>
        <Word id="region0007_line0007_word0002" custom="readingOrder {index:1;}">
          <Coords points="276,829 334,830 333,862 275,861"/>
          <TextEquiv conf="0.9664609">
            <Unicode>am</Unicode>
          </TextEquiv>
        </Word>
        <Word id="region0007_line0007_word0003" custom="readingOrder {index:2;}">
          <Coords points="351,832 435,834 434,873 350,871"/>
          <TextEquiv conf="0.9613855">
            <Unicode>zwey</Unicode>
          </TextEquiv>
        </Word>
        <Word id="region0007_line0007_word0004" custom="readingOrder {index:3;}">
          <Coords points="523,826 486,825 476,828 459,828 458,865 524,866 525,826 523,826 523,826"/>
          <TextEquiv conf="0.96096504">
            <Unicode>und</Unicode>
          </TextEquiv>
        </Word>
        <Word id="region0007_line0007_word0005" custom="readingOrder {index:4;}">
          <Coords points="621,827 550,826 549,874 561,874 564,871 580,874 593,871 633,876 661,876 667,874 669,876 737,878 740,876 747,878 758,878 759,830 757,830 757,830 725,830 724,829 689,829 689,829 677,829 677,828 655,828 654,829"/>
          <TextEquiv conf="0.9605084">
            <Unicode>zwanzigſten</Unicode>
          </TextEquiv>
        </Word>
        <Word id="region0007_line0007_word0006" custom="readingOrder {index:5;}">
          <Coords points="1009,885 1010,835 782,830 781,882 859,883 864,881 883,879 891,875 941,877 993,886"/>
          <TextEquiv conf="0.9603024">
            <Unicode>September,</Unicode>
          </TextEquiv>
        </Word>
        <TextEquiv>
          <Unicode>689, am zwey und zwanzigſten September,</Unicode>
        </TextEquiv>
      </TextLine>
      <TextLine id="region0007_line0008" custom="readingOrder {index:7;}">
        <Coords points="891,876 879,884 862,884 857,886 790,884 780,883 772,878 764,877 756,882 740,877 730,884 697,884 674,882 667,875 661,875 646,882 638,879 607,879 605,874 593,872 583,873 578,878 573,873 564,872 556,881 549,881 542,876 526,879 486,878 479,873 471,873 463,878 432,878 425,881 372,880 356,882 344,879 272,877 259,870 251,870 239,876 213,874 207,868 193,871 152,870 151,922 173,923 192,920 233,923 246,935 262,925 408,931 412,935 421,936 455,926 531,927 558,923 655,925 662,930 744,932 791,930 859,933 878,930 892,933 899,929 947,930 954,934 989,934 997,940 1013,937 1013,887 947,883 941,878 928,879 925,883 913,883 907,877"/>
        <Word id="region0007_line0008_word0000" custom="readingOrder {index:0;}">
          <Coords points="209,870 197,869 193,871 159,870 159,922 173,923 192,920 233,923 238,927 256,928 262,925 321,927 321,878 272,877 261,871 248,871 239,876 213,874"/>
          <TextEquiv conf="0.95557094">
            <Unicode>gebohren</Unicode>
          </TextEquiv>
        </Word>
        <Word id="region0007_line0008_word0001" custom="readingOrder {index:1;}">
          <Coords points="330,884 426,886 425,927 329,925"/>
          <TextEquiv>
            <Unicode>war;</Unicode>
          </TextEquiv>
        </Word>
        <Word id="region0007_line0008_word0002" custom="readingOrder {index:2;}">
          <Coords points="452,878 526,879 525,920 451,919"/>
          <TextEquiv>
            <Unicode>oder</Unicode>
          </TextEquiv>
        </Word>
        <Word id="region0007_line0008_word0003" custom="readingOrder {index:3;}">
          <Coords points="544,877 537,877 536,877 535,922 640,925 655,925 655,925 691,926 692,884 674,882 672,880 650,880 646,882 640,880 614,879 607,879 607,879 559,878 556,881 549,881"/>
          <TextEquiv conf="0.9592745">
            <Unicode>vielmehr</Unicode>
          </TextEquiv>
        </Word>
        <Word id="region0007_line0008_word0004" custom="readingOrder {index:4;}">
          <Coords points="700,884 700,924 785,926 786,884 731,882 730,884"/>
          <TextEquiv conf="0.94727075">
            <Unicode>wird</Unicode>
          </TextEquiv>
        </Word>
        <Word id="region0007_line0008_word0005" custom="readingOrder {index:5;}">
          <Coords points="794,894 876,896 875,927 793,925"/>
          <TextEquiv conf="0.94727075">
            <Unicode>man</Unicode>
          </TextEquiv>
        </Word>
        <Word id="region0007_line0008_word0006" custom="readingOrder {index:6;}">
          <Coords points="991,935 1007,936 1008,887 886,884 885,931 892,933 899,929 947,930 954,934 989,934"/>
          <TextEquiv conf="0.9584706">
            <Unicode>finden,</Unicode>
          </TextEquiv>
        </Word>
        <TextEquiv>
          <Unicode>gebohren war; oder vielmehr wird man finden,</Unicode>
        </TextEquiv>
      </TextLine>
      <TextLine id="region0007_line0009" custom="readingOrder {index:8;}">
        <Coords points="899,930 892,934 878,931 842,933 835,936 791,931 785,934 755,935 662,931 655,926 634,931 589,925 558,924 526,930 519,926 511,926 504,930 455,927 421,937 409,934 257,929 246,936 235,927 151,923 150,935 150,959 151,970 224,972 228,975 243,973 251,977 295,979 373,981 425,978 440,974 447,986 454,979 460,978 508,982 520,978 547,977 615,980 631,977 637,980 653,980 671,975 736,983 751,988 764,984 797,984 803,981 841,987 865,985 888,987 892,979 897,979 900,983 927,985 936,991 949,985 957,989 985,990 990,993 1012,992 1013,939 997,941 989,935 968,938 956,937 947,931"/>
        <Word id="region0007_line0009_word0000" custom="readingOrder {index:0;}">
          <Coords points="243,933 160,932 159,967 257,969 258,934 249,933 246,936"/>
          <TextEquiv conf="0.9270464">
            <Unicode>wenn</Unicode>
          </TextEquiv>
        </Word>
        <Word id="region0007_line0009_word0001" custom="readingOrder {index:1;}">
          <Coords points="283,938 365,940 364,972 282,970"/>
          <TextEquiv conf="0.9260167">
            <Unicode>man</Unicode>
          </TextEquiv>
        </Word>
        <Word id="region0007_line0009_word0002" custom="readingOrder {index:2;}">
          <Coords points="459,978 460,934 433,933 421,937 409,934 394,933 394,979 425,978 440,974 444,981 451,981 454,979"/>
          <TextEquiv conf="0.9190227">
            <Unicode>auf</Unicode>
          </TextEquiv>
        </Word>
        <Word id="region0007_line0009_word0003" custom="readingOrder {index:3;}">
          <Coords points="535,977 536,935 487,934 486,977 525,977"/>
          <TextEquiv conf="0.91416824">
            <Unicode>die</Unicode>
          </TextEquiv>
        </Word>
        <Word id="region0007_line0009_word0004" custom="readingOrder {index:4;}">
          <Coords points="765,984 766,939 558,934 557,977 615,980 631,977 637,980 653,980 671,975 736,983 746,986 754,986 764,984"/>
          <TextEquiv conf="0.91704226">
            <Unicode>Unordnung</Unicode>
          </TextEquiv>
        </Word>
        <Word id="region0007_line0009_word0005" custom="readingOrder {index:5;}">
          <Coords points="818,983 850,984 851,943 793,942 792,983 798,983 803,981"/>
          <TextEquiv conf="0.918228">
            <Unicode>des</Unicode>
          </TextEquiv>
        </Word>
        <Word id="region0007_line0009_word0006" custom="readingOrder {index:6;}">
          <Coords points="1006,992 1007,943 874,940 873,985 888,987 892,979 897,979 900,983 927,985 936,991 949,985 957,989 985,990 989,992 995,992"/>
          <TextEquiv conf="0.8987739">
            <Unicode>Jahrs,</Unicode>
          </TextEquiv>
        </Word>
        <TextEquiv conf="0.9171854">
          <Unicode>wenn man auf die Unordnung des Jahrs,</Unicode>
        </TextEquiv>
      </TextLine>
      <TextLine id="region0007_line0010" custom="readingOrder {index:9;}">
        <Coords points="892,980 888,988 865,986 841,988 803,982 797,985 764,985 751,989 731,985 700,984 699,981 687,977 666,977 655,984 638,984 631,978 613,982 527,978 496,986 474,985 472,981 460,979 454,980 447,987 440,975 425,979 377,980 360,985 299,983 294,979 270,982 253,979 243,974 228,976 224,973 208,973 202,977 158,974 151,975 150,1020 163,1019 205,1027 234,1028 243,1033 255,1026 276,1030 326,1031 337,1028 347,1032 455,1038 462,1035 492,1035 497,1032 588,1036 637,1034 647,1030 656,1031 660,1037 666,1038 681,1038 687,1031 694,1029 750,1032 762,1029 770,1037 779,1038 792,1034 844,1034 866,1030 874,1030 882,1037 903,1038 912,1034 924,1034 932,1038 969,1038 980,1034 995,1037 1012,1034 1012,994 957,991 950,986 936,992 927,986 900,984 897,980"/>
        <Word id="region0007_line0010_word0000" custom="readingOrder {index:0;}">
          <Coords points="253,979 157,977 156,1020 163,1019 199,1026 253,1027 255,1026 262,1027 295,1028 296,981 295,980 287,980 270,982"/>
          <TextEquiv conf="0.92579806">
            <Unicode>welches</Unicode>
          </TextEquiv>
        </Word>
        <Word id="region0007_line0010_word0001" custom="readingOrder {index:1;}">
          <Coords points="308,989 368,991 368,1024 307,1022"/>
          <TextEquiv conf="0.9091599">
            <Unicode>vor</Unicode>
          </TextEquiv>
        </Word>
        <Word id="region0007_line0010_word0002" custom="readingOrder {index:2;}">
          <Coords points="442,978 429,978 425,979 388,980 387,1030 496,1032 497,1032 519,1033 520,1033 521,980 519,980 496,986 474,985 472,981 460,979 454,980 447,987"/>
          <TextEquiv conf="0.8833463">
            <Unicode>Caͤſars</Unicode>
          </TextEquiv>
        </Word>
        <Word id="region0007_line0010_word0003" custom="readingOrder {index:3;}">
          <Coords points="745,987 536,983 535,1033 615,1034 637,1034 647,1030 656,1031 659,1035 682,1036 687,1031 694,1029 750,1032 762,1029 770,1037 779,1038 788,1035 789,989 753,988 751,989"/>
          <TextEquiv conf="0.92199326">
            <Unicode>Verbeſſerung</Unicode>
          </TextEquiv>
        </Word>
        <Word id="region0007_line0010_word0004" custom="readingOrder {index:4;}">
          <Coords points="862,1030 862,997 803,995 803,1031 851,1032"/>
          <TextEquiv conf="0.9240439">
            <Unicode>des</Unicode>
          </TextEquiv>
        </Word>
        <Word id="region0007_line0010_word0005" custom="readingOrder {index:5;}">
          <Coords points="930,988 888,987 888,988 880,987 879,1034 880,1035 908,1036 912,1034 924,1034 928,1036 971,1037 980,1034 995,1037 1004,1035 1005,994 957,991 954,989 944,989 936,992"/>
          <TextEquiv conf="0.92461264">
            <Unicode>Calen⸗</Unicode>
          </TextEquiv>
        </Word>
        <TextEquiv conf="0.9148257">
          <Unicode>welches vor Caͤſars Verbeſſerung des Calen⸗</Unicode>
        </TextEquiv>
      </TextLine>
      <TextLine id="region0007_line0011" custom="readingOrder {index:10;}">
        <Coords points="866,1031 847,1033 840,1037 818,1035 779,1039 770,1038 762,1030 737,1036 711,1035 707,1030 694,1030 687,1032 681,1039 665,1039 660,1038 656,1032 647,1031 638,1034 636,1038 591,1035 557,1037 497,1033 492,1036 462,1036 455,1039 349,1036 337,1029 328,1030 323,1036 279,1034 267,1028 255,1027 243,1034 234,1029 199,1029 154,1020 150,1021 149,1072 152,1075 189,1074 233,1081 247,1078 253,1087 257,1087 269,1082 291,1081 307,1072 313,1075 315,1082 319,1083 332,1081 372,1085 379,1088 415,1089 433,1085 448,1079 457,1083 482,1082 489,1079 502,1080 508,1083 548,1083 554,1080 575,1084 627,1081 659,1084 687,1080 693,1085 703,1086 706,1083 795,1084 813,1079 820,1084 837,1083 841,1088 856,1084 897,1086 899,1090 911,1092 919,1084 933,1084 939,1087 961,1085 1011,1087 1012,1038 980,1035 969,1039 933,1041 924,1035 912,1035 901,1040 890,1040 883,1039 874,1031"/>
        <Word id="region0007_line0011_word0000" custom="readingOrder {index:0;}">
          <Coords points="176,1024 157,1024 156,1066 232,1068 232,1029 199,1029"/>
          <TextEquiv conf="0.9330242">
            <Unicode>ders</Unicode>
          </TextEquiv>
        </Word>
        <Word id="region0007_line0011_word0001" custom="readingOrder {index:1;}">
          <Coords points="313,1078 424,1081 424,1038 349,1036 337,1029 328,1030 323,1036 279,1034 267,1028 255,1027 249,1029 249,1077 296,1078 307,1072 313,1075"/>
          <TextEquiv conf="0.9302866">
            <Unicode>hergieng,</Unicode>
          </TextEquiv>
        </Word>
        <Word id="region0007_line0011_word0002" custom="readingOrder {index:2;}">
          <Coords points="451,1039 450,1071 518,1072 519,1036 493,1036 492,1036 462,1036 455,1039"/>
          <TextEquiv conf="0.96010226">
            <Unicode>und</Unicode>
          </TextEquiv>
        </Word>
        <Word id="region0007_line0011_word0003" custom="readingOrder {index:3;}">
          <Coords points="535,1039 602,1041 602,1076 535,1074"/>
          <TextEquiv conf="0.9695344">
            <Unicode>aus</Unicode>
          </TextEquiv>
        </Word>
        <Word id="region0007_line0011_word0004" custom="readingOrder {index:4;}">
          <Coords points="658,1035 638,1034 636,1038 618,1037 617,1082 627,1081 645,1083 665,1083 687,1080 692,1084 705,1084 706,1083 795,1084 813,1079 820,1084 826,1084 828,1039 788,1038 779,1039 770,1038 770,1038 684,1036 681,1039 665,1039 660,1038"/>
          <TextEquiv conf="0.96569204">
            <Unicode>vierhundert</Unicode>
          </TextEquiv>
        </Word>
        <Word id="region0007_line0011_word0005" custom="readingOrder {index:5;}">
          <Coords points="880,1036 843,1036 841,1087 856,1084 897,1086 899,1090 902,1090 912,1090 919,1084 922,1084 924,1038 906,1037 901,1040 890,1040 883,1039"/>
          <TextEquiv>
            <Unicode>fuͤnf</Unicode>
          </TextEquiv>
        </Word>
        <Word id="region0007_line0011_word0006" custom="readingOrder {index:6;}">
          <Coords points="934,1044 1001,1046 1001,1085 934,1083"/>
          <TextEquiv conf="0.9676687">
            <Unicode>und</Unicode>
          </TextEquiv>
        </Word>
        <TextEquiv>
          <Unicode>ders hergieng, und aus vierhundert fuͤnf und</Unicode>
        </TextEquiv>
      </TextLine>
      <TextLine id="region0007_line0012" custom="readingOrder {index:11;}">
        <Coords points="807,1079 796,1084 793,1089 696,1087 687,1081 679,1081 670,1085 627,1082 575,1085 554,1081 545,1085 527,1085 489,1080 478,1084 458,1085 448,1080 433,1086 415,1090 379,1089 331,1082 319,1084 308,1073 291,1082 257,1088 253,1088 247,1079 239,1079 232,1084 206,1083 189,1075 178,1076 173,1081 156,1076 150,1079 148,1126 196,1129 211,1126 228,1136 236,1134 249,1123 255,1124 258,1132 267,1136 281,1129 289,1129 301,1135 350,1136 365,1134 372,1138 408,1129 448,1133 473,1131 478,1137 483,1138 494,1134 573,1135 585,1140 592,1133 662,1135 671,1130 713,1136 839,1136 847,1134 853,1128 861,1132 866,1142 877,1138 909,1136 924,1142 955,1141 965,1147 978,1141 1010,1141 1010,1090 992,1087 975,1090 970,1086 961,1086 941,1090 933,1085 919,1085 911,1093 864,1091 856,1085 841,1089 837,1084 820,1085 813,1080"/>
        <Word id="region0007_line0012_word0000" custom="readingOrder {index:0;}">
          <Coords points="159,1077 155,1077 153,1126 171,1127 199,1128 211,1126 215,1128 241,1129 249,1123 255,1124 257,1129 270,1130 271,1085 257,1088 253,1088 247,1079 238,1079 232,1084 206,1083 195,1078 176,1077 173,1081"/>
          <TextEquiv conf="0.9204665">
            <Unicode>vierzig</Unicode>
          </TextEquiv>
        </Word>
        <Word id="region0007_line0012_word0001" custom="readingOrder {index:1;}">
          <Coords points="415,1129 416,1089 415,1090 379,1089 331,1082 319,1084 308,1073 294,1080 293,1129 397,1131 408,1129"/>
          <TextEquiv conf="0.9246473">
            <Unicode>Tagen</Unicode>
          </TextEquiv>
        </Word>
        <Word id="region0007_line0012_word0002" custom="readingOrder {index:2;}">
          <Coords points="453,1082 443,1082 441,1083 440,1132 448,1133 473,1131 476,1135 490,1135 494,1134 573,1135 579,1138 587,1138 592,1133 594,1133 595,1086 546,1085 545,1085 527,1085 520,1084 481,1083 478,1084 458,1085"/>
          <TextEquiv conf="0.9167912">
            <Unicode>beſtund,</Unicode>
          </TextEquiv>
        </Word>
        <Word id="region0007_line0012_word0003" custom="readingOrder {index:3;}">
          <Coords points="694,1133 695,1090 628,1089 627,1133 664,1133 671,1130"/>
          <TextEquiv conf="0.92833155">
            <Unicode>daß</Unicode>
          </TextEquiv>
        </Word>
        <Word id="region0007_line0012_word0004" custom="readingOrder {index:4;}">
          <Coords points="719,1103 752,1103 751,1132 718,1132"/>
          <TextEquiv conf="0.9277092">
            <Unicode>er</Unicode>
          </TextEquiv>
        </Word>
        <Word id="region0007_line0012_word0005" custom="readingOrder {index:5;}">
          <Coords points="840,1088 794,1087 793,1089 774,1088 774,1136 839,1136 847,1134 853,1128 861,1132 864,1138 874,1138 877,1138 890,1137 890,1092 864,1091 860,1088 844,1088 841,1089"/>
          <TextEquiv conf="0.9168221">
            <Unicode>voͤllige</Unicode>
          </TextEquiv>
        </Word>
        <Word id="region0007_line0012_word0006" custom="readingOrder {index:6;}">
          <Coords points="998,1141 999,1098 914,1096 913,1137 924,1142 955,1141 963,1146 966,1146 978,1141"/>
          <TextEquiv conf="0.9293945">
            <Unicode>ſechs</Unicode>
          </TextEquiv>
        </Word>
        <TextEquiv conf="0.9234517">
          <Unicode>vierzig Tagen beſtund, daß er voͤllige ſechs</Unicode>
        </TextEquiv>
      </TextLine>
      <TextLine id="region0007_line0013" custom="readingOrder {index:12;}">
        <Coords points="853,1129 847,1135 837,1137 833,1142 830,1137 816,1136 804,1142 788,1143 707,1141 701,1134 688,1136 671,1131 662,1138 636,1134 626,1133 622,1136 592,1134 585,1141 566,1137 483,1139 478,1138 473,1132 448,1134 408,1130 372,1139 365,1135 350,1137 297,1136 289,1130 281,1130 267,1137 258,1133 255,1125 249,1124 236,1135 228,1137 211,1127 201,1127 193,1131 148,1132 147,1157 147,1179 229,1183 233,1189 245,1191 252,1183 301,1183 330,1185 340,1192 347,1192 353,1192 356,1190 436,1193 451,1190 456,1193 460,1194 468,1194 477,1187 504,1189 507,1194 524,1194 528,1189 610,1188 709,1191 742,1197 792,1198 813,1194 845,1192 896,1193 899,1199 917,1199 921,1194 1009,1196 1010,1146 974,1145 965,1148 956,1143 924,1143 912,1137 866,1143 860,1133"/>
        <Word id="region0007_line0013_word0000" custom="readingOrder {index:0;}">
          <Coords points="217,1130 194,1130 193,1131 154,1131 154,1169 221,1171 221,1132"/>
          <TextEquiv conf="0.93281436">
            <Unicode>und</Unicode>
          </TextEquiv>
        </Word>
        <Word id="region0007_line0013_word0001" custom="readingOrder {index:1;}">
          <Coords points="236,1134 235,1181 387,1184 388,1134 372,1139 365,1135 350,1137 297,1136 289,1130 281,1130 267,1137 258,1133 255,1125 249,1124"/>
          <TextEquiv conf="0.9073896">
            <Unicode>ſiebenzig</Unicode>
          </TextEquiv>
        </Word>
        <Word id="region0007_line0013_word0002" custom="readingOrder {index:2;}">
          <Coords points="445,1133 399,1133 398,1184 526,1187 526,1137 483,1139 478,1138 474,1134 450,1133 448,1134"/>
          <TextEquiv conf="0.96416545">
            <Unicode>Jahre,</Unicode>
          </TextEquiv>
        </Word>
        <Word id="region0007_line0013_word0003" custom="readingOrder {index:3;}">
          <Coords points="572,1138 541,1138 540,1180 609,1181 610,1139 587,1138 585,1141"/>
          <TextEquiv conf="0.9664501">
            <Unicode>und</Unicode>
          </TextEquiv>
        </Word>
        <Word id="region0007_line0013_word0004" custom="readingOrder {index:4;}">
          <Coords points="644,1135 627,1135 626,1188 694,1191 758,1192 759,1142 707,1141 703,1136 688,1136 688,1136 688,1136 665,1136 662,1138"/>
          <TextEquiv>
            <Unicode>druͤber,</Unicode>
          </TextEquiv>
        </Word>
        <Word id="region0007_line0013_word0005" custom="readingOrder {index:5;}">
          <Coords points="855,1130 851,1130 847,1135 837,1137 833,1142 830,1137 816,1136 804,1142 788,1143 774,1142 773,1193 817,1193 845,1192 894,1192 895,1139 866,1143 860,1133"/>
          <TextEquiv conf="0.92513734">
            <Unicode>gelebet</Unicode>
          </TextEquiv>
        </Word>
        <Word id="region0007_line0013_word0006" custom="readingOrder {index:6;}">
          <Coords points="959,1145 904,1144 903,1196 919,1196 921,1194 974,1195 975,1145 974,1145 965,1148"/>
          <TextEquiv>
            <Unicode>hat.</Unicode>
          </TextEquiv>
        </Word>
        <TextEquiv>
          <Unicode>und ſiebenzig Jahre, und druͤber, gelebet hat.</Unicode>
        </TextEquiv>
      </TextLine>
      <TextEquiv>
        <Unicode>Er ſtarb zu Nola, am neunzehnten Tage
des Monaths Auguſtus, in eben dem Zimmer,
in welchem ſein Vater Octavius geſtorben
war. Er brachte ſein Leben auf ſechs und ſieben⸗
zig Jahre, weniger fuͤnf und dreyßig Tage,
immaßen er im Jahre nach Roms Erbauung
689, am zwey und zwanzigſten September,
gebohren war; oder vielmehr wird man finden,
wenn man auf die Unordnung des Jahrs,
welches vor Caͤſars Verbeſſerung des Calen⸗
ders hergieng, und aus vierhundert fuͤnf und
vierzig Tagen beſtund, daß er voͤllige ſechs
und ſiebenzig Jahre, und druͤber, gelebet hat.</Unicode>
      </TextEquiv>
    </TextRegion>
    <TextRegion id="TextRegion_1650612899773_2872" custom="readingOrder {index:1;}" orientation="-1.2579529" readingDirection="left-to-right">
      <Coords points="140,1194 1004,1205 1038,1797 1038,1863 989,1971 128,1959"/>
      <TextLine id="region0008_line0001" custom="readingOrder {index:0;}">
        <Coords points="963,1205 952,1217 797,1215 689,1210 682,1202 669,1201 658,1206 633,1201 596,1199 565,1199 557,1200 539,1208 513,1209 510,1209 503,1199 493,1199 488,1202 479,1198 465,1198 457,1207 416,1207 413,1206 414,1198 400,1197 393,1197 393,1205 383,1203 374,1197 140,1194 140,1231 159,1229 160,1245 166,1251 231,1253 236,1250 259,1252 271,1250 290,1255 353,1257 384,1251 406,1256 420,1256 426,1253 457,1257 464,1264 473,1264 480,1257 512,1258 517,1255 556,1261 667,1263 670,1267 676,1269 687,1265 703,1265 715,1270 733,1262 749,1265 831,1265 848,1262 871,1265 894,1262 955,1264 962,1269 971,1270 975,1264 1003,1265 1003,1237 1003,1217 991,1217 984,1206"/>
        <Word id="region0008_line0001_word0000" custom="readingOrder {index:0;}">
          <Coords points="277,1251 288,1252 289,1207 205,1205 204,1250 234,1250 236,1250 248,1251 262,1251 271,1250"/>
          <TextEquiv conf="0.91832715">
            <Unicode>Die</Unicode>
          </TextEquiv>
        </Word>
        <Word id="region0008_line0001_word0001" custom="readingOrder {index:1;}">
          <Coords points="380,1201 306,1200 305,1252 371,1253 384,1251 397,1254 422,1254 426,1253 438,1254 438,1207 416,1207 413,1206 413,1201 393,1201 393,1205 383,1203"/>
          <TextEquiv conf="0.921967">
            <Unicode>Dauer</Unicode>
          </TextEquiv>
        </Word>
        <Word id="region0008_line0001_word0002" custom="readingOrder {index:2;}">
          <Coords points="559,1261 560,1212 463,1210 462,1262 474,1262 480,1257 512,1258 517,1255 556,1261"/>
          <TextEquiv conf="0.921967">
            <Unicode>ſeiner</Unicode>
          </TextEquiv>
        </Word>
        <Word id="region0008_line0001_word0003" custom="readingOrder {index:3;}">
          <Coords points="724,1265 725,1215 575,1211 574,1261 667,1263 668,1265 684,1265 687,1265 703,1265 706,1266 721,1266"/>
          <TextEquiv conf="0.9155239">
            <Unicode>Macht,</Unicode>
          </TextEquiv>
        </Word>
        <Word id="region0008_line0001_word0004" custom="readingOrder {index:4;}">
          <Coords points="749,1225 847,1227 846,1259 748,1257"/>
          <TextEquiv conf="0.9081102">
            <Unicode>wenn</Unicode>
          </TextEquiv>
        </Word>
        <Word id="region0008_line0001_word0005" custom="readingOrder {index:5;}">
          <Coords points="863,1228 943,1229 942,1261 862,1260"/>
          <TextEquiv conf="0.92985535">
            <Unicode>man</Unicode>
          </TextEquiv>
        </Word>
        <Word id="region0008_line0001_word0006" custom="readingOrder {index:6;}">
          <Coords points="998,1264 999,1218 959,1217 958,1266 962,1269 971,1270 975,1264"/>
          <TextEquiv conf="0.9323351">
            <Unicode>ſie</Unicode>
          </TextEquiv>
        </Word>
        <TextEquiv conf="0.9211551">
          <Unicode>Die Dauer ſeiner Macht, wenn man ſie</Unicode>
        </TextEquiv>
      </TextLine>
      <TextLine id="region0008_line0002" custom="readingOrder {index:1;}">
        <Coords points="378,1252 362,1257 333,1259 280,1258 271,1251 259,1253 236,1251 227,1256 161,1251 140,1253 139,1298 229,1302 235,1307 338,1305 355,1310 375,1308 386,1314 475,1312 486,1309 504,1313 529,1310 543,1315 657,1315 725,1320 731,1325 741,1325 747,1320 793,1320 799,1317 804,1317 811,1327 815,1327 824,1321 839,1317 857,1320 915,1316 931,1316 936,1321 952,1323 961,1319 1002,1321 1003,1271 968,1271 955,1265 944,1265 934,1269 910,1269 905,1264 894,1263 887,1268 865,1270 858,1264 848,1263 840,1270 808,1270 803,1265 795,1265 790,1269 750,1269 748,1265 733,1263 715,1271 705,1268 587,1266 584,1263 534,1265 533,1259 527,1256 513,1258 510,1265 494,1262 464,1265 441,1261 432,1254 413,1258"/>
        <Word id="region0008_line0002_word0000" custom="readingOrder {index:0;}">
          <Coords points="216,1301 217,1268 149,1266 148,1298"/>
          <TextEquiv conf="0.9554501">
            <Unicode>von</Unicode>
          </TextEquiv>
        </Word>
        <Word id="region0008_line0002_word0001" custom="readingOrder {index:1;}">
          <Coords points="347,1307 348,1263 233,1261 232,1304 235,1307 338,1305"/>
          <TextEquiv conf="0.9328652">
            <Unicode>ſeinem</Unicode>
          </TextEquiv>
        </Word>
        <Word id="region0008_line0002_word0002" custom="readingOrder {index:2;}">
          <Coords points="452,1263 365,1261 364,1309 375,1308 381,1311 444,1313 475,1312 486,1309 504,1313 529,1310 542,1315 551,1315 598,1315 599,1266 587,1266 587,1266 540,1265 534,1265 534,1265 510,1264 510,1265 505,1264 480,1263 464,1265"/>
          <TextEquiv>
            <Unicode>Triumvirate</Unicode>
          </TextEquiv>
        </Word>
        <Word id="region0008_line0002_word0003" custom="readingOrder {index:3;}">
          <Coords points="617,1278 662,1279 661,1311 616,1310"/>
          <TextEquiv conf="0.967738">
            <Unicode>an</Unicode>
          </TextEquiv>
        </Word>
        <Word id="region0008_line0002_word0004" custom="readingOrder {index:4;}">
          <Coords points="714,1271 679,1270 678,1317 725,1320 729,1323 743,1323 747,1320 793,1320 799,1317 804,1317 809,1325 818,1325 821,1323 822,1273 716,1271 715,1271"/>
          <TextEquiv conf="0.94314873">
            <Unicode>rechnet,</Unicode>
          </TextEquiv>
        </Word>
        <Word id="region0008_line0002_word0005" custom="readingOrder {index:5;}">
          <Coords points="847,1274 880,1275 879,1315 846,1314"/>
          <TextEquiv conf="0.96812">
            <Unicode>in</Unicode>
          </TextEquiv>
        </Word>
        <Word id="region0008_line0002_word0006" custom="readingOrder {index:6;}">
          <Coords points="996,1320 997,1277 897,1274 896,1317 915,1316 931,1316 936,1321 952,1323 961,1319"/>
          <TextEquiv conf="0.9670791">
            <Unicode>deſſen</Unicode>
          </TextEquiv>
        </Word>
        <TextEquiv>
          <Unicode>von ſeinem Triumvirate an rechnet, in deſſen</Unicode>
        </TextEquiv>
      </TextLine>
      <TextLine id="region0008_line0003" custom="readingOrder {index:2;}">
        <Coords points="139,1299 139,1359 172,1363 208,1361 214,1367 227,1359 236,1359 242,1368 255,1368 262,1363 300,1364 314,1362 319,1364 321,1370 328,1372 340,1366 373,1368 382,1363 450,1365 468,1367 469,1372 481,1374 489,1368 539,1366 552,1369 675,1373 683,1379 690,1380 698,1378 702,1373 736,1373 746,1369 773,1373 784,1380 791,1379 797,1374 809,1381 817,1381 825,1378 833,1380 845,1374 855,1375 869,1370 885,1374 933,1375 941,1370 949,1370 965,1376 1001,1372 1002,1328 969,1320 952,1324 936,1322 931,1317 915,1317 863,1325 855,1320 839,1318 814,1328 810,1328 804,1318 792,1321 791,1325 741,1326 663,1320 657,1316 614,1321 536,1321 535,1315 529,1311 513,1313 509,1317 503,1313 486,1310 478,1311 470,1318 424,1318 386,1315 375,1309 355,1311 338,1306 329,1306 321,1312 261,1313 255,1306 235,1308 229,1303"/>
        <Word id="region0008_line0003_word0000" custom="readingOrder {index:0;}">
          <Coords points="259,1365 261,1316 150,1313 149,1360 172,1363 208,1361 214,1367 214,1367 227,1359 236,1359 242,1368 255,1368"/>
          <TextEquiv conf="0.8906751">
            <Unicode>Beſitz</Unicode>
          </TextEquiv>
        </Word>
        <Word id="region0008_line0003_word0001" custom="readingOrder {index:1;}">
          <Coords points="277,1326 310,1327 310,1360 277,1359"/>
          <TextEquiv conf="0.9277542">
            <Unicode>er</Unicode>
          </TextEquiv>
        </Word>
        <Word id="region0008_line0003_word0002" custom="readingOrder {index:2;}">
          <Coords points="382,1363 384,1317 326,1316 324,1370 332,1370 340,1366 373,1368 382,1363"/>
          <TextEquiv conf="0.92843574">
            <Unicode>ſich</Unicode>
          </TextEquiv>
        </Word>
        <Word id="region0008_line0003_word0003" custom="readingOrder {index:3;}">
          <Coords points="400,1329 458,1330 458,1363 400,1362"/>
          <TextEquiv conf="0.93155116">
            <Unicode>am</Unicode>
          </TextEquiv>
        </Word>
        <Word id="region0008_line0003_word0004" custom="readingOrder {index:4;}">
          <Coords points="535,1319 476,1318 474,1372 475,1373 482,1373 489,1368 539,1366 552,1369 577,1369 579,1321 536,1321"/>
          <TextEquiv conf="0.9254636">
            <Unicode>ſieben</Unicode>
          </TextEquiv>
        </Word>
        <Word id="region0008_line0003_word0005" custom="readingOrder {index:5;}">
          <Coords points="601,1324 670,1326 669,1365 600,1364"/>
          <TextEquiv conf="0.9235919">
            <Unicode>und</Unicode>
          </TextEquiv>
        </Word>
        <Word id="region0008_line0003_word0006" custom="readingOrder {index:6;}">
          <Coords points="810,1327 686,1325 684,1375 700,1375 702,1373 736,1373 746,1369 773,1373 779,1377 793,1377 797,1374 803,1377 837,1378 845,1374 855,1375 869,1370 885,1374 894,1374 895,1329 815,1327 814,1328 810,1328"/>
          <TextEquiv conf="0.92176306">
            <Unicode>zwanzigſten</Unicode>
          </TextEquiv>
        </Word>
        <Word id="region0008_line0003_word0007" custom="readingOrder {index:7;}">
          <Coords points="997,1372 998,1333 912,1331 911,1374 933,1375 941,1370 949,1370 965,1376"/>
          <TextEquiv conf="0.9198131">
            <Unicode>No⸗</Unicode>
          </TextEquiv>
        </Word>
        <TextEquiv conf="0.921131">
          <Unicode>Beſitz er ſich am ſieben und zwanzigſten No⸗</Unicode>
        </TextEquiv>
      </TextLine>
      <TextLine id="region0008_line0004" custom="readingOrder {index:3;}">
        <Coords points="946,1371 932,1378 921,1378 916,1375 880,1377 879,1374 869,1371 833,1381 825,1379 817,1382 806,1381 800,1375 784,1381 773,1374 765,1378 760,1371 746,1370 733,1377 690,1381 680,1378 629,1377 622,1371 613,1371 607,1376 580,1376 539,1367 489,1369 481,1375 454,1372 450,1366 382,1364 373,1369 361,1367 328,1373 321,1371 319,1365 314,1363 303,1363 297,1369 255,1369 242,1369 236,1360 227,1360 217,1368 210,1364 146,1360 139,1361 138,1409 164,1407 182,1413 247,1413 265,1418 309,1415 314,1418 338,1420 358,1419 367,1425 382,1428 422,1425 437,1429 453,1424 511,1425 561,1420 583,1424 634,1424 636,1428 646,1431 654,1429 658,1424 672,1424 685,1424 692,1432 734,1429 744,1433 760,1428 774,1434 782,1434 790,1428 805,1426 831,1434 842,1430 921,1425 950,1427 970,1434 984,1428 1000,1429 1001,1378 986,1374 980,1377 960,1378"/>
        <Word id="region0008_line0004_word0000" custom="readingOrder {index:0;}">
          <Coords points="171,1409 279,1412 279,1370 145,1367 145,1408 164,1407"/>
          <TextEquiv conf="0.95385885">
            <Unicode>vember</Unicode>
          </TextEquiv>
        </Word>
        <Word id="region0008_line0004_word0001" custom="readingOrder {index:1;}">
          <Coords points="320,1368 303,1368 303,1411 350,1413 350,1370 345,1369 328,1373 321,1371"/>
          <TextEquiv conf="0.9674738">
            <Unicode>im</Unicode>
          </TextEquiv>
        </Word>
        <Word id="region0008_line0004_word0002" custom="readingOrder {index:2;}">
          <Coords points="467,1373 371,1371 370,1423 449,1425 453,1424 487,1424 488,1374 482,1373 481,1375"/>
          <TextEquiv conf="0.9603057">
            <Unicode>Jahre</Unicode>
          </TextEquiv>
        </Word>
        <Word id="region0008_line0004_word0003" custom="readingOrder {index:3;}">
          <Coords points="574,1375 504,1373 503,1418 623,1421 624,1376 607,1376 607,1376 580,1376"/>
          <TextEquiv conf="0.9590094">
            <Unicode>Roms</Unicode>
          </TextEquiv>
        </Word>
        <Word id="region0008_line0004_word0004" custom="readingOrder {index:4;}">
          <Coords points="687,1427 715,1428 716,1391 639,1389 638,1426 656,1426 658,1424 672,1424 685,1424"/>
          <TextEquiv conf="0.9326912">
            <Unicode>709</Unicode>
          </TextEquiv>
        </Word>
        <Word id="region0008_line0004_word0005" custom="readingOrder {index:5;}">
          <Coords points="765,1377 739,1377 738,1429 756,1429 760,1428 763,1429 787,1430 790,1428 805,1426 820,1431 839,1431 841,1430 842,1379 840,1379 833,1381 825,1379 817,1382 806,1381 803,1378 792,1378 784,1381 779,1378 766,1378 765,1378"/>
          <TextEquiv conf="0.91087705">
            <Unicode>ſetzte,</Unicode>
          </TextEquiv>
        </Word>
        <Word id="region0008_line0004_word0006" custom="readingOrder {index:6;}">
          <Coords points="995,1428 996,1380 864,1377 863,1428 921,1425 950,1427 968,1433 971,1433 984,1428"/>
          <TextEquiv>
            <Unicode>betraͤgt</Unicode>
          </TextEquiv>
        </Word>
        <TextEquiv>
          <Unicode>vember im Jahre Roms 709 ſetzte, betraͤgt</Unicode>
        </TextEquiv>
      </TextLine>
      <TextLine id="region0008_line0005" custom="readingOrder {index:4;}">
        <Coords points="154,1408 147,1410 142,1415 137,1415 137,1420 137,1462 149,1466 158,1460 164,1460 223,1476 304,1481 319,1472 342,1473 349,1470 354,1472 361,1469 368,1473 405,1474 408,1480 415,1481 425,1476 495,1478 504,1482 513,1478 574,1479 582,1476 596,1479 665,1479 671,1486 682,1486 691,1480 732,1480 743,1477 804,1481 813,1485 830,1482 836,1477 848,1476 1000,1482 1000,1434 970,1435 964,1431 941,1426 921,1426 902,1431 846,1431 831,1435 820,1433 811,1427 798,1428 796,1433 782,1435 692,1433 685,1425 658,1425 654,1430 646,1432 638,1429 561,1421 487,1429 382,1429 367,1426 358,1420 338,1421 314,1419 309,1416 289,1415 255,1422 254,1418 247,1414 233,1417 213,1413 204,1418 178,1418 168,1410"/>
        <Word id="region0008_line0005_word0000" custom="readingOrder {index:0;}">
          <Coords points="254,1420 147,1418 146,1465 149,1466 158,1460 164,1460 210,1472 269,1474 270,1421 260,1420 255,1422"/>
          <TextEquiv conf="0.8352925">
            <Unicode>funfzig</Unicode>
          </TextEquiv>
        </Word>
        <Word id="word_1650613156875_2983" custom="readingOrder {index:1;}">
          <Coords points="284,1422 283,1473 315,1473 319,1472 342,1473 349,1470 354,1472 361,1469 368,1473 405,1474 406,1476 418,1477 422,1477 423,1459 400,1429 382,1429 367,1426 364,1424"/>
          <TextEquiv>
            <Unicode>Jahre,</Unicode>
          </TextEquiv>
        </Word>
        <Word id="region0008_line0005_word0003" custom="readingOrder {index:2;}">
          <Coords points="440,1438 525,1440 524,1476 439,1474"/>
          <TextEquiv conf="0.93166274">
            <Unicode>neun</Unicode>
          </TextEquiv>
        </Word>
        <Word id="region0008_line0005_word0004" custom="readingOrder {index:3;}">
          <Coords points="646,1432 535,1430 534,1478 574,1479 582,1476 596,1479 665,1479 668,1482 687,1483 691,1480 709,1480 710,1433 692,1433 692,1433 646,1432 646,1432"/>
          <TextEquiv conf="0.9132753">
            <Unicode>Monathe</Unicode>
          </TextEquiv>
        </Word>
        <Word id="region0008_line0005_word0005" custom="readingOrder {index:4;}">
          <Coords points="868,1476 869,1437 725,1434 724,1480 732,1480 743,1477 804,1481 810,1483 818,1483 830,1482 836,1477 848,1476"/>
          <TextEquiv conf="0.96509606">
            <Unicode>weniger</Unicode>
          </TextEquiv>
        </Word>
        <Word id="region0008_line0005_word0006" custom="readingOrder {index:5;}">
          <Coords points="994,1481 995,1441 888,1438 887,1477"/>
          <TextEquiv conf="0.9673584">
            <Unicode>etliche</Unicode>
          </TextEquiv>
        </Word>
        <TextEquiv>
          <Unicode>funfzig Jahre, neun Monathe weniger etliche</Unicode>
        </TextEquiv>
      </TextLine>
      <TextLine id="region0008_line0006" custom="readingOrder {index:5;}">
        <Coords points="158,1461 149,1467 137,1463 136,1517 154,1515 168,1524 183,1521 212,1525 228,1518 250,1518 276,1525 291,1522 300,1528 314,1532 323,1529 355,1529 376,1532 394,1528 473,1529 487,1527 500,1530 511,1526 541,1531 560,1531 565,1528 628,1533 716,1534 756,1530 784,1535 802,1532 809,1538 869,1539 897,1533 910,1536 957,1536 961,1539 999,1536 1000,1485 995,1483 976,1484 973,1481 953,1481 947,1485 934,1484 898,1478 860,1480 848,1477 836,1478 830,1483 813,1486 769,1484 754,1478 743,1478 732,1483 682,1487 671,1487 665,1481 597,1483 591,1477 582,1477 571,1482 493,1483 425,1477 415,1482 408,1481 405,1475 368,1474 361,1470 354,1473 349,1471 342,1474 315,1474 302,1484 281,1479 212,1476 192,1468"/>
        <Word id="region0008_line0006_word0000" custom="readingOrder {index:0;}">
          <Coords points="203,1472 145,1471 144,1516 154,1515 164,1521 178,1521 183,1521 192,1522 216,1522 228,1518 250,1518 260,1520 260,1478 212,1476"/>
          <TextEquiv conf="0.92936426">
            <Unicode>Tage.</Unicode>
          </TextEquiv>
        </Word>
        <Word id="region0008_line0006_word0001" custom="readingOrder {index:1;}">
          <Coords points="406,1477 314,1475 311,1477 310,1529 322,1529 323,1529 355,1529 361,1530 384,1530 394,1528 431,1528 432,1478 425,1477 415,1482 408,1481"/>
          <TextEquiv conf="0.90885544">
            <Unicode>Zaͤhlet</Unicode>
          </TextEquiv>
        </Word>
        <Word id="region0008_line0006_word0002" custom="readingOrder {index:2;}">
          <Coords points="454,1491 537,1493 536,1525 453,1523"/>
          <TextEquiv conf="0.92749846">
            <Unicode>man</Unicode>
          </TextEquiv>
        </Word>
        <Word id="region0008_line0006_word0003" custom="readingOrder {index:3;}">
          <Coords points="556,1483 636,1485 635,1527 555,1525"/>
          <TextEquiv conf="0.91739357">
            <Unicode>aber</Unicode>
          </TextEquiv>
        </Word>
        <Word id="region0008_line0006_word0004" custom="readingOrder {index:4;}">
          <Coords points="657,1493 722,1495 721,1529 656,1527"/>
          <TextEquiv conf="0.92522407">
            <Unicode>von</Unicode>
          </TextEquiv>
        </Word>
        <Word id="region0008_line0006_word0005" custom="readingOrder {index:5;}">
          <Coords points="763,1531 799,1532 800,1490 744,1489 743,1531 745,1531 756,1530"/>
          <TextEquiv conf="0.92619866">
            <Unicode>der</Unicode>
          </TextEquiv>
        </Word>
        <Word id="region0008_line0006_word0006" custom="readingOrder {index:6;}">
          <Coords points="993,1536 994,1492 821,1488 820,1537 872,1538 897,1533 910,1536 957,1536 961,1539"/>
          <TextEquiv conf="0.92264235">
            <Unicode>Schlacht</Unicode>
          </TextEquiv>
        </Word>
        <TextEquiv conf="0.9224538">
          <Unicode>Tage. Zaͤhlet man aber von der Schlacht</Unicode>
        </TextEquiv>
      </TextLine>
      <TextLine id="region0008_line0007" custom="readingOrder {index:6;}">
        <Coords points="144,1516 136,1518 136,1570 178,1571 184,1576 201,1571 233,1569 258,1574 286,1574 293,1570 301,1570 308,1575 328,1576 341,1573 347,1576 401,1582 491,1582 513,1577 525,1582 569,1583 580,1590 589,1589 597,1584 635,1585 646,1590 658,1583 770,1588 772,1592 780,1594 793,1592 796,1588 802,1593 815,1595 828,1589 851,1588 879,1589 893,1594 926,1585 998,1589 999,1583 999,1541 912,1540 905,1534 897,1534 869,1540 810,1541 805,1535 793,1533 785,1540 762,1540 760,1534 746,1531 733,1539 681,1538 598,1535 590,1530 565,1529 558,1534 541,1534 529,1532 522,1527 511,1527 500,1531 487,1528 475,1529 473,1532 455,1533 323,1530 314,1533 300,1529 291,1523 276,1526 250,1519 228,1519 212,1526 201,1522 168,1525 154,1516"/>
        <Word id="region0008_line0007_word0000" custom="readingOrder {index:0;}">
          <Coords points="202,1570 203,1527 142,1526 141,1570 178,1571 183,1575 184,1575 201,1571"/>
          <TextEquiv conf="0.93101937">
            <Unicode>bey</Unicode>
          </TextEquiv>
        </Word>
        <Word id="region0008_line0007_word0001" custom="readingOrder {index:1;}">
          <Coords points="310,1532 216,1530 215,1570 233,1569 251,1572 286,1573 293,1570 301,1570 306,1573 334,1574 341,1573 344,1574 354,1575 355,1533 316,1532 314,1533"/>
          <TextEquiv conf="0.9222132">
            <Unicode>Actium</Unicode>
          </TextEquiv>
        </Word>
        <Word id="region0008_line0007_word0002" custom="readingOrder {index:2;}">
          <Coords points="420,1582 421,1543 363,1542 362,1577 397,1581"/>
          <TextEquiv>
            <Unicode>an,</Unicode>
          </TextEquiv>
        </Word>
        <Word id="region0008_line0007_word0003" custom="readingOrder {index:3;}">
          <Coords points="515,1578 547,1579 548,1536 429,1533 428,1576 508,1578 513,1577"/>
          <TextEquiv conf="0.949601">
            <Unicode>welche</Unicode>
          </TextEquiv>
        </Word>
        <Word id="region0008_line0007_word0004" custom="readingOrder {index:4;}">
          <Coords points="635,1585 636,1538 564,1536 563,1583 569,1583 574,1586 592,1587 597,1584 635,1585"/>
          <TextEquiv conf="0.95955527">
            <Unicode>ihm</Unicode>
          </TextEquiv>
        </Word>
        <Word id="region0008_line0007_word0005" custom="readingOrder {index:5;}">
          <Coords points="715,1585 716,1549 644,1547 643,1587 650,1587 658,1583"/>
          <TextEquiv conf="0.9645809">
            <Unicode>zum</Unicode>
          </TextEquiv>
        </Word>
        <Word id="region0008_line0007_word0006" custom="readingOrder {index:6;}">
          <Coords points="762,1540 728,1539 727,1586 770,1588 771,1590 794,1590 796,1588 799,1591 823,1591 828,1589 851,1588 865,1589 866,1542 816,1541 810,1541 810,1541 774,1540 762,1540"/>
          <TextEquiv conf="0.96252817">
            <Unicode>einzigen</Unicode>
          </TextEquiv>
        </Word>
        <Word id="region0008_line0007_word0007" custom="readingOrder {index:7;}">
          <Coords points="994,1588 995,1544 876,1541 875,1588 879,1589 888,1592 898,1592 926,1585"/>
          <TextEquiv conf="0.9637345">
            <Unicode>Herrn</Unicode>
          </TextEquiv>
        </Word>
        <TextEquiv>
          <Unicode>bey Actium an, welche ihm zum einzigen Herrn</Unicode>
        </TextEquiv>
      </TextLine>
      <TextLine id="region0008_line0008" custom="readingOrder {index:7;}">
        <Coords points="233,1570 216,1574 198,1573 187,1577 150,1569 137,1570 135,1626 226,1629 235,1625 246,1625 250,1628 274,1630 296,1628 301,1625 348,1629 403,1626 426,1629 454,1628 460,1632 503,1634 512,1637 523,1634 546,1636 569,1641 584,1633 607,1637 673,1633 685,1637 711,1635 716,1639 742,1639 747,1648 757,1650 777,1639 800,1636 822,1639 832,1644 844,1639 877,1636 925,1644 965,1645 984,1642 998,1635 998,1608 998,1594 942,1587 918,1587 893,1595 882,1592 865,1593 860,1589 815,1596 705,1590 658,1584 646,1591 628,1587 598,1587 580,1591 569,1585 545,1585 536,1582 526,1584 513,1578 483,1584 401,1583 349,1579 341,1574 310,1577 301,1571 293,1571 286,1575 256,1574 251,1571"/>
        <Word id="region0008_line0008_word0000" custom="readingOrder {index:0;}">
          <Coords points="141,1581 200,1582 199,1627 140,1626"/>
          <TextEquiv conf="0.9611985">
            <Unicode>des</Unicode>
          </TextEquiv>
        </Word>
        <Word id="region0008_line0008_word0001" custom="readingOrder {index:1;}">
          <Coords points="415,1627 416,1585 215,1581 214,1627 229,1627 235,1625 246,1625 249,1627 290,1628 296,1628 301,1625 348,1629 403,1626"/>
          <TextEquiv conf="0.9624884">
            <Unicode>Erdbodens</Unicode>
          </TextEquiv>
        </Word>
        <Word id="region0008_line0008_word0002" custom="readingOrder {index:2;}">
          <Coords points="574,1587 431,1584 430,1628 454,1628 460,1632 503,1634 512,1637 523,1634 546,1636 557,1638 573,1638 578,1636 578,1590"/>
          <TextEquiv conf="0.87516266">
            <Unicode>machte,</Unicode>
          </TextEquiv>
        </Word>
        <Word id="region0008_line0008_word0003" custom="readingOrder {index:3;}">
          <Coords points="603,1591 671,1593 670,1630 602,1628"/>
          <TextEquiv conf="0.9641922">
            <Unicode>und</Unicode>
          </TextEquiv>
        </Word>
        <Word id="region0008_line0008_word0004" custom="readingOrder {index:4;}">
          <Coords points="686,1600 744,1601 744,1634 686,1633"/>
          <TextEquiv conf="0.9329684">
            <Unicode>am</Unicode>
          </TextEquiv>
        </Word>
        <Word id="region0008_line0008_word0005" custom="readingOrder {index:5;}">
          <Coords points="898,1639 900,1601 749,1597 747,1648 757,1650 777,1639 800,1636 822,1639 832,1644 844,1639 877,1636"/>
          <TextEquiv conf="0.92542815">
            <Unicode>zweyten</Unicode>
          </TextEquiv>
        </Word>
        <Word id="region0008_line0008_word0006" custom="readingOrder {index:6;}">
          <Coords points="991,1638 992,1598 910,1596 909,1641 979,1642 984,1642"/>
          <TextEquiv conf="0.9272273">
            <Unicode>Se⸗</Unicode>
          </TextEquiv>
        </Word>
        <TextEquiv conf="0.9355237">
          <Unicode>des Erdbodens machte, und am zweyten Se⸗</Unicode>
        </TextEquiv>
      </TextLine>
      <TextLine id="region0008_line0009" custom="readingOrder {index:8;}">
        <Coords points="389,1626 340,1631 320,1631 312,1627 301,1626 289,1631 255,1633 251,1633 246,1626 235,1626 224,1633 135,1631 134,1677 135,1681 144,1683 154,1678 169,1682 254,1680 281,1683 292,1678 321,1679 363,1688 372,1683 383,1683 386,1689 391,1690 432,1686 437,1691 446,1691 460,1686 498,1686 510,1681 525,1687 547,1683 615,1684 621,1688 648,1688 649,1692 658,1694 667,1686 675,1686 682,1690 708,1689 716,1693 729,1686 742,1689 749,1681 759,1690 786,1687 798,1696 811,1692 879,1693 884,1689 898,1690 904,1687 914,1688 921,1693 932,1693 938,1698 965,1692 997,1692 997,1679 997,1649 925,1645 883,1637 844,1640 832,1645 800,1637 774,1642 756,1650 747,1649 742,1640 716,1640 711,1636 687,1639 673,1634 658,1633 643,1640 606,1639 584,1634 576,1641 566,1642 557,1638 461,1634 454,1629 426,1630"/>
        <Word id="region0008_line0009_word0000" custom="readingOrder {index:0;}">
          <Coords points="287,1680 288,1635 141,1632 140,1681 147,1681 154,1678 167,1681 178,1681 254,1680 281,1683"/>
          <TextEquiv conf="0.9258578">
            <Unicode>ptember</Unicode>
          </TextEquiv>
        </Word>
        <Word id="region0008_line0009_word0001" custom="readingOrder {index:1;}">
          <Coords points="322,1679 361,1680 362,1640 303,1639 302,1678 321,1679"/>
          <TextEquiv conf="0.96540743">
            <Unicode>des</Unicode>
          </TextEquiv>
        </Word>
        <Word id="region0008_line0009_word0002" custom="readingOrder {index:2;}">
          <Coords points="495,1686 497,1641 379,1638 377,1683 383,1683 386,1689 387,1689 396,1689 432,1686 436,1690 446,1690 460,1686"/>
          <TextEquiv conf="0.9330073">
            <Unicode>Jahrs</Unicode>
          </TextEquiv>
        </Word>
        <Word id="region0008_line0009_word0003" custom="readingOrder {index:3;}">
          <Coords points="574,1683 575,1654 519,1652 519,1684 525,1687 547,1683"/>
          <TextEquiv conf="0.72374034">
            <Unicode>721</Unicode>
          </TextEquiv>
        </Word>
        <Word id="region0008_line0009_word0004" custom="readingOrder {index:4;}">
          <Coords points="598,1637 594,1637 592,1684 615,1684 621,1688 648,1688 649,1692 658,1694 667,1686 675,1686 682,1690 708,1689 716,1693 725,1688 727,1640 716,1640 716,1640 647,1638 643,1640 606,1639"/>
          <TextEquiv conf="0.8152542">
            <Unicode>vorfiel,</Unicode>
          </TextEquiv>
        </Word>
        <Word id="region0008_line0009_word0005" custom="readingOrder {index:5;}">
          <Coords points="774,1688 774,1656 744,1655 744,1686 749,1681 758,1689 762,1689"/>
          <TextEquiv>
            <Unicode>ſo</Unicode>
          </TextEquiv>
        </Word>
        <Word id="region0008_line0009_word0006" custom="readingOrder {index:6;}">
          <Coords points="850,1692 851,1651 792,1649 791,1690 798,1696 811,1692"/>
          <TextEquiv conf="0.9255807">
            <Unicode>hat</Unicode>
          </TextEquiv>
        </Word>
        <Word id="region0008_line0009_word0007" custom="readingOrder {index:7;}">
          <Coords points="988,1692 989,1652 868,1649 867,1692 879,1693 884,1689 898,1690 904,1687 914,1688 921,1693 932,1693 938,1698 965,1692"/>
          <TextEquiv conf="0.9228183">
            <Unicode>Augu⸗</Unicode>
          </TextEquiv>
        </Word>
        <TextEquiv>
          <Unicode>ptember des Jahrs 721 vorfiel, ſo hat Augu⸗</Unicode>
        </TextEquiv>
      </TextLine>
      <TextLine id="region0008_line0010" custom="readingOrder {index:9;}">
        <Coords points="904,1688 898,1691 884,1690 873,1697 798,1697 786,1688 751,1693 729,1687 716,1694 701,1690 682,1694 678,1688 667,1687 658,1695 622,1693 622,1689 615,1685 603,1686 598,1690 571,1688 563,1684 547,1684 539,1688 524,1688 515,1682 506,1683 497,1690 489,1691 409,1689 391,1691 386,1690 383,1684 372,1684 364,1689 334,1689 329,1682 321,1680 292,1679 280,1686 272,1687 262,1682 254,1681 246,1686 236,1682 225,1682 219,1686 174,1685 154,1679 144,1684 135,1682 133,1732 143,1736 152,1731 217,1734 222,1737 280,1738 287,1734 299,1734 303,1738 337,1737 345,1743 356,1744 381,1734 437,1738 458,1735 467,1742 487,1737 494,1739 499,1745 508,1746 517,1739 533,1740 536,1744 544,1746 564,1737 577,1737 583,1740 638,1742 643,1746 657,1748 664,1745 733,1749 764,1745 775,1749 800,1740 832,1743 841,1747 864,1743 887,1748 902,1741 916,1741 923,1750 937,1741 996,1745 997,1695 965,1693 938,1699 932,1694 921,1694 914,1689"/>
        <Word id="region0008_line0010_word0000" custom="readingOrder {index:0;}">
          <Coords points="210,1733 211,1688 140,1686 139,1734 146,1734 152,1731"/>
          <TextEquiv conf="0.9292573">
            <Unicode>ſtus</Unicode>
          </TextEquiv>
        </Word>
        <Word id="region0008_line0010_word0001" custom="readingOrder {index:1;}">
          <Coords points="227,1690 278,1691 277,1732 226,1731"/>
          <TextEquiv conf="0.9279837">
            <Unicode>die</Unicode>
          </TextEquiv>
        </Word>
        <Word id="region0008_line0010_word0002" custom="readingOrder {index:2;}">
          <Coords points="333,1688 287,1687 286,1735 287,1734 299,1734 303,1738 337,1737 340,1739 366,1740 381,1734 437,1738 458,1735 467,1742 483,1738 484,1692 401,1690 391,1691 386,1690 386,1690 364,1689 364,1689 334,1689"/>
          <TextEquiv conf="0.92752045">
            <Unicode>Regierung</Unicode>
          </TextEquiv>
        </Word>
        <Word id="region0008_line0010_word0003" custom="readingOrder {index:3;}">
          <Coords points="566,1737 567,1692 503,1691 502,1745 509,1745 517,1739 533,1740 536,1744 542,1745 544,1745 564,1737"/>
          <TextEquiv conf="0.92410934">
            <Unicode>faſt</Unicode>
          </TextEquiv>
        </Word>
        <Word id="region0008_line0010_word0004" custom="readingOrder {index:4;}">
          <Coords points="696,1747 697,1697 580,1695 579,1738 583,1740 638,1742 643,1746 644,1746 661,1746 664,1745"/>
          <TextEquiv conf="0.92921937">
            <Unicode>vierzig</Unicode>
          </TextEquiv>
        </Word>
        <Word id="region0008_line0010_word0005" custom="readingOrder {index:5;}">
          <Coords points="797,1696 710,1694 709,1746 748,1747 764,1745 771,1747 778,1747 800,1740 825,1742 826,1697 798,1697"/>
          <TextEquiv conf="0.9114014">
            <Unicode>Jahre</Unicode>
          </TextEquiv>
        </Word>
        <Word id="region0008_line0010_word0006" custom="readingOrder {index:6;}">
          <Coords points="986,1744 987,1701 840,1697 839,1746 841,1747 864,1743 887,1748 902,1741 916,1741 923,1750 937,1741"/>
          <TextEquiv conf="0.9042203">
            <Unicode>gefuͤhrt.</Unicode>
          </TextEquiv>
        </Word>
        <TextEquiv conf="0.9219588">
          <Unicode>ſtus die Regierung faſt vierzig Jahre gefuͤhrt.</Unicode>
        </TextEquiv>
      </TextLine>
      <TextLine id="region0008_line0011" custom="readingOrder {index:10;}">
        <Coords points="902,1742 887,1749 864,1744 841,1748 832,1744 800,1741 775,1750 757,1748 733,1750 657,1749 585,1746 584,1741 577,1738 564,1738 557,1745 514,1744 508,1747 491,1744 487,1738 467,1743 458,1736 450,1736 441,1742 424,1742 398,1742 393,1736 381,1735 372,1742 356,1745 304,1743 299,1735 287,1735 277,1742 264,1742 257,1737 246,1736 233,1741 217,1735 152,1732 143,1737 133,1733 132,1770 132,1792 235,1793 237,1799 248,1799 255,1799 261,1794 417,1792 441,1794 447,1801 456,1801 463,1794 484,1800 491,1795 552,1792 675,1795 684,1803 698,1803 710,1796 741,1795 818,1797 823,1804 834,1805 841,1796 854,1796 894,1798 900,1804 908,1804 918,1798 995,1799 996,1750 944,1748 937,1742 923,1751 916,1742"/>
        <Word id="region0008_line0011_word0000" custom="readingOrder {index:0;}">
          <Coords points="230,1739 140,1738 139,1785 231,1787 231,1740"/>
          <TextEquiv conf="0.89238787">
            <Unicode>Wir</Unicode>
          </TextEquiv>
        </Word>
        <Word id="region0008_line0011_word0001" custom="readingOrder {index:1;}">
          <Coords points="259,1739 241,1738 240,1794 260,1795 261,1794 347,1793 348,1745 304,1743 302,1740 281,1739 277,1742 264,1742"/>
          <TextEquiv conf="0.9264848">
            <Unicode>haben</Unicode>
          </TextEquiv>
        </Word>
        <Word id="region0008_line0011_word0002" custom="readingOrder {index:2;}">
          <Coords points="356,1744 356,1785 435,1786 436,1743 371,1742"/>
          <TextEquiv conf="0.9283254">
            <Unicode>aber</Unicode>
          </TextEquiv>
        </Word>
        <Word id="region0008_line0011_word0003" custom="readingOrder {index:3;}">
          <Coords points="497,1745 446,1744 445,1795 461,1795 463,1794 468,1795 489,1795 491,1795 535,1792 536,1746 511,1745 508,1747"/>
          <TextEquiv conf="0.9216684">
            <Unicode>ſchon</Unicode>
          </TextEquiv>
        </Word>
        <Word id="region0008_line0011_word0004" custom="readingOrder {index:4;}">
          <Coords points="546,1746 628,1748 627,1789 545,1787"/>
          <TextEquiv conf="0.9224467">
            <Unicode>oben</Unicode>
          </TextEquiv>
        </Word>
        <Word id="region0008_line0011_word0005" custom="readingOrder {index:5;}">
          <Coords points="837,1801 838,1753 637,1749 636,1794 675,1795 680,1799 702,1800 710,1796 741,1795 818,1797 822,1802 835,1802"/>
          <TextEquiv conf="0.9235335">
            <Unicode>angemerkt,</Unicode>
          </TextEquiv>
        </Word>
        <Word id="region0008_line0011_word0006" custom="readingOrder {index:6;}">
          <Coords points="919,1798 920,1754 854,1753 853,1796 854,1796 894,1798 899,1803 910,1803 918,1798"/>
          <TextEquiv conf="0.92230874">
            <Unicode>daß</Unicode>
          </TextEquiv>
        </Word>
        <Word id="region0008_line0011_word0007" custom="readingOrder {index:7;}">
          <Coords points="930,1756 985,1758 984,1798 929,1796"/>
          <TextEquiv conf="0.9317746">
            <Unicode>der</Unicode>
          </TextEquiv>
        </Word>
        <TextEquiv conf="0.92111623">
          <Unicode>Wir haben aber ſchon oben angemerkt, daß der</Unicode>
        </TextEquiv>
      </TextLine>
      <TextLine id="region0010_line0001" custom="readingOrder {index:11;}">
        <Coords points="925,1796 887,1796 873,1802 846,1803 837,1803 833,1795 817,1794 815,1794 814,1797 789,1795 784,1801 756,1797 743,1802 692,1801 687,1794 666,1793 663,1796 647,1793 588,1791 586,1791 563,1796 535,1791 480,1790 394,1798 350,1797 333,1789 324,1789 320,1792 307,1788 255,1787 248,1791 246,1800 222,1797 215,1788 202,1789 190,1796 139,1791 132,1792 131,1813 131,1842 153,1844 158,1849 186,1847 191,1851 206,1852 212,1852 215,1848 244,1852 311,1853 327,1849 342,1849 345,1853 357,1853 364,1849 476,1847 481,1842 483,1828 488,1829 487,1839 492,1844 656,1850 663,1857 671,1857 679,1849 715,1850 722,1857 737,1859 749,1851 776,1850 782,1850 789,1858 797,1858 804,1849 940,1855 997,1850 998,1810 977,1808 975,1802 968,1797"/>
        <Word id="region0010_line0001_word0000" custom="readingOrder {index:0;}">
          <Coords points="164,1793 137,1793 136,1842 153,1844 153,1844 252,1846 253,1795 247,1795 246,1800 222,1797 220,1794 193,1794 190,1796"/>
          <TextEquiv conf="0.93300384">
            <Unicode>wahre</Unicode>
          </TextEquiv>
        </Word>
        <Word id="region0010_line0001_word0001" custom="readingOrder {index:1;}">
          <Coords points="346,1795 274,1794 273,1847 376,1848 448,1847 449,1797 411,1796 394,1798 350,1797"/>
          <TextEquiv conf="0.86455446">
            <Unicode>Zeitpunct</Unicode>
          </TextEquiv>
        </Word>
        <Word id="region0010_line0001_word0002" custom="readingOrder {index:2;}">
          <Coords points="474,1803 496,1803 496,1824 474,1824"/>
          <TextEquiv conf="0.92921674">
            <Unicode>*</Unicode>
          </TextEquiv>
        </Word>
        <Word id="region0010_line0001_word0003" custom="readingOrder {index:3;}">
          <Coords points="523,1803 582,1804 581,1843 522,1842"/>
          <TextEquiv conf="0.96549994">
            <Unicode>des</Unicode>
          </TextEquiv>
        </Word>
        <Word id="region0010_line0001_word0004" custom="readingOrder {index:4;}">
          <Coords points="766,1850 767,1806 606,1803 605,1848 656,1850 660,1854 673,1854 679,1849 715,1850 720,1855 742,1855 749,1851"/>
          <TextEquiv conf="0.9655187">
            <Unicode>Anfangs</Unicode>
          </TextEquiv>
        </Word>
        <Word id="region0010_line0001_word0005" custom="readingOrder {index:5;}">
          <Coords points="885,1852 886,1809 789,1807 788,1856 798,1856 804,1849"/>
          <TextEquiv conf="0.93228287">
            <Unicode>ſeiner</Unicode>
          </TextEquiv>
        </Word>
        <Word id="region0010_line0001_word0006" custom="readingOrder {index:6;}">
          <Coords points="993,1850 994,1811 910,1809 909,1853 962,1853"/>
          <TextEquiv conf="0.6873065">
            <Unicode>Re⸗</Unicode>
          </TextEquiv>
        </Word>
        <TextEquiv conf="0.896769">
          <Unicode>wahre Zeitpunct * des Anfangs ſeiner Re⸗</Unicode>
        </TextEquiv>
      </TextLine>
      <TextLine id="region0011_line0001" custom="readingOrder {index:12;}">
        <Coords points="871,1847 867,1856 796,1854 756,1845 734,1845 709,1846 687,1851 658,1850 652,1844 640,1844 634,1850 611,1850 585,1844 530,1842 507,1842 500,1849 483,1848 479,1850 455,1851 435,1850 429,1841 417,1841 408,1851 401,1843 381,1841 369,1852 313,1851 305,1845 296,1844 288,1850 259,1854 183,1850 175,1840 162,1838 155,1847 131,1848 130,1896 177,1896 181,1900 242,1903 248,1908 266,1910 281,1899 367,1901 368,1905 377,1907 390,1901 485,1896 499,1899 553,1898 562,1903 585,1900 599,1907 620,1903 657,1902 664,1899 688,1899 701,1904 736,1909 765,1909 817,1902 834,1904 841,1901 990,1907 990,1895 990,1858 971,1858 964,1849 954,1849 946,1858 933,1857 928,1853 916,1853 911,1857 891,1857 886,1847"/>
        <Word id="region0011_line0001_word0000" custom="readingOrder {index:0;}">
          <Coords points="173,1839 160,1839 155,1847 137,1847 137,1895 274,1898 274,1851 259,1854 183,1850 175,1840"/>
          <TextEquiv conf="0.9259805">
            <Unicode>gierung</Unicode>
          </TextEquiv>
        </Word>
        <Word id="region0011_line0001_word0001" custom="readingOrder {index:1;}">
          <Coords points="309,1848 297,1848 296,1888 351,1890 351,1851 313,1851"/>
          <TextEquiv conf="0.9310829">
            <Unicode>der</Unicode>
          </TextEquiv>
        </Word>
        <Word id="region0011_line0001_word0002" custom="readingOrder {index:2;}">
          <Coords points="405,1847 375,1847 374,1899 411,1899 485,1896 499,1899 509,1898 510,1850 480,1849 479,1850 455,1851 435,1850 433,1848 410,1847 408,1851"/>
          <TextEquiv conf="0.9231505">
            <Unicode>ſiebente</Unicode>
          </TextEquiv>
        </Word>
        <Word id="region0011_line0001_word0003" custom="readingOrder {index:3;}">
          <Coords points="617,1903 618,1852 535,1850 534,1898 553,1898 561,1902 564,1902 585,1900 591,1903 615,1903"/>
          <TextEquiv conf="0.9219451">
            <Unicode>Tag</Unicode>
          </TextEquiv>
        </Word>
        <Word id="region0011_line0001_word0004" custom="readingOrder {index:4;}">
          <Coords points="642,1856 701,1857 700,1897 641,1896"/>
          <TextEquiv conf="0.9265613">
            <Unicode>des</Unicode>
          </TextEquiv>
        </Word>
        <Word id="region0011_line0001_word0005" custom="readingOrder {index:5;}">
          <Coords points="926,1904 928,1859 725,1855 724,1905 785,1906 817,1902 834,1904 841,1901"/>
          <TextEquiv conf="0.92090803">
            <Unicode>Januarius</Unicode>
          </TextEquiv>
        </Word>
        <Word id="region0011_line0001_word0006" custom="readingOrder {index:6;}">
          <Coords points="952,1862 985,1863 985,1904 951,1903"/>
          <TextEquiv conf="0.92303056">
            <Unicode>in</Unicode>
          </TextEquiv>
        </Word>
        <TextEquiv conf="0.9246656">
          <Unicode>gierung der ſiebente Tag des Januarius in</Unicode>
        </TextEquiv>
      </TextLine>
      <TextLine id="region0011_line0002" custom="readingOrder {index:13;}">
        <Coords points="841,1902 831,1906 817,1903 807,1905 803,1909 754,1911 713,1908 688,1900 664,1900 650,1905 620,1904 606,1908 593,1907 585,1901 562,1904 553,1899 539,1899 530,1904 519,1903 485,1897 442,1900 432,1904 419,1906 393,1906 388,1902 377,1908 332,1906 327,1900 315,1900 306,1907 301,1901 281,1900 266,1911 181,1904 177,1897 133,1895 130,1897 128,1941 128,1949 137,1955 157,1950 286,1960 288,1956 520,1955 529,1956 535,1962 544,1962 551,1955 603,1954 657,1956 665,1958 671,1963 695,1961 703,1965 768,1959 833,1960 838,1967 848,1969 857,1961 988,1962 989,1912 983,1909 963,1911 932,1908 928,1904 919,1904 911,1908 887,1905 875,1909 857,1909 853,1903"/>
        <Word id="region0011_line0002_word0000" custom="readingOrder {index:0;}">
          <Coords points="177,1897 135,1897 133,1946 248,1948 249,1909 181,1904"/>
          <TextEquiv conf="0.9271515">
            <Unicode>ſeinem</Unicode>
          </TextEquiv>
        </Word>
        <Word id="region0011_line0002_word0001" custom="readingOrder {index:1;}">
          <Coords points="302,1902 278,1902 272,1905 272,1954 360,1955 430,1955 431,1905 426,1904 419,1906 393,1906 390,1904 384,1904 377,1908 332,1906 329,1903 311,1902 306,1907"/>
          <TextEquiv conf="0.9226023">
            <Unicode>ſiebenten</Unicode>
          </TextEquiv>
        </Word>
        <Word id="region0011_line0002_word0002" custom="readingOrder {index:2;}">
          <Coords points="636,1955 637,1911 455,1907 454,1955 520,1955 529,1956 531,1958 546,1959 551,1955 603,1954"/>
          <TextEquiv conf="0.9226272">
            <Unicode>Conſulate</Unicode>
          </TextEquiv>
        </Word>
        <Word id="region0011_line0002_word0003" custom="readingOrder {index:3;}">
          <Coords points="719,1963 720,1913 661,1911 660,1956 665,1958 670,1962 676,1962 695,1961 699,1963 715,1963"/>
          <TextEquiv conf="0.9268273">
            <Unicode>iſt,</Unicode>
          </TextEquiv>
        </Word>
        <Word id="region0011_line0002_word0004" custom="readingOrder {index:4;}">
          <Coords points="896,1961 897,1917 758,1914 757,1960 768,1959 833,1960 838,1967 842,1967 849,1967 857,1961"/>
          <TextEquiv conf="0.92131174">
            <Unicode>welches</Unicode>
          </TextEquiv>
        </Word>
        <Word id="region0011_line0002_word0005" custom="readingOrder {index:5;}">
          <Coords points="918,1918 985,1920 984,1961 917,1959"/>
          <TextEquiv conf="0.9182911">
            <Unicode>das</Unicode>
          </TextEquiv>
        </Word>
        <TextEquiv conf="0.92313516">
          <Unicode>ſeinem ſiebenten Conſulate iſt, welches das</Unicode>
        </TextEquiv>
      </TextLine>
      <TextEquiv>
        <Unicode>Die Dauer ſeiner Macht, wenn man ſie
von ſeinem Triumvirate an rechnet, in deſſen
Beſitz er ſich am ſieben und zwanzigſten No⸗
vember im Jahre Roms 709 ſetzte, betraͤgt
funfzig Jahre, neun Monathe weniger etliche
Tage. Zaͤhlet man aber von der Schlacht
bey Actium an, welche ihm zum einzigen Herrn
des Erdbodens machte, und am zweyten Se⸗
ptember des Jahrs 721 vorfiel, ſo hat Augu⸗
ſtus die Regierung faſt vierzig Jahre gefuͤhrt.
Wir haben aber ſchon oben angemerkt, daß der
wahre Zeitpunct * des Anfangs ſeiner Re⸗
gierung der ſiebente Tag des Januarius in
ſeinem ſiebenten Conſulate iſt, welches das</Unicode>
      </TextEquiv>
    </TextRegion>
    <TextRegion id="TextRegion_1650612984733_2917" custom="readingOrder {index:2;} structure {type:signature-mark;}" orientation="-1.2579529" type="signature-mark" readingDirection="left-to-right">
      <Coords points="566,1950 786,1953 786,2019 566,2016"/>
      <TextLine id="line_1650612984788_2920" custom="readingOrder {index:0;}">
        <Coords points="566,1950 659,1952 669,1959 682,1961 779,1964 785,1956 786,1956 786,2001 759,2001 755,2009 748,2009 742,2014 653,2013 626,2016 620,2016 566,2014"/>
        <Word id="word_1650613233098_3006" custom="readingOrder {index:0;}">
          <Coords points="572,1963 637,1964 637,2014 626,2016 622,2016 617,2015 571,2014"/>
          <TextEquiv>
            <Unicode>Ff</Unicode>
          </TextEquiv>
        </Word>
        <Word id="word_1650613233098_3005" custom="readingOrder {index:1;}">
          <Coords points="637,1964 674,1965 673,2013 653,2013 637,2014"/>
          <TextEquiv>
            <Unicode>3</Unicode>
          </TextEquiv>
        </Word>
        <TextEquiv>
          <Unicode>Ff 3</Unicode>
        </TextEquiv>
      </TextLine>
      <TextEquiv>
        <Unicode>Ff 3</Unicode>
      </TextEquiv>
    </TextRegion>
    <TextRegion id="TextRegion_1650612984732_2916" custom="readingOrder {index:3;} structure {type:catch-word;}" orientation="-1.2579529" type="catch-word" readingDirection="left-to-right">
      <Coords points="786,1953 989,1956 989,2022 786,2019"/>
      <TextLine id="line_1650612984787_2919" custom="readingOrder {index:0;}">
        <Coords points="786,1956 863,1959 869,1955 882,1955 898,1963 908,1955 919,1956 924,1965 989,1970 988,2015 889,2014 879,2015 877,2020 859,2020 856,2016 795,2015 790,2010 789,2002 786,2001"/>
        <Word id="region0012_line0001_word0001" custom="readingOrder {index:0;}">
          <Coords points="984,2014 985,1973 864,1970 863,2020 877,2020 879,2015 889,2014"/>
          <TextEquiv conf="0.9197862">
            <Unicode>ſieben⸗</Unicode>
          </TextEquiv>
        </Word>
        <TextEquiv conf="0.89145875">
          <Unicode>ſieben⸗</Unicode>
        </TextEquiv>
      </TextLine>
      <TextEquiv>
        <Unicode>$f3 ſieben⸗</Unicode>
      </TextEquiv>
    </TextRegion>
    <TextRegion id="region0014" custom="readingOrder {index:4;} structure {type:footnote;}" orientation="-1.2579529" type="footnote" readingDirection="left-to-right">
      <Coords points="92,2062 987,2074 984,2310 89,2298"/>
      <TextLine id="line_1650613270245_3022" custom="readingOrder {index:0;}">
        <Coords points="112,2062 169,2063 276,2065 288,2069 292,2065 378,2066 400,2072 417,2071 426,2066 439,2066 445,2067 448,2071 483,2073 524,2073 545,2068 548,2068 558,2068 558,2115 539,2116 528,2120 488,2111 449,2115 435,2120 427,2116 404,2116 398,2112 385,2114 368,2112 359,2117 331,2112 324,2116 304,2116 297,2120 289,2119 268,2112 239,2113 217,2110 210,2105 210,2097 203,2094 128,2093 117,2092 112,2086"/>
        <Word id="region0014_line0001_word0000" custom="readingOrder {index:0;}">
          <Coords points="179,2072 197,2072 196,2091 178,2091"/>
          <TextEquiv conf="0.9327538">
            <Unicode>*</Unicode>
          </TextEquiv>
        </Word>
        <Word id="region0014_line0001_word0001" custom="readingOrder {index:1;}">
          <Coords points="315,2116 316,2075 225,2073 224,2110 239,2113 268,2112 277,2115"/>
          <TextEquiv conf="0.96736306">
            <Unicode>Dieſe</Unicode>
          </TextEquiv>
        </Word>
        <Word id="region0014_line0001_word0002" custom="readingOrder {index:2;}">
          <Coords points="547,2116 548,2076 338,2071 337,2113 343,2114 363,2115 368,2112 385,2114 398,2112 403,2116 421,2116 427,2116 427,2116 445,2117 449,2115 488,2111 521,2118 532,2119 539,2116"/>
          <TextEquiv>
            <Unicode>Berechnung</Unicode>
          </TextEquiv>
        </Word>
        <TextEquiv>
          <Unicode>* Dieſe Berechnung</Unicode>
        </TextEquiv>
      </TextLine>
      <TextLine id="line_1650613273291_3028" custom="readingOrder {index:1;}">
        <Coords points="92,2095 142,2096 165,2105 170,2102 184,2102 188,2105 209,2105 217,2111 239,2114 268,2113 289,2120 324,2117 331,2113 359,2118 368,2113 385,2115 390,2113 398,2113 405,2118 427,2117 435,2121 449,2116 484,2112 503,2113 519,2120 528,2121 539,2117 558,2116 558,2161 544,2160 539,2157 498,2162 446,2160 440,2157 423,2159 420,2156 399,2155 392,2159 376,2159 370,2163 324,2158 316,2164 308,2165 302,2164 298,2157 281,2155 273,2160 249,2163 243,2159 172,2153 161,2147 151,2146 147,2149 91,2146"/>
        <Word id="region0014_line0002_word0000" custom="readingOrder {index:0;}">
          <Coords points="133,2105 184,2106 183,2144 132,2143"/>
          <TextEquiv conf="0.9553396">
            <Unicode>des</Unicode>
          </TextEquiv>
        </Word>
        <Word id="region0014_line0002_word0001" custom="readingOrder {index:1;}">
          <Coords points="214,2109 198,2109 197,2153 339,2156 339,2114 331,2113 324,2117 289,2120 268,2113 239,2114 217,2111"/>
          <TextEquiv conf="0.9592258">
            <Unicode>Anfangs</Unicode>
          </TextEquiv>
        </Word>
        <Word id="region0014_line0002_word0002" custom="readingOrder {index:2;}">
          <Coords points="361,2116 361,2154 450,2156 450,2115 449,2116 435,2121 427,2117 405,2118 398,2113 390,2113 385,2115 368,2113"/>
          <TextEquiv>
            <Unicode>ſeiner</Unicode>
          </TextEquiv>
        </Word>
        <Word id="region0014_line0002_word0003" custom="readingOrder {index:3;}">
          <Coords points="507,2115 474,2114 473,2151 532,2153 532,2119 528,2121 519,2120"/>
          <TextEquiv conf="0.7386219">
            <Unicode>Re⸗</Unicode>
          </TextEquiv>
        </Word>
        <TextEquiv>
          <Unicode>des Anfangs ſeiner Re⸗</Unicode>
        </TextEquiv>
      </TextLine>
      <TextLine id="line_1650613274556_3034" custom="readingOrder {index:2;}">
        <Coords points="91,2149 147,2150 151,2147 161,2148 172,2154 243,2160 249,2164 273,2161 281,2156 298,2158 302,2165 308,2166 316,2165 324,2159 370,2164 376,2160 392,2160 399,2156 420,2157 423,2160 440,2158 446,2161 498,2163 539,2158 544,2161 558,2162 558,2205 536,2207 524,2212 513,2206 473,2205 467,2202 458,2202 452,2206 440,2203 431,2207 369,2206 363,2202 354,2202 346,2206 323,2205 309,2201 302,2205 291,2204 270,2200 243,2204 230,2198 164,2196 154,2190 147,2190 142,2195 91,2194"/>
        <Word id="region0014_line0003_word0000" custom="readingOrder {index:0;}">
          <Coords points="203,2156 97,2154 96,2194 142,2195 147,2190 154,2190 164,2196 230,2198 240,2202 250,2202 255,2202 255,2163 249,2164 243,2160"/>
          <TextEquiv conf="0.7016871">
            <Unicode>gierung</Unicode>
          </TextEquiv>
        </Word>
        <Word id="region0014_line0003_word0001" custom="readingOrder {index:1;}">
          <Coords points="300,2161 275,2161 274,2200 366,2202 366,2163 359,2162 320,2161 316,2165 308,2166 302,2165"/>
          <TextEquiv conf="0.95264983">
            <Unicode>findet</Unicode>
          </TextEquiv>
        </Word>
        <Word id="region0014_line0003_word0002" custom="readingOrder {index:2;}">
          <Coords points="447,2204 448,2164 395,2163 394,2204 435,2204 440,2203"/>
          <TextEquiv conf="0.96814865">
            <Unicode>ſich</Unicode>
          </TextEquiv>
        </Word>
        <Word id="region0014_line0003_word0003" custom="readingOrder {index:3;}">
          <Coords points="537,2206 538,2167 479,2166 478,2205 513,2206 519,2209 529,2209 536,2207"/>
          <TextEquiv conf="0.93235207">
            <Unicode>auf</Unicode>
          </TextEquiv>
        </Word>
        <TextEquiv conf="0.7696441">
          <Unicode>gierung findet ſich auf</Unicode>
        </TextEquiv>
      </TextLine>
      <TextLine id="line_1650613275898_3040" custom="readingOrder {index:3;}">
        <Coords points="147,2191 164,2197 230,2199 243,2205 270,2201 279,2204 289,2203 293,2206 301,2207 309,2202 319,2203 324,2207 346,2207 354,2203 363,2203 369,2207 431,2208 440,2204 452,2207 458,2203 467,2203 475,2207 514,2208 524,2213 533,2210 558,2209 558,2254 534,2254 514,2254 501,2258 492,2254 435,2250 411,2254 404,2247 394,2247 387,2250 365,2250 358,2247 340,2248 324,2256 313,2251 280,2250 271,2254 257,2250 233,2251 217,2248 203,2240 194,2242 176,2236 141,2230 90,2229 91,2195 142,2196"/>
        <Word id="region0014_line0004_word0000" custom="readingOrder {index:0;}">
          <Coords points="183,2238 206,2239 207,2202 129,2200 128,2229 141,2230 176,2236"/>
          <TextEquiv conf="0.96300626">
            <Unicode>einer</Unicode>
          </TextEquiv>
        </Word>
        <Word id="region0014_line0004_word0001" custom="readingOrder {index:1;}">
          <Coords points="298,2207 215,2205 214,2246 217,2248 233,2251 257,2250 264,2252 275,2252 280,2250 313,2251 317,2253 330,2253 340,2248 358,2247 365,2250 387,2250 394,2247 404,2247 411,2254 420,2252 421,2209 302,2207 301,2207"/>
          <TextEquiv>
            <Unicode>Jnſcription,</Unicode>
          </TextEquiv>
        </Word>
        <Word id="region0014_line0004_word0002" custom="readingOrder {index:2;}">
          <Coords points="437,2208 483,2209 482,2245 436,2244"/>
          <TextEquiv conf="0.9690559">
            <Unicode>die</Unicode>
          </TextEquiv>
        </Word>
        <Word id="region0014_line0004_word0003" custom="readingOrder {index:3;}">
          <Coords points="530,2254 531,2220 498,2219 497,2255 509,2255 514,2254"/>
          <TextEquiv conf="0.9328101">
            <Unicode>zu</Unicode>
          </TextEquiv>
        </Word>
        <TextEquiv>
          <Unicode>einer Jnſcription, die zu</Unicode>
        </TextEquiv>
      </TextLine>
      <TextLine id="line_1650613277502_3046" custom="readingOrder {index:4;}">
        <Coords points="90,2230 141,2231 176,2237 194,2243 203,2241 225,2251 257,2251 269,2255 280,2251 313,2252 324,2257 340,2249 358,2248 365,2251 387,2251 394,2248 404,2248 411,2255 424,2252 481,2254 502,2259 514,2255 558,2256 558,2300 383,2296 356,2298 352,2301 312,2301 296,2300 261,2294 89,2281 89,2249"/>
        <Word id="region0014_line0005_word0000" custom="readingOrder {index:0;}">
          <Coords points="182,2239 130,2238 129,2279 294,2283 294,2251 280,2251 269,2255 257,2251 225,2251 203,2241 194,2243"/>
          <TextEquiv conf="0.959276">
            <Unicode>Narbonne</Unicode>
          </TextEquiv>
        </Word>
        <Word id="region0014_line0005_word0001" custom="readingOrder {index:1;}">
          <Coords points="404,2248 398,2248 394,2248 387,2251 365,2251 358,2248 340,2249 324,2257 313,2252 301,2251 301,2290 445,2293 445,2252 424,2252 411,2255"/>
          <TextEquiv conf="0.9135571">
            <Unicode>gefunden</Unicode>
          </TextEquiv>
        </Word>
        <Word id="word_1650613277555_3049" custom="readingOrder {index:2;}">
          <Coords points="456,2256 493,2256 502,2259 507,2257 543,2257 543,2289 455,2287"/>
          <TextEquiv conf="0.60213697">
            <Unicode>wor⸗</Unicode>
          </TextEquiv>
        </Word>
        <TextEquiv conf="0.82499003">
          <Unicode>Narbonne gefunden wor⸗</Unicode>
        </TextEquiv>
      </TextLine>
      <TextLine id="line_1650613270244_3021" custom="readingOrder {index:5;}">
        <Coords points="558,2068 680,2074 725,2071 727,2074 780,2078 792,2071 799,2071 807,2072 811,2076 817,2072 832,2072 836,2075 845,2073 864,2072 910,2072 947,2074 951,2080 963,2080 968,2074 985,2075 986,2124 938,2124 921,2129 909,2121 883,2129 831,2125 818,2128 804,2121 770,2120 763,2116 752,2121 730,2120 725,2116 713,2116 708,2119 696,2118 690,2114 657,2116 651,2112 642,2116 635,2111 624,2116 606,2111 580,2111 573,2115 558,2115"/>
        <Word id="region0014_line0001_word0003" custom="readingOrder {index:0;}">
          <Coords points="648,2113 649,2078 576,2077 575,2113 580,2111 606,2111 624,2116 635,2111 642,2116"/>
          <TextEquiv conf="0.95938337">
            <Unicode>den,</Unicode>
          </TextEquiv>
        </Word>
        <Word id="region0014_line0001_word0004" custom="readingOrder {index:1;}">
          <Coords points="669,2079 729,2080 728,2114 668,2113"/>
          <TextEquiv conf="0.9686255">
            <Unicode>und</Unicode>
          </TextEquiv>
        </Word>
        <Word id="region0014_line0001_word0005" custom="readingOrder {index:2;}">
          <Coords points="851,2126 852,2084 747,2081 746,2120 752,2121 763,2116 770,2120 804,2121 813,2125 825,2126 831,2125"/>
          <TextEquiv conf="0.96124214">
            <Unicode>welche</Unicode>
          </TextEquiv>
        </Word>
        <Word id="region0014_line0001_word0006" custom="readingOrder {index:3;}">
          <Coords points="981,2124 982,2085 868,2082 867,2127 871,2128 884,2128 909,2121 921,2129 938,2124"/>
          <TextEquiv conf="0.93216574">
            <Unicode>Juſtus</Unicode>
          </TextEquiv>
        </Word>
        <TextEquiv conf="0.9154343">
          <Unicode>den, und welche Juſtus</Unicode>
        </TextEquiv>
      </TextLine>
      <TextLine id="line_1650613273290_3027" custom="readingOrder {index:6;}">
        <Coords points="558,2116 573,2116 580,2112 606,2112 613,2116 624,2117 636,2112 642,2117 651,2113 658,2118 671,2119 676,2115 690,2115 696,2119 725,2117 730,2121 752,2122 763,2117 770,2121 804,2122 818,2129 831,2126 883,2130 900,2123 912,2122 921,2130 986,2130 985,2169 861,2164 839,2168 815,2166 802,2169 789,2164 770,2166 766,2163 706,2161 694,2163 644,2162 633,2166 624,2163 620,2167 610,2167 602,2163 567,2162 558,2161"/>
        <Word id="region0014_line0002_word0004" custom="readingOrder {index:0;}">
          <Coords points="666,2119 576,2117 575,2162 641,2163 644,2162 688,2163 689,2119 671,2119 671,2119"/>
          <TextEquiv conf="0.90274674">
            <Unicode>Lipſius</Unicode>
          </TextEquiv>
        </Word>
        <Word id="region0014_line0002_word0005" custom="readingOrder {index:1;}">
          <Coords points="730,2121 714,2121 713,2155 744,2155 744,2121"/>
          <TextEquiv conf="0.9618798">
            <Unicode>in</Unicode>
          </TextEquiv>
        </Word>
        <Word id="region0014_line0002_word0006" custom="readingOrder {index:2;}">
          <Coords points="768,2120 761,2120 760,2161 872,2163 872,2129 831,2126 818,2129 804,2122 770,2121"/>
          <TextEquiv>
            <Unicode>ſeinem</Unicode>
          </TextEquiv>
        </Word>
        <Word id="region0014_line0002_word0007" custom="readingOrder {index:3;}">
          <Coords points="917,2126 894,2126 893,2156 982,2158 982,2130 921,2130"/>
          <TextEquiv conf="0.82750154">
            <Unicode>Com-</Unicode>
          </TextEquiv>
        </Word>
        <TextEquiv>
          <Unicode>Lipſius in ſeinem Com-</Unicode>
        </TextEquiv>
      </TextLine>
      <TextLine id="line_1650613274556_3033" custom="readingOrder {index:7;}">
        <Coords points="558,2162 617,2169 623,2166 648,2164 699,2167 706,2162 766,2164 770,2167 797,2167 805,2174 815,2167 839,2169 861,2165 921,2167 937,2174 985,2175 985,2220 946,2221 909,2214 768,2213 712,2207 691,2209 687,2206 671,2206 665,2203 652,2204 647,2201 558,2205"/>
        <Word id="word_1652255287118_9738" custom="readingOrder {index:0;}">
          <Coords points="576,2168 616,2169 617,2169 699,2170 699,2205 669,2205 665,2203 652,2204 647,2201 600,2204 575,2203"/>
          <TextEquiv conf="0.8952059">
            <Unicode>mentar.</Unicode>
          </TextEquiv>
        </Word>
        <Word id="region0014_line0003_word0005" custom="readingOrder {index:1;}">
          <Coords points="744,2210 745,2164 707,2164 706,2207 712,2207"/>
          <TextEquiv conf="0.75810784">
            <Unicode>in</Unicode>
          </TextEquiv>
        </Word>
        <Word id="region0014_line0003_word0006" custom="readingOrder {index:2;}">
          <Coords points="803,2172 761,2172 760,2207 846,2209 847,2174 806,2173 805,2174"/>
          <TextEquiv conf="0.76968855">
            <Unicode>Tacit.</Unicode>
          </TextEquiv>
        </Word>
        <Word id="region0014_line0003_word0007" custom="readingOrder {index:3;}">
          <Coords points="859,2171 877,2171 876,2207 858,2207"/>
          <TextEquiv conf="0.46058136">
            <Unicode>l.</Unicode>
          </TextEquiv>
        </Word>
        <Word id="word_1652255383384_9756" custom="readingOrder {index:4;}">
          <Coords points="882,2172 910,2175 910,2204 882,2201"/>
          <TextEquiv>
            <Unicode>I.</Unicode>
          </TextEquiv>
        </Word>
        <Word id="word_1652255383384_9755" custom="readingOrder {index:5;}">
          <Coords points="915,2175 978,2185 978,2214 915,2204"/>
          <TextEquiv>
            <Unicode>c.9.</Unicode>
          </TextEquiv>
        </Word>
        <TextEquiv>
          <Unicode>mentar. in Tacit. l. I. c.9.</Unicode>
        </TextEquiv>
      </TextLine>
      <TextLine id="line_1650613275898_3039" custom="readingOrder {index:8;}">
        <Coords points="558,2209 612,2209 620,2204 634,2202 647,2202 652,2205 665,2204 672,2210 715,2209 767,2213 775,2214 778,2218 777,2249 768,2257 668,2257 660,2264 651,2263 645,2256 635,2256 628,2263 618,2263 611,2255 558,2254"/>
        <Word id="region0014_line0004_word0004" custom="readingOrder {index:0;}">
          <Coords points="726,2257 727,2212 590,2209 575,2209 575,2254 611,2255 613,2257 632,2258 635,2256 645,2256 647,2258 665,2258 668,2257"/>
          <TextEquiv conf="0.83529854">
            <Unicode>anfuͤhret.</Unicode>
          </TextEquiv>
        </Word>
        <TextEquiv conf="0.89911664">
          <Unicode>anfuͤhret.</Unicode>
        </TextEquiv>
      </TextLine>
      <TextEquiv>
        <Unicode>* Dieſe Berechnung
des Anfangs ſeiner Re⸗
gierung findet ſich auf mentar. in Tacit. l. I.c.9.
einer Jnſcription, die zu
Narbonne gefunden wor⸗
* Dieſe Berechnung: den, und welche Juſtus
Lipſius in ſeinem Com-
mentar. in Tacit. l. I. c.9.
einer Inſeription, die zu anfuͤhret.</Unicode>
      </TextEquiv>
    </TextRegion>
    <TextRegion id="region_1650612921530_2878" custom="readingOrder {index:5;} structure {type:marginalia;}" type="marginalia">
      <Coords points="1038,501 1243,501 1243,589 1038,589"/>
      <TextLine id="line_1650612925470_2881" custom="readingOrder {index:0;}">
        <Coords points="1045,506 1235,506 1235,542 1045,542"/>
        <Word id="word_1650612931280_2887" custom="readingOrder {index:0;}">
          <Coords points="1048,506 1048,542 1080,542 1080,506"/>
          <TextEquiv>
            <Unicode>n.</Unicode>
          </TextEquiv>
        </Word>
        <Word id="word_1650612933242_2890" custom="readingOrder {index:1;}">
          <Coords points="1085,509 1123,509 1123,539 1085,539"/>
          <TextEquiv>
            <Unicode>R.</Unicode>
          </TextEquiv>
        </Word>
        <Word id="word_1650612934396_2893" custom="readingOrder {index:2;}">
          <Coords points="1158,507 1123,507 1123,542 1158,542"/>
          <TextEquiv>
            <Unicode>E.</Unicode>
          </TextEquiv>
        </Word>
        <Word id="word_1650612935865_2896" custom="readingOrder {index:3;}">
          <Coords points="1226,511 1166,511 1166,542 1226,542"/>
          <TextEquiv>
            <Unicode>765.</Unicode>
          </TextEquiv>
        </Word>
        <TextEquiv>
          <Unicode>n. R. E. 765.</Unicode>
        </TextEquiv>
      </TextLine>
      <TextLine id="line_1650612927316_2884" custom="readingOrder {index:1;}">
        <Coords points="1048,544 1048,589 1243,589 1243,544"/>
        <Word id="word_1650612937472_2899" custom="readingOrder {index:0;}">
          <Coords points="1051,546 1073,546 1073,577 1051,577"/>
          <TextEquiv>
            <Unicode>n.</Unicode>
          </TextEquiv>
        </Word>
        <Word id="word_1650612938962_2902" custom="readingOrder {index:1;}">
          <Coords points="1088,547 1126,547 1126,581 1088,581"/>
          <TextEquiv>
            <Unicode>C.</Unicode>
          </TextEquiv>
        </Word>
        <Word id="word_1650612940968_2905" custom="readingOrder {index:2;}">
          <Coords points="1130,549 1173,549 1173,587 1130,587"/>
          <TextEquiv>
            <Unicode>G.</Unicode>
          </TextEquiv>
        </Word>
        <Word id="word_1650612942516_2908" custom="readingOrder {index:3;}">
          <Coords points="1181,547 1230,547 1230,592 1181,592"/>
          <TextEquiv>
            <Unicode>14.</Unicode>
          </TextEquiv>
        </Word>
        <TextEquiv>
          <Unicode>n. C. G. 14.</Unicode>
        </TextEquiv>
      </TextLine>
      <TextEquiv>
        <Unicode>n. R. E. 765.
n. C. G. 14.</Unicode>
      </TextEquiv>
    </TextRegion>
    <TextRegion id="region0009" custom="readingOrder {index:6;} structure {type:marginalia;}" orientation="-1.2579529" type="marginalia" readingDirection="left-to-right">
      <Coords points="1027,1214 1218,1217 1217,1301 1026,1298"/>
      <TextLine id="region0009_line0001" custom="readingOrder {index:0;}">
        <Coords points="1135,1216 1132,1220 1027,1214 1027,1253 1085,1257 1097,1253 1103,1257 1114,1258 1217,1263 1217,1228 1217,1222 1177,1222 1175,1217"/>
        <Word id="region0009_line0001_word0000" custom="readingOrder {index:0;}">
          <Coords points="1122,1258 1123,1226 1034,1224 1033,1253 1085,1257 1097,1253 1103,1257 1114,1258"/>
          <TextEquiv conf="0.91851425">
            <Unicode>Dauer</Unicode>
          </TextEquiv>
        </Word>
        <Word id="region0009_line0001_word0001" custom="readingOrder {index:1;}">
          <Coords points="1139,1225 1214,1227 1213,1261 1138,1259"/>
          <TextEquiv conf="0.9142902">
            <Unicode>ſeiner</Unicode>
          </TextEquiv>
        </Word>
        <TextEquiv conf="0.9164022">
          <Unicode>Dauer ſeiner</Unicode>
        </TextEquiv>
      </TextLine>
      <TextLine id="region0009_line0002" custom="readingOrder {index:1;}">
        <Coords points="1091,1254 1085,1258 1027,1254 1026,1295 1026,1297 1213,1300 1216,1300 1217,1264 1114,1259"/>
        <Word id="region0009_line0002_word0000" custom="readingOrder {index:0;}">
          <Coords points="1183,1299 1184,1265 1032,1262 1031,1297"/>
          <TextEquiv conf="0.91801804">
            <Unicode>Regierung.</Unicode>
          </TextEquiv>
        </Word>
        <TextEquiv conf="0.91801804">
          <Unicode>Regierung.</Unicode>
        </TextEquiv>
      </TextLine>
      <TextEquiv conf="0.9172101">
        <Unicode>Dauer ſeiner
Regierung.</Unicode>
      </TextEquiv>
    </TextRegion>
  </Page>
</PcGts>
