1900 2833
1373 653 1467 688 Jahre.
1489 653 1556 685 Mon.
1570 649 1645 688 Tage.

683 696 927 745 Manicănĕk
942 704 1078 748 regierte
1078 705 1124 744 ⸗
1277 716 1289 736 ⸗
1393 710 1440 747 41
1520 698 1542 734 2
1614 698 1648 740 8

684 754 893 806 Mahaʒód
918 767 984 804 reg.
1110 772 1123 793 ⸗
1275 774 1288 796 ⸗
1395 771 1442 806 30
1529 763 1551 798 3
1625 769 1654 798 9

682 810 862 860 Hernáth
887 823 955 859 reg.
1108 828 1120 851 ⸗
1271 829 1285 852 ⸗
1390 823 1438 858 28
1512 817 1542 854 5
1590 822 1653 851 25

681 857 861 915 Zivenràz
889 877 956 915 reg.
1109 883 1122 905 ⸗
1274 884 1287 906 ⸗
1389 880 1440 917 45
1512 885 1543 914 2
1597 879 1650 914 25

679 931 825 980 Odeſen
852 943 920 979 reg.
1105 949 1120 970 ⸗
1271 937 1293 976 ⸗
1387 937 1439 983 36
1515 937 1546 976 4
1593 937 1648 979 29

676 996 878 1041 Ananddit
893 1003 962 1042 reg.
1106 1008 1118 1032 ⸗
1271 1013 1283 1034 ⸗
1391 1009 1437 1042 52
1491 997 1542 1024 10
1613 999 1653 1042 8

677 1050 835 1098 Rázpàl
858 1063 928 1098 reg.
1105 1068 1120 1092 ⸗
1269 1070 1286 1094 ⸗
1388 1060 1438 1097 26
1489 1056 1548 1087 —
1596 1064 1653 1085 —

780 1118 918 1164 Dieſem
936 1116 1051 1162 folgte,

679 1167 883 1215 Săkvănt,
910 1171 965 1207 der
981 1172 1042 1206 das
1057 1168 1230 1218 unterhalb
1244 1174 1305 1210 den
1317 1170 1391 1212 Ca⸗

730 1223 924 1276 mauſchen
947 1226 1117 1275 Gebirgen
1140 1230 1288 1275 gelegene
1309 1228 1391 1269 Land

728 1288 935 1337 beherrſchte.
994 1291 1060 1329 Da
1088 1295 1138 1330 die
1165 1289 1388 1338 Unterthanen

724 1347 913 1395 Razpàl's
934 1353 989 1387 der
1011 1350 1204 1399 Regierung
1232 1351 1397 1400 deſſelben

726 1404 922 1447 uͤberdruͤßig
936 1413 1060 1444 waren,
1076 1413 1110 1439 u.
1120 1407 1190 1443 dem
1201 1401 1390 1446 Săkvănt

725 1465 923 1513 anhiengen:
936 1466 967 1513 ſo
984 1472 1093 1508 wurde
1103 1470 1190 1516 jener
1199 1479 1263 1508 von
1273 1471 1387 1516 dieſem

727 1531 772 1566 im
804 1527 934 1575 Treffen
969 1528 1187 1579 uͤberwunden
1223 1534 1306 1567 und
1330 1533 1389 1573 des

726 1591 853 1640 Reichs
868 1594 1000 1641 entſetzt.
1036 1595 1229 1641 Săkvănt
1244 1602 1313 1641 reg.
1389 1603 1436 1639 14
1480 1598 1540 1627 —
1581 1598 1644 1625 —

774 1659 853 1705 Jhn
870 1661 960 1706 warf

674 1695 932 1751 Bikarmazit,
965 1707 1076 1753 Koͤnig
1091 1715 1155 1746 von
1171 1707 1283 1758 Uzen,
1309 1718 1387 1748 vom

724 1774 840 1820 Thron
863 1775 928 1808 und
942 1773 1076 1820 regierte
1265 1780 1337 1810 ⸗
1383 1783 1436 1821 90
1480 1786 1543 1803 —
1577 1783 1642 1815 —

775 1829 873 1879 Nach
890 1831 1000 1878 weſſen
1017 1829 1108 1871 Tode

675 1886 1000 1940 Sămăndărpàl,
1020 1894 1078 1930 mit
1095 1896 1166 1929 dem
1181 1891 1384 1937 Beynamen

725 1946 840 2000 Zógi,
868 1954 917 1988 die
935 1951 1127 2000 Regierung
1146 1950 1242 2002 durch
1259 1953 1316 2002 Liſt
1330 1965 1384 1992 er⸗

725 2011 815 2060 hielt.
869 2013 920 2053 Er
938 2016 1072 2060 regierte
1146 2025 1160 2047 ⸗
1271 2030 1283 2051 ⸗
1386 2021 1436 2058 54
1507 2016 1536 2048 2
1585 2024 1647 2055 20

748 2068 907 2119 Welchen
926 2066 1124 2120 Thatſachen
1141 2070 1219 2112 aber
1234 2068 1374 2120 ziemlich

797 2130 961 2181 bewaͤhrte
983 2129 1306 2183 Geſchichtſchreiber
1328 2136 1418 2170 wi⸗

796 2190 1011 2240 derſprechen.

669 2241 967 2301 Tſchandarpàl
985 2252 1118 2299 regierte
1269 2263 1296 2290 ⸗
1384 2263 1433 2299 30
1507 2263 1536 2290 5
1589 2270 1646 2296 14

667 2307 868 2359 Banſipàl
889 2317 960 2355 reg.
1099 2325 1114 2346 ⸗
1266 2326 1280 2348 ⸗
1381 2315 1429 2356 21
1515 2327 1540 2361 4
1581 2317 1638 2344 11

669 2364 874 2413 Dakèſzpàl
900 2375 970 2412 reg.
1099 2378 1113 2402 ⸗
1264 2362 1287 2401 ⸗
1380 2378 1428 2416 41
1515 2385 1542 2406 1
1587 2375 1640 2411 18

667 2434 917 2490 Nárſingpàl
928 2447 997 2486 reg.
1100 2450 1114 2472 ⸗
1266 2447 1290 2473 ⸗
1384 2447 1432 2484 18
1503 2438 1547 2476 7
1593 2435 1636 2474 11
