2436 3082
1363 568 1504 618 72

768 651 810 697 ſie
832 658 907 699 zum
940 647 1154 695 mercklichen
1177 642 1365 692 Nachtheil
1378 646 1440 686 des
1456 639 1644 690 Naͤchſten,
1660 640 1740 681 oder
1755 636 1839 683 auch
1852 637 1910 677 der
1919 632 2107 684 Untertha⸗

768 710 850 747 nen,
878 702 958 743 und
985 708 1045 748 zur
1059 686 1270 747 Kraͤnckung
1287 697 1358 737 und
1376 690 1641 744 Schmaͤlerung
1661 690 1754 737 ihrer
1769 687 1985 738 Privilegien
1997 685 2109 733 einge⸗

767 757 886 809 fuͤhret
902 760 1064 804 werden,
1080 757 1198 797 indem
1213 754 1361 800 dadurch
1378 754 1447 794 das
1464 750 1635 794 bekannte
1656 743 1888 797 Principium
1915 742 2014 793 Juris
2040 753 2109 779 na-

770 818 885 852 turæ:
911 809 1030 849 Suum
1049 804 1212 858 Cuique,
1232 803 1328 845 einen
1342 801 1553 854 gewaltigen
1564 800 1674 848 Stoß
1674 798 1864 846 bekommt.
1898 792 2032 849 Krafft
2050 797 2108 837 des

771 869 1012 912 angezogenen
1024 860 1269 908 Pauliniſchen
1278 856 1489 905 Spruches,
1504 857 1576 896 und
1591 858 1695 896 wenn
1711 853 1821 900 dabey
1838 847 1952 894 nichts
1963 849 2060 896 mehr
2069 854 2109 895 zu

772 917 956 961 bedencken
970 914 1235 963 vorgekommen
1252 908 1359 957 waͤre,
1378 907 1479 958 haͤtte
1492 917 1577 949 man
1592 908 1646 948 die
1663 906 1713 947 im
1727 905 1871 953 vorigen
1887 901 2028 944 Seculo
2045 903 2113 941 ein⸗

772 970 934 1023 gefuͤhrte
950 968 1147 1016 Ordnung,
1163 964 1274 1006 einem
1291 961 1647 1010 Superintendenten
1659 961 1728 1009 bey
1747 962 1806 1001 der
1814 955 1924 1006 Wahl
1934 964 1973 1005 zu
1985 953 2112 1003 haben,

773 1024 868 1070 wohl
884 1022 1030 1070 paßiren
1045 1020 1149 1067 laſfen
1166 1013 1323 1065 koͤnnen;
1350 1016 1442 1058 Weil
1460 1017 1543 1057 aber
1557 1012 1697 1060 dieſelbe
1705 1014 1782 1053 dem
1792 1006 2113 1058 Patronat ⸗ Recht

771 1079 832 1118 der
855 1074 1000 1126 hieſigen
1023 1071 1262 1119 Ritterſchafft
1283 1070 1450 1118 entgegen
1468 1056 1586 1114 ſtehet,
1602 1067 1674 1106 und
1691 1065 1758 1104 das
1777 1063 1857 1109 erſte
1873 1061 1966 1108 nicht
1982 1060 2113 1102 anders

775 1122 834 1162 als
854 1129 929 1168 zum
948 1117 1082 1167 groͤſten
1097 1106 1287 1163 Nachtheil
1301 1116 1363 1156 des
1381 1114 1536 1161 letzteren
1548 1109 1734 1158 zugelaſſen
1750 1110 1888 1148 werden
1903 1109 1983 1152 kan,
1998 1108 2033 1150 ſo
2045 1111 2116 1142 ver⸗

776 1182 882 1231 ſtehet
908 1181 964 1221 ein
989 1179 1081 1227 jeder
1096 1177 1195 1225 ſchon
1222 1182 1292 1214 von
1309 1174 1422 1220 ſelbſt,
1438 1173 1510 1218 daß
1524 1172 1579 1211 die
1592 1169 1768 1218 gemachte
1781 1166 2032 1214 Verordnung,
2048 1163 2115 1203 den

778 1228 1136 1279 Superintendenten
1151 1236 1211 1276 zur
1218 1225 1325 1273 Wahl
1344 1234 1384 1272 zu
1398 1222 1526 1271 ziehen,
1540 1224 1613 1263 und
1632 1220 1705 1267 ihm
1718 1220 1828 1266 dabey
1844 1219 1912 1259 das
1923 1213 2118 1259 Directori⸗

777 1296 839 1327 um
857 1293 894 1333 zu
918 1280 1130 1331 uͤberlaſſen,
1150 1279 1245 1328 wohl
1262 1275 1460 1328 unmoͤglich
1478 1277 1548 1318 aus
1563 1273 1684 1323 dieſem
1704 1272 1855 1316 Grunde
1879 1269 1959 1320 hatt
1983 1267 2118 1310 koͤnnen

778 1340 981 1389 approbiret
1009 1339 1161 1382 werden,
1178 1333 1358 1383 zumahlen
1374 1333 1458 1379 nach
1474 1332 1552 1374 dem
1568 1325 1852 1378 Weſtphaͤliſchen
1875 1324 2021 1375 Frieden
2047 1322 2118 1374 76)

778 1396 874 1446 Jhro
899 1393 1115 1442 Kaͤyſerliche
1142 1390 1314 1439 Majeſtaͤt
1328 1389 1438 1431 denen
1453 1383 1719 1434 Evangeliſchen
1730 1378 2030 1430 Reichs ⸗ Fuͤrſten
2047 1380 2120 1419 und

781 1430 974 1491 Staͤnden,
989 1442 1057 1483 das
1068 1439 1127 1486 Jus
1135 1434 1388 1478 Diœceſarum
1402 1434 1443 1476 &
1457 1441 1562 1472 totam
1585 1429 1884 1480 Jurisdictionem
1893 1424 2120 1468 Eccleſiaſti-

779 1510 867 1541 cam
888 1508 975 1537 cum
991 1487 1166 1536 omnibus
1183 1491 1249 1534 ſuis
1264 1489 1465 1546 ſpeciebus,
1486 1489 1581 1536 nicht
1593 1491 1725 1533 anders
1743 1489 1801 1530 als
1817 1491 1923 1528 unter
1942 1487 2047 1534 dieſer
2060 1479 2123 1521 Li-

779 1558 957 1606 mitation
973 1558 1144 1609 gegeben:
1160 1550 1287 1596 Salvis
1295 1547 1422 1595 tamen
1442 1550 1584 1605 ſemper
1603 1543 1775 1605 Statuum,
1795 1547 1860 1600 qui
1870 1541 2127 1599 Proteſtantes

779 1627 1066 1672 nuncupantur,
1091 1617 1188 1656 inter
1212 1613 1247 1655 ſe
1264 1615 1299 1656 &
1315 1626 1403 1655 cum
1423 1607 1592 1654 Subditis
1606 1609 1673 1651 ſuis
1688 1605 1884 1648 conventis
1900 1602 2032 1658 pactis,
2048 1600 2124 1655 pri-

785 1674 946 1727 vilegiis,
954 1670 1209 1721 reverſalibus,
1225 1670 1261 1710 &
1276 1663 1573 1721 diſpoſitionibus
1592 1665 1689 1709 aliis,
1709 1663 1842 1713 quibus
1859 1662 1908 1700 de
1930 1663 2126 1711 Religione

787 1734 938 1779 ejusque
950 1718 1137 1771 exercitio,
1173 1725 1191 1761 &
1203 1724 1293 1762 inde
1304 1720 1621 1772 dependentibus,
1633 1724 1810 1765 cujusque
1825 1720 1900 1753 loci
1916 1722 2074 1752 Statibus
2087 1717 2128 1749 &

787 1787 954 1846 Subditis
963 1777 1157 1836 hucusque
1172 1780 1358 1834 proviſura
1379 1775 1452 1836 eſt,
1480 1772 1561 1832 ſalva
1583 1776 1715 1818 itidem
1732 1777 1912 1826 cujusque
1933 1774 2124 1812 conſcien-

788 1852 846 1893 tiæ
864 1846 1046 1892 libertate.
1097 1847 1177 1888 Und
1195 1843 1345 1892 obgleich
1361 1841 1474 1883 einem
1490 1842 1562 1880 und
1578 1840 1645 1880 den
1660 1838 1835 1885 anderen,
1850 1834 1959 1882 dieſes
1974 1833 2029 1876 ein
2047 1833 2130 1875 Ein⸗

789 1905 874 1957 griff
886 1906 923 1946 in
938 1904 992 1946 die
1004 1903 1093 1953 Jura
1104 1900 1329 1942 Patronatus
1346 1906 1385 1947 zu
1402 1896 1481 1946 ſeyn
1497 1895 1591 1943 nicht
1603 1892 1767 1943 ſcheinet,
1782 1897 1889 1934 wenn
1906 1893 1967 1933 der
1988 1889 2131 1938 Super⸗

789 1953 981 2003 intendens
1020 1956 1083 2003 bey
1108 1957 1166 1997 der
1177 1951 1283 2001 Wahl
1309 1944 1550 2000 gegenwaͤrtig
1570 1950 1642 1990 und
1659 1948 1727 1990 das
1752 1945 2001 1992 Directorium
2018 1945 2131 1989 dabey

790 2010 924 2061 fuͤhret,
952 2007 1032 2049 weil
1059 2005 1162 2053 dieſer
1184 2004 1265 2045 oder
1287 1991 1383 2050 jener
1398 1998 1613 2048 Patronus,
1632 1998 1717 2043 auch
1734 1994 1861 2038 mitten
1871 1994 1983 2036 unter
2005 1997 2130 2038 dieſem

793 2071 921 2115 Streit
944 2070 1023 2110 dem
1047 2062 1406 2114 Superintendenten
1422 2058 1607 2110 freywillig
1623 2067 1682 2108 zur
1694 2055 1803 2106 Wahl
1816 2060 1975 2105 gezogen,
2001 2052 2034 2100 ſo
2055 2048 2135 2100 praͤ⸗

794 2122 956 2172 judiciret
971 2119 1097 2168 ſolches
1117 2119 1200 2166 doch
1217 2119 1277 2161 der
1286 2113 1472 2165 Wahrheit
1487 2113 1617 2160 nichts,
1625 2109 1793 2160 vielmehr
1799 2109 1908 2152 bleibt
1917 2111 1957 2150 es
1984 2105 2060 2155 wohl
2076 2105 2134 2153 bey

794 2182 873 2222 dem
888 2172 1153 2224 Ausſpruchdes
1168 2168 1400 2211 Antisthenis
1415 2169 1479 2215 bey
1495 2168 1572 2210 dem
1580 2165 1778 2208 Plutarcho
1801 2163 1866 2212 77)
1875 2166 1981 2205 wenn
1991 2162 2030 2203 es
2040 2158 2135 2209 heiſt:

901 2224 975 2271 Αʹισ
996 2216 1080 2287 χϱον
1112 2218 1190 2276 τογ
1212 2214 1290 2282 αισ
1303 2213 1396 2278 χρον
1426 2212 1494 2261 ϰαν
1535 2214 1618 2272 δοϰη
1646 2216 1707 2259 ϰαι
1738 2211 1784 2271 μη
1810 2211 1893 2268 δοϰη

1008 2281 1150 2326 Turpe
1163 2277 1215 2322 eſt
1232 2288 1354 2326 turpe,
1375 2274 1448 2319 ſive
1461 2276 1535 2320 tale
1549 2264 1738 2326 videatur,
1760 2271 1835 2313 ſive
1849 2261 1986 2312 minus.

2037 2330 2137 2372 Oder

795 2434 860 2482 76)
888 2432 997 2472 Artic.
1016 2431 1091 2471 VIl.
1111 2420 1142 2474 §.
1175 2420 1214 2472 1.
1218 2422 1396 2466 Unanimi
1419 2429 1573 2473 quoque
1589 2418 1660 2459 &c.

796 2482 864 2533 77)
891 2484 951 2520 De
992 2475 1178 2521 Audiend.
1216 2477 1320 2517 Poët.
1344 2488 1380 2517 v.
1405 2464 1706 2519 SAGITTARlI
1735 2466 1881 2512 Diſſert.
1903 2460 2138 2511 Selectiores.

912 2544 1063 2592 Diſſert.
1109 2537 1151 2592 V.
1147 2539 1315 2591 Membr.
1329 2542 1359 2582 I.
1402 2532 1444 2593 §.
1447 2538 1578 2592 XXIX.
1604 2546 1643 2593 p.
1662 2542 1715 2573 m.
1730 2537 1821 2580 144.
