1740 2625
456 521 981 593 Einleitung

666 622 715 674 in
715 622 770 674 die

208 694 1228 771 Altertuͤmerkunde

678 797 765 839 von

316 856 605 921 Germaniens
605 856 814 921 Staaten
814 856 918 921 und
918 856 1114 921 Voͤlkern

587 947 838 992 insbeſondere.

656 1123 690 1167 §.
748 1134 783 1163 1.

516 1196 930 1236 Eingang.

212 1242 318 1358 N

317 1263 375 1358 ach
402 1280 461 1320 den
481 1284 701 1328 Nachrichten
730 1286 798 1317 von
814 1276 1021 1319 Germanien
1039 1278 1223 1325 uͤberhaupt

346 1347 445 1397 gehen
464 1349 526 1387 wir
541 1359 596 1399 zur
614 1348 899 1399 Beſchreibung
918 1357 997 1389 von
1010 1347 1127 1395 deſſen
1149 1350 1265 1388 ein⸗

211 1404 336 1450 zelnen
357 1403 538 1445 Staaten
558 1408 638 1445 und
655 1403 830 1447 Voͤlkern
851 1404 951 1445 uͤber,
979 1407 1044 1439 und
1065 1401 1224 1451 beginnen

212 1456 314 1496 dieſen
342 1453 440 1500 Theil
468 1453 529 1492 mit
554 1455 626 1492 dem
648 1450 849 1499 nehmlichen
872 1452 1126 1499 Schriftſteller,
1163 1453 1225 1490 mit

212 1502 327 1554 deſſen
360 1507 485 1546 Worten
520 1506 581 1544 wir
611 1510 671 1543 den
701 1506 797 1553 erſten
826 1504 924 1553 Theil
953 1508 1005 1550 (a)
1038 1506 1224 1551 geſchloſſen

213 1552 334 1599 haben.
388 1550 502 1598 „Jetzt
530 1551 582 1599 (b)
614 1552 684 1589 will
708 1551 755 1593 ich
785 1559 851 1587 von
875 1556 935 1589 den
956 1539 1224 1596 Gewohnheiten

215 1612 310 1650 „und
328 1606 544 1651 Gebraͤuchen
562 1607 716 1654 einzelner
725 1605 872 1647 Voͤlker,
898 1625 949 1633 —
976 1607 1010 1642 in
1024 1606 1085 1642 wie
1086 1601 1169 1645 weit
1173 1607 1223 1651 ſie

202 1662 310 1697 „von
333 1653 485 1691 einander
510 1653 688 1702 abſtechen,
716 1654 781 1690 und
804 1672 854 1681 —
878 1661 951 1692 was
975 1654 1028 1700 fuͤr
1047 1653 1224 1698 Nazionen

216 1713 307 1750 „aus
339 1706 545 1748 Germanien
575 1709 610 1747 in
641 1707 780 1747 Gallien
810 1706 1048 1753 eingewandert
1070 1705 1148 1752 ſind,
1172 1719 1223 1737 —

214 1765 476 1814 „abhandeln.“

246 1842 301 1878 (a)
319 1851 341 1870 1.
352 1839 404 1878 Th.
423 1841 448 1877 §.
462 1847 520 1874 130.

249 1883 302 1914 (b)
320 1879 453 1914 TACIT.
471 1880 504 1907 de
513 1872 557 1913 ſit.
570 1885 640 1906 mor.
656 1878 682 1905 et
692 1882 762 1912 pop.
783 1878 873 1909 Germ.
893 1875 919 1911 §.
929 1883 973 1912 27.

655 1979 692 2030 §.
744 1983 786 2019 2.

238 2026 578 2073 Einwanderung
599 2023 664 2065 der
687 2029 856 2066 Gallier
880 2032 919 2066 in
940 2028 1202 2066 Germanien.

318 2095 458 2141 Gallien
491 2111 563 2139 war
600 2104 633 2138 in
658 2104 719 2138 den
753 2098 900 2146 Urzeiten
943 2102 994 2138 ein
1021 2099 1090 2145 ſehr
1123 2100 1226 2141 volk⸗

217 2151 356 2197 reiches
383 2157 430 2197 (c)
453 2154 562 2193 Land:
595 2155 693 2201 daher
718 2157 783 2191 aus
802 2153 960 2201 Abgange
986 2157 1042 2190 des
1067 2152 1226 2191 Raumes

216 2211 255 2257 zu
276 2202 436 2251 wohnen,
475 2210 548 2244 oder
566 2206 625 2252 ſich
641 2209 679 2256 zu
699 2204 878 2253 ernaͤhren,
905 2204 1074 2255 zahlreiche
1088 2203 1225 2250 Horden

245 2266 358 2317 Altert.
358 2266 396 2317 v.
396 2266 500 2317 Germ.
500 2266 549 2317 II.
549 2266 606 2317 Th.

832 2262 874 2298 A
