2345 3118
579 817 615 852 es
627 803 855 858 ohnermuͤdet
867 807 902 849 in
912 804 980 854 ſein
992 803 1156 844 Intereſſe.
1210 798 1380 853 Daſſelbe
1393 798 1481 849 weiß
1496 797 1558 850 ſich
1578 795 1771 847 meiſterlich
1781 794 1817 838 in
1826 796 1880 839 die
1891 790 1972 842 Zeit

579 875 615 915 zu
627 864 784 914 ſchicken,
800 864 900 910 durch
917 861 1098 908 plauſiblen
1115 854 1313 904 Vortrag/
1328 859 1393 898 des
1414 853 1626 902 maͤnnlichen
1647 849 1868 901 Geſchlechts
1888 840 1970 909 Ge⸗

577 910 754 965 muͤther
725 912 763 967 zu
772 914 966 961 gewinnen,
986 911 1056 952 und
1080 919 1135 953 wo
1151 913 1232 952 aller
1243 905 1346 955 Rath
1357 898 1526 957 zerrinnen
1545 902 1637 950 will,
1647 897 1838 952 moͤglichſte
1846 890 1969 951 Kraͤff⸗

576 970 633 1007 ten
650 960 892 1013 anzuſpannen,
906 953 992 1009 damit
1020 964 1058 1001 es
1068 957 1131 1006 bey
1140 959 1196 999 der
1206 955 1292 1002 ihme
1299 948 1540 1004 gebuͤhrenden
1540 948 1745 1000 Reputation
1758 949 1821 997 ſich
1833 951 1965 986 manui-

578 1019 702 1058 teniren
712 1009 834 1063 moͤge,
860 1012 949 1059 ſollte
977 1013 1013 1051 es
1022 1006 1148 1059 gleich,
1171 1017 1216 1050 um
1229 1006 1290 1055 deß
1299 1006 1429 1054 willen,
1443 1004 1479 1046 in
1497 996 1671 1053 aͤußerſten
1707 993 1867 1055 Nothfall,
1886 998 1967 1048 ſeine

580 1064 824 1118 Unter⸗Ruͤcke
840 1078 911 1120 zum
930 1064 1142 1119 oͤffentlichen
1157 1065 1274 1116 Kauff
1280 1062 1348 1115 feyl
1360 1072 1398 1113 zu
1415 1055 1551 1106 bieten/
1567 1060 1627 1113 ſich
1649 1055 1864 1109 entſchließen
1891 1053 1971 1100 muͤ⸗

579 1126 657 1172 ſten.

1181 1163 1397 1205 Antenor.

702 1221 796 1269 Wie
814 1219 878 1265 kan
888 1228 973 1262 man
990 1216 1051 1268 ſich
1061 1214 1142 1259 aber
1151 1214 1305 1258 alsdann
1320 1211 1411 1256 einer
1426 1202 1680 1263 rechtmaͤßigen
1692 1207 1865 1248 Vocation
1880 1205 1965 1254 ruͤh⸗

581 1280 689 1324 men?

1109 1324 1437 1372 Androphilus.

699 1380 869 1426 Warum
886 1377 1011 1426 nicht?
1040 1374 1155 1422 Denn
1175 1375 1235 1421 hat
1259 1381 1344 1413 man
1359 1378 1398 1412 es
1416 1372 1449 1415 ſo
1469 1372 1554 1412 weit
1578 1372 1769 1416 gebracht/
1790 1372 1860 1418 daß
1878 1372 1974 1407 man

582 1424 750 1470 Glauben
761 1425 898 1473 findet/
903 1423 971 1459 und
987 1403 1050 1465 ſich
1064 1419 1212 1463 dadurch
1224 1419 1255 1453 in
1272 1416 1525 1461 Hochachtung
1543 1409 1688 1459 geſetzet,
1714 1414 1747 1457 ſo
1770 1413 1842 1457 ſehe
1855 1409 1965 1454 nicht,

580 1486 645 1527 wie
663 1482 751 1524 einer
764 1471 944 1531 freywillig
962 1478 1213 1528 angetragenen
1224 1476 1420 1520 Vocation,
1447 1469 1497 1520 die
1504 1460 1807 1522 Rechtmaͤßigkeit
1822 1472 1967 1515 mange⸗

581 1548 634 1577 len
645 1542 760 1577 ſollte?

1163 1577 1383 1620 Antenor.

705 1639 794 1686 Gar
805 1637 889 1680 viel,
895 1635 930 1687 ja
941 1633 1004 1685 faſt
1016 1634 1120 1683 alles,
1139 1635 1217 1674 was
1230 1640 1302 1679 zum
1311 1628 1493 1678 goͤttlichen
1504 1623 1604 1679 Ruff
1606 1625 1767 1676 gehoͤret/
1781 1622 1890 1676 fehlet
1906 1620 1972 1671 ſol⸗

583 1691 671 1740 cher.
724 1688 802 1741 Jch
813 1687 912 1737 will/
921 1685 998 1734 weil
998 1685 1056 1734 ich
1070 1694 1146 1730 eure
1163 1681 1403 1732 Unwiſſenheit
1430 1679 1520 1729 ſehe,
1539 1668 1687 1730 daſſelbe
1706 1676 1892 1725 ordentlich
1912 1672 1976 1716 ab⸗

580 1745 759 1797 handelen.
810 1741 929 1791 Lehrer
940 1741 1011 1782 und
1025 1738 1191 1787 Prediger
1201 1738 1336 1781 werden
1347 1744 1414 1778 von
1425 1733 1546 1782 GOtt
1554 1733 1644 1781 ſelbſt
1654 1731 1814 1780 beruffen.
1832 1724 1973 1776 Gleich⸗

581 1792 646 1834 wie
659 1799 729 1834 nun
745 1788 869 1836 ſolches
880 1788 1015 1835 ehedem
1024 1795 1095 1828 von
1109 1777 1224 1829 GOtt
1234 1780 1391 1833 geſchahe
1406 1776 1725 1829 außerordentlich,
1741 1780 1786 1819 da
1805 1776 1837 1825 er
1841 1774 1969 1818 entwe⸗

582 1848 639 1886 der
659 1839 882 1884 unmittelbar
907 1837 1088 1886 handelte,
1109 1836 1179 1884 daß
1199 1845 1233 1875 er
1242 1834 1315 1886 ſich
1335 1833 1443 1879 dabey
1458 1832 1641 1873 niemands
1656 1827 1834 1874 bediente,
1849 1825 1916 1869 wie
1935 1834 1971 1868 er

583 1890 731 1942 Moſen,
748 1888 858 1927 Exod.
878 1903 906 1933 3.
918 1886 1057 1933 Eliam,
1077 1897 1104 1922 1.
1117 1884 1200 1932 Reg.
1224 1889 1279 1925 18.
1303 1883 1361 1921 und
1368 1876 1567 1928 Jeremiam
1586 1873 1688 1928 Jerm.
1704 1868 1739 1911 1.
1752 1877 1899 1919 anderer
1912 1879 1970 1922 zu⸗

583 1941 833 1994 geſchweigen,
845 1939 930 1989 auch
944 1938 1103 1988 Chriſtus
1115 1936 1199 1984 ſeine
1216 1933 1368 1987 Apoſtel,
1385 1929 1513 1979 berief;
1510 1930 1597 1979 oder
1608 1926 1803 1979 mittelbar,
1818 1934 1919 1970 wenn
1936 1935 1974 1970 er

582 1996 692 2044 dabey
702 1992 838 2043 jemand
847 2002 920 2041 zum
937 1983 1188 2041 Unterhaͤndler
1205 1986 1388 2036 brauchte,
1398 1982 1463 2029 wie
1473 1980 1530 2028 die
1544 1982 1717 2023 Vocation
1733 1976 1852 2026 Arons
1867 1978 1973 2029 durch

584 2048 718 2099 Moſen
748 2046 857 2084 Exod.
870 2055 907 2092 4.
918 2047 986 2087 und
998 2043 1060 2084 des
1076 2034 1180 2087 Eliſaͤ
1179 2039 1282 2091 durch
1297 2027 1443 2088 Eliam,
1459 2048 1494 2081 1.
1499 2035 1587 2083 Reg.
1612 2044 1665 2082 19.
1677 2030 1863 2084 geſchahe:
1887 2029 1974 2081 Alſo

538 2075 762 2141 geſchiehet
772 2087 825 2131 die
833 2086 1035 2134 ordentliche
1043 2081 1248 2135 Beruffung
1258 2078 1339 2126 heut
1347 2091 1384 2129 zu
1393 2077 1490 2128 Tag,
1500 2076 1699 2129 vermittelſt
1707 2077 1850 2119 anderer
1859 2075 1972 2120 Men⸗

583 2144 695 2193 ſchen;
707 2141 741 2182 in
759 2141 838 2180 dem
847 2141 899 2180 die
907 2136 1032 2184 Kirche
1050 2136 1143 2176 einen
1156 2143 1231 2183 zum
1238 2132 1355 2180 Lehrer
1368 2135 1438 2174 und
1446 2119 1617 2180 Prediger
1636 2126 1788 2180 berufft,
1803 2126 1904 2171 doch
1918 2119 1973 2173 ſo,

582 2207 660 2252 daß
671 2203 796 2247 GOtt
813 2200 935 2248 dabey
950 2198 1195 2241 concurrirert,
1226 2193 1344 2239 mithin
1366 2194 1425 2235 der
1443 2190 1541 2240 Ruff
1555 2199 1602 2232 an
1621 2189 1683 2238 ſich
1700 2183 1825 2238 ſelbſt/
1837 2185 1894 2229 als
1916 2184 1971 2227 ein

566 2247 783 2305 goͤttlicher
799 2246 907 2300 Ruff
911 2248 1103 2296 anzuſehen.
1153 2247 1247 2293 Wir
1258 2247 1352 2294 ſehen
1368 2242 1474 2285 dieſes
1489 2247 1554 2283 aus
1569 2241 1679 2281 Aƈtor
1693 2252 1756 2280 20.
1767 2251 1801 2275 v.
1819 2243 1881 2281 28.
1913 2238 1973 2279 all⸗

582 2315 639 2347 wo
651 2307 709 2346 der
719 2301 858 2351 Apoſtel
869 2301 1012 2352 Paulus
1022 2298 1114 2346 ſaget
1123 2305 1191 2339 von
1201 2299 1304 2338 denen
1313 2288 1558 2342 Biſchoͤffen
1538 2283 1579 2338 zu
1575 2286 1722 2339 Epheſo.
1772 2289 1856 2331 Der
1865 2285 1972 2335 Heil.

583 2356 693 2402 Geiſt
707 2354 803 2398 habe
821 2350 864 2398 ſie
886 2347 1060 2399 geſetzet/
1091 2343 1125 2392 da
1120 2357 1199 2389 man
1219 2344 1399 2394 jedennoch
1415 2342 1651 2387 exantiquitate
1662 2337 1886 2383 eccleſiaſtica,
1897 2338 1970 2381 und

582 2403 775 2451 Alterthum
794 2406 852 2445 der
865 2400 1034 2450 Kirchen,
1053 2397 1119 2446 ſatt
1133 2407 1190 2438 am
1199 2394 1302 2446 weiß,
1315 2396 1380 2439 das
1398 2393 1479 2446 dieſe
1487 2386 1663 2445 Biſchoͤffe
1671 2385 1893 2434 unmittelbar
1902 2393 1971 2433 von

584 2456 777 2493 Menſchen
788 2464 905 2493 waren
921 2453 1060 2493 beſtellet
1073 2452 1227 2493 worden.

1147 2492 1476 2550 Androphilus.

708 2557 785 2608 Auf
791 2564 869 2603 was
878 2558 950 2602 Art
958 2557 1026 2600 und
1040 2553 1171 2606 Weiſe
1188 2554 1249 2604 hat
1259 2553 1349 2596 denn
1365 2550 1482 2596 GOtt
1495 2547 1549 2593 die
1558 2545 1671 2597 Hand
1679 2541 1788 2595 dabey
1788 2541 1828 2595 in
1839 2543 1976 2597 Spiel?

588 2613 681 2656 Wie
703 2612 913 2652 concurriret
935 2608 997 2653 er?

1197 2656 1437 2702 Antenor.

706 2714 832 2767 Theils
842 2713 908 2765 daß
922 2722 955 2758 er
968 2712 1032 2758 des
1044 2705 1249 2762 Beruffers
1257 2702 1376 2759 Hertz,
1382 2703 1414 2755 es
1423 2703 1475 2756 ſey
1484 2710 1555 2748 nun
1563 2701 1633 2747 eine
1640 2701 1754 2753 gantze
1762 2695 1973 2751 Gemeinde,
