1719 2654
533 447 684 493 Original
709 455 763 490 mit
786 455 865 492 allen
888 453 1049 504 Beylagen
1072 459 1132 493 und
1157 458 1230 503 dazu
1246 453 1411 503 gehoͤrigen
1425 462 1487 499 Un⸗

533 511 929 560 ter ⸗ Finanzrechnungen
953 524 1004 561 zur
1028 519 1152 561 eigenen
1177 519 1304 565 Einſicht
1325 525 1384 558 und
1405 523 1488 569 Pruͤ⸗

531 570 608 615 fung
634 574 787 618 vorgelegt
809 579 950 624 werden,
976 582 1037 615 und
1060 587 1129 616 man
1150 580 1241 628 ihnen
1263 583 1344 628 hiezu
1367 584 1415 620 die
1439 592 1485 620 er⸗

528 629 705 676 forderliche
742 634 811 677 Zeit
837 640 896 671 und
928 635 1033 679 Muſſe
1059 642 1192 690 geſtatte.
1238 641 1331 685 Dieſe
1360 645 1485 681 Grund⸗

527 699 599 746 ſaͤtze
624 704 726 746 finden
746 706 778 739 in
800 707 879 744 allen
900 703 1148 758 Reichsſtädten,
1171 709 1210 753 ſie
1230 706 1336 753 moͤgen
1356 712 1408 756 ſich
1429 716 1483 750 der

530 752 745 802 Ariſtokratie
775 761 847 795 oder
875 757 1092 799 Demokratie
1128 763 1266 814 naͤhern,
1305 769 1382 807 ſtatt.
1429 770 1482 819 Ja

528 808 569 863 ſie
599 820 659 864 ſind
693 822 725 857 in
758 821 846 867 jenen
874 824 943 867 noch
972 828 1043 863 weit
1070 818 1320 871 nothwendiger,
1363 832 1413 866 als
1446 837 1480 866 in

527 884 635 929 dieſen.
689 881 773 923 Dort
807 886 878 931 muß
909 888 991 933 ſchon
1017 891 1064 925 die
1096 880 1188 934 große
1222 891 1389 935 Trennung
1426 899 1481 932 der

527 947 655 990 Staͤnde
680 960 715 996 zu
741 951 823 988 einer
845 942 919 990 weit
945 952 1079 999 groͤßern
1103 950 1330 1005 Beſorglichkeit
1356 954 1481 999 Veran⸗

527 1003 642 1051 laſſung
667 1009 782 1051 geben,
810 1012 860 1051 als
884 1013 967 1063 hier,
991 1020 1040 1050 wo
1067 1015 1150 1060 jeder
1173 1014 1300 1059 Buͤrger
1323 1027 1387 1062 zum
1414 1025 1477 1060 Re⸗

527 1055 646 1109 giment
672 1055 814 1112 Hofnung
838 1061 911 1115 hat,
939 1067 999 1109 und
1021 1060 1088 1117 alſo
1093 1063 1309 1120 wenigſtens
1320 1070 1357 1122 zu
1383 1078 1479 1122 ſeiner

525 1128 596 1175 Zeit
619 1137 678 1168 von
701 1120 773 1171 dem
790 1132 1019 1186 Finanzzuſtand
1045 1137 1145 1174 etwas
1167 1129 1311 1185 erfahren
1334 1140 1410 1181 kann
1433 1144 1477 1191 e).

932 1241 963 1294 §.
999 1254 1061 1285 10.

820 1324 1182 1383 Fortſetzung.

525 1385 686 1442 Analogie
722 1391 777 1432 der
809 1380 1132 1446 Reichsſtaͤdtiſchen
1141 1379 1472 1452 Regimentsverfaſ⸗

756 1462 877 1513 ſungen
908 1465 943 1505 in
968 1455 1085 1515 dieſem
1112 1462 1249 1514 Stuͤck.

618 1555 688 1591 Mit
720 1554 815 1599 dieſen
848 1553 1049 1602 Grundſaͤtzen
1081 1558 1188 1602 ſtimmt
1214 1562 1263 1603 die
1286 1559 1472 1607 Verfaſſung

523 1606 670 1656 einzelner
701 1610 906 1657 Reichsſtaͤdte
929 1613 1129 1660 vollkommen
1150 1611 1296 1662 uͤberein,
1332 1622 1393 1658 und
1426 1623 1474 1658 die

521 1672 648 1720 Buͤrger
673 1680 744 1714 oder
769 1679 837 1722 ihre
855 1676 1130 1728 Repraͤſentanten
1145 1679 1259 1730 koͤnnen
1279 1681 1401 1729 uͤberall
1425 1689 1472 1732 die

520 1733 726 1784 Vorlegung
759 1739 810 1776 der
835 1729 1158 1788 Stadtrechnungen
1183 1749 1235 1784 zur
1262 1744 1367 1787 eignen
1395 1746 1469 1787 Ein⸗

519 1794 585 1838 ſicht
607 1800 666 1832 und
689 1795 831 1848 Pruͤfung
856 1799 1030 1844 verlangen.
1061 1800 1127 1845 Jch
1150 1802 1247 1846 mache
1269 1794 1376 1850 hievon
1403 1811 1469 1844 eine

517 1852 640 1899 Probe,
671 1857 699 1898 ſo
724 1857 797 1893 weit
821 1858 871 1909 die
898 1862 955 1905 mir
979 1859 1144 1896 bekannten
1170 1865 1343 1909 gedruckten
1367 1871 1466 1908 Nach⸗

515 1919 628 1962 richten
654 1919 778 1967 reichen.

1408 2002 1473 2045 Zu⸗

550 2033 581 2068 e)
599 2030 622 2067 ſ.
638 2031 774 2071 Puͤtters
789 2033 968 2075 hiſtoriſche
983 2037 1221 2079 Entwickelung
1237 2044 1294 2075 der
1311 2043 1461 2082 heutigen

594 2098 905 2140 Staatsverfaſſung
921 2102 977 2134 des
995 2102 1160 2141 Deutſchen
1176 2104 1310 2143 Reichs,
1331 2107 1411 2146 Theil
1424 2109 1458 2137 II.

587 2155 627 2188 S.
638 2161 699 2190 209.
