1486 2081
538 326 617 366 Jene
641 326 788 365 empoͤrten
813 327 859 364 ſich
883 327 969 358 wider
986 325 1036 362 ſie,
1063 327 1119 357 und
1137 326 1251 356 wurden
1266 330 1312 361 ge⸗

540 375 685 411 ſchlagen;
728 373 796 407 dieſe
813 375 981 404 ermordeten
1005 371 1085 411 ihren
1110 373 1262 406 Sekretair
1280 373 1312 404 in

538 428 616 465 ihrer
638 425 829 464 Gegenwart,
859 426 950 463 ſetzten
966 427 998 463 ſie
1017 425 1091 463 ſelbſt
1107 429 1134 456 in
1153 424 1241 464 ihrem
1256 424 1311 461 eig⸗

540 486 596 510 nen
620 476 736 515 Palaſte
759 476 904 513 gefangen.
976 475 1035 508 Die
1057 474 1244 515 Vorkehrung
1261 479 1308 505 der

540 527 688 565 Koͤniginn
713 531 768 557 und
791 530 833 559 die
858 526 948 559 Treue
974 525 1048 564 ihrer
1064 521 1139 569 Pairs
1163 520 1311 567 uͤberwaͤl⸗

539 580 630 616 tigten
659 580 709 610 alle
735 577 794 618 ihre
819 577 981 617 Gegner.
976 591 1023 603 —
1075 579 1137 610 Und
1158 578 1190 613 ſie
1207 577 1259 613 ließ
1276 578 1311 614 ſie

541 630 617 661 nicht
642 636 697 660 nur
718 630 772 657 aus
798 628 873 668 ihrer
896 625 1091 666 Verbannung
1107 627 1208 658 wieder
1224 625 1312 663 heim⸗

540 681 658 720 kehren,
694 680 808 716 ſondern
831 680 973 712 bekleidete
998 678 1032 718 ſie
1058 678 1135 717 ſogar
1160 680 1212 710 mit
1229 678 1310 719 ihren

542 734 658 769 vorigen
683 731 836 770 Hofſtellen
860 732 972 763 wieder.
1037 729 1171 767 Dadurch
1194 731 1310 761 wurden

543 784 587 815 die
603 783 807 816 Undankbaren
828 785 857 814 in
874 782 977 815 Stand
995 780 1102 820 geſetzt,
1131 780 1189 822 ihre
1206 781 1311 818 Empoͤ⸗

542 840 651 870 rungen
677 833 732 862 mit
749 834 877 869 gleichem
895 832 1070 869 Nachdrucke
1086 834 1143 862 und
1165 828 1312 872 geſtaͤhlter

542 884 712 924 Erfahrung
737 890 770 920 zu
789 881 986 922 wiederholen.
1039 883 1164 919 Gewiß,
1181 882 1313 914 Marie

542 929 673 972 handelte
698 929 757 968 hier
776 929 833 971 ſehr
850 929 977 969 thoͤricht.
1030 928 1102 961 Aber
1118 917 1151 968 ſie
1168 927 1229 970 that
1246 927 1312 963 noch

543 987 624 1026 mehr
647 987 691 1017 als
715 987 777 1017 das.
839 986 904 1019 Sie
927 985 979 1022 ließ
1003 984 1048 1022 ſich
1073 986 1116 1015 ein
1141 983 1312 1024 Ehrenwort

544 1046 601 1070 von
624 1038 814 1071 Rebellen
839 1036 942 1076 geben;
976 1043 1031 1067 von
1055 1035 1213 1072 Rebellen,
1253 1035 1310 1075 die,

545 1095 595 1119 um
620 1091 650 1118 es
673 1094 705 1124 zu
724 1087 803 1124 ſeyn,
839 1089 889 1119 das
907 1087 1009 1128 hoͤchſte
1026 1085 1212 1124 Ehrenwort,
1238 1086 1309 1116 was

544 1143 592 1174 ein
601 1139 717 1178 Menſch
734 1139 819 1177 geben
836 1140 925 1175 kann,
949 1138 1028 1178 ihren
1046 1137 1315 1176 Huldigungs⸗

545 1190 636 1224 Eid,
663 1187 763 1224 vorher
778 1186 942 1227 gebrochen;
970 1188 1045 1220 und,
1072 1194 1118 1217 um
1135 1187 1235 1218 wieder
1251 1184 1309 1218 Re⸗

543 1241 634 1273 bellen
659 1247 690 1277 zu
706 1242 833 1275 werden,
869 1240 927 1277 jede
944 1236 1246 1276 Nebenverpflichtung
1263 1239 1309 1268 der

545 1278 740 1321 Dankbarkeit
763 1290 819 1318 und
842 1285 917 1327 Ehre
941 1286 1047 1323 verletzt
1069 1285 1159 1325 haben
1182 1285 1307 1320 mußten.

545 1343 612 1381 Ja,
646 1343 679 1378 ſie
702 1344 804 1379 verließ
828 1344 874 1380 ſich
900 1342 925 1379 ſo
942 1341 1181 1379 uneingeſchraͤnkt
1197 1340 1249 1376 auf
1263 1341 1308 1378 ſie,

547 1395 603 1429 daß
627 1393 659 1427 ſie
682 1392 741 1432 ihre
762 1393 855 1428 eigene
878 1390 989 1429 Perſon
1006 1390 1107 1428 ſolchen
1122 1388 1244 1429 Haͤnden
1261 1395 1311 1419 an⸗

545 1447 714 1474 vertrauete.
766 1441 818 1473 Da
838 1443 903 1477 fand
920 1442 953 1479 ſie
972 1441 1040 1476 dieſe
1057 1439 1237 1481 frevelhaften
1249 1446 1309 1471 nun

547 1495 647 1529 gerade
662 1493 706 1523 als
723 1492 803 1526 ſolche
820 1492 1013 1527 undankbare,
1038 1493 1134 1521 unedle
1151 1492 1206 1520 und
1222 1490 1309 1520 mein⸗

548 1545 638 1580 eidige
654 1543 817 1579 Schurken,
845 1544 890 1573 als
908 1541 953 1581 ihr
968 1543 1094 1574 mancher
1108 1541 1200 1573 wuͤrde
1217 1540 1308 1579 haben

547 1590 729 1630 vorherſagen
755 1582 871 1622 koͤnnen.
923 1590 985 1623 Die
1009 1591 1114 1627 warfen
1139 1589 1197 1630 ihre
1218 1589 1309 1620 Koͤni⸗

548 1647 620 1683 ginn
645 1650 692 1677 ins
716 1646 900 1683 Gefaͤngniß,
935 1651 1068 1681 zwangen
1092 1646 1142 1681 ſie,
1169 1645 1216 1682 ſich
1232 1644 1309 1680 ihrer

548 1700 645 1736 Krone
667 1706 700 1738 zu
722 1697 857 1743 begeben,
892 1696 983 1738 ſetzten
1006 1698 1085 1741 ihren
1107 1697 1219 1741 Sohn,
1246 1699 1308 1728 dem
