2979 3980
382 621 463 672 cker
470 621 534 667 die
544 618 752 678 proceſſus
769 624 854 669 und
867 619 1115 666 difficillimæ
1132 615 1397 676 probationes
1407 617 1571 668 ceſſiren
1591 616 1767 678 moͤgen/
1777 616 1921 672 welche
1938 627 2107 665 unaus⸗

379 681 570 744 bleiblich
600 679 704 744 ſeyn/
715 691 848 729 wann
866 684 966 737 nach
987 680 1175 737 ſothaner
1193 681 1606 739 Policey⸗Ordnung
1627 669 1785 728 dociret
1805 684 1965 728 werden
1985 669 2110 738 muß/

377 743 461 798 daß
483 744 769 794 oberwehntes
781 739 965 797 Brauen
978 741 1078 793 uͤber
1088 744 1248 800 Rechts
1261 743 1490 799 verwehrte
1500 736 1633 801 Zeit/
1628 748 1713 790 und
1724 745 1786 790 die
1800 744 2104 802 Handwercker

377 811 446 849 vor
459 799 633 858 Alters/
649 801 796 857 nemlich
809 810 883 846 vor
891 811 1000 841 anno
1014 812 1105 854 1572.
1121 798 1328 857 geweſen;
1355 799 1500 848 Dann
1512 799 1610 854 dieſe
1622 798 1839 856 probation
1851 800 1992 847 wuͤrde
2006 800 2106 845 mei⸗

377 864 455 909 nes
473 860 691 917 ermeſſens
703 864 764 909 im
776 861 955 909 Stande
964 858 1176 918 Rechtens
1192 858 1392 914 erfordert
1411 854 1605 918 werden/
1617 864 1700 906 und
1720 862 1829 914 nicht
1847 869 1925 905 wie
1939 858 2106 907 Ritter⸗

378 917 519 979 ſchafft
536 917 754 982 glaubet/
746 931 828 966 nur
847 927 931 967 von
943 918 1104 977 Rechts
1113 915 1363 971 verwehrter
1372 918 1465 976 Zeit
1475 922 1575 974 nach
1593 925 1659 967 der
1671 919 2107 978 Policey⸗Ordnung;

378 978 601 1034 zumahlen
619 979 764 1034 wegen
764 979 842 1032 des
861 975 1007 1042 darin/
1009 980 1095 1028 und
1104 975 1217 1034 ſchon
1234 975 1281 1022 in
1294 976 1520 1026 Mecklenb.
1542 978 1952 1037 Policey⸗Ordnung
1973 976 2021 1019 de
2037 966 2108 1018 an-

376 1052 435 1078 no
457 1040 579 1088 1516.
599 1036 641 1077 &
658 1046 769 1076 anno
794 1037 915 1090 1562.
937 1033 1201 1091 enthaltenen
1225 1026 1389 1090 Verbots
1435 1034 1659 1092 hierinfals
1682 1034 1787 1081 keine
1796 1031 1899 1089 juſta
1920 1023 2106 1094 poſſeſſio

378 1096 471 1155 poſt
486 1106 650 1151 tempus
664 1092 951 1150 publicationis
968 1093 1154 1151 ejusdem
1172 1092 1330 1140 dociret
1353 1099 1521 1141 werden
1541 1091 1648 1158 kan/
1664 1094 1733 1140 als
1751 1092 1917 1147 welcher
1938 1094 1974 1139 ſo
1995 1090 2109 1148 wohl

375 1156 459 1216 ipſa
469 1153 571 1210 legis
580 1154 826 1212 prohibitio,
844 1156 912 1205 als
923 1156 1019 1200 inde
1030 1154 1222 1202 reſultans
1234 1153 1338 1198 mala
1351 1146 1450 1204 fides
1475 1157 1651 1213 entgegen
1678 1153 1822 1209 ſtehet/
1835 1158 1921 1201 und
1932 1155 2028 1201 aber
2040 1166 2110 1197 ex-

376 1213 505 1277 pediti
517 1218 623 1272 juris
634 1214 696 1275 iſt/
710 1230 805 1261 cum
816 1217 921 1262 mala
933 1215 1018 1262 fide
1036 1218 1076 1260 &
1088 1215 1191 1272 legis
1202 1213 1480 1272 prohibitione
1498 1229 1581 1257 non
1603 1213 1824 1272 procedere
1845 1214 2111 1274 præſcriptio-

374 1285 486 1319 nem.
505 1279 543 1315 C.
556 1272 619 1325 fin.
633 1281 679 1316 x.
694 1274 740 1315 de
745 1276 945 1332 præſcript.
959 1274 977 1317 l.
985 1290 1046 1328 24
1051 1274 1102 1328 ff.
1112 1276 1158 1313 de
1167 1274 1322 1329 uſurpat.
1342 1272 1385 1320 &
1397 1272 1532 1327 uſucap.
1551 1274 1593 1317 &
1605 1280 1645 1314 in
1656 1279 1832 1316 Terminis
1841 1271 1965 1317 Tabor.
1981 1274 2026 1314 de
2029 1276 2112 1323 jure

376 1337 537 1390 Cereviſ.
546 1353 619 1386 c.3.
630 1353 717 1385 §.o.
739 1339 846 1389 Das
859 1337 1045 1397 Muͤltzen
1065 1336 1167 1392 auch
1188 1343 1273 1383 von
1294 1336 1410 1396 eigen
1422 1335 1725 1395 gewachſenem
1737 1339 1915 1393 Gerſten
1929 1335 2031 1394 habe
2050 1337 2109 1392 ich

374 1395 574 1446 verboten
584 1407 730 1457 wegen
741 1403 814 1445 des
826 1394 1166 1455 Unterſchleiffs/
1154 1402 1225 1446 der
1235 1401 1440 1446 darunter
1454 1395 1527 1453 bey
1541 1397 1609 1443 ein
1619 1401 1708 1442 und
1716 1402 1875 1445 andern
1888 1398 1997 1451 nicht
2007 1400 2113 1444 aus⸗

374 1456 536 1507 bleiben
545 1459 670 1517 wird/
689 1456 833 1517 folglich
847 1458 948 1511 auch
978 1456 1086 1520 nicht
1107 1455 1234 1505 Streit
1252 1460 1339 1504 und
1356 1456 1517 1515 proceſs
1530 1453 1766 1511 daruͤber/
1737 1455 1803 1506 und
1820 1462 1901 1503 das
1911 1458 2113 1507 Brandt⸗

377 1515 702 1567 weinbrennen/
719 1509 763 1574 ex
777 1513 853 1557 hac
871 1518 1049 1564 ratione,
1065 1513 1149 1570 daß
1159 1516 1262 1569 nach
1277 1518 1347 1563 der
1358 1513 1771 1573 Policey⸗Ordnung
1788 1516 1870 1560 alle
1883 1514 2115 1574 Buͤrgerli⸗

375 1576 443 1629 che
454 1573 676 1633 Nahrung
696 1571 782 1628 auf
795 1577 867 1619 dem
896 1569 1019 1635 Lande
1048 1572 1294 1631 improbiret
1309 1573 1441 1630 wird/
1458 1585 1508 1617 ex
1527 1572 1661 1623 cauſa,
1677 1571 1757 1626 daß
1778 1574 1839 1620 die
1851 1571 2024 1619 Staͤdte
2036 1573 2121 1629 auf

375 1634 735 1694 Handthierung/
761 1632 1046 1694 Handwercker
1063 1639 1150 1684 und
1160 1633 1439 1684 Bierbrauen
1455 1633 1648 1694 geſtifftet
1664 1627 1791 1691 ſeyn/
1799 1636 1900 1686 auch
1920 1627 2115 1686 dadurch/

376 1694 461 1738 wie
470 1693 632 1746 dieſelbe
650 1691 843 1754 beſaget/
839 1690 1026 1747 erhalten
1037 1694 1204 1740 werden
1222 1690 1408 1746 muͤſſen/
1420 1688 1689 1746 dannenhero
1712 1689 2011 1745 vermuthlich/
2030 1689 2115 1742 daß

377 1756 449 1800 der
459 1752 551 1810 Zeit
567 1758 648 1802 das
661 1751 1146 1804 Brandtweinbrennen
1169 1751 1260 1807 auf
1260 1751 1354 1807 dem
1365 1751 1502 1801 Lande
1512 1754 1611 1806 noch
1631 1753 1742 1806 nicht
1760 1750 1991 1810 practiciret
2005 1760 2117 1798 wor⸗

377 1815 477 1872 den/
480 1814 636 1867 ſonſten
646 1818 691 1860 es
704 1816 808 1868 ohne
817 1811 1007 1872 Zweiffel
1025 1814 1095 1863 als
1112 1816 1200 1863 eine
1212 1811 1489 1873 Buͤrgerliche
1503 1812 1837 1873 Handthierung
1854 1819 1954 1867 auch
1972 1816 2116 1860 verbo⸗

379 1871 451 1916 ten
462 1870 587 1917 waͤre.
610 1872 654 1914 In
663 1872 827 1914 Genere
839 1871 939 1917 aber
950 1870 1055 1926 habe
1066 1870 1124 1924 ich
1137 1868 1283 1926 obiges
1297 1868 1406 1916 alles
1419 1868 1521 1925 auch
1532 1872 1685 1915 darum
1699 1863 1982 1930 aufgehoben/
2002 1867 2117 1922 damit

379 1930 606 1986 hinwieder
628 1935 691 1979 die
707 1933 878 1980 Staͤdte
897 1932 1004 1985 deſto
1025 1931 1117 1985 eher
1138 1931 1340 1985 bewogen
1355 1936 1520 1976 werden
1538 1925 1717 1988 moͤgen/
1735 1922 1804 1978 der
1826 1929 2118 1986 Ritterſchafft

377 1993 442 2036 die
454 1994 771 2033 lmmunitatem
783 1990 919 2045 qvoad
929 1990 1133 2044 perſonas,
1143 1993 1232 2033 und
1240 1994 1311 2035 der
1323 1991 1494 2037 wahren
1507 1990 1621 2035 alten
1636 1990 1935 2044 Ritterhufen/
1941 1988 2120 2041 Reichs⸗

378 2052 468 2095 und
479 2047 849 2102 Crayß⸗Steuren
867 2034 1227 2104 ausgenommen/
1235 2037 1499 2102 zuzuſtehen/
1512 2051 1599 2092 und
1613 2046 1839 2101 dereſelben
1859 2033 2035 2103 geruhig
2051 2054 2120 2101 ge⸗

376 2102 531 2161 nieſſen
552 2114 597 2164 zu
606 2103 754 2162 laſſen.
773 2104 954 2165 Folglich
967 2105 1054 2152 eine
1066 2102 1314 2165 allgemeine
1324 2103 1456 2157 Ruhe
1467 2109 1552 2151 und
1564 2106 1684 2159 Fried
1696 2107 1740 2151 in
1755 2106 1920 2151 meinen
1932 2097 2118 2163 Landen/

378 2161 449 2221 wo
451 2161 567 2220 nicht
582 2163 816 2226 beſtaͤndig/
830 2163 1008 2220 dennoch
1025 2160 1076 2208 ad
1094 2164 1264 2210 interim
1281 2162 1488 2213 retabliret
1514 2164 1655 2220 werde/
1672 2164 1752 2211 wie
1765 2162 1912 2219 ſolches
1925 2163 2117 2219 mehrers

379 2227 468 2275 aus
478 2229 691 2287 gedachter
712 2217 1180 2281 Proviſional-Ordnung
1195 2232 1244 2285 zu
1257 2216 1392 2286 ſehen/
1405 2220 1487 2286 auch
1503 2223 1678 2277 bekandt
1691 2218 1749 2285 iſt/
1761 2226 1843 2276 daß
1854 2225 1958 2279 ſonſt
1969 2234 2117 2287 wegen

381 2276 569 2348 beſagter
584 2290 652 2337 der
667 2286 961 2345 Ritterſchafft
975 2288 1226 2332 lmmunität
1242 2299 1386 2332 coram
1394 2286 1573 2333 Camera
1586 2274 1849 2338 Wezlarienſi
1869 2289 1936 2334 der
1953 2286 2118 2344 proceſs

376 2351 507 2394 nuter
519 2345 671 2403 beyden
690 2346 859 2401 Theilen
885 2341 1028 2409 annoch
1042 2343 1222 2405 hanget/
1229 2348 1319 2394 und
1329 2344 1594 2399 dannenhero
1605 2348 1650 2394 in
1667 2350 1758 2394 dem
1770 2342 1997 2407 Vergleich
2013 2352 2116 2392 vom

386 2414 455 2456 16.
467 2409 563 2465 Julii
572 2425 668 2465 1701.
681 2411 781 2466 ſelbe
796 2422 880 2459 nur
889 2410 997 2459 ſalvo
1010 2408 1196 2469 proceſſu
1209 2409 1463 2469 eingerucket
1473 2415 1654 2458 worden.
1688 2409 1768 2460 Da
1780 2419 1871 2457 nun
1904 2409 1980 2456 Ew.
2001 2408 2118 2464 Kayſ.

382 2469 557 2527 Majeſt.
576 2484 628 2513 ex
648 2468 849 2518 antedicta
866 2473 1048 2518 ratione,
1069 2468 1153 2520 daß
1171 2468 1486 2525 mehrberuͤhrte
1501 2471 1637 2516 meine
1648 2469 2118 2520 Proviſional-Verord⸗

377 2537 502 2587 nung
513 2530 576 2575 die
587 2528 732 2585 Krafft
748 2522 986 2590 Rechtens/
1007 2521 1073 2581 wie
1094 2521 1367 2586 vorerwehnt/
1359 2521 1563 2587 ergriffen
1581 2521 1699 2584 hat/
1696 2528 1798 2583 auch
1816 2528 1940 2575 darin
1962 2527 2119 2584 beyden

382 2583 560 2639 Theilen
575 2580 759 2644 erlaubet
782 2581 869 2639 lhre
885 2581 1113 2643 reſpectivè
1124 2585 1223 2638 Jura
1233 2587 1319 2629 und
1331 2573 1539 2640 proceſſus
1559 2583 1690 2627 ſtante
1707 2585 1873 2627 interim
1886 2580 1962 2625 hac
1971 2584 2116 2641 provi-

373 2648 526 2694 ſionali
542 2641 817 2695 Ordinatione
835 2645 1151 2705 auszufuͤhren/
1196 2642 1294 2697 wann
1317 2647 1380 2694 Sie
1417 2647 1529 2699 nicht
1546 2645 1759 2706 beſtaͤndig
1778 2650 1820 2695 in
1833 2645 1964 2701 Ruhe
1983 2645 2116 2700 ſtehen

383 2696 566 2761 wollen/
584 2712 630 2755 es
651 2707 832 2770 lediglich
850 2708 924 2767 bey
934 2707 1144 2765 derſelben
1164 2705 1386 2754 bewenden
1406 2714 1454 2763 zu
1467 2705 1591 2764 laſſen
1610 2711 1676 2758 ein
1687 2699 1929 2759 Bedencken
1948 2695 2120 2765 tragen/

371 2770 472 2817 und
488 2765 614 2825 dafuͤr
633 2766 775 2824 halten
793 2763 1000 2827 wuͤrden/
1012 2766 1104 2822 daß
1114 2764 1214 2823 ſelbe
1235 2766 1338 2821 nach
1357 2768 1449 2814 dem
1461 2768 1610 2813 Tenor
1619 2772 1687 2816 der
1698 2766 2115 2826 Policey⸗Ordnung

371 2828 429 2873 in
451 2818 635 2880 omnibus
638 2820 919 2891 einzurichten
924 2826 1015 2886 ſey/
1042 2817 1100 2883 bin
1117 2816 1174 2883 ich
1169 2816 1408 2883 darunter/
1431 2834 1526 2878 wann
1534 2827 1823 2887 Supplicantes
1839 2826 2005 2887 deßfals
2025 2826 2116 2883 hin⸗

383 2888 537 2935 wieder
547 2896 603 2935 an
616 2886 719 2942 mich
732 2884 948 2947 verwieſen
967 2878 1146 2945 werden/
1163 2883 1568 2946 allerunterthaͤnigſt
1583 2893 1631 2944 zu
1645 2883 1915 2947 gehorſamen
1930 2878 2122 2943 erbietig/

374 2944 552 2993 wiewol
564 2944 809 3003 ſolchenfals
820 2943 884 3005 ob
884 2939 1148 3004 difficillimas
1166 2933 1403 3005 probationes
1434 2934 1524 2989 lites
1545 2958 1597 2989 ex
1615 2945 1752 2991 litibus
1767 2939 2002 3006 entſtehen/
2011 2942 2113 2995 auch

368 2999 451 3058 die
472 2999 632 3065 Staͤdte
640 3009 715 3053 den
730 3001 886 3058 paſſum
895 3012 1041 3064 wegen
1061 3003 1134 3052 der
1136 3002 1380 3051 lmmunität
1395 3006 1464 3052 der
1473 3003 1695 3049 Nobilium
1706 3004 1830 3051 darin
1847 3003 1957 3058 nicht
1975 2998 2117 3061 gedul⸗

373 3066 462 3109 den
479 3069 655 3111 werden.
697 3063 849 3119 Dieſes
862 3057 974 3114 aber
974 3059 1141 3113 werden
1173 3059 1245 3110 Ew.
1256 3049 1446 3122 Kayſerl.
1477 3055 1627 3127 Majeſt.
1644 3060 1937 3127 allergnaͤdigſt
1947 3065 2031 3109 und
2051 3057 2113 3108 al⸗

375 3125 654 3186 lergerechteſt
681 3127 791 3192 nicht
796 3123 1036 3187 verlangen/
1029 3121 1120 3191 daß
1130 3126 1191 3184 ich
1224 3129 1334 3176 meine
1355 3121 1531 3185 Staͤdte/
1556 3123 1610 3185 die
1631 3127 1671 3185 in
1673 3132 1818 3185 dieſem
1834 3126 1952 3183 Falle
1968 3132 2115 3180 wegen

373 3186 458 3230 der
473 3184 633 3240 groſſen
641 3183 1012 3242 Beeintraͤchtung
1030 3183 1187 3231 meiner
1197 3179 1495 3241 Ritterſchafft
1536 3185 1581 3232 in
1596 3187 1637 3233 der
1649 3184 1770 3241 That
1782 3181 2113 3237 Erbarmungs⸗

375 3231 540 3300 wuͤrdig
558 3235 679 3304 ſeyn/
688 3247 829 3299 weiter
857 3236 1036 3307 huͤlffloß
1051 3239 1214 3299 laſſen/
1214 3245 1301 3289 und
1321 3242 1405 3299 alſo
1423 3236 1475 3291 in
1485 3246 1562 3291 den
1579 3252 1656 3292 vor
1666 3244 1818 3302 Augen
1831 3242 2112 3298 ſchwebenden

375 3298 637 3351 Untergang
650 3302 871 3362 derſelben
900 3299 1092 3361 gerathen
1110 3291 1244 3351 laſſen
1274 3295 1360 3352 ſoll.
1437 3300 1509 3346 Es
1538 3302 1701 3357 beſaget
1725 3296 1789 3345 die
1806 3293 2112 3353 Policey⸗Ord⸗

374 3349 525 3416 nung/
542 3352 594 3402 wie
596 3347 928 3418 dieſentwegen
938 3361 1008 3405 der
1016 3357 1109 3416 Zeit
1119 3353 1233 3411 ſchon
1250 3353 1413 3423 oͤffters
1438 3361 1570 3423 Klagen
1583 3355 1843 3417 fuͤrgebracht
1858 3348 1972 3414 ſeyn/
1988 3355 2113 3409 item,

388 3415 471 3465 das
494 3406 673 3473 Edictum
692 3419 842 3460 meines
861 3415 1137 3457 Anteceſſoris
1151 3417 1252 3458 vom
1275 3425 1334 3479 15.
1307 3419 1521 3468 Octobr.
1532 3423 1630 3465 1685.
1647 3415 1729 3464 daß
1744 3413 1784 3466 ſo
1794 3407 1880 3457 wol
1889 3405 1975 3463 auf
1978 3404 2113 3458 Land⸗
