1716 2562
485 292 554 340 134

482 382 536 419 den
550 383 623 424 auch
637 383 842 429 beſchuldiget,
869 388 929 427 daß
943 388 980 430 ſie
994 395 1059 431 zum
1074 387 1181 432 Behuf
1193 392 1270 432 ihrer
1284 393 1477 437 Meynungen
1493 394 1541 428 die

484 435 608 477 Schrift
622 436 774 480 verfaͤlſcht
788 444 847 475 und
864 437 996 481 bibliſche
1018 442 1157 482 Stellen,
1184 441 1286 481 welche
1310 447 1385 487 ihrer
1407 444 1541 489 Vorſtel⸗

482 485 555 525 lung
570 490 707 528 entgegen
721 489 824 530 ſtehen,
841 488 1007 532 willkuͤrlich
1022 489 1174 529 veraͤndert
1191 492 1302 533 haͤtten.
1353 497 1449 533 Allein
1467 496 1540 539 dieſe

482 530 731 576 Beſchuldigung,
757 536 811 568 mit
828 539 875 569 der
890 544 959 571 man
977 536 1036 578 ſehr
1049 537 1199 581 freygebig
1216 547 1302 578 gegen
1320 543 1364 574 die
1386 542 1540 583 Haͤretiker

481 588 557 623 war,
571 586 699 619 verdient
717 596 772 626 gar
787 590 882 621 keinen
890 586 1041 628 Glauben,
1057 598 1108 623 um
1125 591 1153 631 ſo
1168 597 1304 630 weniger,
1319 596 1357 626 da
1374 594 1448 628 keine
1458 595 1541 637 Bey⸗

481 636 566 681 ſpiele
580 645 638 674 von
653 641 732 682 ihren
744 639 1100 688 Schriftverfaͤlſchungen
1121 639 1300 693 beygebracht
1324 652 1418 683 werden
1427 646 1543 690 (204).

1466 708 1540 746 Sie

586 825 613 853 es
631 821 854 860 widerſprechend,
874 826 920 860 daß
941 814 1107 862 Epiphanius
1128 832 1176 857 den
1200 835 1317 863 Theodot
1337 837 1411 862 einen
1430 838 1541 864 Beweis

584 879 634 908 aus
650 879 705 908 dem
721 879 769 910 Ev.
791 871 928 918 Johannis
946 880 1081 915 entlehnen
1104 874 1179 917 laͤßt,
1190 886 1243 913 und
1265 883 1309 918 ihn
1329 886 1388 921 doch
1408 887 1486 922 gleich
1504 893 1537 921 zu

582 927 701 963 Anfange
717 928 789 959 einen
805 926 955 965 Sproͤßling
970 931 1159 965 (αποσπασμα)
1177 934 1220 963 der
1239 933 1335 969 Aloger
1354 939 1451 970 nennt,
1477 936 1539 969 wel⸗

584 975 624 1010 che
639 979 685 1008 das
707 974 881 1013 Evangelium
903 977 1057 1014 Johannis,
1082 980 1129 1012 wie
1144 981 1183 1014 die
1201 982 1361 1020 Apokalypſe,
1385 986 1536 1021 verwarfen.

582 1022 666 1056 Allein
682 1023 833 1061 außerdem,
851 1027 899 1061 daß
912 1028 1035 1063 Theodot
1048 1028 1108 1059 ϰατ'
1123 1033 1251 1065 ανϑϱωπον
1270 1028 1413 1066 disputiren
1435 1033 1538 1069 konnte,

581 1069 607 1106 ſo
625 1069 677 1101 will
693 1068 855 1107 Epiphanius
870 1072 990 1107 vielleicht
1005 1080 1057 1104 nur
1077 1073 1170 1111 ſagen,
1200 1075 1247 1109 daß
1270 1083 1296 1105 er
1316 1077 1364 1109 wie
1384 1079 1422 1109 die
1442 1080 1538 1115 Aloger

581 1118 623 1149 die
635 1120 756 1155 Gottheit
767 1120 863 1156 Chriſti
885 1121 1020 1158 geleugnet
1037 1124 1112 1159 habe.
1153 1123 1210 1159 Die
1225 1125 1321 1161 Aloger
1343 1125 1471 1165 naͤmlich,
1495 1127 1538 1162 ein

580 1164 686 1198 Name,
706 1167 752 1197 den
767 1166 824 1202 bloß
840 1168 884 1198 der
897 1166 1082 1205 Ketzermacher
1096 1167 1259 1210 Epiphanius
1273 1169 1395 1208 erfunden
1411 1167 1470 1207 hat,
1488 1179 1536 1210 um

580 1211 638 1246 eine
650 1213 765 1253 Parthey
779 1212 862 1246 damit
875 1221 904 1251 zu
920 1211 1080 1253 bezeichnen,
1106 1216 1196 1256 welche
1215 1219 1255 1253 die
1273 1219 1413 1258 Schriften
1430 1220 1537 1261 Johan⸗

581 1258 641 1293 nis,
659 1257 755 1291 mithin
771 1260 833 1295 auch
849 1261 913 1297 ſeine
927 1261 1104 1301 Erklaͤrungen
1120 1261 1181 1297 uͤber
1196 1265 1242 1297 den
1258 1264 1340 1303 Logos
1354 1267 1472 1303 verwarf,
1487 1267 1535 1304 ſol⸗

580 1303 640 1338 len,
660 1304 725 1340 nach
747 1304 827 1340 ſeiner
847 1308 1044 1342 Behauptung,
1072 1307 1216 1347 uͤberhaupt
1242 1310 1281 1343 die
1309 1311 1395 1347 wahre
1414 1312 1536 1350 Gottheit

580 1351 676 1388 Chriſti
691 1353 825 1390 geleugnet
842 1355 935 1393 haben.
971 1357 1011 1390 S.
1029 1357 1101 1387 haer.
1115 1359 1158 1385 LI.
1180 1358 1202 1392 §.
1213 1364 1255 1388 28.
1271 1368 1297 1393 p.
1306 1354 1365 1394 450.
1382 1363 1414 1389 T.
1423 1364 1445 1393 I.
1465 1363 1534 1391 Ana-

565 1396 743 1436 cephalaeoſ.
764 1402 796 1430 T.
805 1403 841 1429 II.
857 1409 884 1436 p.
896 1407 953 1435 144.
998 1402 1141 1438 Uebrigens
1159 1404 1193 1439 iſt
1211 1405 1375 1442 Epiphanius
1397 1406 1460 1443 auch
1480 1407 1535 1444 hier

578 1445 621 1476 der
637 1442 904 1484 Verketzerungsſucht
918 1438 1075 1483 verdaͤchtig,
1101 1446 1186 1480 indem
1202 1455 1228 1479 er
1241 1448 1286 1486 ſich
1301 1450 1386 1486 hinter
1406 1455 1536 1488 zweydeu⸗

579 1491 650 1529 tigen
665 1493 775 1527 Worten
793 1485 918 1532 verſteckt,
936 1495 962 1527 ſo
976 1496 1024 1531 daß
1038 1503 1099 1530 man
1114 1497 1183 1535 nicht
1196 1498 1262 1536 recht
1277 1499 1356 1537 ſieht,
1375 1501 1405 1532 ob
1419 1502 1458 1535 die
1471 1504 1535 1535 Alo⸗

576 1547 622 1577 ger
642 1543 699 1578 bloß
721 1543 759 1576 die
780 1543 973 1582 johanneiſchen
994 1541 1180 1585 Aeußerungen
1204 1553 1265 1581 vom
1285 1548 1383 1585 Logos,
1413 1553 1473 1584 oder
1495 1550 1535 1586 die

577 1592 698 1628 Gottheit
712 1592 805 1632 Chriſti
823 1594 966 1631 uͤberhaupt
992 1590 1122 1639 verworfen
1142 1599 1220 1635 haben
1235 1599 1321 1638 ſollen.
1363 1601 1418 1636 Die
1439 1602 1535 1638 Aloger

575 1636 684 1669 konnten
700 1628 837 1677 Johannis
853 1637 1026 1675 Evangelium
1040 1642 1093 1673 und
1106 1641 1288 1684 Offenbarung
1303 1645 1450 1682 verwerfen,
1467 1648 1533 1682 ohne

573 1688 664 1721 gerade
679 1689 718 1721 die
732 1689 852 1726 Gottheit
866 1686 962 1726 Chriſti
978 1697 1007 1730 zu
1019 1690 1141 1729 leugnen.
1179 1694 1270 1731 Gegen
1290 1693 1329 1728 die
1349 1696 1531 1734 Offenbarung

574 1734 664 1769 hatten
679 1736 713 1771 ſie
727 1728 854 1771 mehrere,
874 1743 932 1772 zum
947 1737 1026 1774 Theil
1040 1737 1177 1776 hiſtoriſche
1198 1739 1319 1776 Gruͤnde.
1358 1744 1422 1775 Das
1442 1745 1531 1778 Evan⸗

575 1780 673 1819 gelium
686 1783 823 1821 Johannis
836 1787 896 1817 aber
910 1786 1001 1818 konnte
1016 1786 1094 1822 ihnen
1108 1787 1229 1826 vielleicht
1249 1789 1307 1826 bloß
1329 1790 1460 1827 deswegen
1475 1798 1531 1824 ver⸗

574 1828 675 1866 daͤchtig
689 1830 762 1866 ſeyn,
780 1832 840 1864 weil
861 1833 901 1869 die
923 1832 1104 1870 Montaniſten
1124 1840 1175 1867 aus
1194 1839 1244 1868 den
1265 1838 1370 1870 Stellen
1392 1844 1453 1870 vom
1474 1841 1533 1876 Pa⸗

572 1875 655 1912 raklet
673 1878 727 1915 ihre
748 1879 899 1916 fanatiſchen
922 1881 1023 1915 Grillen
1045 1882 1201 1919 herleiteten.
1244 1885 1284 1919 S.
1307 1875 1422 1928 Merkels
1443 1887 1528 1924 hiſtor.

570 1922 734 1964 Aufklaͤrung
749 1927 793 1958 der
807 1926 909 1961 Streit.
936 1929 977 1960 der
997 1923 1097 1973 Aloger
1099 1930 1146 1962 S.
1160 1937 1190 1967 17
1205 1932 1236 1968 f.,
1252 1935 1298 1964 der
1316 1932 1395 1969 dieſes
1406 1936 1465 1965 aus
1485 1937 1530 1968 der

570 1974 659 2009 Stelle
680 1977 750 2006 Iren.
777 1977 830 2007 III,
864 1983 905 2004 11.
937 1983 965 2011 p.
983 1984 1041 2011 192.
1068 1979 1139 2010 Maſſ.
1172 1981 1250 2015 vergl.
1275 1980 1325 2014 mit
1344 1972 1474 2019 Epiphan.
1498 1983 1528 2018 h.

520 2024 614 2055 LI.
634 2023 663 2059 §.
681 2030 722 2059 35.
744 2032 771 2058 p.
788 2030 849 2061 457.
869 2025 1069 2065 wahrſcheinlich
1087 2033 1118 2063 zu
1135 2028 1239 2065 machen
1254 2029 1354 2067 geſucht
1366 2033 1423 2067 hat.

519 2069 597 2103 (204)
616 2070 705 2104 Beym
720 2070 848 2107 Euſebius
863 2078 887 2101 a.
917 2065 950 2112 a.
968 2065 1001 2113 O.
996 2086 1031 2096 —
1057 2077 1167 2111 Τϱαφας
1180 2085 1228 2109 μεν
1243 2077 1315 2110 ϑειας
1328 2078 1438 2115 αφοβως
1452 2086 1525 2112 ϱεϱα-

570 2117 748 2153 διουϱγηϰασι.
786 2120 825 2153 Es
847 2118 875 2156 iſt
895 2119 1019 2156 bekannt,
1036 2121 1085 2153 wie
1098 2121 1181 2158 wenig
1196 2121 1436 2161 Glaubwuͤrdigkeit
1444 2121 1574 2164 ſolche

570 2164 705 2203 allgemein
721 2168 910 2207 hingeworfene
925 2163 1168 2212 Beſchuldigungen
1186 2170 1256 2218 gegen
1274 2171 1319 2209 die
1333 2172 1465 2216 Haͤretiker
1480 2176 1527 2214 ha⸗

1459 2226 1523 2266 ben.
