1677 2616
297 491 337 530 6.
368 488 424 528 An
446 491 515 526 dem
532 485 713 532 Verraͤther
731 484 849 529 Judas
868 487 990 532 erfuͤllte
1009 486 1065 533 ſich
1086 487 1155 525 dies

220 542 347 587 Wort;
378 551 409 577 er
433 544 522 577 ward
548 539 756 585 ausgeſtoßen
782 547 846 576 aus
874 545 926 577 der
953 538 1158 587 Geſellſchaft

220 605 272 641 der
282 599 432 648 Juͤnger,
451 606 516 638 und
536 602 598 649 ſein
615 599 755 648 Biſtum
774 600 913 644 empfing
930 603 979 636 ein
998 604 1126 637 andrer.

300 735 338 771 7.
371 722 438 773 Jch
450 721 570 768 richtete
591 721 670 769 mich
689 722 736 760 bei
755 726 807 761 der
817 721 1039 768 Ueberſetzung
1061 724 1158 769 dieſes

221 783 343 830 Verſes
362 783 438 826 nach
450 778 537 828 Joh.
558 783 641 815 XIV.
677 790 740 825 13.
770 785 835 817 und
854 778 932 825 muß
950 779 1015 825 alſo
1034 780 1093 824 auf
1109 783 1158 817 die

221 839 388 881 Erlaͤuter.
408 847 445 884 zu
463 839 572 886 dieſem
589 836 691 887 Verſe
708 838 886 886 verweiſen.
948 838 1060 876 Wenn
1081 847 1159 875 man

220 898 354 945 indeſſen
372 897 451 946 auch
471 900 518 936 die
536 894 678 944 Birten,
718 905 782 933 von
804 901 900 933 denen
919 895 984 944 hier
1003 900 1049 934 die
1069 894 1158 936 Rede

220 961 271 1008 iſt,
300 960 388 1005 nicht
406 961 469 1005 auf
483 963 530 998 die
557 965 613 997 den
630 957 788 1005 Juͤngern
817 961 850 996 in
876 963 929 996 der
955 959 1054 1005 Folge
1081 957 1159 1006 noch

221 1021 371 1070 noͤthigen
395 1020 664 1071 Aufſchluͤſſe
692 1023 768 1061 uͤber
795 1025 843 1060 die
870 1021 992 1068 Lehre
1016 1019 1158 1069 Jeſus

220 1083 448 1130 eingeſchraͤnkt
467 1082 572 1129 wiſſen
592 1082 694 1125 will,
722 1083 753 1128 ſo
773 1084 810 1127 iſt
829 1081 924 1125 doch,
959 1088 1031 1118 was
1050 1080 1158 1129 Jeſus

221 1139 288 1185 hier
297 1141 378 1185 ſagt,
410 1137 573 1181 durchaus
584 1145 646 1171 nur
662 1146 725 1174 von
736 1130 871 1180 Bitten,
892 1140 939 1175 die
956 1140 1004 1175 die
1021 1135 1159 1184 Juͤnger

176 1203 264 1235 in
300 1198 433 1243 ihrem
466 1193 753 1241 Apoſtelamte
781 1203 831 1235 an
851 1193 940 1234 Gott
965 1194 1047 1241 thun
1072 1194 1160 1233 wuͤr⸗

221 1262 302 1298 den,
334 1264 370 1298 zu
387 1253 567 1301 verſtehen;
598 1257 663 1290 und
683 1256 723 1290 da
742 1254 789 1290 ein
808 1254 866 1291 mit
884 1250 990 1299 Jeſus
1008 1254 1041 1290 in
1062 1255 1160 1300 ſeiner

220 1317 371 1358 Denkart
397 1319 462 1354 und
489 1318 522 1352 in
550 1316 651 1361 ſeinen
679 1312 914 1359 Geſinnungen
943 1313 1159 1356 uͤbereinſtim⸗

224 1380 349 1415 mender
377 1377 428 1423 (in
454 1373 563 1424 Jeſus
585 1375 776 1422 bleibender)
805 1379 870 1412 und
896 1376 990 1423 ſeiner
1008 1373 1096 1422 Lehre
1114 1384 1160 1420 ge⸗

226 1445 331 1476 treuer
344 1437 475 1484 Apoſtel
494 1438 575 1475 keine
599 1440 711 1474 andere
736 1440 789 1477 als
814 1435 904 1480 Gott
928 1435 1163 1484 wohlgefaͤllige

225 1498 346 1540 Bitten
365 1497 455 1539 Gott
470 1504 640 1543 vortragen
659 1498 783 1543 konnte,
817 1499 846 1542 ſo
867 1498 975 1542 mußte
995 1497 1060 1537 ihm
1072 1498 1162 1535 aller⸗

223 1558 321 1600 dings
347 1556 426 1593 alles
452 1559 589 1599 werden,
636 1562 709 1592 was
730 1565 761 1593 er
780 1554 836 1600 ſich
855 1557 887 1591 in
907 1556 1017 1602 ſeinem
1038 1554 1162 1594 Gebete

223 1628 288 1655 von
306 1616 395 1656 Gott
413 1615 589 1663 wuͤnſchte;
623 1617 702 1652 denn
722 1627 751 1652 er
769 1615 924 1662 wuͤnſchte
944 1615 1001 1660 ſich
1019 1617 1161 1653 alsdann

224 1674 342 1723 nichts,
357 1679 428 1714 als
446 1684 519 1714 was
539 1673 663 1715 Gottes
679 1675 805 1715 Willen
824 1674 942 1722 gemaͤß
961 1684 1046 1711 war.

304 1811 372 1842 11.
404 1797 473 1843 Die
490 1797 611 1845 Freude
628 1802 680 1838 der
698 1799 832 1845 Juͤnger
849 1796 926 1837 uͤber
940 1795 1046 1845 Jeſus
1065 1800 1159 1839 konn⸗

222 1863 251 1895 te
267 1856 325 1904 ſich
343 1855 427 1895 nicht
442 1853 604 1903 erhalten,
637 1863 729 1890 wenn
757 1854 794 1898 ſie
822 1857 904 1899 nicht
922 1859 978 1891 den
997 1856 1160 1899 Pflichten

224 1920 280 1951 des
305 1917 400 1958 ihnen
428 1904 671 1960 aufgetragenen
698 1911 915 1957 Apoſtelamts
942 1917 990 1952 ein
1020 1913 1160 1956 Genuͤge

182 1972 382 2022 leiſteten,
408 1969 487 2014 und
510 1974 600 2014 dabei
627 1977 725 2020 alles,
769 1983 840 2012 was
868 1975 905 2021 ſie
928 1973 1057 2021 thaten,
1098 1977 1158 2013 mit

221 2038 392 2086 Ruͤckſicht
407 2038 471 2083 auf
482 2038 571 2084 ihren
588 2037 749 2086 erhoͤheten
769 2035 899 2081 Herrn,
932 2044 996 2073 aus
1015 2037 1099 2075 Liebe
1118 2046 1156 2084 zu

157 2084 313 2145 ihm,
353 2102 419 2139 aus
436 2093 529 2144 Eifer
545 2096 601 2144 fuͤr
626 2087 693 2146 die
683 2094 911 2140 Ausbreitung
929 2095 1026 2143 ſeines
1044 2092 1175 2134 Evan⸗
