1693 2604
526 293 603 347 162

660 289 755 337 Von
769 294 837 337 den
852 287 1116 346 Krankheiten,
1143 289 1199 335 die
1214 299 1296 349 von

609 395 729 448 Hiebey
758 397 841 436 kann
873 402 908 435 es
944 395 1008 446 auf
1032 393 1187 445 dreyerley
1214 393 1281 434 Art
1308 393 1463 445 zugehen:

527 450 701 492 Entweder
721 451 769 490 die
784 449 929 490 Materie
946 451 1053 497 ſtocket
1077 461 1141 489 nur
1163 449 1197 488 in
1223 453 1290 487 dem
1314 449 1464 494 zellichten

530 513 669 554 Gewebe
689 517 741 552 der
763 512 892 559 Bruſt,
918 510 1047 558 welches
1072 511 1164 561 ſelten
1184 508 1363 560 geſchiehet;
1390 516 1462 550 oder

531 574 570 623 ſie
587 573 647 621 ſitzt
664 571 738 611 blos
757 573 790 610 in
807 577 864 610 den
879 570 1032 619 Druͤſen,
1060 570 1191 618 welches
1209 568 1293 615 nicht
1308 576 1388 617 ganz
1403 578 1464 608 un⸗

529 615 724 673 gewoͤhnlich
748 624 804 672 iſt;
832 628 905 663 oder
927 631 961 663 es
985 622 1083 662 leiden
1108 622 1200 672 beyde
1220 622 1286 669 jetzt
1307 629 1465 671 genannte

529 682 640 734 Theile
661 682 816 733 zugleich,
852 688 919 723 und
946 684 1040 734 dieſes
1066 672 1179 731 letztere
1204 683 1302 731 pflegt
1325 682 1465 732 mehren⸗

531 740 627 788 theils
650 750 687 786 zu
709 738 880 788 geſchehen.
899 728 994 785 Jn
1018 745 1087 778 dem
1110 740 1223 788 erſtern
1247 738 1333 786 Falle
1348 737 1466 778 nimmt

532 806 578 843 die
599 803 710 849 Bruſt
735 800 950 848 gemeiniglich
980 803 1015 838 in
1040 795 1140 846 ihrem
1164 809 1282 848 ganzen
1306 798 1469 849 Umfange

532 858 601 906 ſehr
623 855 819 902 betraͤchtlich
846 860 910 895 und
936 855 966 905 ſo
991 843 1208 905 gleichfoͤrmig
1233 865 1289 901 zu,
1318 856 1382 902 daß
1401 856 1468 902 ihre

532 911 661 963 Geſtalt
689 912 771 954 keine
792 912 1035 961 Veraͤnderung
1055 901 1173 957 leidet;
1196 919 1229 946 es
1252 912 1339 949 waͤre
1365 917 1466 957 dann,

528 975 597 1025 daß
617 974 672 1024 ſich
689 973 892 1023 verſchiedene
906 973 1006 1018 kleine
1022 971 1286 1023 Eitergeſchwuͤre
1307 975 1342 1010 in
1359 964 1474 1021 derſel⸗

532 1031 594 1071 ben
610 1018 792 1084 bildeten;
812 1022 958 1079 wiewohl
982 1028 1059 1074 auch
1094 1028 1236 1071 alsdann
1274 1028 1321 1067 die
1347 1025 1468 1079 Theile,

533 1082 629 1133 durch
653 1086 763 1133 welche
777 1087 843 1132 jene
860 1088 951 1127 kleine
967 1087 1155 1138 Geſchwuͤre
1170 1094 1236 1123 von
1252 1086 1398 1124 einander
1417 1097 1470 1138 ge⸗

531 1150 656 1180 trennet
670 1142 757 1191 ſind,
781 1141 995 1189 gemeiniglich
1011 1132 1152 1189 zerſtoͤret
1173 1134 1316 1185 werden,
1342 1144 1405 1190 daß
1422 1149 1469 1179 die

532 1186 679 1239 Materie
703 1196 880 1244 zuſammen
904 1195 1015 1249 laufen
1038 1196 1132 1235 kann.
1188 1192 1265 1243 Bey
1288 1199 1380 1243 dieſer
1403 1196 1470 1240 Art

532 1270 600 1300 von
617 1257 829 1306 Geſchwuͤren
851 1259 887 1307 iſt
910 1263 962 1298 der
984 1252 1144 1304 Schmerz
1167 1245 1301 1303 pochend
1324 1248 1388 1295 und
1404 1248 1477 1305 ſehr

533 1317 653 1366 heftig,
676 1317 728 1356 bis
753 1316 792 1365 ſie
816 1322 968 1361 entweder
991 1327 1056 1357 von
1081 1317 1136 1365 ſich
1161 1316 1247 1368 ſelbſt
1271 1304 1470 1366 aufbrechen,

535 1380 608 1416 oder
634 1376 681 1416 die
703 1374 913 1424 Fluctuation
936 1376 967 1415 in
988 1374 1144 1425 denſelben
1161 1374 1192 1424 ſo
1217 1375 1357 1420 merklich
1374 1375 1473 1422 wird,

536 1437 601 1485 daß
626 1447 703 1476 man
727 1435 765 1485 ſie
787 1435 884 1487 oͤfnen
909 1437 1003 1482 kann.
1057 1435 1115 1482 Jn
1138 1438 1205 1474 dem
1233 1442 1365 1483 zweyten
1382 1435 1470 1484 Falle

537 1493 666 1542 ſcheinet
679 1495 724 1533 die
734 1491 842 1543 Bruſt
858 1493 921 1543 hier
938 1497 1002 1532 und
1016 1496 1056 1530 da
1071 1491 1168 1531 voller
1184 1485 1314 1531 Knoten
1330 1502 1368 1538 zu
1385 1493 1476 1541 ſeyn,

534 1551 665 1599 welche,
692 1548 752 1590 wie
771 1555 831 1591 das
847 1543 1011 1606 Anfuͤhlen
1026 1543 1120 1606 leicht
1141 1560 1178 1598 zu
1203 1548 1348 1588 erkennen
1371 1548 1467 1597 giebt,

535 1600 620 1661 nicht
642 1609 737 1654 genau
755 1611 848 1656 unter
857 1606 999 1645 einander
1015 1605 1192 1654 zuſammen
1201 1602 1339 1654 hangen.
1362 1601 1470 1653 Uebri⸗

535 1670 616 1711 gens
639 1664 675 1711 iſt
700 1663 745 1702 die
760 1661 856 1708 Haut
877 1668 929 1702 der
949 1663 1061 1713 Bruſt
1080 1651 1179 1706 nicht
1185 1660 1360 1709 geſpannt,
1387 1653 1477 1710 auch

535 1733 574 1769 zu
590 1706 742 1772 Anfange
754 1725 806 1765 der
810 1715 990 1770 Krankheit
1004 1711 1092 1764 nicht
1104 1710 1315 1776 ſchmerzhaft.
1337 1711 1476 1765 Selten

535 1784 573 1830 iſt
593 1783 629 1830 ſie
645 1780 749 1829 dieſes,
776 1779 807 1828 ſo
826 1778 918 1830 lange
936 1782 980 1820 die
992 1768 1191 1835 Geſchwulſt
1204 1777 1375 1827 zunimmt,
1400 1770 1501 1826 und

535 1849 627 1876 wenn
645 1840 680 1888 ſie
703 1836 813 1887 ſtehet;
836 1838 968 1887 ſondern
992 1849 1055 1876 nur
1070 1835 1231 1883 alsdann,
1260 1845 1353 1874 wenn
1372 1831 1409 1882 ſie
1426 1848 1478 1883 zu

517 1896 630 1937 Ende
643 1885 742 1945 gehet.
774 1894 832 1943 Jn
847 1901 915 1934 dem
931 1897 1044 1935 dritten
1055 1894 1141 1945 Falle
1156 1896 1192 1947 iſt
1218 1881 1264 1936 die
1269 1882 1468 1946 Geſchwulſt

534 1941 696 1998 ungleich,
734 1955 796 1989 und
819 1954 868 1994 die
887 1939 1002 2001 Bruſt
1017 1942 1062 1992 an
1078 1940 1205 2006 einigen
1231 1941 1325 2006 Orten
1355 1942 1479 1999 haͤrter

533 2007 589 2047 als
609 2019 653 2047 an
679 2011 736 2046 den
758 1998 908 2055 andern;
928 2008 989 2047 mit
1009 2000 1085 2048 dem
1099 2005 1272 2056 pochenden
1286 2007 1468 2055 Schmerze

535 2054 609 2102 aber
637 2058 762 2112 verhaͤlt
789 2071 822 2103 es
850 2060 929 2112 ſich,
956 2064 1013 2102 wie
1041 2063 1076 2101 in
1103 2064 1177 2100 dem
1198 2058 1471 2112 vorhergehenden

534 2129 635 2176 Falle.
687 2130 777 2171 Was
794 2133 840 2173 die
856 2115 1029 2176 Eiterung
1040 2112 1177 2176 betrifft,
1203 2116 1239 2176 ſo
1263 2115 1338 2176 geht
1353 2114 1468 2176 ſelbige

1408 2195 1462 2244 in
