1398 2244
416 273 480 319 10

420 366 545 408 Kinder
562 370 625 416 Luſt
649 367 795 420 machen,
820 374 886 408 und
909 377 959 413 ein
973 370 1100 424 Sohn,
1125 381 1178 416 der
1200 383 1276 424 nach

417 420 549 465 gleichen
566 423 669 461 Leiden
685 423 780 465 ſeines
796 424 923 464 Vaters
940 429 994 474 ſich
1011 430 1122 474 ſehnet.

470 474 536 517 Ein
551 474 651 520 Wolf
663 478 698 524 iſt
721 473 770 518 ein
793 476 917 522 Wolf,
927 484 990 517 und
1003 482 1081 529 zeigt
1094 481 1152 530 ſich
1165 483 1277 523 immer

419 522 454 558 in
470 523 566 567 ſeiner
584 521 774 569 natuͤrlichen
795 526 933 574 Geſtalt.
980 531 1082 569 Allein
1106 541 1168 570 wer
1193 533 1277 579 ſollte

416 573 571 620 glauben,
596 576 659 621 daß
681 580 730 616 ein
744 579 848 625 Chriſt
872 583 920 619 ein
945 582 1082 623 Moͤrder
1105 585 1187 631 ſein,
1214 581 1308 631 daß

418 626 466 660 ein
484 623 628 670 Menſch,
645 629 699 665 der
711 629 758 665 die
770 627 920 675 Religion
945 632 999 666 der
1016 631 1096 670 Liebe
1118 634 1274 680 bekennet,

416 672 490 717 doch
514 674 570 713 wie
601 678 661 713 das
685 675 907 727 abſcheulichſte
936 679 1117 729 Raubthier
1146 681 1275 730 wuͤrgen

414 719 537 761 koͤnne
562 722 611 763 Er
634 724 765 768 kannte,
791 725 855 761 und
880 735 971 764 wenn
994 736 1028 763 er
1050 732 1125 772 auch
1151 736 1227 773 noch
1243 735 1273 776 ſo

412 775 580 820 unwißend
606 777 711 822 waͤre,
738 784 799 818 das
824 779 976 830 Geboth,
1000 787 1061 821 das
1075 787 1135 828 die
1157 776 1272 839 Erhal⸗

411 827 491 869 tung
515 827 572 862 des
600 825 876 873 Menſchenlebens
907 841 943 875 zu
972 832 1053 868 einer
1085 832 1117 875 ſo
1145 834 1272 881 theuren

409 877 530 923 Pflicht
545 877 665 923 macht;
692 889 723 915 er
738 880 848 918 kannte
865 885 913 919 die
932 882 1125 931 furchtbaren
1144 881 1274 934 Worte,

409 928 458 962 die
474 928 533 963 wir
548 931 592 966 im
614 938 641 962 1.
658 928 750 974 Moſ.
766 931 850 975 9,6.
868 932 964 976 leſen:
989 934 1072 974 Wer
1088 934 1287 983 Menſchen⸗

408 974 479 1013 blut
502 975 672 1025 vergeußt,
698 981 755 1018 des
777 979 868 1023 Blut
889 983 942 1028 ſoll
964 982 1041 1028 auch
1065 985 1158 1030 durch
1170 986 1272 1027 Men⸗

408 1023 492 1069 ſchen
516 1025 670 1072 vergoßen
694 1030 829 1067 werden.
878 1030 937 1073 Er
962 1033 1073 1072 kannte
1093 1036 1166 1072 oder
1189 1035 1271 1083 ſollte

393 1066 445 1116 ſie
462 1075 534 1114 doch
551 1076 686 1118 kennen,
710 1078 757 1110 die
772 1077 865 1123 große
883 1080 1060 1127 allgemeine
1085 1083 1203 1129 Pflicht
1218 1089 1272 1122 der

406 1123 675 1171 Menſchenliebe,
704 1134 768 1165 von
780 1130 871 1168 deren
890 1125 1066 1179 Erfuͤllung
1086 1138 1148 1171 das
1167 1133 1273 1186 Wohl

404 1179 463 1214 des
488 1177 604 1216 Landes
625 1182 692 1217 und
714 1184 763 1220 die
785 1181 971 1233 Sicherheit
994 1188 1050 1224 der
1071 1183 1271 1237 Geſellſchaft

403 1223 573 1274 abhaͤnget.
609 1227 659 1268 Er
676 1231 787 1269 kannte
805 1234 879 1270 oder
895 1233 979 1279 ſollte
993 1235 1034 1282 ſie
1048 1235 1122 1282 doch
1141 1237 1273 1285 kennen,

403 1282 453 1316 die
470 1280 693 1323 ſchreckenvolle
709 1274 889 1332 Drohung,
915 1285 978 1331 daß
995 1292 1047 1326 der
1065 1287 1270 1339 Todſchlaͤger

400 1325 495 1374 Theil
512 1329 544 1365 in
561 1332 630 1366 dem
652 1328 757 1378 Pfuhl
774 1330 836 1376 ſein
856 1331 987 1378 wuͤrde,
1014 1337 1069 1373 der
1084 1335 1185 1382 Feuer
1205 1341 1271 1378 und

399 1375 565 1421 Schwefel
582 1378 729 1422 brennet,
756 1384 822 1417 und
843 1381 906 1429 daß
923 1384 990 1421 dies
1006 1385 1059 1421 der
1074 1387 1180 1428 andre
1196 1386 1268 1428 Tod

401 1423 462 1468 ſein
480 1429 594 1464 werde.
620 1425 752 1473 Offenb.
771 1432 840 1470 21.
858 1426 900 1481 8.
933 1431 1007 1472 Und
1032 1432 1107 1479 doch
1130 1436 1210 1475 wird
1236 1447 1269 1475 er

402 1476 454 1514 ein
476 1474 616 1516 Mörder
638 1476 733 1521 ſeiner
755 1476 902 1529 Kinder,
926 1483 992 1519 und
1017 1481 1049 1525 ſo
1065 1484 1124 1521 viel
1141 1487 1200 1528 auf
1214 1490 1268 1535 ihn

401 1524 540 1570 ankam,
559 1524 657 1569 ſeines
674 1528 799 1574 eigenen
813 1528 955 1572 Vaters.
1007 1533 1086 1572 Wie
1103 1535 1170 1585 ſehr
1179 1538 1267 1577 uͤber⸗

398 1572 469 1617 traf
488 1584 519 1611 er
543 1578 583 1613 da
610 1586 652 1614 an
665 1575 772 1626 Wuth
786 1583 853 1618 und
877 1577 1102 1627 Grauſamkeit
1125 1588 1269 1631 reißende

397 1625 533 1670 Woͤlfe,
558 1628 606 1666 die
624 1626 707 1664 keine
726 1632 824 1668 andre
839 1631 960 1679 Pflicht
977 1637 1031 1671 der
1048 1634 1268 1684 Selbſterhal⸗

398 1677 478 1718 tung
492 1675 622 1719 kennen,
635 1673 684 1710 die
693 1680 756 1714 von
771 1679 875 1718 keinen
893 1682 1014 1718 andern
1030 1680 1189 1732 Befehlen
1199 1688 1267 1731 wiſ⸗

399 1721 470 1766 ſen,
493 1725 544 1761 als
562 1725 610 1761 die
625 1725 718 1771 ihnen
741 1727 806 1776 ihre
822 1727 1006 1777 Begierden
1023 1729 1133 1779 geben.
1196 1734 1267 1775 Ein

396 1774 496 1819 Wolf
504 1777 604 1822 ſchont
620 1769 727 1826 ſeiner
719 1775 876 1826 Jungen;
902 1779 955 1815 der
975 1780 1163 1835 grauſamſte
1189 1786 1265 1833 Hun⸗

397 1828 453 1862 ger
468 1824 548 1865 wird
572 1822 627 1872 ihn
649 1824 741 1863 kaum
765 1828 862 1876 dahin
882 1826 1011 1876 bringen
1037 1832 1177 1881 koͤnnen,
1207 1836 1264 1880 ſich

399 1874 459 1908 mit
481 1877 566 1921 ihren
589 1874 719 1923 Fleiſche
737 1888 771 1922 zu
789 1879 933 1927 ſaͤttigen.
995 1883 1085 1922 Was
1107 1887 1179 1934 thut
1195 1886 1265 1930 hin⸗

397 1930 497 1969 gegen
526 1931 586 1965 das
606 1932 638 1970 in
655 1927 770 1977 Feßeln
795 1931 917 1981 ſitzende
939 1932 1136 1983 moͤrderiſche
1157 1936 1266 1982 Unge⸗

1142 1992 1266 2032 heuer?
