1623 2428
596 498 730 545 „groſes
745 497 824 546 Feld
837 497 888 537 ein
904 504 969 539 und
983 499 1094 550 ſtellete
1107 501 1164 550 ſich
1179 502 1215 541 in
1229 502 1318 541 einen
1327 499 1468 550 Bogen,

597 559 740 592 „wovon
769 553 828 586 das
857 547 1063 603 preuſiſche
1084 551 1216 604 Lager
1248 556 1296 593 die
1321 554 1465 597 Schnur

597 604 754 646 „machte.
804 602 876 644 Die
888 604 1004 643 Armee
1024 605 1109 643 ruͤkte
1124 607 1159 643 in
1173 605 1287 654 ſolcher
1299 605 1479 653 Ordnung

596 663 683 698 „an,
717 657 757 692 da
780 655 957 705 immittelſt
984 657 1034 696 ein
1056 658 1237 708 preuſiſches
1260 659 1372 708 Corps
1400 659 1468 701 Ca⸗

597 707 749 752 „vallerie
765 709 800 747 in
815 708 1127 758 Schlachtordnung
1143 709 1203 757 auf
1216 713 1330 760 unſern
1347 714 1468 757 rechten

597 761 741 810 „Fluͤgel
759 763 910 809 anrukte,
950 765 1083 809 welches
1105 767 1155 805 die
1173 764 1382 818 kaiſerliche
1397 768 1469 808 Ca⸗

596 811 768 856 „vallerie,
795 812 906 855 welche
924 813 1032 853 weiter
1050 819 1194 858 voraus,
1223 814 1276 853 als
1294 816 1341 854 die
1354 820 1468 855 andere

596 872 712 908 „war,
736 866 927 912 attaquirte.
978 868 1054 909 Der
1075 870 1150 916 erſte
1161 867 1290 917 Angrif
1310 879 1382 908 war
1399 874 1468 909 uns

597 915 769 959 „gluͤklich.
845 916 919 956 Die
946 914 1154 966 preuſiſche
1179 907 1362 960 Cavallerie
1392 920 1469 960 aber

598 966 721 1009 „ſchlos
736 969 793 1014 ſich
809 969 923 1007 wieder
942 970 977 1006 in
994 982 1016 1005 2
1033 970 1214 1013 Minuten,
1242 970 1312 1007 kam
1327 970 1390 1017 auf
1402 976 1468 1010 uns

596 1016 714 1058 „zuruͤk
730 1021 798 1053 und
811 1017 957 1062 noͤthigte
976 1019 1024 1054 die
1037 1017 1246 1066 kaiſerliche
1263 1029 1301 1063 zu
1317 1019 1469 1062 weichen.

596 1065 699 1111 „Der
708 1065 887 1112 Vorhang
904 1067 956 1102 ris
966 1067 1086 1109 endlich
1101 1066 1182 1113 auf,
1208 1070 1277 1105 und
1298 1077 1378 1108 man
1397 1069 1472 1117 ſahe

597 1113 683 1164 „auf
694 1119 747 1154 der
753 1114 890 1168 Anhoͤhe
903 1117 969 1154 eine
977 1117 1103 1165 Armee,
1121 1117 1232 1161 welche
1253 1123 1301 1157 der
1305 1114 1471 1168 Horizont

594 1175 685 1211 „uns
701 1165 877 1219 verborgen
891 1167 1051 1219 gehalten,
1067 1170 1101 1210 in
1119 1175 1172 1212 der
1187 1171 1287 1223 beſten
1300 1172 1469 1223 Ordnung

594 1220 684 1269 „auf
697 1228 763 1260 uns
780 1222 1028 1273 anmarſchiren.
1079 1224 1195 1275 Unſere
1210 1224 1381 1277 Anſtalten
1402 1236 1472 1267 wa⸗

593 1285 671 1317 „ren
693 1277 771 1319 noch
796 1276 882 1320 nicht
908 1278 1081 1326 gemacht,
1133 1281 1181 1319 die
1202 1279 1382 1321 Batterien
1414 1287 1470 1326 zur

591 1328 762 1373 „Rechten
798 1335 864 1369 und
896 1330 1005 1370 Linken
1041 1332 1214 1381 verſtoͤrten
1245 1341 1340 1373 uns:
1393 1334 1468 1376 Sie

589 1389 725 1423 „waren
743 1380 819 1418 eben
831 1381 862 1430 ſo
879 1381 1034 1430 geſtellet,
1059 1382 1113 1425 als
1128 1392 1224 1422 wenn
1242 1394 1322 1423 man
1334 1385 1392 1431 ſich
1406 1385 1469 1425 mit

592 1437 686 1475 „dem
707 1431 839 1482 Koͤnige
865 1440 932 1472 von
950 1431 1117 1485 Preuſen
1148 1435 1227 1478 uͤber
1245 1441 1306 1475 das
1328 1436 1467 1487 Project

591 1489 683 1528 „von
705 1482 829 1527 unſerm
848 1475 999 1532 Angriffe
1023 1484 1205 1526 verabredet
1224 1485 1328 1536 haͤtte.
1380 1488 1467 1529 Das

592 1535 796 1585 „Regiment
812 1546 877 1576 von
891 1540 1077 1586 Piemont
1096 1541 1184 1587 ſtelte
1197 1541 1255 1587 ſich
1277 1540 1341 1580 mit
1356 1539 1469 1588 aufge⸗

592 1585 777 1633 „pflanzten
796 1586 1015 1635 Bajonetten,
1043 1602 1061 1626 2
1071 1589 1250 1630 Batterien
1266 1591 1342 1631 aber
1355 1592 1468 1633 brach⸗

591 1645 667 1684 „ten
695 1641 824 1689 daſſelbe
845 1642 881 1682 in
903 1643 951 1681 die
971 1641 1072 1691 groͤſte
1095 1645 1317 1693 Unordnung,
1345 1646 1417 1692 daß
1431 1650 1468 1684 es

591 1691 670 1737 „ſich
687 1691 790 1738 ſofort
810 1692 874 1740 auf
884 1694 930 1731 die
952 1700 1003 1730 2te
1017 1691 1098 1731 Linie
1120 1693 1216 1742 zuruͤk
1232 1697 1336 1743 ziehen
1353 1687 1469 1743 muſte.

590 1746 733 1792 „Dieſes
755 1757 827 1784 war
848 1746 906 1794 fuͤr
930 1748 977 1785 die
997 1753 1093 1795 ganze
1111 1748 1228 1789 Armee
1249 1754 1311 1787 das
1326 1748 1466 1799 Signal

591 1806 670 1841 „zur
688 1797 820 1844 Flucht.
869 1801 970 1849 Dieſe
992 1803 1099 1839 wurde
1126 1800 1299 1848 algemein.
1352 1803 1466 1852 Unſere

589 1845 781 1890 „Generals
803 1847 915 1896 thaten
936 1849 1016 1886 alles
1038 1848 1210 1898 moͤgliche,
1237 1847 1331 1896 ſolche
1342 1862 1380 1899 zu
1393 1860 1466 1889 ver⸗

590 1900 762 1946 „hindern.
812 1903 889 1944 Der
902 1901 1008 1951 Prinz
1029 1911 1097 1942 von
1111 1899 1285 1954 Soubiſe
1305 1905 1392 1956 ſtelte
1404 1906 1462 1955 ſich

592 1940 658 1990 „an
682 1950 730 1986 die
750 1948 866 1997 Spitze
887 1952 975 1988 eines
996 1950 1299 1999 Cavalleriecorps,
1336 1952 1406 2000 grif
1424 1961 1463 2002 zu

592 2001 850 2051 „verſchiedenen
866 2001 973 2044 malen
986 2013 1042 2054 an,
1069 2006 1136 2046 und
1151 2007 1308 2054 exponirte
1321 2009 1377 2058 ſich
1391 2013 1462 2045 dem
