1802 2754
444 413 521 482 II.
521 413 753 482 Beſondere
753 413 1109 482 Krankheitslehre.

1191 431 1281 482 297

277 525 381 566 rung,
398 523 463 558 und
482 518 561 557 viele
576 523 690 557 andere
707 521 805 569 daher
819 522 1057 569 entſpringende
1067 523 1173 561 Uebel.
1210 526 1284 564 Aus

278 572 374 613 dieſer
388 571 508 614 Quelle
528 571 633 615 fließet
655 573 801 611 uͤberdies
823 578 898 617 noch
922 564 1090 620 Ueberfluß
1109 581 1161 612 der
1175 575 1284 624 Saͤfte

276 626 329 670 (§.
357 626 486 673 385.),
527 628 778 675 Vollbluͤtigkeit
807 629 859 677 (§.
886 629 995 674 387.)
1036 634 1101 667 und
1134 627 1281 677 Fettſeyn

277 672 330 717 (§.
352 677 485 723 394.),
511 677 619 721 welche
637 680 695 714 den
714 677 805 723 feſten
816 680 947 727 Theilen
972 682 1062 723 durch
1081 681 1145 727 ihre
1156 679 1282 727 Menge

278 724 375 775 laͤſtig
393 730 528 766 werden.
591 728 662 771 Auf
684 731 762 773 dieſe
783 729 1022 778 Vielſaftigkeit
1039 731 1120 778 folgt
1137 730 1211 768 bald
1233 736 1283 769 ein

278 778 524 824 Schleim⸗(§.
538 778 647 823 283.)
665 783 729 816 und
740 781 999 830 Waſſervorrath
1044 790 1069 816 (§.
1082 782 1210 826 287.),
1230 787 1284 820 der

278 832 337 868 den
356 843 474 878 ganzen
494 830 621 875 Koͤrper
645 832 805 879 angreift,
836 838 884 872 die
905 834 996 881 feſten
1018 837 1128 885 Theile
1147 837 1282 881 ſchlapp,

279 883 373 925 weich
391 887 458 919 und
476 879 612 928 biegſam
627 883 677 926 (§.
700 882 784 918 160.
806 885 911 926 162.)
936 886 1057 927 macht,
1087 888 1135 921 die
1154 886 1282 924 Lebens⸗

278 934 360 982 kraſt
380 938 436 981 (§.
456 934 537 981 196.
557 935 658 982 198.)
677 938 834 980 mindert,
860 941 908 975 die
920 937 1136 983 Nervenkraft
1151 940 1283 985 zernich⸗

279 990 341 1027 tet,
369 990 434 1023 und
458 983 834 1032 Waſſeranſammlung,
858 985 1167 1035 Aufgedunſenheit,
1192 999 1283 1024 man⸗

277 1039 394 1084 cherley
411 1038 680 1086 Waſſerſuchten,
699 1036 872 1088 Traͤgheit,
888 1038 1114 1086 abgeſtumpfte
1133 1041 1282 1088 Empfin⸗

277 1093 389 1135 dung,
429 1089 743 1136 Unempfindlichkeit
774 1096 839 1129 und
869 1091 984 1139 voͤllige
1023 1092 1281 1142 Unterdruͤckung

277 1141 354 1179 aller
373 1136 542 1187 Geſchaͤfte
560 1140 636 1183 nach
656 1126 711 1189 ſich
730 1139 838 1189 ziehet.

701 1236 732 1287 §.
787 1247 871 1285 515.

372 1304 444 1346 Die
453 1300 888 1357 Dauungswerkzeuge
904 1304 1003 1343 leiden
1019 1304 1119 1348 dabey
1137 1317 1191 1346 am
1207 1308 1279 1345 mei⸗

274 1348 356 1399 ſten,
382 1362 472 1388 wenn
494 1353 597 1400 zumal
614 1347 674 1393 der
693 1354 853 1394 Unterleib
878 1356 968 1398 beym
986 1354 1100 1395 Sitzen
1119 1357 1282 1395 vorwaͤrts

273 1406 594 1456 zuſammengedruͤckt
609 1414 708 1452 wird,
726 1416 791 1448 und
809 1414 858 1448 die
867 1410 992 1457 Menge
1005 1417 1070 1448 und
1079 1411 1283 1459 Beſchaffen⸗

271 1457 339 1505 heit
355 1463 407 1495 der
416 1456 706 1507 Nahrungsmittel
719 1462 778 1497 mit
794 1464 865 1497 dem
880 1461 1028 1506 muͤßigen
1042 1462 1132 1500 Leben
1142 1466 1224 1506 nicht
1236 1466 1282 1499 im

274 1517 493 1567 Verhaͤltniße
508 1520 614 1567 ſtehet.
664 1518 792 1566 Jndem
812 1519 891 1565 dieſe
908 1518 1067 1567 Organen
1088 1523 1171 1564 nicht
1187 1524 1281 1566 durch

273 1570 510 1616 angeſtrengtes
535 1565 668 1622 Athmen,
698 1573 781 1616 nicht
798 1574 891 1615 durch
902 1571 1074 1618 aͤußerliche
1084 1574 1280 1619 Bewegung

274 1623 339 1656 und
365 1619 616 1668 Erſchuͤtterung
642 1621 821 1666 unterſtuͤtzt
847 1625 991 1665 werden,
1026 1623 1057 1664 ſo
1085 1623 1176 1667 gehet
1201 1626 1280 1660 alles

272 1667 438 1712 langſam,
463 1663 523 1716 die
532 1666 677 1715 Speiſen
699 1662 822 1708 werden
842 1669 1095 1709 unvollkommen
1114 1675 1279 1713 verdauet,

272 1718 377 1764 ſpaͤter
391 1719 634 1767 fortgetrieben,
663 1723 756 1763 durch
783 1727 841 1759 den
866 1719 981 1768 langen
1010 1723 1201 1769 Aufenthalt
1223 1734 1279 1770 zur

271 1771 480 1813 Verderbniß
497 1773 648 1819 geneigt,
671 1772 721 1807 die
736 1779 833 1819 guten
843 1763 1009 1824 Theilchen
1029 1775 1111 1817 nicht
1129 1774 1277 1823 hinlaͤng⸗

271 1826 328 1866 lich
355 1823 550 1871 ausgeſogen
575 1828 640 1861 und
667 1826 840 1873 gereinigt,
874 1832 938 1864 und
961 1832 1013 1863 der
1033 1829 1158 1875 Unrath
1184 1820 1278 1875 ange⸗

270 1880 426 1925 ſammlet.
480 1880 624 1921 Daraus
645 1881 800 1930 entſtehen
820 1883 944 1923 allerley
963 1882 1076 1928 Fehler
1096 1887 1151 1921 des
1168 1883 1276 1930 Spei⸗

270 1915 415 1975 ſeſaftes,
442 1927 499 1973 (§.
527 1928 791 1973 323. — 332.)
831 1930 1027 1975 Aufſtoßen,
1059 1927 1277 1981 Blaͤhungen,

268 1981 447 2027 Kraͤmpfe,
474 1981 595 2030 Angſt,
622 1982 844 2031 Verſtopfung
861 1987 921 2020 mit
940 1983 1124 2030 Auftreiben
1145 1992 1201 2024 des
1215 1988 1276 2027 Lei⸗

239 2036 348 2081 bes,
377 2037 550 2084 Mangel
555 2032 595 2080 an
611 2036 763 2082 Appetit,
798 2039 979 2085 Schwaͤche
1006 2045 1059 2077 der
1083 2040 1273 2087 Dauungs⸗

269 2085 464 2135 werkzeuge,
488 2087 748 2133 Unwirkſamkeit
768 2095 832 2128 und
846 2089 993 2134 vielfache
1009 2091 1203 2138 Ausartung
1222 2095 1276 2127 der

269 2137 543 2188 Dauungsſaͤfte,
580 2140 801 2190 Verſtopfung
829 2145 881 2181 der
908 2139 1193 2190 Gekroͤsgefaͤße,
1201 2142 1277 2190 und

268 2188 435 2237 unzaͤhlige
456 2196 571 2230 andere
593 2192 698 2231 Uebel.
758 2194 937 2239 Außerdem
960 2192 1044 2232 kann
1072 2197 1120 2232 die
1146 2195 1273 2240 Menge

253 2222 324 2269 der
342 2234 472 2281 Saͤfte,
506 2241 615 2273 welche
636 2239 690 2279 ſich
716 2239 748 2271 in
774 2239 874 2281 dieſen
898 2238 1126 2284 Eingeweiden
1146 2243 1274 2283 aufhal⸗

269 2297 342 2338 ten,
363 2297 446 2340 nicht
474 2297 568 2341 durch
584 2286 695 2343 eigene
711 2292 827 2342 Kraͤfte
850 2296 969 2341 allein,
995 2299 1076 2345 ohne
1098 2296 1273 2344 aͤußerliche

790 2356 844 2401 T
844 2356 886 2401 5

1182 2353 1285 2393 Mit⸗
