2458 2894
824 538 927 609 lieb
963 534 1159 614 hatte,
1221 528 1318 603 der
1356 528 1496 616 auch
1533 542 1614 604 an
1650 524 1816 615 ſeiner
1850 527 2040 613 Bruſt
2085 539 2185 600 am

822 625 1215 715 Abend⸗Eſſen
1226 625 1441 713 gelegen
1463 636 1609 706 war,
1628 621 1746 698 und
1764 617 1978 705 geſaget
1996 622 2184 706 hatte:

829 714 1115 808 HERR,
1127 774 1242 793 wer
1264 760 1485 805 iſts,
1399 748 1490 793 der
1504 760 1623 801 dich
1636 749 1902 796 verraͤth?
1944 708 2050 786 Da
2067 703 2187 797 Pe⸗

833 819 967 887 trus
1013 813 1188 892 dieſen
1229 809 1381 892 ſahe,
1425 809 1619 891 ſpricht
1657 806 1734 867 er
1757 798 1841 882 zu
1877 806 2189 892 JESU:

833 909 1118 984 HERR,
1137 908 1265 971 was
1283 902 1379 981 ſoll
1398 908 1518 972 aber
1544 891 1761 983 dieſer?
1761 901 1978 982 JEſus
1995 895 2191 982 ſpricht

830 1010 900 1075 zu
922 992 1069 1073 ihm:
1131 994 1244 1066 So
1264 994 1341 1073 ich
1363 994 1515 1071 will,
1557 990 1671 1073 daß
1691 1006 1748 1059 er
1770 991 1964 1067 bleibe,
2007 985 2095 1074 biß
2111 987 2189 1067 ich

838 1080 1078 1164 komme,
1135 1076 1266 1152 was
1298 1073 1454 1162 gehet
1489 1078 1550 1146 es
1573 1076 1690 1162 dich
1715 1087 1828 1148 an:
1905 1072 2074 1158 Folge
2110 1072 2190 1147 du

833 1175 948 1243 mir
978 1170 1134 1251 nach.
1224 1169 1340 1245 Da
1369 1167 1543 1252 gieng
1558 1168 1675 1240 eine
1692 1166 1854 1241 Rede
1882 1167 1995 1235 aus
2023 1169 2223 1236 unter

834 1267 940 1330 den
960 1261 1275 1333 Bruͤdern:
1323 1257 1532 1342 Dieſer
1551 1253 1797 1343 Juͤnger
1821 1256 2003 1342 ſtirbet
2030 1256 2192 1333 nicht.

837 1352 960 1419 Und
997 1341 1229 1427 JEſus
1251 1346 1443 1424 ſprach
1466 1345 1617 1427 nicht
1633 1359 1702 1430 zu
1728 1342 1877 1429 ihm,
1918 1357 1978 1417 er
2012 1341 2196 1430 ſtirbet

833 1431 1009 1516 nicht,
1055 1427 1324 1512 ſondern,
1336 1418 1388 1508 ſo
1414 1418 1499 1511 ich
1508 1421 1655 1511 will,
1693 1416 1785 1515 daß
1810 1430 1863 1507 er
1885 1424 2077 1507 bleibe,
2101 1422 2197 1507 biß

833 1524 917 1607 ich
938 1516 1181 1604 komme,
1227 1509 1322 1589 was
1367 1516 1531 1601 gehet
1564 1522 1621 1586 es
1641 1520 1762 1599 dich
1782 1510 1901 1587 an?
1969 1514 2112 1604 Diß
2133 1519 2195 1597 iſt

833 1607 928 1684 der
957 1591 1200 1701 Juͤnger,
1222 1601 1310 1679 der
1343 1601 1427 1681 von
1456 1578 1631 1694 dieſen
1668 1586 1843 1693 Dingen
1872 1597 2060 1685 zeiget,
2073 1598 2196 1672 und

832 1707 936 1789 hat
956 1706 1062 1789 diß
1078 1702 1444 1789 geſchrieben,
1456 1700 1574 1778 und
1585 1704 1703 1779 wir
1716 1696 1921 1788 wiſſen,
1943 1698 2065 1785 daß
2086 1698 2199 1786 ſein

835 1797 1098 1885 Zeugniß
1109 1792 1594 1878 wahrhafftig iſt.

972 2000 1071 2080 Es
1106 1996 1232 2085 ſind
1262 1968 1413 2089 auch
1437 1973 1564 2070 viel
1594 1987 1801 2087 andere
1828 1984 2074 2081 Dinge,
2113 1999 2203 2067 die

834 2097 1059 2198 JEſus
1073 2097 1283 2185 gethan
1305 2078 1435 2183 hat,
1458 2075 1644 2182 welche,
1682 2090 1753 2184 ſo
1754 2080 1830 2189 ſie
1838 2092 2024 2185 ſolten
2042 2091 2204 2170 eines

825 2187 973 2280 nach
989 2184 1117 2268 dem
1131 2184 1355 2269 andern
1367 2166 1699 2275 geſchrieben
1711 2181 1952 2272 werden,
1960 2176 2091 2272 acht
2102 2177 2205 2265 ich,
