1647 2390
538 412 669 460 deckung
684 415 749 453 und
765 414 841 465 ohne
855 416 1073 467 Bekleidung,
1098 419 1158 467 auf
1175 421 1242 463 eine
1262 422 1396 466 Stunde
1412 426 1476 467 und

537 463 657 512 laͤnger,
675 473 764 505 unter
772 466 870 516 Huͤlfe
884 480 1023 510 warmen
1036 472 1209 520 Getraͤnks,
1224 485 1295 522 zum
1304 476 1479 527 Schweiß:

536 516 666 567 hernach
689 517 759 566 laſſe
780 531 856 559 man
879 524 934 571 ſich
956 524 1155 573 abtrucknen,
1177 529 1240 566 und
1256 530 1316 569 mit
1330 530 1475 578 ſaͤuerlich

535 568 745 617 angenehmen
770 571 912 613 Getraͤnk
944 577 1009 615 und
1037 574 1155 624 einigen
1179 578 1301 623 leichten
1324 579 1476 629 Speiſen,

534 627 598 659 von
618 620 715 668 Obſt,
732 632 763 659 u.
774 625 804 660 d.
815 634 845 670 g.
864 627 935 663 oder
950 626 1031 665 einer
1049 626 1171 668 duͤnnen
1187 628 1392 680 Fleiſchſuppe
1415 632 1475 673 mit

535 670 688 712 Citronen
704 676 774 711 oder
790 673 926 713 Limonen
949 679 1147 724 angemacht,
1169 679 1334 728 erquicken.
1382 683 1473 730 Falls

534 723 591 770 bey
606 729 675 765 dem
694 725 866 774 Erbrechen
881 728 945 769 kein
961 729 1071 780 Stuhl
1083 732 1234 782 geweſen,
1256 734 1286 777 ſo
1307 735 1377 781 laſſe
1398 746 1473 776 man

533 772 590 821 ſich
608 776 654 814 ein
676 775 804 824 Kliſtier
824 787 886 818 von
901 780 1137 832 Milchmolken,
1157 785 1206 823 die
1224 781 1304 827 nicht
1322 796 1357 833 zu
1374 786 1472 834 ſauer,

531 826 604 863 oder
619 834 683 864 von
697 830 749 866 der
764 827 822 866 mit
841 827 896 874 Laf
913 832 1070 880 gemacht,
1092 835 1151 872 mit
1165 834 1325 877 Kamillen
1341 836 1473 888 gekocht,

531 877 597 913 und
621 882 721 915 etwas
740 876 905 926 geſalzener
927 882 1050 922 Butter
1072 883 1242 933 zugethan,
1263 882 1472 935 beybringen:

531 931 604 968 oder
620 939 681 967 nur
695 938 756 970 von
769 931 875 978 Milch
893 932 1048 979 gekochte;
1066 936 1194 979 ſtaͤrkere
1207 937 1315 977 dienen
1331 939 1422 979 nicht.

604 982 639 1024 §.
663 992 715 1027 39.
767 984 883 1025 Wann
897 997 974 1025 man
989 987 1045 1034 ſich
1058 988 1220 1039 innerhalb
1235 992 1308 1038 fuͤnf
1318 994 1379 1033 bis
1389 993 1471 1041 ſechs

527 1030 703 1079 Stunden,
724 1033 799 1079 nach
814 1037 884 1076 dem
902 1036 1058 1087 Schweiß
1072 1039 1207 1088 erholet,
1230 1041 1303 1086 doch
1316 1044 1381 1090 daß
1394 1054 1469 1084 man

527 1079 584 1129 ſich
604 1080 702 1129 dabey
718 1091 774 1123 vor
792 1088 864 1124 dem
885 1085 1007 1134 Schlaf
1020 1088 1160 1136 gehuͤtet,
1184 1092 1254 1129 weil
1274 1094 1385 1138 ſolches
1406 1099 1469 1134 das

524 1130 606 1168 dicke
615 1130 706 1170 Blut
713 1143 748 1178 zu
763 1133 825 1169 viel
837 1134 911 1175 nach
925 1138 997 1174 dem
1005 1136 1118 1182 Haupt
1126 1139 1224 1182 locket,
1239 1138 1310 1184 laſſe
1322 1150 1396 1178 man
1412 1144 1467 1192 ſich

524 1180 664 1216 abermal
671 1183 727 1215 den
736 1181 799 1218 Leib
807 1181 1026 1230 abreiben,
983 1182 1030 1231 und
1034 1193 1128 1223 wann
1139 1187 1185 1226 die
1184 1185 1379 1230 Veſicatoria
1399 1185 1475 1241 Bla⸗

523 1230 573 1276 ſen
590 1239 732 1278 gezogen,
747 1232 841 1279 ſolche
855 1233 961 1285 oͤfnen,
973 1238 1039 1276 und
1053 1245 1153 1278 etwas
1160 1239 1468 1293 Froſchleichpflaſter

521 1280 681 1329 auflegen;
708 1281 845 1323 alsdann
866 1282 939 1325 aber
961 1297 1003 1326 an
1032 1290 1090 1327 den
1112 1288 1227 1329 Enden
1249 1295 1309 1330 der
1335 1294 1464 1335 Waden

520 1340 604 1378 zwey
621 1341 696 1370 neue
708 1331 903 1372 Veſicatoria
919 1334 1016 1387 legen,
1032 1338 1096 1377 und
1105 1345 1199 1379 wann
1212 1339 1288 1388 auch
1302 1342 1380 1389 dieſe
1390 1348 1466 1392 drey

520 1385 680 1428 Stunden
699 1386 773 1434 lang
789 1387 929 1438 gelegen,
951 1388 983 1437 ſo
1005 1391 1079 1441 gehe
1100 1404 1178 1434 man
1190 1395 1304 1437 wieder
1318 1397 1377 1439 mit
1392 1401 1467 1440 dem

518 1436 713 1479 Diaſcordio
730 1442 789 1478 wie
802 1442 932 1491 vorher,
958 1445 1023 1482 und
1039 1444 1072 1482 in
1093 1444 1190 1485 einem
1212 1446 1359 1495 gleichem
1380 1450 1465 1491 Ver⸗

518 1488 636 1540 halten,
653 1501 695 1529 an
709 1495 769 1532 das
785 1492 980 1544 Schwitzen:
1002 1497 1076 1542 doch
1090 1508 1149 1538 nur
1170 1501 1233 1540 mit
1239 1500 1463 1553 Einnehmung

517 1541 604 1580 eines
619 1541 803 1588 Quentchen
823 1552 899 1583 vom
918 1542 1111 1586 Diaſcordio
1131 1552 1196 1588 und
1220 1547 1364 1599 funfzehn
1379 1552 1464 1592 Tro⸗

516 1591 589 1641 pfen
597 1597 652 1633 der
660 1594 780 1646 Eſſenz.
808 1596 921 1638 Wann
936 1599 1031 1648 dieſer
1039 1599 1196 1654 Schweiß
1211 1602 1336 1652 vorbey,
1346 1603 1375 1650 ſo
1384 1605 1463 1654 muß

515 1645 615 1695 zwoͤlf
625 1643 780 1688 Stunden
796 1648 869 1697 lang
891 1648 1081 1701 eingehalten
1102 1655 1244 1703 werden,
1267 1655 1301 1695 in
1323 1656 1463 1702 welchen,

514 1703 612 1736 wann
625 1702 684 1734 des
697 1697 845 1740 Kranken
854 1698 967 1749 Haupt
973 1698 1055 1747 nicht
1070 1714 1128 1751 gar
1141 1704 1253 1753 ſchwer
1267 1706 1319 1755 iſt,
1330 1707 1399 1756 ihm
1411 1709 1462 1748 ein

513 1744 706 1793 Stuͤndchen
720 1758 791 1795 zum
803 1749 929 1798 Schlaf
938 1752 1106 1801 vergoͤnnet
1120 1758 1242 1795 werden
1257 1756 1336 1804 kan,
1360 1758 1462 1799 damit

513 1799 548 1839 in
565 1798 750 1850 demſelben,
767 1804 816 1842 die
833 1804 967 1854 Natur,
991 1809 1041 1847 die
1061 1807 1193 1849 Nerven
1217 1810 1365 1857 geſtaͤrket
1384 1824 1462 1852 wer⸗

511 1851 584 1894 den,
601 1851 705 1890 davon
719 1859 794 1888 man
807 1853 883 1899 nach
896 1858 968 1895 dem
981 1854 1106 1904 Schlaf
1123 1860 1174 1899 die
1194 1858 1381 1910 Erfahrung
1401 1861 1460 1908 ha⸗

511 1898 570 1936 ben
585 1901 686 1937 wird:
707 1908 782 1941 man
798 1902 912 1949 erhalte
933 1904 972 1950 ſie
985 1912 1049 1945 nun,
1091 1906 1162 1943 oder
1179 1908 1294 1956 erhalte
1313 1910 1352 1956 ſie
1366 1907 1460 1959 nicht,

509 1950 542 1996 ſo
557 1952 634 1999 muß
649 1962 723 1991 man
740 1956 798 1992 den
819 1952 1067 2007 Schwitzproceß
1087 1967 1158 2006 zum
1181 1961 1294 2001 dritten
1316 1960 1384 2000 mal
1399 1963 1459 2005 mit

507 2001 609 2041 einem
622 2001 794 2052 Quentgen
803 2001 976 2055 Diaſcord.
990 2008 1199 2060 vornehmen,
1220 2018 1257 2051 es
1270 2011 1355 2054 waͤre
1370 2014 1460 2054 dann
