<?xml version='1.0' encoding='utf-8'?>
<PcGts xmlns="http://schema.primaresearch.org/PAGE/gts/pagecontent/2019-07-15" xmlns:xsi="http://www.w3.org/2001/XMLSchema-instance" pcGtsId="PAGE_01" xsi:schemaLocation="http://schema.primaresearch.org/PAGE/gts/pagecontent/2019-07-15 http://schema.primaresearch.org/PAGE/gts/pagecontent/2019-07-15/pagecontent.xsd">
  <Metadata>
    <Creator>OCR-D DFG Phase III</Creator>
    <Created>2024-01-19T13:08:43Z</Created>
    <LastChange>2024-01-19T13:08:43Z</LastChange>
    <Comments>ODEM: OCR-D extension for mass digitization (2021-2024)</Comments>
  </Metadata>
  <Page imageFilename="MAX/urn+nbn+de+gbv+3+1-487178-p0308-5_ger.png" imageWidth="1720" imageHeight="2577" type="content" primaryLanguage="German">
    <Border>
      <Coords points="143,189 152,2499 1622,2493 1622,217"/>
    </Border>
    <ReadingOrder>
      <OrderedGroup id="ro_1674124890108" caption="Regions reading order">
        <RegionRefIndexed index="0" regionRef="TextRegion_1674124580736_5406"/>
        <RegionRefIndexed index="1" regionRef="TextRegion_1674124580736_5405"/>
        <RegionRefIndexed index="2" regionRef="region0007"/>
        <RegionRefIndexed index="3" regionRef="region0008"/>
        <RegionRefIndexed index="4" regionRef="region0009"/>
        <RegionRefIndexed index="5" regionRef="region0011"/>
      </OrderedGroup>
    </ReadingOrder>
    <TextRegion orientation="-0.62642944" type="page-number" readingDirection="left-to-right" id="TextRegion_1674124580736_5406" custom="readingOrder {index:0;} structure {type:page-number;}">
      <Coords points="540,346 640,346 640,415 540,415"/>
      <TextLine id="line_1674124580783_5409" custom="readingOrder {index:0;}">
        <Coords points="541,356 609,347 640,346 640,411 591,412 540,408"/>
        <Baseline points="540,398 640,398"/>
        <Word id="region0006_line0001_word0000" custom="readingOrder {index:0;}">
          <Coords points="546,361 627,362 626,405 545,404"/>
          <TextEquiv conf="0.9100349">
            <Unicode>288</Unicode>
          </TextEquiv>
        </Word>
        <TextEquiv conf="0.9141128">
          <Unicode>288</Unicode>
        </TextEquiv>
      </TextLine>
      <TextEquiv>
        <Unicode>288 Dritt. Abſchn. Zweyt. Kap. 1. Abtheil.</Unicode>
      </TextEquiv>
    </TextRegion>
    <TextRegion orientation="-0.62642944" type="header" readingDirection="left-to-right" id="TextRegion_1674124580736_5405" custom="readingOrder {index:1;} structure {type:header;}">
      <Coords points="640,346 1512,346 1512,415 640,415"/>
      <TextLine id="line_1674124580783_5408" custom="readingOrder {index:0;}">
        <Coords points="640,346 915,346 938,351 948,347 1029,347 1055,353 1082,354 1159,346 1191,346 1237,355 1263,355 1343,347 1396,348 1420,351 1431,346 1440,346 1447,353 1463,354 1470,348 1481,348 1498,349 1504,354 1512,354 1511,410 1444,409 1439,414 1417,415 1415,409 1295,406 1238,408 1232,415 1218,415 1213,409 1166,408 1101,409 1094,414 1076,414 1074,408 985,413 914,406 908,414 893,415 888,407 881,407 875,415 864,415 858,407 640,411"/>
        <Baseline points="640,398 1511,400"/>
        <Word id="region0006_line0001_word0001" custom="readingOrder {index:0;}">
          <Coords points="790,350 650,349 649,410 789,408"/>
          <TextEquiv conf="0.9168985">
            <Unicode>Dritt.</Unicode>
          </TextEquiv>
        </Word>
        <Word id="region0006_line0001_word0002" custom="readingOrder {index:1;}">
          <Coords points="986,352 822,350 821,408 858,407 864,415 875,415 881,407 888,407 893,415 908,414 914,406 985,413 985,413"/>
          <TextEquiv conf="0.9168985">
            <Unicode>Abſchn.</Unicode>
          </TextEquiv>
        </Word>
        <Word id="region0006_line0001_word0003" custom="readingOrder {index:2;}">
          <Coords points="1011,353 1010,411 1074,408 1076,414 1094,414 1101,409 1147,408 1148,354 1086,353 1082,354 1065,353"/>
          <TextEquiv conf="0.8936798">
            <Unicode>Zweyt.</Unicode>
          </TextEquiv>
        </Word>
        <Word id="region0006_line0001_word0004" custom="readingOrder {index:3;}">
          <Coords points="1259,359 1174,358 1173,408 1213,409 1217,414 1232,414 1238,408 1258,407"/>
          <TextEquiv conf="0.9250238">
            <Unicode>Kap.</Unicode>
          </TextEquiv>
        </Word>
        <Word id="region0006_line0001_word0005" custom="readingOrder {index:4;}">
          <Coords points="1296,374 1326,374 1325,406 1295,406"/>
          <TextEquiv conf="0.9181271">
            <Unicode>1.</Unicode>
          </TextEquiv>
        </Word>
        <Word id="region0006_line0001_word0006" custom="readingOrder {index:5;}">
          <Coords points="1508,365 1341,363 1340,407 1415,409 1417,415 1439,414 1444,409 1507,409"/>
          <TextEquiv conf="0.9181271">
            <Unicode>Abtheil.</Unicode>
          </TextEquiv>
        </Word>
        <TextEquiv conf="0.9141128">
          <Unicode>Dritt. Abſchn. Zweyt. Kap. 1. Abtheil.</Unicode>
        </TextEquiv>
      </TextLine>
      <TextEquiv>
        <Unicode>288 Dritt. Abſchn. Zweyt. Kap. 1. Abtheil.</Unicode>
      </TextEquiv>
    </TextRegion>
    <TextRegion orientation="-0.62642944" readingDirection="left-to-right" id="region0007" custom="readingOrder {index:2;}">
      <Coords points="533,446 1538,446 1538,774 533,774"/>
      <TextLine id="region0007_line0001" custom="readingOrder {index:0;}">
        <Coords points="1266,446 1256,447 1247,455 1233,457 1143,457 1136,450 1127,450 1119,456 1090,458 1064,458 1058,449 1046,449 1039,458 1002,454 995,446 985,447 976,454 926,451 921,447 910,447 905,451 880,451 842,456 809,453 794,455 786,447 775,447 765,455 671,460 658,459 656,452 650,448 630,447 617,459 535,460 533,513 575,511 584,515 610,508 633,512 642,511 655,502 685,504 691,509 703,508 707,504 743,502 769,503 775,509 781,510 792,504 821,504 830,510 844,510 856,504 887,502 893,499 988,500 1002,503 1173,501 1192,506 1209,503 1221,512 1247,504 1260,506 1266,500 1277,500 1286,505 1295,502 1371,501 1479,502 1494,505 1497,511 1504,513 1521,511 1524,506 1537,506 1538,450 1535,449 1505,449 1493,456 1476,458 1384,452 1379,447 1370,447 1360,453 1324,453 1318,447"/>
        <Baseline points="534,500 905,489 1538,496"/>
        <Word id="region0007_line0001_word0000" custom="readingOrder {index:0;}">
          <Coords points="628,448 617,459 540,459 540,497 705,499 705,458 671,460 658,459 656,452 650,448"/>
          <TextEquiv conf="0.92163146">
            <Unicode>gegoſſen,</Unicode>
          </TextEquiv>
        </Word>
        <Word id="region0007_line0001_word0001" custom="readingOrder {index:1;}">
          <Coords points="769,452 765,455 727,457 726,497 809,498 810,453 809,453 794,455 791,452"/>
          <TextEquiv conf="0.87618864">
            <Unicode>recht</Unicode>
          </TextEquiv>
        </Word>
        <Word id="region0007_line0001_word0002" custom="readingOrder {index:2;}">
          <Coords points="830,457 889,458 888,501 829,500"/>
          <TextEquiv conf="0.9261723">
            <Unicode>gut</Unicode>
          </TextEquiv>
        </Word>
        <Word id="region0007_line0001_word0003" custom="readingOrder {index:3;}">
          <Coords points="910,453 909,494 1004,495 1005,454 1002,454 1002,454 976,454 976,454 970,454"/>
          <TextEquiv conf="0.93253046">
            <Unicode>durch</Unicode>
          </TextEquiv>
        </Word>
        <Word id="region0007_line0001_word0004" custom="readingOrder {index:4;}">
          <Coords points="1029,457 1029,494 1181,496 1182,459 1092,458 1090,458 1064,458 1064,457 1040,457 1039,458 1030,457"/>
          <TextEquiv conf="0.9272956">
            <Unicode>einander</Unicode>
          </TextEquiv>
        </Word>
        <Word id="region0007_line0001_word0005" custom="readingOrder {index:5;}">
          <Coords points="1410,456 1248,453 1247,455 1233,457 1212,457 1212,504 1245,504 1247,504 1250,504 1261,504 1266,500 1277,500 1286,505 1295,502 1371,501 1409,501"/>
          <TextEquiv conf="0.92285055">
            <Unicode>geſchuͤttelt,</Unicode>
          </TextEquiv>
        </Word>
        <Word id="region0007_line0001_word0006" custom="readingOrder {index:6;}">
          <Coords points="1534,461 1446,460 1445,501 1479,502 1494,505 1496,509 1521,509 1524,506 1533,506"/>
          <TextEquiv conf="0.93213445">
            <Unicode>wohl</Unicode>
          </TextEquiv>
        </Word>
        <TextEquiv conf="0.9198291">
          <Unicode>gegoſſen, recht gut durch einander geſchuͤttelt, wohl</Unicode>
        </TextEquiv>
      </TextLine>
      <TextLine id="region0007_line0002" custom="readingOrder {index:1;}">
        <Coords points="1266,501 1260,507 1247,505 1241,511 1221,513 1209,504 1201,504 1195,511 1186,511 1180,504 1173,502 1164,503 1159,511 1133,511 1129,504 1116,502 1106,510 1069,512 1004,510 1001,504 988,501 979,502 973,508 966,507 960,501 949,501 944,505 940,500 925,500 920,504 893,500 881,507 844,511 810,510 806,505 792,505 783,511 672,511 669,505 655,503 642,512 633,513 584,516 533,514 534,556 541,549 547,549 554,557 645,557 649,565 660,567 671,565 674,558 700,558 706,564 717,563 722,558 741,554 886,554 891,559 898,560 907,554 931,553 937,550 973,553 983,558 993,553 1112,555 1116,559 1131,563 1136,557 1207,552 1223,563 1239,555 1328,561 1341,555 1363,555 1376,562 1390,560 1391,556 1396,555 1416,556 1421,562 1435,562 1449,555 1458,555 1467,562 1480,559 1490,564 1510,563 1525,566 1529,563 1538,563 1537,512 1488,511 1479,503 1464,503 1457,510 1406,511 1404,505 1397,502 1371,502 1360,510 1314,512 1305,503 1286,506 1277,501"/>
        <Baseline points="534,547 943,542 1467,546 1538,553"/>
        <Word id="region0007_line0002_word0000" custom="readingOrder {index:0;}">
          <Coords points="654,503 642,512 633,513 584,516 539,514 539,551 541,549 547,549 548,551 720,553 720,511 672,511 669,505 657,503"/>
          <TextEquiv conf="0.9297065">
            <Unicode>verwahrt,</Unicode>
          </TextEquiv>
        </Word>
        <Word id="region0007_line0002_word0001" custom="readingOrder {index:1;}">
          <Coords points="786,508 783,511 746,511 746,543 813,544 813,510 810,510 809,508"/>
          <TextEquiv conf="0.93220705">
            <Unicode>und</Unicode>
          </TextEquiv>
        </Word>
        <Word id="region0007_line0002_word0002" custom="readingOrder {index:2;}">
          <Coords points="832,550 910,551 910,505 884,504 881,507 844,511 832,510"/>
          <TextEquiv conf="0.93043464">
            <Unicode>nach</Unicode>
          </TextEquiv>
        </Word>
        <Word id="region0007_line0002_word0003" custom="readingOrder {index:3;}">
          <Coords points="927,506 927,553 931,553 937,550 973,553 977,555 989,555 993,553 1039,554 1039,511 1004,510 1003,507 974,507 973,508 966,507 966,507"/>
          <TextEquiv conf="0.932499">
            <Unicode>dieſem</Unicode>
          </TextEquiv>
        </Word>
        <Word id="region0007_line0002_word0004" custom="readingOrder {index:4;}">
          <Coords points="1106,510 1106,510 1069,512 1057,512 1057,554 1112,555 1113,556 1135,556 1135,511 1133,511 1132,510"/>
          <TextEquiv conf="0.93119127">
            <Unicode>noch</Unicode>
          </TextEquiv>
        </Word>
        <Word id="region0007_line0002_word0005" custom="readingOrder {index:5;}">
          <Coords points="1160,509 1159,511 1150,511 1150,556 1150,556 1207,552 1214,557 1235,557 1239,555 1251,556 1251,510 1242,510 1241,511 1221,513 1217,510 1196,509 1195,511 1186,511 1185,509"/>
          <TextEquiv conf="0.9304905">
            <Unicode>einige</Unicode>
          </TextEquiv>
        </Word>
        <Word id="region0007_line0002_word0006" custom="readingOrder {index:6;}">
          <Coords points="1261,507 1261,556 1270,557 1334,557 1341,555 1352,555 1352,510 1314,512 1309,507"/>
          <TextEquiv conf="0.92316717">
            <Unicode>Tage</Unicode>
          </TextEquiv>
        </Word>
        <Word id="region0007_line0002_word0007" custom="readingOrder {index:7;}">
          <Coords points="1369,510 1369,558 1370,559 1390,559 1391,556 1396,555 1416,556 1419,560 1439,560 1449,555 1458,555 1465,560 1474,560 1480,559 1483,560 1530,561 1530,512 1423,511 1406,511 1406,510"/>
          <TextEquiv conf="0.9238732">
            <Unicode>hingeſezt,</Unicode>
          </TextEquiv>
        </Word>
        <TextEquiv conf="0.9291962">
          <Unicode>verwahrt, und nach dieſem noch einige Tage hingeſezt,</Unicode>
        </TextEquiv>
      </TextLine>
      <TextLine id="region0007_line0003" custom="readingOrder {index:2;}">
        <Coords points="1207,553 1186,556 1183,563 1151,566 1132,565 1116,560 1112,556 1090,556 1084,564 1064,561 1058,565 1044,565 1019,555 993,554 983,559 973,554 952,552 937,551 928,558 919,560 844,563 812,563 806,556 764,556 758,558 741,555 712,565 669,566 660,568 580,568 576,559 564,558 552,567 534,568 533,610 553,613 559,621 567,622 579,620 582,614 656,609 725,609 730,616 737,617 743,616 748,609 791,609 802,615 813,616 825,614 830,609 861,604 929,604 938,612 946,612 949,608 1023,609 1040,607 1183,610 1190,616 1204,608 1335,612 1423,608 1537,610 1538,567 1490,565 1475,561 1467,563 1458,556 1449,556 1441,562 1408,566 1392,561 1376,563 1363,556 1341,556 1328,562 1308,558 1255,560 1252,557 1239,556 1223,564"/>
        <Baseline points="533,602 883,594 1537,600"/>
        <Word id="region0007_line0003_word0000" custom="readingOrder {index:0;}">
          <Coords points="562,559 552,567 540,567 540,607 596,608 596,568 580,568 576,559"/>
          <TextEquiv conf="0.9315434">
            <Unicode>ehe</Unicode>
          </TextEquiv>
        </Word>
        <Word id="region0007_line0003_word0001" custom="readingOrder {index:1;}">
          <Coords points="629,569 706,570 705,597 628,596"/>
          <TextEquiv conf="0.9236567">
            <Unicode>man</Unicode>
          </TextEquiv>
        </Word>
        <Word id="region0007_line0003_word0002" custom="readingOrder {index:2;}">
          <Coords points="731,559 730,607 832,608 861,604 864,604 864,562 844,563 812,563 809,560"/>
          <TextEquiv conf="0.929842">
            <Unicode>ſelbigen</Unicode>
          </TextEquiv>
        </Word>
        <Word id="region0007_line0003_word0003" custom="readingOrder {index:3;}">
          <Coords points="950,607 951,561 910,560 889,561 889,604 929,604 932,606"/>
          <TextEquiv conf="0.9324927">
            <Unicode>auf</Unicode>
          </TextEquiv>
        </Word>
        <Word id="region0007_line0003_word0004" custom="readingOrder {index:4;}">
          <Coords points="971,563 970,603 1163,605 1164,565 1161,564 1151,566 1132,565 1130,564 1059,563 1058,565 1044,565 1040,563"/>
          <TextEquiv conf="0.9316106">
            <Unicode>Bouteillen</Unicode>
          </TextEquiv>
        </Word>
        <Word id="region0007_line0003_word0005" custom="readingOrder {index:5;}">
          <Coords points="1191,562 1190,612 1196,612 1204,608 1271,610 1272,563 1226,562 1223,564 1220,562"/>
          <TextEquiv>
            <Unicode>fuͤllt.</Unicode>
          </TextEquiv>
        </Word>
        <Word id="region0007_line0003_word0006" custom="readingOrder {index:6;}">
          <Coords points="1420,569 1323,568 1322,608 1404,608 1419,608"/>
          <TextEquiv conf="0.9328866">
            <Unicode>Man</Unicode>
          </TextEquiv>
        </Word>
        <Word id="region0007_line0003_word0007" custom="readingOrder {index:7;}">
          <Coords points="1446,568 1531,569 1530,608 1445,607"/>
          <TextEquiv conf="0.92933875">
            <Unicode>kann</Unicode>
          </TextEquiv>
        </Word>
        <TextEquiv>
          <Unicode>ehe man ſelbigen auf Bouteillen fuͤllt. Man kann</Unicode>
        </TextEquiv>
      </TextLine>
      <TextLine id="region0007_line0004" custom="readingOrder {index:3;}">
        <Coords points="1423,609 1397,609 1374,617 1351,616 1348,612 1336,612 1329,616 1269,617 1252,616 1245,610 1231,611 1224,616 1219,611 1204,609 1190,617 1179,618 1111,615 1089,618 1068,618 1066,612 1061,609 1032,607 1024,609 1020,618 938,613 929,605 917,606 909,612 903,612 897,606 861,605 844,607 841,615 809,617 797,615 791,610 781,610 773,615 737,618 633,621 616,621 613,613 603,612 595,614 590,621 534,623 534,666 599,668 604,672 612,672 619,668 632,671 637,666 658,667 683,663 763,658 851,666 880,666 896,660 912,659 1022,661 1031,669 1038,670 1045,663 1059,661 1077,665 1089,672 1101,672 1109,668 1137,669 1143,673 1153,673 1168,666 1205,666 1220,663 1247,662 1299,662 1310,666 1319,663 1478,664 1485,665 1492,673 1512,673 1519,666 1538,665 1538,620 1527,619 1519,610"/>
        <Baseline points="534,656 737,649 1133,658 1229,652 1538,655"/>
        <Word id="region0007_line0004_word0000" custom="readingOrder {index:0;}">
          <Coords points="540,654 639,655 639,620 633,621 616,621 613,613 603,612 595,614 590,621 540,622"/>
          <TextEquiv conf="0.9202881">
            <Unicode>auch,</Unicode>
          </TextEquiv>
        </Word>
        <Word id="region0007_line0004_word0001" custom="readingOrder {index:1;}">
          <Coords points="667,648 761,650 761,622 667,620 667,620"/>
          <TextEquiv conf="0.93108726">
            <Unicode>wenn</Unicode>
          </TextEquiv>
        </Word>
        <Word id="region0007_line0004_word0002" custom="readingOrder {index:2;}">
          <Coords points="780,616 780,650 835,650 835,616 825,616 809,617 803,616"/>
          <TextEquiv conf="0.9281704">
            <Unicode>der</Unicode>
          </TextEquiv>
        </Word>
        <Word id="region0007_line0004_word0003" custom="readingOrder {index:3;}">
          <Coords points="851,612 851,658 911,659 912,659 965,660 965,615 938,613 938,613"/>
          <TextEquiv conf="0.9154623">
            <Unicode>Zucker</Unicode>
          </TextEquiv>
        </Word>
        <Word id="region0007_line0004_word0004" custom="readingOrder {index:4;}">
          <Coords points="1022,613 1020,618 981,615 981,660 1022,661 1023,662 1048,662 1059,661 1066,662 1119,663 1119,615 1111,615 1089,618 1068,618 1066,613"/>
          <TextEquiv conf="0.9261708">
            <Unicode>anfaͤngt</Unicode>
          </TextEquiv>
        </Word>
        <Word id="region0007_line0004_word0005" custom="readingOrder {index:5;}">
          <Coords points="1142,627 1178,627 1178,664 1142,664"/>
          <TextEquiv conf="0.93008316">
            <Unicode>zu</Unicode>
          </TextEquiv>
        </Word>
        <Word id="region0007_line0004_word0006" custom="readingOrder {index:6;}">
          <Coords points="1314,619 1194,617 1194,663 1218,663 1220,663 1247,662 1299,662 1306,664 1313,664 1314,664"/>
          <TextEquiv conf="0.92788637">
            <Unicode>ſieden,</Unicode>
          </TextEquiv>
        </Word>
        <Word id="region0007_line0004_word0007" custom="readingOrder {index:7;}">
          <Coords points="1337,623 1397,623 1397,658 1337,658"/>
          <TextEquiv conf="0.9310086">
            <Unicode>das</Unicode>
          </TextEquiv>
        </Word>
        <Word id="region0007_line0004_word0008" custom="readingOrder {index:8;}">
          <Coords points="1530,621 1409,620 1409,663 1478,664 1485,665 1488,668 1516,668 1519,666 1530,665"/>
          <TextEquiv conf="0.92957395">
            <Unicode>Weiſſe</Unicode>
          </TextEquiv>
        </Word>
        <TextEquiv conf="0.92663676">
          <Unicode>auch, wenn der Zucker anfaͤngt zu ſieden, das Weiſſe</Unicode>
        </TextEquiv>
      </TextLine>
      <TextLine id="region0007_line0005" custom="readingOrder {index:4;}">
        <Coords points="1295,663 1281,670 1245,670 1235,669 1231,664 1220,664 1153,674 1069,671 1067,665 1059,662 1046,664 1039,671 999,669 995,666 943,668 932,666 926,660 912,660 906,665 904,662 896,661 870,668 794,668 782,666 776,660 763,659 741,661 717,670 696,672 654,673 651,668 637,667 626,674 539,673 534,674 534,719 616,719 702,714 775,715 785,721 795,716 818,718 836,711 844,711 909,714 915,720 928,720 934,714 1008,714 1039,718 1051,729 1067,726 1072,718 1170,718 1186,720 1194,729 1208,729 1216,723 1237,724 1242,728 1254,728 1260,723 1280,720 1288,726 1299,726 1305,719 1311,720 1320,727 1328,727 1335,719 1345,719 1359,720 1372,728 1384,728 1398,720 1538,716 1538,676 1535,675 1384,673 1357,670 1351,664 1335,667 1330,664 1312,667"/>
        <Baseline points="534,708 833,702 1245,713 1538,707"/>
        <Word id="region0007_line0005_word0000" custom="readingOrder {index:0;}">
          <Coords points="540,674 602,675 601,704 539,703"/>
          <TextEquiv conf="0.93054694">
            <Unicode>von</Unicode>
          </TextEquiv>
        </Word>
        <Word id="region0007_line0005_word0001" custom="readingOrder {index:1;}">
          <Coords points="635,668 626,674 621,673 621,704 721,705 722,669 719,668 717,670 696,672 654,673 651,668"/>
          <TextEquiv conf="0.92314315">
            <Unicode>einem</Unicode>
          </TextEquiv>
        </Word>
        <Word id="region0007_line0005_word0002" custom="readingOrder {index:2;}">
          <Coords points="740,665 739,712 823,713 824,668 794,668 782,666 781,665"/>
          <TextEquiv conf="0.91791445">
            <Unicode>Eye,</Unicode>
          </TextEquiv>
        </Word>
        <Word id="region0007_line0005_word0003" custom="readingOrder {index:3;}">
          <Coords points="970,669 871,667 870,668 839,668 839,711 844,711 879,712 969,714"/>
          <TextEquiv conf="0.9273695">
            <Unicode>welches</Unicode>
          </TextEquiv>
        </Word>
        <Word id="region0007_line0005_word0004" custom="readingOrder {index:4;}">
          <Coords points="987,668 986,714 1008,714 1039,718 1041,720 1070,720 1072,718 1123,718 1123,672 1069,671 1068,668 1041,668 1039,671 999,669 997,668"/>
          <TextEquiv conf="0.9324946">
            <Unicode>vorhero</Unicode>
          </TextEquiv>
        </Word>
        <Word id="region0007_line0005_word0005" custom="readingOrder {index:5;}">
          <Coords points="1226,722 1227,672 1170,671 1153,674 1139,673 1139,718 1170,718 1186,720 1187,721"/>
          <TextEquiv conf="0.9261543">
            <Unicode>wohl</Unicode>
          </TextEquiv>
        </Word>
        <Word id="region0007_line0005_word0006" custom="readingOrder {index:6;}">
          <Coords points="1243,670 1242,720 1277,720 1280,720 1281,720 1304,721 1305,719 1311,720 1312,721 1333,721 1335,719 1345,719 1359,720 1361,721 1395,722 1398,720 1431,719 1432,674 1384,673 1369,671"/>
          <TextEquiv conf="0.92756355">
            <Unicode>zerſchlagen</Unicode>
          </TextEquiv>
        </Word>
        <Word id="region0007_line0005_word0007" custom="readingOrder {index:7;}">
          <Coords points="1449,683 1531,684 1531,713 1449,712"/>
          <TextEquiv conf="0.59347534">
            <Unicode>wor⸗</Unicode>
          </TextEquiv>
        </Word>
        <TextEquiv conf="0.88483274">
          <Unicode>von einem Eye, welches vorhero wohl zerſchlagen wor⸗</Unicode>
        </TextEquiv>
      </TextLine>
      <TextLine id="region0007_line0006" custom="readingOrder {index:5;}">
        <Coords points="836,712 818,719 785,722 775,716 763,717 761,722 735,721 730,715 702,715 684,722 600,728 578,728 539,721 534,723 533,772 645,769 691,770 694,774 715,774 722,767 733,765 825,767 827,773 852,774 855,768 862,767 972,769 978,764 978,740 973,735 941,732 933,726 924,724 852,720 849,713"/>
        <Baseline points="534,761 739,755 978,760"/>
        <Word id="region0007_line0006_word0000" custom="readingOrder {index:0;}">
          <Coords points="538,723 538,758 598,759 598,728 578,728 551,723"/>
          <TextEquiv conf="0.92404765">
            <Unicode>den</Unicode>
          </TextEquiv>
        </Word>
        <Word id="region0007_line0006_word0001" custom="readingOrder {index:1;}">
          <Coords points="613,756 673,757 673,728 614,727 613,727"/>
          <TextEquiv conf="0.86370194">
            <Unicode>mit</Unicode>
          </TextEquiv>
        </Word>
        <Word id="region0007_line0006_word0002" custom="readingOrder {index:2;}">
          <Coords points="697,719 697,766 725,766 733,765 803,766 803,720 785,722 781,719 761,719 761,722 735,721 733,719"/>
          <TextEquiv conf="0.9176636">
            <Unicode>hinein</Unicode>
          </TextEquiv>
        </Word>
        <Word id="region0007_line0006_word0003" custom="readingOrder {index:3;}">
          <Coords points="820,718 818,719 817,719 816,767 825,767 825,768 855,768 855,768 862,767 911,768 912,723 852,720 851,718"/>
          <TextEquiv conf="0.9316014">
            <Unicode>thun.</Unicode>
          </TextEquiv>
        </Word>
        <TextEquiv conf="0.90925366">
          <Unicode>den mit hinein thun.</Unicode>
        </TextEquiv>
      </TextLine>
      <TextEquiv>
        <Unicode>gegoſſen, recht gut durch einander geſchuͤttelt, wohl
verwahrt, und nach dieſem noch einige Tage hingeſezt,
ehe man ſelbigen auf Bouteillen fuͤllt. Man kann
auch, wenn der Zucker anfaͤngt zu ſieden, das Weiſſe
von einem Eye, welches vorhero wohl zerſchlagen wor⸗
den mit hinein thun.</Unicode>
      </TextEquiv>
    </TextRegion>
    <TextRegion orientation="-0.62642944" type="heading" readingDirection="left-to-right" id="region0008" custom="readingOrder {index:3;} structure {type:heading;}">
      <Coords points="958,804 1110,804 1110,864 958,864"/>
      <TextLine id="region0008_line0001" custom="readingOrder {index:0;}">
        <Coords points="1073,805 1042,808 1019,805 958,804 958,863 1007,864 1029,856 1109,859 1110,805"/>
        <Baseline points="958,848 1110,849"/>
        <Word id="region0008_line0001_word0000" custom="readingOrder {index:0;}">
          <Coords points="995,819 964,818 963,863 994,863"/>
          <TextEquiv>
            <Unicode>§.</Unicode>
          </TextEquiv>
        </Word>
        <Word id="region0008_line0001_word0001" custom="readingOrder {index:1;}">
          <Coords points="1106,822 1042,821 1041,856 1105,858"/>
          <TextEquiv conf="0.9053686">
            <Unicode>28.</Unicode>
          </TextEquiv>
        </Word>
        <TextEquiv>
          <Unicode>§. 28.</Unicode>
        </TextEquiv>
      </TextLine>
      <TextEquiv>
        <Unicode>§. 28.</Unicode>
      </TextEquiv>
    </TextRegion>
    <TextRegion orientation="-0.62642944" readingDirection="left-to-right" id="region0009" custom="readingOrder {index:4;}">
      <Coords points="512,871 1532,871 1532,2245 512,2245"/>
      <TextLine id="region0009_line0001" custom="readingOrder {index:0;}">
        <Coords points="1465,872 1457,879 1427,881 1348,879 1341,872 1322,872 1317,877 1275,871 1271,874 1253,874 1234,879 1203,877 1201,871 1178,871 1171,877 1148,879 1135,879 1129,872 1117,871 1109,878 1079,880 1057,879 1049,872 1036,873 1030,879 1009,879 1001,879 994,872 982,873 975,879 971,879 964,872 954,872 947,879 937,877 934,871 914,871 909,875 904,871 891,871 885,878 879,872 856,872 851,879 782,880 742,879 739,871 721,871 713,879 707,880 695,880 689,872 584,872 579,877 579,908 582,922 590,926 641,927 658,933 669,933 673,929 707,925 759,924 761,928 767,928 779,922 837,922 864,929 874,924 895,924 902,921 925,924 947,921 954,926 966,922 1009,922 1035,925 1045,931 1070,928 1075,932 1090,933 1106,927 1171,922 1232,925 1242,928 1254,925 1312,925 1316,931 1323,932 1338,922 1397,926 1531,925 1532,882 1484,879 1476,872"/>
        <Baseline points="582,916 1532,914"/>
        <Word id="region0009_line0001_word0000" custom="readingOrder {index:0;}">
          <Coords points="640,872 639,920 780,922 780,879 742,879 739,873 718,873 713,879 707,880 695,880 689,872"/>
          <TextEquiv conf="0.9252641">
            <Unicode>Hierbey</Unicode>
          </TextEquiv>
        </Word>
        <Word id="region0009_line0001_word0001" custom="readingOrder {index:1;}">
          <Coords points="797,919 875,920 876,876 853,875 851,879 797,879"/>
          <TextEquiv conf="0.92693734">
            <Unicode>muß</Unicode>
          </TextEquiv>
        </Word>
        <Word id="region0009_line0001_word0002" custom="readingOrder {index:2;}">
          <Coords points="893,875 936,875 936,917 893,917"/>
          <TextEquiv conf="0.92693734">
            <Unicode>ich</Unicode>
          </TextEquiv>
        </Word>
        <Word id="region0009_line0001_word0003" custom="readingOrder {index:3;}">
          <Coords points="1058,923 1059,880 955,879 954,922 966,922 966,922 1009,922 1014,923"/>
          <TextEquiv conf="0.9249854">
            <Unicode>jedoch</Unicode>
          </TextEquiv>
        </Word>
        <Word id="region0009_line0001_word0004" custom="readingOrder {index:4;}">
          <Coords points="1110,876 1109,878 1079,880 1076,879 1076,925 1124,925 1171,922 1232,925 1238,926 1246,926 1252,925 1253,878 1238,877 1234,879 1211,877 1170,877 1148,879 1135,879 1132,876"/>
          <TextEquiv conf="0.92656153">
            <Unicode>gedenken,</Unicode>
          </TextEquiv>
        </Word>
        <Word id="region0009_line0001_word0005" custom="readingOrder {index:5;}">
          <Coords points="1341,881 1276,880 1275,925 1312,925 1312,926 1332,926 1338,922 1340,922"/>
          <TextEquiv conf="0.92651474">
            <Unicode>daß</Unicode>
          </TextEquiv>
        </Word>
        <Word id="region0009_line0001_word0006" custom="readingOrder {index:6;}">
          <Coords points="1362,891 1440,892 1440,920 1362,919"/>
          <TextEquiv conf="0.932491">
            <Unicode>man</Unicode>
          </TextEquiv>
        </Word>
        <Word id="region0009_line0001_word0007" custom="readingOrder {index:7;}">
          <Coords points="1465,883 1527,884 1527,920 1465,919"/>
          <TextEquiv conf="0.92652583">
            <Unicode>den</Unicode>
          </TextEquiv>
        </Word>
        <TextEquiv conf="0.92702717">
          <Unicode>Hierbey muß ich jedoch gedenken, daß man den</Unicode>
        </TextEquiv>
      </TextLine>
      <TextLine id="region0009_line0002" custom="readingOrder {index:1;}">
        <Coords points="1338,923 1322,934 1283,932 1278,926 1265,926 1256,933 1253,928 1233,928 1231,933 1202,931 1184,929 1180,924 1171,923 1157,924 1151,928 1125,934 1081,934 1042,932 1035,926 1020,925 1016,929 1009,923 993,923 984,930 980,924 966,923 954,927 947,922 941,922 925,925 902,922 892,928 864,930 841,926 837,923 799,927 787,927 779,923 767,929 743,924 736,931 687,931 683,934 663,935 641,928 629,928 624,934 619,934 616,929 610,927 600,927 595,931 592,927 582,924 518,923 512,924 513,980 556,980 577,983 580,987 588,988 599,982 737,974 767,975 770,979 776,980 788,973 799,971 814,974 819,971 835,971 884,974 908,978 924,976 933,980 973,981 987,978 998,981 1010,975 1019,975 1035,983 1043,975 1060,976 1068,973 1079,974 1085,980 1101,982 1115,978 1142,978 1169,978 1178,983 1194,975 1212,979 1284,975 1309,982 1341,984 1348,979 1366,982 1391,975 1500,976 1504,983 1509,985 1517,983 1520,976 1532,976 1531,938 1524,926 1506,926 1498,934 1465,933 1419,930 1412,925 1398,926 1392,929 1364,930 1357,923"/>
        <Baseline points="513,969 811,962 1532,966"/>
        <Word id="region0009_line0002_word0000" custom="readingOrder {index:0;}">
          <Coords points="537,926 537,973 698,975 698,931 687,931 683,934 663,935 641,928 629,928 624,934 619,934 616,929 610,927 600,927 595,931 592,927 590,926"/>
          <TextEquiv conf="0.5254184">
            <Unicode>Spiritus</Unicode>
          </TextEquiv>
        </Word>
        <Word id="region0009_line0002_word0001" custom="readingOrder {index:1;}">
          <Coords points="739,928 736,931 723,931 723,970 803,971 803,929 768,929 767,929 765,929"/>
          <TextEquiv conf="0.9260302">
            <Unicode>nicht</Unicode>
          </TextEquiv>
        </Word>
        <Word id="region0009_line0002_word0002" custom="readingOrder {index:2;}">
          <Coords points="828,928 828,968 922,969 922,929 883,928 864,930 854,928"/>
          <TextEquiv conf="0.925569">
            <Unicode>durch</Unicode>
          </TextEquiv>
        </Word>
        <Word id="region0009_line0002_word0003" custom="readingOrder {index:3;}">
          <Coords points="935,927 935,974 1043,975 1043,975 1048,975 1061,975 1068,973 1079,974 1081,976 1110,976 1110,934 1081,934 1042,932 1038,928 1017,928 1016,929 1015,928 987,928 984,930 982,928"/>
          <TextEquiv conf="0.925569">
            <Unicode>Zuſetzung</Unicode>
          </TextEquiv>
        </Word>
        <Word id="region0009_line0002_word0004" custom="readingOrder {index:4;}">
          <Coords points="1138,931 1132,932 1132,977 1189,978 1194,975 1207,978 1229,978 1284,975 1298,979 1314,979 1314,934 1299,933 1257,932 1256,933 1256,932 1231,932 1231,933 1215,932"/>
          <TextEquiv conf="0.9252608">
            <Unicode>allzuvielen</Unicode>
          </TextEquiv>
        </Word>
        <Word id="region0009_line0002_word0005" custom="readingOrder {index:5;}">
          <Coords points="1332,932 1332,979 1348,979 1348,979 1349,979 1375,979 1391,975 1500,976 1503,981 1518,981 1520,976 1527,976 1527,934 1498,934 1498,934 1483,934"/>
          <TextEquiv>
            <Unicode>Zuckerwaſ⸗</Unicode>
          </TextEquiv>
        </Word>
        <TextEquiv>
          <Unicode>Spiritus nicht durch Zuſetzung allzuvielen Zuckerwaſ⸗</Unicode>
        </TextEquiv>
      </TextLine>
      <TextLine id="region0009_line0003" custom="readingOrder {index:2;}">
        <Coords points="1449,976 1441,982 1406,982 1403,978 1391,976 1382,981 1366,983 1348,980 1341,985 1297,984 1292,983 1288,977 1268,976 1260,982 1233,984 1203,982 1194,976 1178,984 1101,983 1085,981 1079,975 1068,974 1056,979 1043,976 1035,984 1019,976 1010,976 998,982 933,981 916,977 909,980 842,981 840,975 835,972 819,972 814,975 799,972 788,974 774,982 618,988 607,988 602,985 588,989 565,987 556,981 513,982 512,1036 552,1038 555,1033 611,1033 625,1030 661,1038 681,1031 717,1030 730,1033 741,1026 750,1029 775,1028 782,1033 793,1027 808,1028 815,1034 824,1034 833,1028 907,1026 948,1029 952,1034 962,1036 974,1028 984,1026 1060,1029 1065,1034 1073,1034 1083,1029 1135,1027 1186,1026 1194,1032 1203,1028 1219,1029 1223,1032 1238,1025 1251,1025 1265,1033 1274,1033 1281,1027 1296,1025 1337,1028 1426,1025 1439,1026 1445,1032 1455,1032 1461,1027 1531,1029 1532,985 1509,986 1505,985 1500,977 1472,980 1464,976"/>
        <Baseline points="512,1024 853,1017 1531,1018"/>
        <Word id="region0009_line0003_word0000" custom="readingOrder {index:0;}">
          <Coords points="536,1023 621,1024 621,987 618,988 607,988 602,985 588,989 565,987 556,981 536,981"/>
          <TextEquiv conf="0.9320459">
            <Unicode>ſers,</Unicode>
          </TextEquiv>
        </Word>
        <Word id="region0009_line0003_word0001" custom="readingOrder {index:1;}">
          <Coords points="649,1022 708,1023 709,987 663,986 649,986"/>
          <TextEquiv conf="0.9283114">
            <Unicode>gar</Unicode>
          </TextEquiv>
        </Word>
        <Word id="region0009_line0003_word0002" custom="readingOrder {index:2;}">
          <Coords points="725,985 760,986 759,1024 724,1023"/>
          <TextEquiv conf="0.92430574">
            <Unicode>zu</Unicode>
          </TextEquiv>
        </Word>
        <Word id="region0009_line0003_word0003" custom="readingOrder {index:3;}">
          <Coords points="786,975 778,979 778,1025 852,1026 852,980 842,981 840,975"/>
          <TextEquiv conf="0.9114453">
            <Unicode>ſuͤße</Unicode>
          </TextEquiv>
        </Word>
        <Word id="region0009_line0003_word0004" custom="readingOrder {index:4;}">
          <Coords points="870,982 936,982 935,1017 869,1017"/>
          <TextEquiv conf="0.9325459">
            <Unicode>und</Unicode>
          </TextEquiv>
        </Word>
        <Word id="region0009_line0003_word0005" custom="readingOrder {index:5;}">
          <Coords points="993,990 958,990 957,1029 972,1029 974,1028 984,1026 992,1026"/>
          <TextEquiv conf="0.9283859">
            <Unicode>zu</Unicode>
          </TextEquiv>
        </Word>
        <Word id="region0009_line0003_word0006" custom="readingOrder {index:6;}">
          <Coords points="1012,979 1011,1025 1098,1026 1098,982 1085,981 1083,979 1039,979 1035,984 1025,979"/>
          <TextEquiv conf="0.92677826">
            <Unicode>leicht</Unicode>
          </TextEquiv>
        </Word>
        <Word id="region0009_line0003_word0007" custom="readingOrder {index:7;}">
          <Coords points="1179,983 1178,984 1114,983 1114,1026 1153,1026 1186,1026 1187,1027 1231,1027 1238,1025 1240,1025 1241,984 1234,983 1233,984 1230,983"/>
          <TextEquiv conf="0.9299709">
            <Unicode>mache,</Unicode>
          </TextEquiv>
        </Word>
        <Word id="region0009_line0003_word0008" custom="readingOrder {index:8;}">
          <Coords points="1297,985 1265,985 1264,1029 1279,1029 1281,1027 1296,1025 1296,1025"/>
          <TextEquiv conf="0.92777056">
            <Unicode>ſo</Unicode>
          </TextEquiv>
        </Word>
        <Word id="region0009_line0003_word0009" custom="readingOrder {index:9;}">
          <Coords points="1315,987 1374,987 1373,1023 1314,1023"/>
          <TextEquiv conf="0.92777056">
            <Unicode>wie</Unicode>
          </TextEquiv>
        </Word>
        <Word id="region0009_line0003_word0010" custom="readingOrder {index:10;}">
          <Coords points="1526,988 1389,986 1388,1026 1426,1025 1439,1026 1440,1027 1459,1028 1461,1027 1525,1028"/>
          <TextEquiv conf="0.91254526">
            <Unicode>derſelbe</Unicode>
          </TextEquiv>
        </Word>
        <TextEquiv conf="0.9256251">
          <Unicode>ſers, gar zu ſuͤße und zu leicht mache, ſo wie derſelbe</Unicode>
        </TextEquiv>
      </TextLine>
      <TextLine id="region0009_line0004" custom="readingOrder {index:3;}">
        <Coords points="1406,1026 1398,1028 1391,1035 1314,1033 1308,1027 1296,1026 1284,1032 1265,1034 1251,1026 1238,1026 1219,1036 1194,1033 1186,1027 1177,1027 1173,1028 1170,1035 1063,1037 1002,1035 1000,1028 997,1027 974,1029 962,1037 953,1035 800,1036 797,1029 793,1028 783,1034 778,1030 769,1029 763,1036 752,1035 751,1030 741,1027 730,1034 718,1033 661,1039 636,1032 619,1031 611,1034 586,1034 565,1040 531,1037 529,1041 512,1041 513,1085 648,1083 656,1090 668,1091 679,1082 724,1082 731,1089 748,1090 755,1083 776,1081 808,1081 814,1087 823,1087 830,1082 851,1083 869,1079 944,1079 972,1081 975,1084 996,1088 1006,1080 1041,1082 1048,1086 1070,1081 1171,1079 1183,1079 1195,1088 1202,1088 1210,1085 1262,1085 1292,1076 1391,1079 1399,1086 1414,1085 1423,1079 1459,1078 1468,1089 1481,1090 1491,1082 1532,1080 1531,1041 1482,1035 1434,1035 1430,1027"/>
        <Baseline points="513,1075 1532,1071"/>
        <Word id="region0009_line0004_word0000" custom="readingOrder {index:0;}">
          <Coords points="536,1068 583,1069 583,1034 565,1040 536,1037"/>
          <TextEquiv conf="0.93138367">
            <Unicode>im</Unicode>
          </TextEquiv>
        </Word>
        <Word id="region0009_line0004_word0001" custom="readingOrder {index:1;}">
          <Coords points="600,1077 826,1079 826,1035 800,1036 797,1029 793,1028 783,1034 778,1030 769,1029 763,1036 752,1035 751,1030 741,1027 730,1034 718,1033 661,1039 636,1032 619,1031 611,1034 600,1034"/>
          <TextEquiv conf="0.9225401">
            <Unicode>Gegentheile,</Unicode>
          </TextEquiv>
        </Word>
        <Word id="region0009_line0004_word0002" custom="readingOrder {index:2;}">
          <Coords points="854,1040 949,1041 949,1069 854,1068"/>
          <TextEquiv conf="0.93048453">
            <Unicode>wenn</Unicode>
          </TextEquiv>
        </Word>
        <Word id="region0009_line0004_word0003" custom="readingOrder {index:3;}">
          <Coords points="973,1029 966,1034 966,1079 1034,1080 1034,1036 1002,1035 1000,1029"/>
          <TextEquiv conf="0.92066664">
            <Unicode>ihm</Unicode>
          </TextEquiv>
        </Word>
        <Word id="region0009_line0004_word0004" custom="readingOrder {index:4;}">
          <Coords points="1049,1042 1086,1042 1086,1080 1049,1080"/>
          <TextEquiv conf="0.9313821">
            <Unicode>zu</Unicode>
          </TextEquiv>
        </Word>
        <Word id="region0009_line0004_word0005" custom="readingOrder {index:5;}">
          <Coords points="1171,1032 1170,1035 1104,1036 1104,1080 1112,1080 1171,1079 1183,1079 1186,1082 1211,1082 1211,1035 1194,1033 1194,1033"/>
          <TextEquiv conf="0.929715">
            <Unicode>wenig</Unicode>
          </TextEquiv>
        </Word>
        <Word id="region0009_line0004_word0006" custom="readingOrder {index:6;}">
          <Coords points="1227,1032 1226,1032 1226,1082 1271,1082 1292,1076 1391,1079 1396,1083 1416,1084 1423,1079 1453,1078 1453,1035 1434,1035 1433,1034 1393,1033 1391,1035 1314,1033 1314,1033 1280,1032 1265,1034 1262,1032"/>
          <TextEquiv conf="0.9280001">
            <Unicode>Zuckerwaſſer</Unicode>
          </TextEquiv>
        </Word>
        <Word id="region0009_line0004_word0007" custom="readingOrder {index:7;}">
          <Coords points="1524,1046 1471,1045 1471,1083 1489,1083 1491,1082 1524,1080"/>
          <TextEquiv>
            <Unicode>zu⸗</Unicode>
          </TextEquiv>
        </Word>
        <TextEquiv>
          <Unicode>im Gegentheile, wenn ihm zu wenig Zuckerwaſſer zu⸗</Unicode>
        </TextEquiv>
      </TextLine>
      <TextLine id="region0009_line0005" custom="readingOrder {index:4;}">
        <Coords points="1292,1077 1285,1081 1284,1087 1202,1089 1195,1089 1183,1080 1171,1080 1164,1088 1139,1090 1133,1081 1122,1081 1114,1089 1093,1090 1075,1089 1070,1082 1042,1089 991,1089 974,1084 950,1084 944,1080 895,1086 885,1081 869,1080 854,1087 823,1088 814,1088 808,1082 784,1082 779,1086 748,1091 722,1088 718,1083 702,1083 697,1088 687,1083 679,1083 668,1092 637,1091 633,1088 601,1091 594,1085 579,1085 571,1094 513,1095 512,1145 550,1146 572,1142 576,1145 586,1145 592,1139 600,1145 611,1146 618,1144 622,1138 699,1133 720,1136 725,1140 738,1136 795,1134 808,1141 819,1141 826,1134 844,1130 857,1132 866,1140 887,1131 965,1134 1011,1131 1042,1133 1048,1137 1071,1132 1118,1136 1134,1142 1157,1138 1173,1141 1195,1134 1201,1139 1206,1139 1218,1132 1253,1130 1335,1134 1355,1131 1378,1134 1531,1133 1532,1092 1471,1091 1459,1079 1423,1080 1417,1085 1405,1087 1392,1083 1347,1086 1341,1080 1331,1080 1320,1087 1313,1087 1312,1081 1307,1078"/>
        <Baseline points="512,1134 852,1123 1531,1123"/>
        <Word id="region0009_line0005_word0000" custom="readingOrder {index:0;}">
          <Coords points="534,1127 631,1128 631,1088 601,1091 594,1085 579,1085 571,1094 534,1094"/>
          <TextEquiv conf="0.9299249">
            <Unicode>geſezt</Unicode>
          </TextEquiv>
        </Word>
        <Word id="region0009_line0005_word0001" custom="readingOrder {index:1;}">
          <Coords points="643,1124 736,1125 736,1089 722,1088 718,1083 702,1083 697,1088 687,1083 679,1083 668,1092 643,1091"/>
          <TextEquiv conf="0.9305235">
            <Unicode>wird,</Unicode>
          </TextEquiv>
        </Word>
        <Word id="region0009_line0005_word0002" custom="readingOrder {index:2;}">
          <Coords points="782,1083 779,1086 763,1088 763,1130 844,1130 844,1087 823,1088 814,1088 809,1083"/>
          <TextEquiv conf="0.92070794">
            <Unicode>allzu</Unicode>
          </TextEquiv>
        </Word>
        <Word id="region0009_line0005_word0003" custom="readingOrder {index:3;}">
          <Coords points="861,1084 860,1130 942,1131 943,1085 906,1084 895,1086 891,1084"/>
          <TextEquiv conf="0.92348707">
            <Unicode>ſtark</Unicode>
          </TextEquiv>
        </Word>
        <Word id="region0009_line0005_word0004" custom="readingOrder {index:4;}">
          <Coords points="958,1089 1033,1090 1032,1125 957,1124"/>
          <TextEquiv conf="0.9261184">
            <Unicode>oder</Unicode>
          </TextEquiv>
        </Word>
        <Word id="region0009_line0005_word0005" custom="readingOrder {index:5;}">
          <Coords points="1057,1085 1047,1087 1047,1135 1056,1135 1071,1132 1113,1135 1152,1136 1152,1088 1139,1090 1136,1085 1117,1085 1114,1089 1093,1090 1075,1089 1072,1085"/>
          <TextEquiv conf="0.9242599">
            <Unicode>feurig</Unicode>
          </TextEquiv>
        </Word>
        <Word id="region0009_line0005_word0006" custom="readingOrder {index:6;}">
          <Coords points="1170,1085 1169,1132 1216,1132 1218,1132 1241,1130 1241,1088 1202,1089 1195,1089 1190,1085"/>
          <TextEquiv conf="0.9240894">
            <Unicode>ſeyn</Unicode>
          </TextEquiv>
        </Word>
        <Word id="region0009_line0005_word0007" custom="readingOrder {index:7;}">
          <Coords points="1284,1084 1284,1087 1257,1087 1257,1128 1374,1129 1375,1085 1363,1084 1347,1086 1345,1084 1323,1084 1320,1087 1313,1087 1312,1084"/>
          <TextEquiv>
            <Unicode>wuͤrde.</Unicode>
          </TextEquiv>
        </Word>
        <Word id="region0009_line0005_word0008" custom="readingOrder {index:8;}">
          <Coords points="1407,1088 1406,1130 1524,1131 1524,1091 1471,1091 1468,1088"/>
          <TextEquiv>
            <Unicode>Koͤnn⸗</Unicode>
          </TextEquiv>
        </Word>
        <TextEquiv>
          <Unicode>geſezt wird, allzu ſtark oder feurig ſeyn wuͤrde. Koͤnn⸗</Unicode>
        </TextEquiv>
      </TextLine>
      <TextLine id="region0009_line0006" custom="readingOrder {index:5;}">
        <Coords points="1253,1131 1218,1133 1206,1140 1173,1142 1086,1141 1077,1139 1071,1133 1062,1133 1057,1138 1034,1133 1011,1132 997,1138 981,1137 977,1134 942,1137 937,1133 907,1137 901,1132 887,1132 879,1138 866,1141 857,1133 844,1131 826,1135 819,1142 801,1140 795,1135 783,1135 777,1140 774,1136 761,1136 755,1140 714,1141 713,1137 707,1134 699,1134 689,1136 685,1142 647,1145 513,1147 513,1187 582,1190 704,1187 722,1184 752,1188 756,1186 830,1184 880,1187 978,1185 1000,1186 1004,1192 1014,1193 1022,1189 1028,1182 1044,1188 1127,1186 1136,1181 1144,1182 1149,1188 1175,1185 1222,1194 1246,1195 1272,1193 1284,1187 1295,1187 1302,1193 1312,1194 1339,1185 1349,1185 1356,1192 1372,1187 1398,1187 1410,1188 1419,1195 1434,1195 1444,1189 1487,1186 1532,1186 1531,1140 1480,1139 1476,1134 1465,1133 1458,1139 1413,1143 1379,1141 1377,1134 1355,1132 1346,1141 1300,1142 1295,1140 1292,1133"/>
        <Baseline points="513,1178 1532,1176"/>
        <Word id="region0009_line0006_word0000" custom="readingOrder {index:0;}">
          <Coords points="534,1171 564,1171 564,1146 534,1146"/>
          <TextEquiv conf="0.9256194">
            <Unicode>te</Unicode>
          </TextEquiv>
        </Word>
        <Word id="region0009_line0006_word0001" custom="readingOrder {index:1;}">
          <Coords points="579,1172 657,1172 657,1146 580,1146 579,1146"/>
          <TextEquiv conf="0.9326279">
            <Unicode>man</Unicode>
          </TextEquiv>
        </Word>
        <Word id="region0009_line0006_word0002" custom="readingOrder {index:2;}">
          <Coords points="689,1136 685,1142 674,1142 674,1177 752,1177 752,1140 714,1141 713,1137 711,1136"/>
          <TextEquiv conf="0.93292266">
            <Unicode>aber</Unicode>
          </TextEquiv>
        </Word>
        <Word id="region0009_line0006_word0003" custom="readingOrder {index:3;}">
          <Coords points="764,1140 764,1176 811,1176 811,1141 801,1140 777,1140"/>
          <TextEquiv conf="0.9311091">
            <Unicode>die</Unicode>
          </TextEquiv>
        </Word>
        <Word id="region0009_line0006_word0004" custom="readingOrder {index:4;}">
          <Coords points="826,1137 826,1177 952,1179 952,1139 879,1138 879,1138 866,1141 862,1138"/>
          <TextEquiv conf="0.82643545">
            <Unicode>Staͤrke</Unicode>
          </TextEquiv>
        </Word>
        <Word id="region0009_line0006_word0005" custom="readingOrder {index:5;}">
          <Coords points="967,1139 967,1185 978,1185 1000,1186 1000,1187 1023,1187 1028,1182 1042,1187 1060,1187 1119,1186 1119,1141 1086,1141 1083,1140"/>
          <TextEquiv conf="0.9273441">
            <Unicode>deſſelben</Unicode>
          </TextEquiv>
        </Word>
        <Word id="region0009_line0006_word0006" custom="readingOrder {index:6;}">
          <Coords points="1235,1186 1235,1140 1207,1140 1206,1140 1173,1142 1140,1142 1140,1182 1144,1182 1147,1185 1172,1185 1175,1185 1177,1185"/>
          <TextEquiv conf="0.9306892">
            <Unicode>durch</Unicode>
          </TextEquiv>
        </Word>
        <Word id="region0009_line0006_word0007" custom="readingOrder {index:7;}">
          <Coords points="1247,1138 1247,1189 1279,1189 1284,1187 1295,1187 1298,1190 1325,1190 1339,1185 1349,1185 1354,1190 1362,1190 1372,1187 1398,1187 1410,1188 1413,1191 1441,1191 1441,1191 1441,1141 1413,1143 1379,1141 1379,1139 1348,1139 1346,1141 1300,1142 1295,1140 1294,1138"/>
          <TextEquiv conf="0.91468066">
            <Unicode>Zugießung</Unicode>
          </TextEquiv>
        </Word>
        <Word id="region0009_line0006_word0008" custom="readingOrder {index:8;}">
          <Coords points="1465,1144 1524,1145 1524,1182 1465,1181"/>
          <TextEquiv conf="0.93119836">
            <Unicode>des</Unicode>
          </TextEquiv>
        </Word>
        <TextEquiv conf="0.9169586">
          <Unicode>te man aber die Staͤrke deſſelben durch Zugießung des</Unicode>
        </TextEquiv>
      </TextLine>
      <TextLine id="region0009_line0007" custom="readingOrder {index:6;}">
        <Coords points="1136,1182 1127,1187 1125,1195 1040,1194 1039,1189 1031,1183 1013,1194 990,1195 875,1191 870,1187 853,1187 848,1191 841,1185 830,1185 824,1192 816,1193 768,1191 756,1194 739,1193 735,1186 730,1185 707,1186 697,1196 687,1197 621,1195 615,1189 604,1189 593,1195 576,1190 513,1188 513,1251 554,1249 577,1247 584,1243 638,1239 698,1240 705,1245 715,1245 728,1239 801,1236 853,1237 859,1244 869,1244 875,1239 910,1238 926,1244 938,1238 954,1237 983,1239 994,1245 1013,1247 1023,1241 1057,1239 1101,1239 1108,1246 1117,1246 1124,1240 1190,1237 1225,1240 1236,1245 1245,1245 1250,1241 1272,1241 1274,1244 1284,1245 1305,1237 1403,1239 1468,1235 1532,1239 1532,1196 1419,1196 1372,1191 1356,1193 1349,1186 1339,1186 1312,1195 1302,1194 1295,1188 1284,1188 1272,1194 1251,1196 1182,1194 1178,1187 1164,1186 1157,1194 1148,1194 1146,1185"/>
        <Baseline points="513,1240 784,1226 1532,1229"/>
        <Word id="region0009_line0007_word0000" custom="readingOrder {index:0;}">
          <Coords points="706,1186 697,1196 687,1197 621,1195 615,1189 604,1189 593,1195 576,1190 531,1188 531,1231 778,1234 778,1191 768,1191 756,1194 739,1193 735,1186"/>
          <TextEquiv conf="0.9263023">
            <Unicode>Zuckerwaſſers</Unicode>
          </TextEquiv>
        </Word>
        <Word id="region0009_line0007_word0001" custom="readingOrder {index:1;}">
          <Coords points="828,1186 824,1192 816,1193 806,1192 806,1230 890,1231 890,1191 875,1191 870,1187 853,1187 848,1191 842,1186"/>
          <TextEquiv conf="0.924109">
            <Unicode>nicht</Unicode>
          </TextEquiv>
        </Word>
        <Word id="region0009_line0007_word0002" custom="readingOrder {index:2;}">
          <Coords points="913,1234 1030,1236 1030,1183 1013,1194 990,1195 913,1192"/>
          <TextEquiv conf="0.9094822">
            <Unicode>genug</Unicode>
          </TextEquiv>
        </Word>
        <Word id="region0009_line0007_word0003" custom="readingOrder {index:3;}">
          <Coords points="1134,1182 1127,1187 1125,1195 1043,1194 1043,1235 1250,1237 1250,1195 1182,1194 1178,1187 1164,1186 1157,1194 1148,1194 1146,1185 1139,1182"/>
          <TextEquiv conf="0.9094822">
            <Unicode>temperiren,</Unicode>
          </TextEquiv>
        </Word>
        <Word id="region0009_line0007_word0004" custom="readingOrder {index:4;}">
          <Coords points="1277,1193 1276,1238 1300,1239 1305,1237 1309,1237 1310,1195 1302,1194 1302,1194"/>
          <TextEquiv conf="0.9237711">
            <Unicode>ſo</Unicode>
          </TextEquiv>
        </Word>
        <Word id="region0009_line0007_word0005" custom="readingOrder {index:5;}">
          <Coords points="1334,1193 1333,1231 1416,1232 1416,1195 1398,1193"/>
          <TextEquiv conf="0.92349124">
            <Unicode>kann</Unicode>
          </TextEquiv>
        </Word>
        <Word id="region0009_line0007_word0006" custom="readingOrder {index:6;}">
          <Coords points="1442,1204 1522,1205 1522,1231 1442,1230"/>
          <TextEquiv conf="0.9298106">
            <Unicode>man</Unicode>
          </TextEquiv>
        </Word>
        <TextEquiv conf="0.9209212">
          <Unicode>Zuckerwaſſers nicht genug temperiren, ſo kann man</Unicode>
        </TextEquiv>
      </TextLine>
      <TextLine id="region0009_line0008" custom="readingOrder {index:7;}">
        <Coords points="1468,1236 1461,1238 1456,1245 1434,1243 1403,1247 1378,1246 1369,1243 1324,1245 1321,1239 1305,1238 1294,1244 1284,1246 1013,1248 960,1243 954,1238 938,1239 926,1245 910,1239 892,1245 859,1245 853,1238 834,1238 830,1243 821,1243 814,1237 801,1237 791,1244 762,1246 742,1245 738,1240 728,1240 715,1246 696,1245 691,1241 682,1241 676,1245 655,1244 651,1240 638,1240 627,1247 599,1248 596,1244 584,1244 571,1249 513,1252 512,1293 613,1293 641,1289 652,1292 775,1290 798,1290 804,1295 814,1295 820,1290 867,1286 905,1289 962,1288 1007,1294 1011,1291 1043,1294 1065,1288 1091,1289 1101,1285 1114,1289 1232,1287 1300,1291 1305,1296 1315,1296 1327,1290 1340,1292 1397,1290 1409,1287 1456,1291 1532,1288 1532,1250 1514,1249 1510,1242 1504,1239 1493,1239 1487,1246 1483,1238"/>
        <Baseline points="513,1282 1532,1279"/>
        <Word id="region0009_line0008_word0000" custom="readingOrder {index:0;}">
          <Coords points="531,1271 569,1271 569,1249 531,1251"/>
          <TextEquiv conf="0.9192767">
            <Unicode>es</Unicode>
          </TextEquiv>
        </Word>
        <Word id="region0009_line0008_word0001" custom="readingOrder {index:1;}">
          <Coords points="584,1275 658,1275 658,1244 655,1244 651,1240 638,1240 627,1247 599,1248 596,1244 584,1244"/>
          <TextEquiv conf="0.9244043">
            <Unicode>doch</Unicode>
          </TextEquiv>
        </Word>
        <Word id="region0009_line0008_word0002" custom="readingOrder {index:2;}">
          <Coords points="682,1278 821,1279 821,1243 814,1237 801,1237 791,1244 762,1246 742,1245 738,1240 728,1240 715,1246 696,1245 691,1241 682,1241"/>
          <TextEquiv conf="0.91864043">
            <Unicode>dadurch</Unicode>
          </TextEquiv>
        </Word>
        <Word id="region0009_line0008_word0003" custom="readingOrder {index:3;}">
          <Coords points="839,1277 1011,1279 1011,1247 960,1243 954,1238 938,1239 926,1245 910,1239 892,1245 859,1245 853,1238 839,1238"/>
          <TextEquiv conf="0.9185254">
            <Unicode>bewirken,</Unicode>
          </TextEquiv>
        </Word>
        <Word id="region0009_line0008_word0004" custom="readingOrder {index:4;}">
          <Coords points="1038,1248 1132,1249 1132,1280 1038,1279"/>
          <TextEquiv conf="0.9316885">
            <Unicode>wenn</Unicode>
          </TextEquiv>
        </Word>
        <Word id="region0009_line0008_word0005" custom="readingOrder {index:5;}">
          <Coords points="1150,1249 1227,1250 1227,1277 1150,1276"/>
          <TextEquiv conf="0.93216777">
            <Unicode>man</Unicode>
          </TextEquiv>
        </Word>
        <Word id="region0009_line0008_word0006" custom="readingOrder {index:6;}">
          <Coords points="1301,1239 1294,1244 1284,1246 1246,1246 1246,1284 1323,1285 1323,1243 1321,1239"/>
          <TextEquiv conf="0.9326513">
            <Unicode>noch</Unicode>
          </TextEquiv>
        </Word>
        <Word id="region0009_line0008_word0007" custom="readingOrder {index:7;}">
          <Coords points="1339,1248 1443,1249 1443,1279 1339,1278"/>
          <TextEquiv conf="0.9212682">
            <Unicode>etwas</Unicode>
          </TextEquiv>
        </Word>
        <Word id="region0009_line0008_word0008" custom="readingOrder {index:8;}">
          <Coords points="1462,1241 1462,1285 1521,1286 1521,1249 1514,1249 1510,1242 1510,1242 1491,1241 1487,1246 1485,1241"/>
          <TextEquiv>
            <Unicode>fri⸗</Unicode>
          </TextEquiv>
        </Word>
        <TextEquiv>
          <Unicode>es doch dadurch bewirken, wenn man noch etwas fri⸗</Unicode>
        </TextEquiv>
      </TextLine>
      <TextLine id="region0009_line0009" custom="readingOrder {index:8;}">
        <Coords points="1408,1288 1358,1296 1342,1296 1338,1292 1327,1291 1315,1297 1266,1296 1251,1290 1232,1288 1134,1292 1116,1291 1100,1286 1082,1295 1076,1290 1065,1289 1057,1292 1054,1297 1043,1298 976,1297 968,1296 962,1289 931,1288 921,1294 893,1294 886,1288 867,1287 857,1289 851,1296 756,1299 699,1298 677,1292 651,1293 642,1290 619,1292 587,1301 576,1300 570,1295 512,1295 513,1350 527,1350 534,1355 545,1353 549,1349 572,1354 578,1349 621,1346 829,1339 851,1340 853,1346 859,1349 882,1338 924,1340 927,1345 952,1341 978,1341 982,1347 992,1350 1002,1348 1008,1341 1030,1342 1033,1346 1084,1342 1089,1349 1100,1350 1109,1342 1146,1343 1165,1338 1243,1341 1344,1339 1421,1343 1426,1348 1448,1349 1454,1343 1462,1341 1499,1344 1505,1341 1532,1339 1531,1301 1506,1300 1504,1294 1499,1291 1486,1291 1482,1297 1477,1297 1475,1292 1455,1292 1450,1296 1425,1288"/>
        <Baseline points="513,1339 856,1329 1532,1330"/>
        <Word id="region0009_line0009_word0000" custom="readingOrder {index:0;}">
          <Coords points="529,1338 615,1339 615,1293 587,1301 576,1300 570,1295 529,1295"/>
          <TextEquiv conf="0.9196559">
            <Unicode>ſches</Unicode>
          </TextEquiv>
        </Word>
        <Word id="region0009_line0009_word0001" custom="readingOrder {index:1;}">
          <Coords points="640,1290 630,1291 630,1337 826,1339 829,1339 832,1339 878,1339 882,1338 912,1339 912,1294 893,1294 891,1292 854,1292 851,1296 756,1299 699,1298 677,1292 651,1293 642,1290"/>
          <TextEquiv conf="0.92508394">
            <Unicode>Brunnenwaſſer</Unicode>
          </TextEquiv>
        </Word>
        <Word id="region0009_line0009_word0002" custom="readingOrder {index:2;}">
          <Coords points="929,1293 929,1339 1022,1340 1022,1297 976,1297 968,1296 965,1293"/>
          <TextEquiv conf="0.9291855">
            <Unicode>hinzu</Unicode>
          </TextEquiv>
        </Word>
        <Word id="region0009_line0009_word0003" custom="readingOrder {index:3;}">
          <Coords points="1056,1292 1054,1297 1043,1298 1039,1297 1039,1343 1067,1343 1084,1342 1085,1343 1107,1343 1109,1342 1136,1342 1136,1293 1087,1292 1082,1295 1078,1292"/>
          <TextEquiv conf="0.925346">
            <Unicode>gießt.</Unicode>
          </TextEquiv>
        </Word>
        <Word id="region0009_line0009_word0004" custom="readingOrder {index:4;}">
          <Coords points="1187,1297 1311,1299 1311,1338 1187,1336"/>
          <TextEquiv conf="0.9253747">
            <Unicode>Wenn.</Unicode>
          </TextEquiv>
        </Word>
        <Word id="region0009_line0009_word0005" custom="readingOrder {index:5;}">
          <Coords points="1326,1302 1379,1302 1379,1336 1326,1336"/>
          <TextEquiv conf="0.9300267">
            <Unicode>der</Unicode>
          </TextEquiv>
        </Word>
        <Word id="region0009_line0009_word0006" custom="readingOrder {index:6;}">
          <Coords points="1394,1299 1394,1342 1421,1343 1423,1345 1452,1345 1454,1343 1462,1341 1499,1344 1505,1341 1516,1340 1516,1300 1506,1300 1506,1300"/>
          <TextEquiv>
            <Unicode>Spiri⸗</Unicode>
          </TextEquiv>
        </Word>
        <TextEquiv>
          <Unicode>ſches Brunnenwaſſer hinzu gießt. Wenn. der Spiri⸗</Unicode>
        </TextEquiv>
      </TextLine>
      <TextLine id="region0009_line0010" custom="readingOrder {index:9;}">
        <Coords points="1312,1340 1285,1341 1274,1350 1256,1350 1249,1342 1218,1341 1208,1350 1187,1350 1184,1341 1165,1339 1158,1342 1154,1350 1135,1347 1130,1351 1075,1350 1069,1343 1064,1343 1051,1347 1032,1347 1030,1350 992,1351 954,1349 951,1344 899,1348 894,1340 882,1339 859,1350 849,1347 802,1347 797,1343 788,1343 781,1347 763,1347 758,1343 748,1342 740,1348 714,1351 652,1350 642,1353 576,1354 559,1356 550,1356 546,1353 534,1356 513,1355 512,1401 593,1402 597,1407 611,1409 622,1407 632,1401 660,1401 664,1404 673,1404 683,1399 697,1400 722,1396 823,1394 836,1397 851,1397 860,1401 884,1404 918,1396 960,1395 1019,1395 1028,1397 1035,1405 1052,1405 1057,1404 1063,1396 1155,1396 1162,1402 1174,1396 1197,1394 1239,1397 1244,1403 1255,1405 1267,1404 1275,1397 1451,1395 1456,1400 1465,1400 1470,1395 1531,1393 1532,1355 1482,1352 1480,1344 1476,1342 1455,1344 1450,1351 1431,1351 1378,1347 1344,1340"/>
        <Baseline points="512,1391 777,1384 1531,1383"/>
        <Word id="region0009_line0010_word0000" custom="readingOrder {index:0;}">
          <Coords points="530,1381 585,1382 585,1353 576,1354 559,1356 550,1356 546,1353 534,1356 530,1355"/>
          <TextEquiv conf="0.9322553">
            <Unicode>tus</Unicode>
          </TextEquiv>
        </Word>
        <Word id="region0009_line0010_word0001" custom="readingOrder {index:1;}">
          <Coords points="601,1390 678,1391 678,1350 652,1350 642,1353 601,1353"/>
          <TextEquiv conf="0.92823845">
            <Unicode>gut,</Unicode>
          </TextEquiv>
        </Word>
        <Word id="region0009_line0010_word0002" custom="readingOrder {index:2;}">
          <Coords points="743,1345 740,1348 714,1351 703,1350 703,1383 767,1384 767,1347 763,1347 761,1345"/>
          <TextEquiv conf="0.92823845">
            <Unicode>und</Unicode>
          </TextEquiv>
        </Word>
        <Word id="region0009_line0010_word0003" custom="readingOrder {index:3;}">
          <Coords points="786,1348 848,1349 847,1384 785,1383"/>
          <TextEquiv conf="0.93079954">
            <Unicode>das</Unicode>
          </TextEquiv>
        </Word>
        <Word id="region0009_line0010_word0004" custom="readingOrder {index:4;}">
          <Coords points="873,1343 863,1347 863,1394 977,1395 1019,1395 1020,1395 1092,1396 1092,1350 1075,1350 1070,1344 1058,1344 1051,1347 1032,1347 1030,1350 992,1351 954,1349 951,1344 899,1348 896,1343"/>
          <TextEquiv conf="0.924193">
            <Unicode>Zuckerwaſſer</Unicode>
          </TextEquiv>
        </Word>
        <Word id="region0009_line0010_word0005" custom="readingOrder {index:5;}">
          <Coords points="1115,1393 1177,1394 1178,1346 1156,1345 1154,1350 1135,1347 1130,1351 1115,1350"/>
          <TextEquiv conf="0.9258352">
            <Unicode>auf</Unicode>
          </TextEquiv>
        </Word>
        <Word id="region0009_line0010_word0006" custom="readingOrder {index:6;}">
          <Coords points="1210,1348 1208,1350 1197,1350 1197,1394 1239,1397 1240,1398 1272,1398 1275,1397 1287,1396 1288,1349 1275,1348 1274,1350 1256,1350 1254,1348"/>
          <TextEquiv conf="0.9258352">
            <Unicode>obige</Unicode>
          </TextEquiv>
        </Word>
        <Word id="region0009_line0010_word0007" custom="readingOrder {index:7;}">
          <Coords points="1310,1349 1375,1349 1374,1392 1309,1392"/>
          <TextEquiv conf="0.9276881">
            <Unicode>Art</Unicode>
          </TextEquiv>
        </Word>
        <Word id="region0009_line0010_word0008" custom="readingOrder {index:8;}">
          <Coords points="1399,1352 1398,1395 1429,1395 1451,1395 1451,1395 1469,1396 1470,1395 1519,1393 1520,1354 1495,1353"/>
          <TextEquiv>
            <Unicode>verfer⸗</Unicode>
          </TextEquiv>
        </Word>
        <TextEquiv>
          <Unicode>tus gut, und das Zuckerwaſſer auf obige Art verfer⸗</Unicode>
        </TextEquiv>
      </TextLine>
      <TextLine id="region0009_line0011" custom="readingOrder {index:10;}">
        <Coords points="1355,1396 1341,1404 1336,1398 1323,1397 1317,1405 1300,1402 1255,1406 1243,1403 1211,1403 1207,1396 1197,1395 1187,1398 1184,1402 1180,1397 1174,1397 1162,1403 1155,1397 1142,1397 1134,1403 1108,1402 1104,1396 1089,1396 1081,1402 1077,1397 1063,1397 1057,1405 1052,1406 883,1405 851,1398 812,1399 808,1395 793,1395 789,1396 783,1405 754,1407 696,1405 693,1401 683,1400 672,1406 606,1410 591,1406 562,1408 557,1402 543,1402 532,1408 512,1408 513,1455 543,1456 554,1462 570,1464 582,1458 607,1453 664,1451 712,1450 742,1453 746,1458 757,1459 764,1455 786,1454 798,1457 806,1451 824,1449 1048,1449 1085,1451 1088,1456 1096,1458 1109,1451 1193,1450 1195,1453 1203,1454 1241,1446 1250,1452 1263,1452 1267,1449 1347,1447 1367,1442 1396,1447 1459,1446 1483,1455 1494,1455 1499,1450 1532,1449 1531,1404 1424,1403 1418,1397 1408,1397 1401,1403 1372,1402 1369,1397"/>
        <Baseline points="513,1446 1375,1434 1532,1440"/>
        <Word id="region0009_line0011_word0000" custom="readingOrder {index:0;}">
          <Coords points="530,1444 592,1445 592,1406 591,1406 562,1408 557,1402 543,1402 532,1408 530,1408"/>
          <TextEquiv conf="0.9314038">
            <Unicode>tigt</Unicode>
          </TextEquiv>
        </Word>
        <Word id="region0009_line0011_word0001" custom="readingOrder {index:1;}">
          <Coords points="611,1444 762,1446 762,1406 754,1407 696,1405 693,1401 683,1400 672,1406 611,1409"/>
          <TextEquiv conf="0.92677575">
            <Unicode>worden,</Unicode>
          </TextEquiv>
        </Word>
        <Word id="region0009_line0011_word0002" custom="readingOrder {index:2;}">
          <Coords points="789,1398 789,1444 821,1444 821,1398 812,1399 811,1398"/>
          <TextEquiv conf="0.9279144">
            <Unicode>ſo</Unicode>
          </TextEquiv>
        </Word>
        <Word id="region0009_line0011_word0003" custom="readingOrder {index:3;}">
          <Coords points="838,1399 838,1436 921,1437 921,1405 883,1405 856,1399"/>
          <TextEquiv conf="0.9279144">
            <Unicode>kann</Unicode>
          </TextEquiv>
        </Word>
        <Word id="region0009_line0011_word0004" custom="readingOrder {index:4;}">
          <Coords points="938,1411 1019,1411 1019,1438 938,1438"/>
          <TextEquiv conf="0.9258466">
            <Unicode>man</Unicode>
          </TextEquiv>
        </Word>
        <Word id="region0009_line0011_word0005" custom="readingOrder {index:5;}">
          <Coords points="1042,1448 1124,1449 1124,1403 1059,1402 1057,1405 1052,1406 1042,1405"/>
          <TextEquiv conf="0.9291241">
            <Unicode>nicht</Unicode>
          </TextEquiv>
        </Word>
        <Word id="region0009_line0011_word0006" custom="readingOrder {index:6;}">
          <Coords points="1141,1403 1228,1404 1228,1448 1141,1447"/>
          <TextEquiv conf="0.9286084">
            <Unicode>leicht</Unicode>
          </TextEquiv>
        </Word>
        <Word id="region0009_line0011_word0007" custom="readingOrder {index:7;}">
          <Coords points="1283,1413 1246,1413 1246,1449 1247,1450 1265,1450 1267,1449 1283,1448"/>
          <TextEquiv conf="0.92695355">
            <Unicode>zu</Unicode>
          </TextEquiv>
        </Word>
        <Word id="region0009_line0011_word0008" custom="readingOrder {index:8;}">
          <Coords points="1300,1406 1363,1407 1363,1442 1300,1441"/>
          <TextEquiv conf="0.91267455">
            <Unicode>viel</Unicode>
          </TextEquiv>
        </Word>
        <Word id="region0009_line0011_word0009" custom="readingOrder {index:9;}">
          <Coords points="1388,1408 1463,1409 1463,1442 1388,1441"/>
          <TextEquiv conf="0.9310897">
            <Unicode>oder</Unicode>
          </TextEquiv>
        </Word>
        <Word id="region0009_line0011_word0010" custom="readingOrder {index:10;}">
          <Coords points="1519,1416 1480,1415 1480,1451 1497,1451 1499,1450 1519,1449"/>
          <TextEquiv conf="0.929709">
            <Unicode>zu</Unicode>
          </TextEquiv>
        </Word>
        <TextEquiv conf="0.9270922">
          <Unicode>tigt worden, ſo kann man nicht leicht zu viel oder zu</Unicode>
        </TextEquiv>
      </TextLine>
      <TextLine id="region0009_line0012" custom="readingOrder {index:11;}">
        <Coords points="1367,1443 1353,1447 1351,1452 1340,1453 1250,1453 1241,1447 1203,1455 1155,1457 1153,1452 1139,1451 1131,1457 1096,1459 1055,1455 1048,1450 1031,1450 1024,1454 1013,1456 1008,1456 1004,1450 992,1449 986,1453 984,1459 882,1457 709,1460 683,1458 679,1452 664,1452 651,1457 618,1460 615,1455 607,1454 597,1457 594,1463 513,1462 512,1506 585,1507 603,1509 608,1513 627,1514 638,1506 655,1509 661,1514 675,1514 687,1507 725,1503 736,1508 753,1502 959,1501 980,1503 983,1508 996,1509 1004,1503 1020,1503 1023,1507 1031,1509 1048,1500 1057,1500 1062,1506 1069,1506 1088,1498 1166,1499 1187,1495 1256,1498 1330,1496 1392,1500 1398,1506 1406,1506 1412,1500 1531,1502 1532,1455 1506,1453 1483,1456 1459,1447 1445,1448 1442,1454 1438,1454 1431,1447 1420,1447 1412,1454 1388,1444"/>
        <Baseline points="512,1495 639,1499 781,1491 1292,1485 1531,1491"/>
        <Word id="region0009_line0012_word0000" custom="readingOrder {index:0;}">
          <Coords points="528,1488 632,1489 632,1458 618,1460 615,1455 607,1454 597,1457 594,1463 528,1462"/>
          <TextEquiv conf="0.9293042">
            <Unicode>wenig</Unicode>
          </TextEquiv>
        </Word>
        <Word id="region0009_line0012_word0001" custom="readingOrder {index:1;}">
          <Coords points="647,1490 748,1491 748,1459 709,1460 683,1458 679,1452 664,1452 651,1457 647,1457"/>
          <TextEquiv conf="0.92484534">
            <Unicode>thun,</Unicode>
          </TextEquiv>
        </Word>
        <Word id="region0009_line0012_word0002" custom="readingOrder {index:2;}">
          <Coords points="775,1482 869,1483 869,1457 775,1458"/>
          <TextEquiv conf="0.9225511">
            <Unicode>wenn</Unicode>
          </TextEquiv>
        </Word>
        <Word id="region0009_line0012_word0003" custom="readingOrder {index:3;}">
          <Coords points="889,1483 966,1484 966,1458 889,1457"/>
          <TextEquiv conf="0.9254062">
            <Unicode>man</Unicode>
          </TextEquiv>
        </Word>
        <Word id="region0009_line0012_word0004" custom="readingOrder {index:4;}">
          <Coords points="990,1492 1051,1493 1051,1452 1048,1450 1031,1450 1024,1454 1013,1456 1008,1456 1004,1450 992,1449 990,1449"/>
          <TextEquiv conf="0.9254062">
            <Unicode>juſt</Unicode>
          </TextEquiv>
        </Word>
        <Word id="region0009_line0012_word0005" custom="readingOrder {index:5;}">
          <Coords points="1066,1458 1065,1494 1101,1494 1101,1458 1096,1459 1085,1458"/>
          <TextEquiv conf="0.9188472">
            <Unicode>zu</Unicode>
          </TextEquiv>
        </Word>
        <Word id="region0009_line0012_word0006" custom="readingOrder {index:6;}">
          <Coords points="1137,1452 1131,1457 1119,1457 1119,1486 1205,1486 1205,1454 1203,1455 1155,1457 1153,1452"/>
          <TextEquiv conf="0.9261296">
            <Unicode>einer</Unicode>
          </TextEquiv>
        </Word>
        <Word id="region0009_line0012_word0007" custom="readingOrder {index:7;}">
          <Coords points="1226,1450 1219,1451 1219,1488 1339,1489 1339,1453 1250,1453 1245,1450"/>
          <TextEquiv conf="0.9261296">
            <Unicode>Kanne</Unicode>
          </TextEquiv>
        </Word>
        <Word id="region0009_line0012_word0008" custom="readingOrder {index:8;}">
          <Coords points="1355,1448 1354,1496 1517,1498 1517,1453 1506,1453 1483,1456 1465,1449 1444,1449 1442,1454 1438,1454 1432,1448 1417,1448 1412,1454 1398,1448"/>
          <TextEquiv conf="0.91948724">
            <Unicode>Spiritus</Unicode>
          </TextEquiv>
        </Word>
        <TextEquiv conf="0.9242341">
          <Unicode>wenig thun, wenn man juſt zu einer Kanne Spiritus</Unicode>
        </TextEquiv>
      </TextLine>
      <TextLine id="region0009_line0013" custom="readingOrder {index:12;}">
        <Coords points="1187,1496 1175,1499 1171,1505 1162,1499 1144,1499 1137,1502 1088,1499 1069,1507 1062,1507 1057,1501 1048,1501 1031,1510 996,1510 966,1509 959,1502 948,1502 936,1510 899,1510 896,1503 880,1502 873,1511 849,1512 804,1511 773,1503 753,1503 736,1509 725,1504 715,1504 705,1510 686,1510 675,1515 654,1513 650,1509 638,1507 627,1515 564,1515 557,1507 547,1507 540,1516 513,1517 512,1558 717,1557 724,1554 770,1558 822,1555 839,1551 873,1554 880,1560 893,1560 900,1554 917,1551 955,1555 976,1552 1055,1554 1064,1550 1087,1548 1284,1552 1367,1550 1449,1555 1455,1562 1467,1564 1499,1554 1532,1555 1531,1509 1507,1507 1503,1510 1464,1510 1461,1502 1446,1501 1441,1510 1365,1507 1361,1504 1350,1504 1345,1507 1277,1503 1225,1507 1201,1505 1199,1498"/>
        <Baseline points="513,1548 1131,1539 1531,1544"/>
        <Word id="region0009_line0013_word0000" custom="readingOrder {index:0;}">
          <Coords points="528,1535 597,1536 597,1515 564,1515 557,1507 547,1507 540,1516 528,1516"/>
          <TextEquiv conf="0.9271372">
            <Unicode>eine</Unicode>
          </TextEquiv>
        </Word>
        <Word id="region0009_line0013_word0001" custom="readingOrder {index:1;}">
          <Coords points="614,1536 722,1537 722,1504 715,1504 705,1510 686,1510 675,1515 654,1513 650,1509 638,1507 627,1515 614,1515"/>
          <TextEquiv conf="0.92918724">
            <Unicode>viertel</Unicode>
          </TextEquiv>
        </Word>
        <Word id="region0009_line0013_word0002" custom="readingOrder {index:2;}">
          <Coords points="738,1539 861,1541 861,1511 849,1512 804,1511 773,1503 753,1503 738,1508"/>
          <TextEquiv conf="0.92847276">
            <Unicode>Kanne</Unicode>
          </TextEquiv>
        </Word>
        <Word id="region0009_line0013_word0003" custom="readingOrder {index:3;}">
          <Coords points="875,1545 968,1546 968,1509 966,1509 959,1502 948,1502 936,1510 899,1510 896,1503 880,1502 875,1508"/>
          <TextEquiv conf="0.93162465">
            <Unicode>(auch</Unicode>
          </TextEquiv>
        </Word>
        <Word id="region0009_line0013_word0004" custom="readingOrder {index:4;}">
          <Coords points="1041,1504 1031,1510 996,1510 986,1509 986,1547 1065,1548 1065,1507 1062,1507 1060,1504"/>
          <TextEquiv conf="0.9272005">
            <Unicode>nach</Unicode>
          </TextEquiv>
        </Word>
        <Word id="region0009_line0013_word0005" custom="readingOrder {index:5;}">
          <Coords points="1083,1501 1080,1502 1080,1543 1239,1545 1239,1506 1225,1507 1201,1505 1200,1503 1173,1502 1171,1505 1167,1502 1138,1502 1137,1502 1131,1502"/>
          <TextEquiv conf="0.92449844">
            <Unicode>Belieben</Unicode>
          </TextEquiv>
        </Word>
        <Word id="region0009_line0013_word0006" custom="readingOrder {index:6;}">
          <Coords points="1258,1511 1360,1512 1360,1545 1258,1544"/>
          <TextEquiv conf="0.92147136">
            <Unicode>etwas</Unicode>
          </TextEquiv>
        </Word>
        <Word id="region0009_line0013_word0007" custom="readingOrder {index:7;}">
          <Coords points="1443,1505 1441,1510 1376,1507 1376,1550 1428,1553 1496,1554 1499,1554 1519,1554 1519,1508 1507,1507 1503,1510 1464,1510 1462,1506"/>
          <TextEquiv conf="0.92879355">
            <Unicode>weniges</Unicode>
          </TextEquiv>
        </Word>
        <TextEquiv conf="0.9272982">
          <Unicode>eine viertel Kanne (auch nach Belieben etwas weniges</Unicode>
        </TextEquiv>
      </TextLine>
      <TextLine id="region0009_line0014" custom="readingOrder {index:13;}">
        <Coords points="1359,1551 1347,1561 1329,1561 1322,1553 1312,1553 1308,1556 1304,1553 1292,1552 1283,1558 1258,1556 1253,1559 1210,1562 1170,1557 1164,1551 1148,1551 1142,1556 1135,1556 1125,1552 1087,1549 1064,1551 1055,1555 1044,1553 1016,1557 1002,1555 992,1558 937,1560 931,1553 917,1552 909,1559 893,1561 860,1559 854,1554 839,1552 827,1553 815,1560 791,1562 740,1561 739,1557 731,1555 724,1555 710,1561 675,1557 630,1557 615,1559 600,1566 594,1560 580,1560 572,1568 512,1569 512,1603 513,1611 569,1611 582,1618 597,1614 620,1617 681,1615 712,1607 793,1604 799,1598 807,1598 824,1612 844,1613 850,1605 870,1605 885,1601 1000,1605 1036,1604 1063,1607 1282,1608 1292,1617 1308,1616 1312,1608 1343,1605 1392,1607 1397,1615 1403,1616 1409,1615 1416,1607 1462,1606 1494,1610 1501,1615 1511,1615 1516,1611 1532,1611 1532,1562 1519,1562 1516,1556 1499,1555 1486,1563 1466,1565 1454,1562 1377,1561 1374,1553"/>
        <Baseline points="512,1601 649,1603 896,1592 1532,1600"/>
        <Word id="region0009_line0014_word0000" custom="readingOrder {index:0;}">
          <Coords points="526,1601 637,1602 637,1557 630,1557 615,1559 600,1566 594,1560 580,1560 572,1568 526,1568"/>
          <TextEquiv conf="0.92874086">
            <Unicode>mehr)</Unicode>
          </TextEquiv>
        </Word>
        <Word id="region0009_line0014_word0001" custom="readingOrder {index:1;}">
          <Coords points="728,1555 724,1555 710,1561 675,1557 652,1557 652,1599 796,1600 799,1598 807,1598 810,1601 879,1602 879,1560 860,1559 857,1556 821,1556 815,1560 791,1562 740,1561 739,1557 731,1555"/>
          <TextEquiv conf="0.9221661">
            <Unicode>Zuckerwaſſer</Unicode>
          </TextEquiv>
        </Word>
        <Word id="region0009_line0014_word0002" custom="readingOrder {index:2;}">
          <Coords points="910,1558 909,1559 893,1561 893,1561 892,1596 1018,1597 1019,1559 974,1559 937,1560 936,1558"/>
          <TextEquiv conf="0.9164297">
            <Unicode>nimmt.</Unicode>
          </TextEquiv>
        </Word>
        <Word id="region0009_line0014_word0003" custom="readingOrder {index:3;}">
          <Coords points="1074,1556 1128,1557 1127,1602 1073,1601"/>
          <TextEquiv conf="0.93205404">
            <Unicode>Es</Unicode>
          </TextEquiv>
        </Word>
        <Word id="region0009_line0014_word0004" custom="readingOrder {index:4;}">
          <Coords points="1145,1560 1144,1600 1264,1601 1264,1561 1228,1560 1210,1562 1197,1560"/>
          <TextEquiv conf="0.9316916">
            <Unicode>kommt</Unicode>
          </TextEquiv>
        </Word>
        <Word id="region0009_line0014_word0005" custom="readingOrder {index:5;}">
          <Coords points="1289,1558 1288,1612 1309,1612 1312,1608 1343,1605 1392,1607 1396,1613 1409,1613 1414,1609 1414,1561 1377,1561 1376,1559 1349,1558 1347,1561 1329,1561 1326,1558"/>
          <TextEquiv conf="0.9223352">
            <Unicode>hierbey</Unicode>
          </TextEquiv>
        </Word>
        <Word id="region0009_line0014_word0006" custom="readingOrder {index:6;}">
          <Coords points="1439,1562 1438,1607 1462,1606 1474,1607 1517,1608 1517,1563 1487,1563 1486,1563 1466,1565 1455,1562"/>
          <TextEquiv conf="0.92803454">
            <Unicode>auch</Unicode>
          </TextEquiv>
        </Word>
        <TextEquiv conf="0.92592174">
          <Unicode>mehr) Zuckerwaſſer nimmt. Es kommt hierbey auch</Unicode>
        </TextEquiv>
      </TextLine>
      <TextLine id="region0009_line0015" custom="readingOrder {index:14;}">
        <Coords points="799,1599 793,1605 796,1614 784,1614 780,1607 769,1606 759,1614 751,1607 739,1606 731,1615 621,1618 597,1615 580,1619 569,1612 559,1611 554,1613 552,1619 513,1620 512,1664 816,1659 867,1661 873,1667 882,1667 888,1661 954,1659 1037,1660 1048,1669 1057,1669 1062,1667 1064,1662 1076,1661 1177,1661 1216,1670 1225,1665 1238,1665 1255,1660 1339,1658 1354,1663 1375,1658 1531,1662 1532,1618 1478,1615 1474,1609 1462,1607 1450,1608 1443,1615 1403,1617 1363,1615 1359,1607 1343,1606 1337,1608 1333,1615 1301,1619 1106,1616 1104,1609 1100,1607 1087,1607 1078,1616 1072,1616 1066,1615 1065,1609 1060,1606 1041,1608 1036,1605 1019,1605 1011,1614 1005,1606 978,1604 968,1615 947,1615 919,1612 911,1605 900,1606 894,1602 885,1602 874,1605 865,1614 818,1614 807,1599"/>
        <Baseline points="512,1653 1532,1651"/>
        <Word id="region0009_line0015_word0000" custom="readingOrder {index:0;}">
          <Coords points="525,1645 700,1647 700,1615 621,1618 597,1615 580,1619 569,1612 559,1611 554,1613 552,1619 525,1619"/>
          <TextEquiv conf="0.9266539">
            <Unicode>wiederum</Unicode>
          </TextEquiv>
        </Word>
        <Word id="region0009_line0015_word0001" custom="readingOrder {index:1;}">
          <Coords points="716,1645 813,1646 813,1607 807,1599 799,1599 793,1605 796,1614 784,1614 780,1607 769,1606 759,1614 751,1607 739,1606 731,1615 716,1615"/>
          <TextEquiv conf="0.9293758">
            <Unicode>vieles</Unicode>
          </TextEquiv>
        </Word>
        <Word id="region0009_line0015_word0002" custom="readingOrder {index:2;}">
          <Coords points="829,1654 891,1655 892,1604 878,1603 874,1605 865,1614 829,1614"/>
          <TextEquiv conf="0.9221025">
            <Unicode>auf</Unicode>
          </TextEquiv>
        </Word>
        <Word id="region0009_line0015_word0003" custom="readingOrder {index:3;}">
          <Coords points="904,1610 904,1647 963,1648 963,1615 947,1615 919,1612 916,1610"/>
          <TextEquiv conf="0.93037796">
            <Unicode>den</Unicode>
          </TextEquiv>
        </Word>
        <Word id="region0009_line0015_word0004" custom="readingOrder {index:4;}">
          <Coords points="975,1607 975,1607 974,1659 1139,1661 1140,1617 1106,1616 1104,1609 1103,1609 1086,1608 1078,1616 1072,1616 1066,1615 1065,1609 1063,1608 1043,1608 1041,1608 1041,1608 1017,1608 1011,1614 1006,1607"/>
          <TextEquiv conf="0.72784686">
            <Unicode>Liebhaber</Unicode>
          </TextEquiv>
        </Word>
        <Word id="region0009_line0015_word0005" custom="readingOrder {index:5;}">
          <Coords points="1219,1662 1220,1623 1154,1622 1153,1661 1177,1661 1178,1661"/>
          <TextEquiv conf="0.9287735">
            <Unicode>an;</Unicode>
          </TextEquiv>
        </Word>
        <Word id="region0009_line0015_word0006" custom="readingOrder {index:6;}">
          <Coords points="1334,1611 1333,1615 1301,1619 1248,1618 1248,1655 1378,1656 1378,1615 1363,1615 1361,1611"/>
          <TextEquiv conf="0.92746663">
            <Unicode>manche</Unicode>
          </TextEquiv>
        </Word>
        <Word id="region0009_line0015_word0007" custom="readingOrder {index:7;}">
          <Coords points="1436,1615 1403,1617 1397,1616 1397,1653 1513,1654 1513,1616 1492,1615"/>
          <TextEquiv conf="0.92712855">
            <Unicode>wollen</Unicode>
          </TextEquiv>
        </Word>
        <TextEquiv conf="0.9024657">
          <Unicode>wiederum vieles auf den Liebhaber an; manche wollen</Unicode>
        </TextEquiv>
      </TextLine>
      <TextLine id="region0009_line0016" custom="readingOrder {index:15;}">
        <Coords points="1339,1659 1332,1662 1309,1661 1301,1668 1282,1668 1272,1668 1266,1662 1255,1661 1243,1664 1239,1668 1222,1668 1216,1671 1182,1667 1177,1662 1164,1662 1154,1668 1114,1670 1048,1670 1037,1661 1029,1662 1022,1666 1009,1666 1001,1660 954,1660 948,1663 946,1670 934,1670 928,1661 917,1660 913,1661 908,1669 832,1668 819,1666 815,1661 803,1661 796,1669 759,1669 755,1666 744,1666 738,1661 729,1661 721,1669 706,1667 701,1670 672,1672 640,1661 612,1662 581,1665 577,1674 543,1670 535,1666 512,1667 513,1717 645,1717 648,1722 657,1724 662,1724 668,1717 775,1715 789,1712 806,1714 888,1712 909,1714 928,1720 943,1716 952,1719 966,1717 973,1721 992,1721 1026,1715 1060,1715 1087,1719 1091,1716 1203,1712 1238,1713 1255,1720 1261,1713 1311,1716 1341,1709 1360,1712 1532,1714 1531,1669 1478,1667 1474,1661 1459,1661 1453,1667 1408,1667 1394,1666 1387,1659 1375,1659 1364,1665 1357,1665"/>
        <Baseline points="513,1706 1532,1702"/>
        <Word id="region0009_line0016_word0000" custom="readingOrder {index:0;}">
          <Coords points="526,1700 586,1701 586,1666 580,1665 577,1674 543,1670 535,1666 526,1666"/>
          <TextEquiv conf="0.92385274">
            <Unicode>den</Unicode>
          </TextEquiv>
        </Word>
        <Word id="region0009_line0016_word0001" custom="readingOrder {index:1;}">
          <Coords points="728,1661 721,1669 706,1667 701,1670 672,1672 640,1661 612,1662 605,1662 605,1708 754,1710 754,1666 744,1666 738,1661"/>
          <TextEquiv conf="0.9296567">
            <Unicode>Aquavit</Unicode>
          </TextEquiv>
        </Word>
        <Word id="region0009_line0016_word0002" custom="readingOrder {index:2;}">
          <Coords points="800,1664 796,1669 769,1669 769,1700 828,1700 828,1667 819,1666 817,1664"/>
          <TextEquiv conf="0.929099">
            <Unicode>mit</Unicode>
          </TextEquiv>
        </Word>
        <Word id="region0009_line0016_word0003" custom="readingOrder {index:3;}">
          <Coords points="910,1666 908,1669 843,1668 843,1710 948,1711 948,1666 947,1666 946,1670 934,1670 931,1666"/>
          <TextEquiv conf="0.92749333">
            <Unicode>wenig</Unicode>
          </TextEquiv>
        </Word>
        <Word id="region0009_line0016_word0004" custom="readingOrder {index:4;}">
          <Coords points="964,1663 964,1710 1091,1711 1091,1670 1048,1670 1040,1663 1026,1663 1022,1666 1009,1666 1005,1663"/>
          <TextEquiv conf="0.9308068">
            <Unicode>Zucker,</Unicode>
          </TextEquiv>
        </Word>
        <Word id="region0009_line0016_word0005" custom="readingOrder {index:5;}">
          <Coords points="1119,1670 1185,1670 1185,1705 1119,1705"/>
          <TextEquiv conf="0.9319747">
            <Unicode>und</Unicode>
          </TextEquiv>
        </Word>
        <Word id="region0009_line0016_word0006" custom="readingOrder {index:6;}">
          <Coords points="1288,1670 1219,1669 1216,1671 1203,1669 1203,1712 1238,1713 1241,1714 1259,1714 1261,1713 1288,1714"/>
          <TextEquiv conf="0.92729235">
            <Unicode>deſto</Unicode>
          </TextEquiv>
        </Word>
        <Word id="region0009_line0016_word0007" custom="readingOrder {index:7;}">
          <Coords points="1419,1670 1305,1669 1305,1714 1319,1714 1341,1709 1360,1712 1419,1712"/>
          <TextEquiv conf="0.93136567">
            <Unicode>ſtaͤrker</Unicode>
          </TextEquiv>
        </Word>
        <Word id="region0009_line0016_word0008" custom="readingOrder {index:8;}">
          <Coords points="1440,1672 1516,1673 1516,1709 1440,1708"/>
          <TextEquiv conf="0.93052447">
            <Unicode>oder</Unicode>
          </TextEquiv>
        </Word>
        <TextEquiv conf="0.9291184">
          <Unicode>den Aquavit mit wenig Zucker, und deſto ſtaͤrker oder</Unicode>
        </TextEquiv>
      </TextLine>
      <TextLine id="region0009_line0017" custom="readingOrder {index:16;}">
        <Coords points="1341,1710 1311,1717 1299,1716 1288,1719 1255,1721 1239,1715 1233,1720 1207,1720 1171,1720 1167,1715 1153,1715 1146,1720 1108,1722 973,1722 966,1718 952,1720 943,1717 928,1721 905,1718 901,1714 889,1714 884,1718 860,1718 840,1722 806,1722 804,1715 789,1713 783,1715 778,1722 765,1722 759,1715 745,1714 735,1721 681,1723 676,1719 668,1719 657,1725 645,1723 579,1727 547,1724 539,1717 513,1718 512,1769 735,1767 738,1773 754,1775 764,1767 802,1764 841,1766 847,1772 862,1765 909,1765 926,1766 932,1773 945,1776 954,1773 956,1767 981,1767 989,1773 998,1774 1008,1773 1020,1767 1028,1774 1033,1774 1053,1766 1132,1762 1335,1768 1352,1765 1367,1766 1376,1773 1390,1774 1400,1771 1403,1767 1428,1763 1446,1765 1448,1771 1466,1774 1474,1771 1476,1765 1531,1766 1532,1715 1491,1714 1486,1720 1473,1719 1467,1713 1456,1713 1440,1719 1388,1720 1367,1713"/>
        <Baseline points="512,1759 1531,1756"/>
        <Word id="region0009_line0017_word0000" custom="readingOrder {index:0;}">
          <Coords points="523,1749 721,1751 721,1721 681,1723 676,1719 668,1719 657,1725 645,1723 579,1727 547,1724 539,1717 523,1717"/>
          <TextEquiv conf="0.92439795">
            <Unicode>brennender</Unicode>
          </TextEquiv>
        </Word>
        <Word id="region0009_line0017_word0001" custom="readingOrder {index:1;}">
          <Coords points="742,1759 863,1761 863,1718 860,1718 840,1722 806,1722 804,1715 789,1713 783,1715 778,1722 765,1722 759,1715 745,1714 742,1715"/>
          <TextEquiv conf="0.92153937">
            <Unicode>haben,</Unicode>
          </TextEquiv>
        </Word>
        <Word id="region0009_line0017_word0002" custom="readingOrder {index:2;}">
          <Coords points="889,1761 1088,1763 1088,1722 973,1722 966,1718 952,1720 943,1717 928,1721 905,1718 901,1714 889,1714"/>
          <TextEquiv conf="0.92369354">
            <Unicode>dahingegen</Unicode>
          </TextEquiv>
        </Word>
        <Word id="region0009_line0017_word0003" custom="readingOrder {index:3;}">
          <Coords points="1106,1753 1223,1755 1224,1721 1146,1720 1146,1720 1108,1722 1107,1722"/>
          <TextEquiv conf="0.9257505">
            <Unicode>andere</Unicode>
          </TextEquiv>
        </Word>
        <Word id="region0009_line0017_word0004" custom="readingOrder {index:4;}">
          <Coords points="1241,1722 1302,1723 1301,1759 1240,1758"/>
          <TextEquiv conf="0.9309337">
            <Unicode>das</Unicode>
          </TextEquiv>
        </Word>
        <Word id="region0009_line0017_word0005" custom="readingOrder {index:5;}">
          <Coords points="1319,1716 1318,1767 1339,1767 1352,1765 1367,1766 1368,1767 1402,1767 1403,1767 1428,1763 1446,1765 1447,1768 1474,1768 1476,1765 1516,1765 1517,1718 1487,1717 1486,1720 1473,1719 1471,1717 1444,1717 1440,1719 1388,1720 1377,1716"/>
          <TextEquiv conf="0.9295638">
            <Unicode>Gegentheil</Unicode>
          </TextEquiv>
        </Word>
        <TextEquiv conf="0.9259798">
          <Unicode>brennender haben, dahingegen andere das Gegentheil</Unicode>
        </TextEquiv>
      </TextLine>
      <TextLine id="region0009_line0018" custom="readingOrder {index:17;}">
        <Coords points="1428,1764 1418,1767 1414,1772 1390,1775 1359,1773 1355,1767 1343,1766 1336,1769 1334,1774 1248,1772 1243,1767 1233,1767 1226,1773 1177,1774 1171,1765 1132,1763 1101,1765 1097,1773 1086,1773 1083,1766 1076,1765 1060,1769 1053,1767 1033,1775 952,1774 945,1777 879,1773 869,1766 862,1766 847,1773 841,1767 830,1766 821,1771 817,1766 802,1765 792,1772 775,1772 770,1768 764,1768 754,1776 599,1776 594,1770 580,1770 572,1777 512,1777 513,1821 630,1821 638,1826 649,1827 662,1819 675,1821 697,1817 777,1817 796,1817 803,1820 815,1815 853,1817 860,1821 924,1817 934,1826 941,1826 955,1817 993,1816 1029,1817 1034,1823 1061,1817 1074,1827 1085,1825 1088,1819 1110,1819 1117,1826 1129,1819 1135,1819 1155,1825 1170,1819 1209,1815 1293,1818 1345,1815 1362,1822 1371,1822 1379,1817 1532,1815 1531,1777 1477,1772 1460,1775 1443,1772 1442,1767 1437,1764"/>
        <Baseline points="512,1810 1532,1805"/>
        <Word id="region0009_line0018_word0000" custom="readingOrder {index:0;}">
          <Coords points="523,1807 697,1809 697,1776 599,1776 594,1770 580,1770 572,1777 523,1777"/>
          <TextEquiv conf="0.9257579">
            <Unicode>verlangen</Unicode>
          </TextEquiv>
        </Word>
        <Word id="region0009_line0018_word0001" custom="readingOrder {index:1;}">
          <Coords points="715,1803 782,1804 782,1772 775,1772 770,1768 764,1768 754,1776 715,1776"/>
          <TextEquiv conf="0.9257579">
            <Unicode>und</Unicode>
          </TextEquiv>
        </Word>
        <Word id="region0009_line0018_word0002" custom="readingOrder {index:2;}">
          <Coords points="797,1809 913,1810 913,1775 879,1773 869,1766 862,1766 847,1773 841,1767 830,1766 821,1771 817,1766 802,1765 797,1768"/>
          <TextEquiv conf="0.92359215">
            <Unicode>ſolchen</Unicode>
          </TextEquiv>
        </Word>
        <Word id="region0009_line0018_word0003" custom="readingOrder {index:3;}">
          <Coords points="930,1811 1025,1813 1025,1778 946,1776 945,1777 930,1776"/>
          <TextEquiv conf="0.92817324">
            <Unicode>gerne</Unicode>
          </TextEquiv>
        </Word>
        <Word id="region0009_line0018_word0004" custom="readingOrder {index:4;}">
          <Coords points="1048,1769 1037,1773 1037,1817 1061,1817 1103,1817 1103,1769 1099,1769 1097,1773 1086,1773 1084,1769 1060,1769"/>
          <TextEquiv conf="0.9214922">
            <Unicode>ſehr</Unicode>
          </TextEquiv>
        </Word>
        <Word id="region0009_line0018_word0005" custom="readingOrder {index:5;}">
          <Coords points="1115,1766 1171,1767 1171,1816 1115,1815"/>
          <TextEquiv>
            <Unicode>ſuͤß</Unicode>
          </TextEquiv>
        </Word>
        <Word id="region0009_line0018_word0006" custom="readingOrder {index:6;}">
          <Coords points="1187,1806 1254,1807 1254,1774 1209,1773 1187,1773"/>
          <TextEquiv conf="0.9262404">
            <Unicode>und</Unicode>
          </TextEquiv>
        </Word>
        <Word id="region0009_line0018_word0007" custom="readingOrder {index:7;}">
          <Coords points="1335,1772 1334,1774 1271,1773 1271,1814 1344,1815 1345,1815 1345,1815 1409,1816 1409,1773 1406,1773 1390,1775 1359,1773 1359,1772"/>
          <TextEquiv conf="0.9323288">
            <Unicode>weniger</Unicode>
          </TextEquiv>
        </Word>
        <Word id="region0009_line0018_word0008" custom="readingOrder {index:8;}">
          <Coords points="1423,1770 1423,1809 1516,1810 1516,1775 1477,1772 1460,1775 1443,1772 1442,1770"/>
          <TextEquiv conf="0.865843">
            <Unicode>bren⸗</Unicode>
          </TextEquiv>
        </Word>
        <TextEquiv>
          <Unicode>verlangen und ſolchen gerne ſehr ſuͤß und weniger bren⸗</Unicode>
        </TextEquiv>
      </TextLine>
      <TextLine id="region0009_line0019" custom="readingOrder {index:18;}">
        <Coords points="1455,1816 1444,1823 1421,1825 1377,1821 1362,1823 1345,1816 1325,1816 1321,1817 1317,1824 1305,1825 1286,1824 1280,1817 1268,1817 1261,1824 1256,1824 1243,1822 1235,1816 1209,1816 1155,1826 1140,1826 1138,1821 1129,1820 1117,1827 1074,1828 1061,1818 1032,1825 982,1822 977,1825 971,1825 965,1818 955,1818 941,1827 934,1827 924,1818 913,1819 911,1823 906,1819 882,1823 834,1816 815,1816 803,1821 796,1818 777,1818 764,1820 758,1827 715,1824 709,1818 697,1818 685,1824 673,1825 662,1820 649,1828 633,1824 604,1826 600,1822 588,1822 582,1827 575,1828 513,1830 512,1873 530,1875 644,1871 690,1867 756,1870 906,1868 937,1869 940,1872 958,1872 960,1869 1043,1870 1046,1875 1056,1877 1061,1876 1069,1868 1130,1870 1178,1867 1194,1870 1266,1870 1273,1876 1281,1876 1290,1869 1309,1870 1315,1867 1325,1867 1332,1872 1360,1868 1484,1872 1492,1868 1531,1869 1532,1825 1495,1824 1492,1817 1476,1816 1470,1819"/>
        <Baseline points="512,1863 1531,1859"/>
        <Word id="region0009_line0019_word0000" custom="readingOrder {index:0;}">
          <Coords points="524,1855 609,1856 609,1825 604,1826 600,1822 588,1822 582,1827 575,1828 524,1829"/>
          <TextEquiv conf="0.9229548">
            <Unicode>nend</Unicode>
          </TextEquiv>
        </Word>
        <Word id="region0009_line0019_word0001" custom="readingOrder {index:1;}">
          <Coords points="696,1818 685,1824 673,1825 662,1820 649,1828 633,1824 624,1824 624,1854 757,1856 757,1826 715,1824 709,1818"/>
          <TextEquiv conf="0.9210526">
            <Unicode>trinken.</Unicode>
          </TextEquiv>
        </Word>
        <Word id="region0009_line0019_word0002" custom="readingOrder {index:2;}">
          <Coords points="809,1819 808,1856 870,1857 870,1821 860,1819"/>
          <TextEquiv conf="0.9251987">
            <Unicode>Da</Unicode>
          </TextEquiv>
        </Word>
        <Word id="region0009_line0019_word0003" custom="readingOrder {index:3;}">
          <Coords points="897,1821 896,1864 991,1865 991,1822 982,1822 977,1825 971,1825 968,1821 949,1821 941,1827 934,1827 927,1821 911,1821 911,1823 908,1821"/>
          <TextEquiv conf="0.9293126">
            <Unicode>dieſes</Unicode>
          </TextEquiv>
        </Word>
        <Word id="region0009_line0019_word0004" custom="readingOrder {index:4;}">
          <Coords points="1042,1822 1032,1825 1015,1824 1015,1866 1080,1867 1080,1827 1074,1828 1067,1822"/>
          <TextEquiv conf="0.9239414">
            <Unicode>alſo</Unicode>
          </TextEquiv>
        </Word>
        <Word id="region0009_line0019_word0005" custom="readingOrder {index:5;}">
          <Coords points="1121,1824 1117,1827 1104,1827 1104,1859 1172,1860 1173,1825 1161,1824 1155,1826 1140,1826 1139,1824"/>
          <TextEquiv conf="0.9277273">
            <Unicode>eine</Unicode>
          </TextEquiv>
        </Word>
        <Word id="region0009_line0019_word0006" custom="readingOrder {index:6;}">
          <Coords points="1191,1823 1190,1868 1289,1870 1290,1869 1306,1870 1307,1825 1305,1825 1305,1825 1304,1825"/>
          <TextEquiv conf="0.92933255">
            <Unicode>Sache</Unicode>
          </TextEquiv>
        </Word>
        <Word id="region0009_line0019_word0007" custom="readingOrder {index:7;}">
          <Coords points="1377,1825 1324,1825 1323,1867 1325,1867 1327,1869 1353,1869 1360,1868 1376,1868"/>
          <TextEquiv conf="0.9268105">
            <Unicode>iſt,</Unicode>
          </TextEquiv>
        </Word>
        <Word id="region0009_line0019_word0008" custom="readingOrder {index:8;}">
          <Coords points="1514,1826 1402,1825 1401,1869 1488,1869 1492,1868 1513,1868"/>
          <TextEquiv conf="0.92914844">
            <Unicode>welche</Unicode>
          </TextEquiv>
        </Word>
        <TextEquiv conf="0.9261643">
          <Unicode>nend trinken. Da dieſes alſo eine Sache iſt, welche</Unicode>
        </TextEquiv>
      </TextLine>
      <TextLine id="region0009_line0020" custom="readingOrder {index:19;}">
        <Coords points="1492,1869 1473,1874 1441,1875 1428,1872 1423,1876 1387,1877 1382,1877 1376,1869 1332,1873 1325,1868 1315,1868 1303,1876 1263,1878 1197,1877 1195,1871 1182,1868 1173,1870 1169,1877 1153,1876 1147,1870 1130,1872 1124,1869 1111,1868 1102,1875 1092,1869 1069,1869 1061,1877 1056,1878 1000,1875 995,1870 983,1870 977,1875 939,1872 936,1877 925,1876 921,1869 906,1869 895,1877 857,1876 851,1871 840,1870 834,1875 829,1875 823,1870 806,1869 769,1869 760,1875 752,1876 741,1869 690,1868 663,1871 656,1876 631,1876 626,1872 618,1872 574,1882 513,1880 512,1924 597,1925 641,1921 761,1920 770,1929 774,1929 781,1922 806,1925 811,1922 873,1920 921,1925 929,1920 1047,1920 1126,1922 1130,1926 1147,1930 1152,1928 1155,1922 1212,1920 1244,1920 1253,1928 1270,1916 1282,1920 1332,1919 1341,1928 1352,1927 1357,1920 1388,1918 1399,1930 1411,1930 1427,1924 1446,1924 1460,1919 1473,1919 1483,1928 1490,1928 1501,1922 1532,1921 1532,1879 1504,1878 1501,1871"/>
        <Baseline points="513,1914 1532,1911"/>
        <Word id="region0009_line0020_word0000" custom="readingOrder {index:0;}">
          <Coords points="526,1907 592,1908 592,1880 583,1879 574,1882 526,1880"/>
          <TextEquiv conf="0.9307728">
            <Unicode>von</Unicode>
          </TextEquiv>
        </Word>
        <Word id="region0009_line0020_word0001" custom="readingOrder {index:1;}">
          <Coords points="615,1874 615,1908 669,1909 669,1875 657,1874 656,1876 631,1876 628,1874"/>
          <TextEquiv conf="0.9307728">
            <Unicode>der</Unicode>
          </TextEquiv>
        </Word>
        <Word id="region0009_line0020_word0002" custom="readingOrder {index:2;}">
          <Coords points="686,1870 686,1917 967,1920 967,1874 949,1872 938,1872 936,1877 925,1876 923,1872 901,1872 895,1877 857,1876 851,1871 838,1871 834,1875 829,1875 824,1871 766,1870 760,1875 752,1876 743,1870"/>
          <TextEquiv conf="0.9278497">
            <Unicode>Verſchiedenheit</Unicode>
          </TextEquiv>
        </Word>
        <Word id="region0009_line0020_word0003" custom="readingOrder {index:3;}">
          <Coords points="985,1877 1040,1878 1040,1912 985,1911"/>
          <TextEquiv conf="0.9305539">
            <Unicode>der</Unicode>
          </TextEquiv>
        </Word>
        <Word id="region0009_line0020_word0004" custom="readingOrder {index:4;}">
          <Coords points="1065,1874 1065,1920 1126,1922 1128,1924 1153,1924 1155,1922 1212,1920 1244,1920 1250,1925 1256,1925 1268,1917 1268,1877 1263,1878 1197,1877 1196,1875 1170,1875 1169,1877 1153,1876 1151,1874 1102,1874 1102,1875 1100,1874"/>
          <TextEquiv conf="0.9235985">
            <Unicode>Liebhaberey</Unicode>
          </TextEquiv>
        </Word>
        <Word id="region0009_line0020_word0005" custom="readingOrder {index:5;}">
          <Coords points="1306,1874 1303,1876 1291,1877 1291,1920 1332,1919 1337,1924 1354,1924 1357,1920 1388,1918 1394,1924 1425,1925 1427,1924 1446,1924 1457,1920 1457,1876 1424,1876 1423,1876 1387,1877 1382,1877 1381,1875"/>
          <TextEquiv conf="0.9247518">
            <Unicode>abhaͤngt,</Unicode>
          </TextEquiv>
        </Word>
        <Word id="region0009_line0020_word0006" custom="readingOrder {index:6;}">
          <Coords points="1481,1877 1481,1921 1513,1921 1513,1878 1504,1878 1503,1877"/>
          <TextEquiv conf="0.9321502">
            <Unicode>ſo</Unicode>
          </TextEquiv>
        </Word>
        <TextEquiv conf="0.92863566">
          <Unicode>von der Verſchiedenheit der Liebhaberey abhaͤngt, ſo</Unicode>
        </TextEquiv>
      </TextLine>
      <TextLine id="region0009_line0021" custom="readingOrder {index:20;}">
        <Coords points="1270,1917 1253,1929 1244,1921 1236,1921 1231,1927 1222,1921 1212,1921 1200,1927 1147,1931 1129,1926 1118,1930 1113,1922 1102,1922 1094,1930 1061,1931 1059,1922 1047,1921 1043,1922 1036,1931 987,1930 986,1924 981,1921 967,1923 963,1930 942,1930 936,1922 925,1922 921,1926 898,1924 893,1928 878,1928 876,1922 862,1921 850,1929 813,1931 770,1930 761,1921 738,1921 727,1927 713,1928 685,1926 681,1923 641,1922 606,1929 588,1926 582,1931 574,1931 569,1926 562,1925 556,1927 552,1933 512,1934 512,1970 513,1976 631,1976 635,1979 645,1979 650,1975 694,1974 703,1971 830,1972 858,1975 863,1979 874,1979 879,1975 896,1975 899,1979 906,1979 925,1978 927,1973 938,1973 1074,1970 1092,1972 1096,1981 1105,1982 1111,1981 1117,1973 1134,1973 1140,1970 1260,1971 1270,1976 1296,1972 1314,1975 1323,1982 1337,1982 1345,1974 1365,1973 1372,1979 1383,1971 1531,1970 1531,1932 1482,1929 1473,1920 1399,1931 1388,1919 1363,1920 1351,1928 1341,1929 1332,1920 1317,1922 1312,1926 1283,1925 1279,1918"/>
        <Baseline points="512,1966 1531,1961"/>
        <Word id="region0009_line0021_word0000" custom="readingOrder {index:0;}">
          <Coords points="525,1958 608,1959 608,1928 606,1929 588,1926 582,1931 574,1931 569,1926 562,1925 556,1927 552,1933 525,1933"/>
          <TextEquiv conf="0.93268037">
            <Unicode>wird</Unicode>
          </TextEquiv>
        </Word>
        <Word id="region0009_line0021_word0001" custom="readingOrder {index:1;}">
          <Coords points="633,1962 690,1963 690,1926 685,1926 681,1923 641,1922 633,1923"/>
          <TextEquiv conf="0.9309054">
            <Unicode>ſich</Unicode>
          </TextEquiv>
        </Word>
        <Word id="region0009_line0021_word0002" custom="readingOrder {index:2;}">
          <Coords points="712,1960 777,1961 778,1930 770,1930 761,1921 738,1921 727,1927 713,1928 713,1928"/>
          <TextEquiv conf="0.9255309">
            <Unicode>alſo</Unicode>
          </TextEquiv>
        </Word>
        <Word id="region0009_line0021_word0003" custom="readingOrder {index:3;}">
          <Coords points="859,1923 850,1929 813,1931 803,1931 802,1964 878,1965 879,1928 878,1928 876,1923"/>
          <TextEquiv conf="0.9258471">
            <Unicode>auch</Unicode>
          </TextEquiv>
        </Word>
        <Word id="region0009_line0021_word0004" custom="readingOrder {index:4;}">
          <Coords points="924,1922 921,1926 902,1924 902,1969 1002,1970 1002,1930 987,1930 986,1924 984,1922 969,1922 967,1923 963,1930 942,1930 936,1922"/>
          <TextEquiv conf="0.9303282">
            <Unicode>hierin</Unicode>
          </TextEquiv>
        </Word>
        <Word id="region0009_line0021_word0005" custom="readingOrder {index:5;}">
          <Coords points="1040,1925 1036,1931 1027,1930 1027,1961 1076,1961 1076,1930 1061,1931 1059,1925"/>
          <TextEquiv conf="0.9321315">
            <Unicode>ein</Unicode>
          </TextEquiv>
        </Word>
        <Word id="region0009_line0021_word0006" custom="readingOrder {index:6;}">
          <Coords points="1101,1928 1101,1971 1137,1971 1140,1970 1185,1970 1185,1929 1175,1928 1147,1931 1137,1928 1122,1928 1118,1930 1116,1928"/>
          <TextEquiv conf="0.92794466">
            <Unicode>jeder</Unicode>
          </TextEquiv>
        </Word>
        <Word id="region0009_line0021_word0007" custom="readingOrder {index:7;}">
          <Coords points="1209,1923 1208,1968 1296,1968 1296,1925 1283,1925 1281,1923 1261,1923 1253,1929 1246,1923 1234,1923 1231,1927 1225,1923"/>
          <TextEquiv conf="0.92883825">
            <Unicode>leicht</Unicode>
          </TextEquiv>
        </Word>
        <Word id="region0009_line0021_word0008" custom="readingOrder {index:8;}">
          <Coords points="1320,1927 1319,1977 1341,1977 1345,1974 1365,1973 1370,1977 1374,1977 1383,1971 1423,1970 1423,1928 1419,1927 1399,1931 1396,1927 1352,1927 1351,1928 1341,1929 1339,1927"/>
          <TextEquiv conf="0.9209818">
            <Unicode>helfen</Unicode>
          </TextEquiv>
        </Word>
        <Word id="region0009_line0021_word0009" custom="readingOrder {index:9;}">
          <Coords points="1441,1927 1440,1967 1513,1968 1513,1930 1482,1929 1480,1927"/>
          <TextEquiv>
            <Unicode>koͤn⸗</Unicode>
          </TextEquiv>
        </Word>
        <TextEquiv>
          <Unicode>wird ſich alſo auch hierin ein jeder leicht helfen koͤn⸗</Unicode>
        </TextEquiv>
      </TextLine>
      <TextLine id="region0009_line0022" custom="readingOrder {index:21;}">
        <Coords points="1484,1972 1465,1980 1398,1981 1393,1974 1383,1972 1372,1980 1337,1983 1306,1980 1304,1976 1296,1973 1286,1974 1281,1979 1273,1979 1260,1972 1246,1972 1237,1980 1211,1981 1209,1974 1206,1973 1175,1972 1166,1978 1159,1978 1151,1971 1140,1971 1132,1974 1130,1982 1105,1983 1084,1982 1079,1973 1074,1971 1037,1973 1020,1977 995,1972 986,1978 981,1973 970,1973 962,1981 925,1981 911,1978 878,1982 836,1979 830,1973 811,1974 807,1978 801,1973 789,1973 783,1978 770,1978 762,1973 741,1972 732,1977 717,1978 709,1972 703,1972 694,1975 675,1975 668,1982 651,1983 513,1987 512,2028 579,2031 583,2036 589,2037 598,2035 601,2031 617,2031 635,2026 658,2027 671,2033 681,2033 689,2029 703,2034 719,2027 765,2024 812,2025 818,2030 832,2023 906,2027 912,2031 921,2031 926,2027 953,2029 981,2024 990,2026 996,2032 1002,2032 1010,2026 1039,2027 1044,2031 1053,2031 1059,2026 1129,2025 1166,2027 1179,2033 1191,2028 1205,2031 1227,2026 1237,2026 1251,2032 1257,2026 1292,2023 1318,2024 1329,2034 1338,2031 1341,2025 1447,2023 1471,2023 1476,2031 1487,2034 1496,2032 1500,2023 1530,2021 1532,1984 1501,1981 1498,1973"/>
        <Baseline points="512,2019 1531,2013"/>
        <Word id="region0009_line0022_word0000" custom="readingOrder {index:0;}">
          <Coords points="524,2016 598,2017 598,1984 524,1986"/>
          <TextEquiv conf="0.93210375">
            <Unicode>nen,</Unicode>
          </TextEquiv>
        </Word>
        <Word id="region0009_line0022_word0001" custom="readingOrder {index:1;}">
          <Coords points="702,1972 694,1975 675,1975 668,1982 651,1983 623,1983 623,2019 768,2021 768,1977 762,1973 759,1972 739,1972 732,1977 717,1978 709,1972"/>
          <TextEquiv conf="0.9211613">
            <Unicode>weßhalb</Unicode>
          </TextEquiv>
        </Word>
        <Word id="region0009_line0022_word0002" custom="readingOrder {index:2;}">
          <Coords points="791,1974 790,2017 833,2017 833,1976 831,1974 811,1974 807,1978 802,1974"/>
          <TextEquiv conf="0.92614686">
            <Unicode>ich</Unicode>
          </TextEquiv>
        </Word>
        <Word id="region0009_line0022_word0003" custom="readingOrder {index:3;}">
          <Coords points="850,2018 927,2018 927,1981 925,1981 911,1978 878,1982 850,1980"/>
          <TextEquiv conf="0.9316542">
            <Unicode>auch</Unicode>
          </TextEquiv>
        </Word>
        <Word id="region0009_line0022_word0004" custom="readingOrder {index:4;}">
          <Coords points="966,1977 962,1981 945,1981 944,2021 1026,2022 1027,1978 987,1978 986,1978 985,1977"/>
          <TextEquiv conf="0.92703485">
            <Unicode>nicht</Unicode>
          </TextEquiv>
        </Word>
        <Word id="region0009_line0022_word0005" custom="readingOrder {index:5;}">
          <Coords points="1044,1975 1043,2021 1096,2021 1096,1982 1084,1982 1080,1975"/>
          <TextEquiv conf="0.89564764">
            <Unicode>fuͤr</Unicode>
          </TextEquiv>
        </Word>
        <Word id="region0009_line0022_word0006" custom="readingOrder {index:6;}">
          <Coords points="1131,1976 1130,1982 1113,1982 1113,2024 1223,2026 1223,1980 1211,1981 1210,1977 1167,1976 1166,1978 1159,1978 1157,1976"/>
          <TextEquiv conf="0.92323494">
            <Unicode>noͤthig</Unicode>
          </TextEquiv>
        </Word>
        <Word id="region0009_line0022_word0007" custom="readingOrder {index:7;}">
          <Coords points="1241,1978 1240,2026 1257,2026 1257,2026 1292,2023 1318,2024 1321,2027 1339,2027 1340,1983 1337,1983 1306,1980 1305,1979 1282,1978 1281,1979 1273,1979 1272,1978"/>
          <TextEquiv conf="0.9271902">
            <Unicode>finde,</Unicode>
          </TextEquiv>
        </Word>
        <Word id="region0009_line0022_word0008" custom="readingOrder {index:8;}">
          <Coords points="1370,1980 1362,1981 1362,2018 1410,2019 1410,1981 1405,1981 1398,1981 1398,1981"/>
          <TextEquiv conf="0.93270403">
            <Unicode>ein</Unicode>
          </TextEquiv>
        </Word>
        <Word id="region0009_line0022_word0009" custom="readingOrder {index:9;}">
          <Coords points="1448,1980 1426,1981 1425,2023 1447,2023 1471,2023 1474,2029 1497,2029 1500,2023 1513,2022 1514,1982 1501,1981 1501,1981"/>
          <TextEquiv>
            <Unicode>meh⸗</Unicode>
          </TextEquiv>
        </Word>
        <TextEquiv>
          <Unicode>nen, weßhalb ich auch nicht fuͤr noͤthig finde, ein meh⸗</Unicode>
        </TextEquiv>
      </TextLine>
      <TextLine id="region0009_line0023" custom="readingOrder {index:22;}">
        <Coords points="1363,2024 1354,2027 1350,2032 1329,2035 1318,2025 1292,2024 1281,2032 1247,2033 1237,2027 1227,2027 1205,2032 1179,2034 1158,2032 1154,2027 1139,2027 1134,2030 1129,2026 1116,2027 1110,2033 1097,2034 1039,2033 1035,2028 1019,2027 1015,2032 991,2033 988,2027 981,2025 970,2025 959,2034 932,2035 848,2034 845,2027 837,2024 817,2032 774,2031 703,2035 666,2034 658,2028 635,2027 619,2034 589,2038 512,2037 513,2081 621,2081 624,2087 643,2089 648,2086 650,2080 704,2077 768,2079 772,2084 784,2085 794,2082 797,2078 820,2076 837,2079 839,2076 852,2077 855,2084 870,2086 885,2078 918,2080 921,2084 927,2085 940,2081 963,2081 968,2085 976,2085 985,2076 1001,2074 1159,2080 1198,2075 1297,2079 1302,2084 1315,2083 1318,2079 1342,2077 1355,2078 1362,2085 1374,2086 1388,2077 1532,2076 1531,2032 1499,2032 1487,2035 1400,2033 1392,2025"/>
        <Baseline points="513,2071 1532,2066"/>
        <Word id="region0009_line0023_word0000" custom="readingOrder {index:0;}">
          <Coords points="524,2062 611,2063 611,2035 589,2038 524,2037"/>
          <TextEquiv conf="0.9299953">
            <Unicode>reres</Unicode>
          </TextEquiv>
        </Word>
        <Word id="region0009_line0023_word0001" custom="readingOrder {index:1;}">
          <Coords points="627,2073 762,2075 762,2031 703,2035 666,2034 658,2028 635,2027 627,2030"/>
          <TextEquiv conf="0.92952424">
            <Unicode>hiervon</Unicode>
          </TextEquiv>
        </Word>
        <Word id="region0009_line0023_word0002" custom="readingOrder {index:2;}">
          <Coords points="775,2033 811,2033 811,2071 775,2071"/>
          <TextEquiv conf="0.9325644">
            <Unicode>zu</Unicode>
          </TextEquiv>
        </Word>
        <Word id="region0009_line0023_word0003" custom="readingOrder {index:3;}">
          <Coords points="836,2024 823,2029 823,2073 938,2075 938,2034 932,2035 848,2034 845,2027 837,2024"/>
          <TextEquiv conf="0.9283237">
            <Unicode>ſagen,</Unicode>
          </TextEquiv>
        </Word>
        <Word id="region0009_line0023_word0004" custom="readingOrder {index:4;}">
          <Coords points="966,2028 965,2029 965,2073 1100,2074 1100,2033 1097,2034 1039,2033 1035,2028 1017,2028 1015,2032 991,2033 988,2028"/>
          <TextEquiv conf="0.91824013">
            <Unicode>ſondern</Unicode>
          </TextEquiv>
        </Word>
        <Word id="region0009_line0023_word0005" custom="readingOrder {index:5;}">
          <Coords points="1118,2032 1118,2071 1161,2071 1161,2032 1158,2032"/>
          <TextEquiv conf="0.91824013">
            <Unicode>ich</Unicode>
          </TextEquiv>
        </Word>
        <Word id="region0009_line0023_word0006" custom="readingOrder {index:6;}">
          <Coords points="1178,2069 1244,2070 1244,2033 1200,2032 1179,2034 1178,2033"/>
          <TextEquiv conf="0.9281935">
            <Unicode>will</Unicode>
          </TextEquiv>
        </Word>
        <Word id="region0009_line0023_word0007" custom="readingOrder {index:7;}">
          <Coords points="1276,2032 1267,2032 1267,2076 1333,2077 1333,2034 1329,2035 1326,2032"/>
          <TextEquiv conf="0.9268412">
            <Unicode>alſo</Unicode>
          </TextEquiv>
        </Word>
        <Word id="region0009_line0023_word0008" custom="readingOrder {index:8;}">
          <Coords points="1359,2032 1359,2081 1381,2081 1388,2077 1425,2077 1425,2034 1400,2033 1400,2033"/>
          <TextEquiv conf="0.92883325">
            <Unicode>hier</Unicode>
          </TextEquiv>
        </Word>
        <Word id="region0009_line0023_word0009" custom="readingOrder {index:9;}">
          <Coords points="1447,2042 1511,2043 1511,2069 1447,2068"/>
          <TextEquiv conf="0.9292052">
            <Unicode>nur</Unicode>
          </TextEquiv>
        </Word>
        <TextEquiv conf="0.9269961">
          <Unicode>reres hiervon zu ſagen, ſondern ich will alſo hier nur</Unicode>
        </TextEquiv>
      </TextLine>
      <TextLine id="region0009_line0024" custom="readingOrder {index:23;}">
        <Coords points="1430,2078 1424,2084 1374,2087 1365,2087 1356,2080 1342,2078 1331,2078 1323,2085 1283,2086 1267,2085 1245,2077 1198,2076 1173,2084 1158,2084 1153,2080 1141,2079 1135,2084 1104,2086 1087,2086 1085,2079 1080,2077 1064,2078 1054,2086 1051,2078 1045,2076 992,2076 983,2078 979,2086 945,2087 893,2085 888,2081 882,2081 874,2086 861,2087 820,2077 814,2084 775,2086 722,2082 677,2088 650,2085 643,2090 600,2089 596,2082 583,2082 571,2090 513,2091 512,2132 570,2135 595,2140 600,2136 646,2132 773,2128 823,2128 832,2135 847,2136 856,2129 883,2128 974,2129 994,2132 1003,2137 1016,2137 1024,2133 1033,2132 1172,2127 1248,2129 1253,2137 1263,2138 1269,2130 1348,2128 1382,2130 1386,2134 1394,2136 1422,2128 1491,2128 1531,2124 1530,2087 1449,2083 1445,2078"/>
        <Baseline points="512,2122 1531,2116"/>
        <Word id="region0009_line0024_word0000" custom="readingOrder {index:0;}">
          <Coords points="524,2120 600,2121 601,2089 600,2089 596,2082 583,2082 571,2090 525,2091"/>
          <TextEquiv conf="0.92969817">
            <Unicode>noch</Unicode>
          </TextEquiv>
        </Word>
        <Word id="region0009_line0024_word0001" custom="readingOrder {index:1;}">
          <Coords points="630,2116 732,2117 733,2084 708,2083 677,2088 650,2085 643,2090 630,2089"/>
          <TextEquiv conf="0.9307625">
            <Unicode>etwas</Unicode>
          </TextEquiv>
        </Word>
        <Word id="region0009_line0024_word0002" custom="readingOrder {index:2;}">
          <Coords points="818,2078 814,2084 775,2086 748,2084 748,2123 888,2124 888,2081 888,2081 882,2081 874,2086 861,2087 826,2078"/>
          <TextEquiv conf="0.9274423">
            <Unicode>weniges</Unicode>
          </TextEquiv>
        </Word>
        <Word id="region0009_line0024_word0003" custom="readingOrder {index:3;}">
          <Coords points="903,2089 980,2090 979,2119 902,2118"/>
          <TextEquiv conf="0.9274423">
            <Unicode>vom</Unicode>
          </TextEquiv>
        </Word>
        <Word id="region0009_line0024_word0004" custom="readingOrder {index:4;}">
          <Coords points="997,2080 996,2127 1118,2128 1123,2128 1123,2084 1104,2086 1087,2086 1085,2081 1060,2080 1054,2086 1052,2080"/>
          <TextEquiv conf="0.9318976">
            <Unicode>Faͤrben</Unicode>
          </TextEquiv>
        </Word>
        <Word id="region0009_line0024_word0005" custom="readingOrder {index:5;}">
          <Coords points="1142,2087 1193,2087 1192,2121 1141,2121"/>
          <TextEquiv conf="0.9249268">
            <Unicode>der</Unicode>
          </TextEquiv>
        </Word>
        <Word id="region0009_line0024_word0006" custom="readingOrder {index:6;}">
          <Coords points="1210,2085 1209,2128 1248,2129 1249,2130 1269,2130 1269,2130 1348,2128 1371,2129 1372,2087 1365,2087 1364,2086 1301,2086 1283,2086 1273,2085"/>
          <TextEquiv conf="0.9234883">
            <Unicode>Aquavite</Unicode>
          </TextEquiv>
        </Word>
        <Word id="region0009_line0024_word0007" custom="readingOrder {index:7;}">
          <Coords points="1510,2088 1392,2087 1391,2133 1404,2133 1422,2128 1491,2128 1509,2126"/>
          <TextEquiv conf="0.6864166">
            <Unicode>geden⸗</Unicode>
          </TextEquiv>
        </Word>
        <TextEquiv conf="0.8977593">
          <Unicode>noch etwas weniges vom Faͤrben der Aquavite geden⸗</Unicode>
        </TextEquiv>
      </TextLine>
      <TextLine id="region0009_line0025" custom="readingOrder {index:24;}">
        <Coords points="1422,2129 1394,2137 1355,2136 1351,2130 1339,2129 1330,2136 1289,2139 1257,2139 1253,2138 1248,2130 1222,2131 1217,2139 1187,2137 1184,2130 1172,2128 1141,2132 1085,2129 1033,2139 981,2138 979,2132 974,2130 958,2131 951,2138 794,2137 769,2136 764,2131 753,2131 740,2135 736,2130 726,2130 710,2137 678,2138 674,2135 660,2135 649,2139 592,2143 542,2134 512,2134 513,2185 579,2186 584,2192 593,2193 605,2182 696,2184 719,2181 821,2181 846,2184 855,2192 865,2192 880,2183 947,2182 953,2183 961,2194 975,2194 983,2183 990,2182 1136,2185 1144,2193 1154,2193 1160,2185 1164,2185 1170,2191 1180,2191 1188,2185 1195,2184 1273,2183 1292,2184 1300,2192 1318,2193 1328,2185 1352,2182 1438,2183 1444,2190 1454,2190 1461,2182 1532,2178 1531,2139 1462,2137 1439,2134 1434,2129"/>
        <Baseline points="513,2174 1532,2169"/>
        <Word id="region0009_line0025_word0000" custom="readingOrder {index:0;}">
          <Coords points="524,2174 600,2175 600,2142 592,2143 542,2134 524,2134"/>
          <TextEquiv conf="0.9221887">
            <Unicode>ken,</Unicode>
          </TextEquiv>
        </Word>
        <Word id="region0009_line0025_word0001" custom="readingOrder {index:1;}">
          <Coords points="618,2167 684,2168 684,2137 678,2138 674,2135 660,2135 649,2139 618,2141"/>
          <TextEquiv conf="0.92752737">
            <Unicode>und</Unicode>
          </TextEquiv>
        </Word>
        <Word id="region0009_line0025_word0002" custom="readingOrder {index:2;}">
          <Coords points="723,2131 710,2137 702,2137 702,2167 838,2168 838,2137 794,2137 769,2136 764,2131 751,2131 740,2135 737,2131"/>
          <TextEquiv conf="0.9280824">
            <Unicode>alsdenn</Unicode>
          </TextEquiv>
        </Word>
        <Word id="region0009_line0025_word0003" custom="readingOrder {index:3;}">
          <Coords points="854,2140 891,2140 891,2179 854,2179"/>
          <TextEquiv conf="0.92993665">
            <Unicode>zu</Unicode>
          </TextEquiv>
        </Word>
        <Word id="region0009_line0025_word0004" custom="readingOrder {index:4;}">
          <Coords points="956,2133 951,2138 908,2138 908,2181 990,2182 990,2182 994,2182 1067,2183 1067,2134 1059,2134 1033,2139 981,2138 979,2133"/>
          <TextEquiv conf="0.9163778">
            <Unicode>mehrerer</Unicode>
          </TextEquiv>
        </Word>
        <Word id="region0009_line0025_word0005" custom="readingOrder {index:5;}">
          <Coords points="1080,2133 1080,2182 1218,2184 1273,2183 1292,2184 1293,2185 1322,2185 1322,2137 1289,2139 1257,2139 1253,2138 1251,2135 1220,2135 1217,2139 1187,2137 1186,2134"/>
          <TextEquiv conf="0.9281488">
            <Unicode>Beſchreibung</Unicode>
          </TextEquiv>
        </Word>
        <Word id="region0009_line0025_word0006" custom="readingOrder {index:6;}">
          <Coords points="1342,2137 1393,2138 1393,2175 1342,2174"/>
          <TextEquiv conf="0.92571086">
            <Unicode>der</Unicode>
          </TextEquiv>
        </Word>
        <Word id="region0009_line0025_word0007" custom="readingOrder {index:7;}">
          <Coords points="1415,2137 1415,2183 1438,2183 1438,2183 1460,2183 1461,2182 1512,2179 1512,2138 1488,2138"/>
          <TextEquiv conf="0.88977224">
            <Unicode>Aqua⸗</Unicode>
          </TextEquiv>
        </Word>
        <TextEquiv conf="0.9209681">
          <Unicode>ken, und alsdenn zu mehrerer Beſchreibung der Aqua⸗</Unicode>
        </TextEquiv>
      </TextLine>
      <TextLine id="region0009_line0026" custom="readingOrder {index:25;}">
        <Coords points="719,2182 708,2191 696,2192 644,2192 641,2184 605,2183 593,2194 572,2194 568,2191 559,2190 553,2185 540,2186 536,2193 513,2192 512,2236 640,2238 673,2245 737,2244 739,2240 757,2238 831,2237 843,2230 844,2199 839,2193 737,2191 734,2183"/>
        <Baseline points="512,2227 843,2228"/>
        <Word id="region0009_line0026_word0000" custom="readingOrder {index:0;}">
          <Coords points="518,2194 583,2195 582,2231 517,2230"/>
          <TextEquiv conf="0.9316534">
            <Unicode>vite</Unicode>
          </TextEquiv>
        </Word>
        <Word id="region0009_line0026_word0001" custom="readingOrder {index:1;}">
          <Coords points="602,2189 601,2237 640,2238 657,2242 738,2242 739,2240 757,2238 787,2238 788,2192 737,2191 737,2190 709,2190 708,2191 696,2192 644,2192 643,2189"/>
          <TextEquiv conf="0.8412848">
            <Unicode>uͤbergehen.</Unicode>
          </TextEquiv>
        </Word>
        <TextEquiv conf="0.88646907">
          <Unicode>vite uͤbergehen.</Unicode>
        </TextEquiv>
      </TextLine>
      <TextEquiv>
        <Unicode>Hierbey muß ich jedoch gedenken, daß man den
Spiritus nicht durch Zuſetzung allzuvielen Zuckerwaſ⸗
ſers, gar zu ſuͤße und zu leicht mache, ſo wie derſelbe
im Gegentheile, wenn ihm zu wenig Zuckerwaſſer zu⸗
geſezt wird, allzu ſtark oder feurig ſeyn wuͤrde. Koͤnn⸗
te man aber die Staͤrke deſſelben durch Zugießung des
Zuckerwaſſers nicht genug temperiren, ſo kann man
es doch dadurch bewirken, wenn man noch etwas fri⸗
ſches Brunnenwaſſer hinzu gießt. Wenn. der Spiri⸗
tus gut, und das Zuckerwaſſer auf obige Art verfer⸗
tigt worden, ſo kann man nicht leicht zu viel oder zu
wenig thun, wenn man juſt zu einer Kanne Spiritus
eine viertel Kanne (auch nach Belieben etwas weniges
mehr) Zuckerwaſſer nimmt. Es kommt hierbey auch
wiederum vieles auf den Liebhaber an; manche wollen
den Aquavit mit wenig Zucker, und deſto ſtaͤrker oder
brennender haben, dahingegen andere das Gegentheil
verlangen und ſolchen gerne ſehr ſuͤß und weniger bren⸗
nend trinken. Da dieſes alſo eine Sache iſt, welche
von der Verſchiedenheit der Liebhaberey abhaͤngt, ſo
wird ſich alſo auch hierin ein jeder leicht helfen koͤn⸗
nen, weßhalb ich auch nicht fuͤr noͤthig finde, ein meh⸗
reres hiervon zu ſagen, ſondern ich will alſo hier nur
noch etwas weniges vom Faͤrben der Aquavite geden⸗
ken, und alsdenn zu mehrerer Beſchreibung der Aqua⸗
vite uͤbergehen.</Unicode>
      </TextEquiv>
    </TextRegion>
    <TextRegion orientation="-0.62642944" type="catch-word" readingDirection="left-to-right" id="region0011" custom="readingOrder {index:5;} structure {type:catch-word;}">
      <Coords points="1288,2288 1513,2288 1513,2343 1288,2343"/>
      <TextLine id="region0011_line0001" custom="readingOrder {index:0;}">
        <Coords points="1401,2288 1289,2290 1288,2340 1375,2342 1512,2340 1513,2293"/>
        <Baseline points="1289,2329 1513,2330"/>
        <Word id="region0011_line0001_word0000" custom="readingOrder {index:0;}">
          <Coords points="1371,2310 1294,2310 1293,2340 1370,2341"/>
          <TextEquiv conf="0.90501785">
            <Unicode>VII.</Unicode>
          </TextEquiv>
        </Word>
        <Word id="region0011_line0001_word0001" custom="readingOrder {index:1;}">
          <Coords points="1509,2306 1397,2305 1396,2341 1508,2340"/>
          <TextEquiv conf="0.92274696">
            <Unicode>Vom</Unicode>
          </TextEquiv>
        </Word>
        <TextEquiv conf="0.91388243">
          <Unicode>VII. Vom</Unicode>
        </TextEquiv>
      </TextLine>
      <TextEquiv conf="0.91388243">
        <Unicode>VII. Vom</Unicode>
      </TextEquiv>
    </TextRegion>
  </Page>
</PcGts>
