2937 3489
246 681 301 718 73.
329 672 449 717 Seine
461 674 548 724 gabe
561 685 639 717 war
654 680 757 720 Eine
771 681 913 732 ſilberne
927 687 1073 740 ſchuͤſſel,

197 716 347 766 hundert
368 725 443 762 und
464 723 607 773 dreyßig
626 719 711 774 ſekel
729 730 859 778 werth;
896 733 1001 771 Eine
1021 737 1072 778 ſil⸗

195 774 296 817 berne
310 776 438 824 ſchale,
463 776 621 829 ſiebenzig
640 780 717 823 ſekel
731 782 864 831 werth,
891 786 977 834 nach
993 789 1069 828 dem

194 820 271 869 ſekel
284 827 346 865 des
361 825 605 876 heiligthums;
632 828 735 877 beyde
758 830 829 871 voll
845 831 1070 882 ſemmelmehl

190 871 258 911 mit
272 871 331 917 oͤhl
346 865 538 921 gemenget,
564 883 641 919 zum
656 875 862 921 ſpeisopfer:

243 939 307 968 74.
330 929 460 968 Einen
492 928 661 975 guͤldenen
696 930 812 984 loͤffel,
862 935 962 987 zehen
990 937 1066 989 ſekel

190 971 296 1020 golds
311 974 442 1023 werth,
465 965 538 1018 voll
555 969 793 1021 raͤuchwerks:

239 1036 294 1069 75.
320 1024 452 1067 Einen
466 1023 583 1075 farren
598 1029 670 1069 aus
687 1031 753 1070 den
769 1030 925 1082 rindern,
933 1033 1064 1076 Einen

189 1055 346 1113 widder,
373 1067 456 1107 Ein
481 1069 593 1119 jaͤhrig
617 1074 726 1111 lamm
741 1083 819 1122 zum
835 1082 1064 1126 brandopfer:

240 1130 301 1172 76.
324 1128 456 1169 Einen
471 1129 662 1180 ziegenbock
683 1142 760 1179 zum
773 1128 976 1181 ſuͤndopfer:

238 1186 298 1223 77.
326 1177 404 1219 Und
426 1177 503 1224 zum
514 1169 708 1229 dankopfer
722 1189 814 1231 zwey
824 1184 956 1233 rinder,
979 1185 1067 1238 fuͤnf

187 1224 342 1273 widder,
381 1227 466 1277 fuͤnf
484 1229 605 1277 boͤcke,
643 1229 729 1281 fuͤnf
748 1229 879 1284 jaͤhrige
902 1235 1059 1278 laͤmmer.

187 1278 281 1321 Das
294 1280 334 1324 iſt
348 1281 399 1321 die
411 1280 498 1329 gabe
512 1281 665 1332 Pagiel,
690 1287 754 1326 des
769 1284 876 1335 ſohns
893 1288 1059 1335 Ochran.

235 1336 294 1372 78.
319 1332 392 1371 Am
413 1329 574 1378 zwoͤlften
592 1332 671 1382 tage
693 1339 751 1376 der
765 1333 854 1385 fuͤrſt
869 1344 927 1379 der
942 1341 1058 1383 kinder

185 1373 412 1425 Naphthali,
435 1377 573 1427 Ahira,
597 1384 656 1420 der
668 1379 753 1429 ſohn
767 1382 888 1427 Enan.

234 1444 295 1473 79.
321 1431 439 1475 Seine
453 1435 540 1479 gabe
553 1443 630 1476 war
639 1437 742 1479 Eine
756 1437 896 1487 ſilberne
911 1439 1057 1494 ſchuͤſſel,

185 1460 334 1520 hundert
355 1477 429 1517 und
448 1475 592 1528 dreyßig
612 1475 690 1528 ſekel
710 1481 840 1531 werth;
878 1484 983 1524 Eine
1008 1490 1057 1533 ſil⸗

183 1532 286 1569 berne
300 1531 424 1577 ſchale,
450 1528 613 1586 ſiebenzig
629 1533 706 1585 ſekel
719 1536 851 1585 werth,
879 1540 964 1589 nach
979 1545 1057 1584 dem

183 1577 261 1624 ſekel
278 1584 339 1620 des
355 1580 599 1633 heiligthums;
625 1584 729 1631 beyde
744 1585 817 1627 voll
831 1586 1057 1640 ſemmelmehl

183 1627 248 1668 mit
259 1625 319 1671 oͤhl
333 1632 530 1674 gemenget,
556 1637 634 1675 zum
656 1631 863 1679 ſpeisopfer:

231 1682 291 1719 80.
317 1671 447 1721 Einen
479 1678 651 1730 guͤldenen
685 1682 802 1733 loͤffel,
851 1685 951 1735 zehen
976 1688 1055 1738 ſekel

182 1731 289 1776 golds
304 1734 435 1775 werth,
460 1735 533 1775 voll
549 1733 789 1774 raͤuchwerks:

231 1785 280 1820 81.
303 1781 436 1821 Einen
447 1780 567 1827 farren
581 1786 653 1825 aus
665 1788 732 1827 den
748 1785 901 1836 rindern,
924 1787 1057 1831 Einen

180 1830 336 1871 widder,
360 1833 446 1874 Ein
464 1827 578 1883 jaͤhrig
601 1833 711 1876 lamm
732 1842 811 1887 zum
824 1835 1055 1890 brandopfer:

231 1887 286 1922 82.
311 1883 442 1926 Einen
455 1883 646 1935 ziegenbock
661 1896 738 1938 zum
752 1884 954 1937 ſuͤndopfer:

229 1938 283 1976 83.
317 1936 399 1977 Und
439 1946 516 1984 zum
554 1937 746 1988 dankopfer
789 1947 881 1992 zwey
921 1942 1054 1996 rinder,

178 1976 267 2027 fuͤnf
281 1982 439 2030 widder,
461 1979 548 2032 fuͤnf
565 1982 685 2035 boͤcke,
708 1980 796 2036 fuͤnf
811 1983 945 2039 jaͤhrige
968 1992 1054 2033 laͤm⸗

179 2040 264 2074 mer.
313 2035 409 2080 Das
430 2036 470 2087 iſt
488 2035 540 2081 die
559 2037 691 2089 gabe*
698 2039 827 2093 Ahira,
862 2044 924 2084 des
946 2042 1052 2095 ſohns

178 2085 302 2125 Enan.

737 2098 822 2145 *C.I,
831 2108 877 2142 I5.
899 2108 1054 2148 C.10,27.

227 2137 282 2180 84.
312 2132 404 2179 Das
418 2134 459 2186 iſt
470 2136 524 2179 die
537 2135 756 2189 einweihung
769 2141 832 2180 des
846 2143 978 2191 altars,
991 2153 1052 2193 zur

178 2185 255 2233 zeit,
279 2191 326 2228 da
346 2196 381 2227 er
403 2187 563 2237 geweihet
585 2196 709 2233 ward;
733 2196 821 2243 dazu
846 2197 898 2235 die
917 2197 1049 2244 fuͤrſten

175 2217 296 2280 Jſrael
317 2229 472 2282 opferten
490 2234 573 2280 dieſe
593 2234 707 2287 zwoͤlf
716 2239 856 2285 ſilberne
877 2244 1048 2292 ſchuͤſſeln,

176 2287 283 2329 zwoͤlf
296 2289 436 2334 ſilberne
456 2290 609 2339 ſchalen,
632 2291 740 2340 zwoͤlf
750 2292 897 2346 guͤldene
913 2297 1020 2349 loͤffel:

226 2345 278 2381 85.
304 2339 410 2383 Alſo,
433 2341 505 2387 daß
525 2344 554 2384 ie
573 2344 645 2385 eine
663 2341 795 2395 ſchuͤſſel
810 2347 957 2396 hundert
970 2353 1046 2393 und

175 2384 318 2433 dreyßig
331 2386 408 2430 ſekel
426 2388 571 2436 ſilbers,
596 2393 670 2431 und
687 2391 714 2432 ie
729 2392 800 2434 eine
815 2391 920 2443 ſchale
929 2396 1048 2444 ſieben⸗

169 2434 225 2486 zig
241 2435 318 2479 ſekel
327 2438 438 2489 hatte;
463 2440 532 2487 daß
548 2440 601 2483 die
615 2440 748 2493 ſumma
761 2443 848 2487 alles
858 2445 976 2497 ſilbers
986 2459 1047 2491 am

173 2483 293 2538 gefaͤſſe
318 2491 424 2539 trug,
448 2495 542 2540 zwey
560 2488 700 2540 tauſend
723 2498 799 2536 und
814 2497 887 2537 vier
899 2501 1048 2547 hundert

172 2524 268 2580 ſekel,
292 2535 379 2581 nach
394 2541 472 2581 dem
486 2538 562 2587 ſekel
576 2544 639 2584 des
655 2541 892 2597 heiligthums.

222 2595 279 2638 86.
302 2583 385 2640 Und
417 2599 477 2638 der
509 2593 616 2649 zwoͤlf
643 2590 814 2651 guͤldenen
849 2601 941 2652 loͤffel
972 2605 1046 2651 voll

176 2640 394 2697 raͤuchwerks
419 2649 511 2699 hatte
533 2649 563 2691 ie
584 2649 674 2692 einer
697 2651 797 2704 zehen
824 2653 920 2705 ſekel,
955 2661 1045 2707 nach

175 2691 251 2735 dem
271 2695 347 2746 ſekel
370 2698 433 2740 des
454 2694 697 2748 heiligthums:
745 2699 816 2752 daß
835 2702 888 2742 die
908 2703 1044 2752 ſumma

177 2748 278 2793 golds
299 2761 346 2795 an
367 2756 432 2797 den
448 2747 566 2803 loͤffeln
579 2757 661 2805 trug
677 2753 826 2807 hundert
840 2757 913 2799 und
929 2763 1045 2811 zwan⸗

177 2803 227 2839 zig
235 2803 333 2841 ſekel.

227 2854 282 2897 87.
305 2855 382 2904 Die
396 2857 530 2908 ſumma
544 2860 606 2902 der
613 2858 728 2903 rinder
741 2869 820 2915 zum
829 2862 1045 2917 brandopfer

178 2898 279 2942 war,
307 2903 413 2953 zwoͤlf
439 2907 582 2955 farren,
615 2907 723 2955 zwoͤlf
748 2914 904 2956 widder,
938 2916 1047 2961 zwoͤlf

174 2932 306 2999 jaͤhrige
318 2950 475 2998 laͤmmer,
501 2962 589 3002 ſamt
604 2962 699 2996 ihren
712 2962 942 3006 ſpeisopfern,
967 2974 1041 2997 und

175 2991 279 3045 zwoͤlf
293 2998 497 3052 ziegenboͤcke
512 3021 589 3057 zum
603 3015 802 3062 ſuͤndopfer.

225 3052 280 3106 88.
303 3051 383 3095 Und
403 3061 454 3098 die
474 3065 608 3109 ſumma
625 3077 685 3102 der
706 3071 823 3102 rinder
843 3079 922 3114 zum
942 3069 1046 3108 dank⸗

176 3114 273 3152 opfer
286 3118 386 3160 war,
409 3113 480 3156 vier
494 3123 567 3159 und
581 3123 733 3170 zwanzig
755 3119 899 3169 farren,
923 3127 1043 3172 ſechzig

1132 694 1284 743 widder,
1324 686 1441 748 ſechzig
1464 682 1590 753 boͤcke,
1616 688 1744 751 ſechzig
1772 696 1904 753 jaͤhrige
1928 703 2012 747 laͤm⸗

1129 762 1215 795 mer.
1250 757 1345 801 Das
1359 756 1399 801 iſt
1418 758 1470 798 die
1482 755 1701 809 einweihung
1718 763 1780 802 des
1796 762 1934 813 altars,
1961 767 2005 807 da

1127 811 1164 844 er
1178 805 1345 851 geweihet
1357 811 1473 850 ward.

1178 858 1236 897 89.
1259 855 1341 898 Und
1375 865 1480 898 wenn
1511 856 1618 906 Moſe
1652 861 1690 902 in
1728 861 1782 904 die
1812 860 1909 910 huͤtte
1940 867 2004 906 des

1126 896 1218 948 ſtifts
1251 900 1355 950 ging,
1402 901 1473 950 daß
1500 902 1518 921 *
1545 905 1609 946 mit
1648 904 1721 954 ihm
1760 909 1874 949 geredt
1913 909 2005 951 wuͤr⸗

1122 958 1183 997 de:
1233 955 1265 1002 ſo
1301 959 1416 1006 hoͤrete
1448 969 1485 1000 er
1511 961 1565 1002 die
1599 961 1730 1009 ſtimme
1758 955 1827 1006 mit
1859 964 1931 1014 ihm
1958 976 2005 1008 re⸗

1122 1005 1188 1043 den
1214 1010 1286 1045 von
1313 1009 1391 1046 dem
1418 1007 1671 1059 gnadenſtuhl,
1697 1014 1755 1052 der
1782 1011 1852 1058 auf
1871 1016 1929 1054 der
1958 1015 2003 1056 la⸗

1123 1055 1164 1094 de
1205 1057 1268 1095 des
1307 1048 1492 1109 zeugniſſes
1530 1068 1634 1105 war,
1683 1060 1702 1110 †
1739 1061 1897 1112 zwiſchen
1936 1068 2001 1107 den

1120 1112 1233 1153 zween
1249 1108 1463 1160 Cherubim;
1489 1119 1562 1153 von
1575 1117 1716 1155 dannen
1731 1109 1833 1158 ward
1850 1117 1912 1159 mit
1929 1118 2002 1167 ihm

1120 1164 1249 1206 geredt.
1316 1166 1369 1204 *c.
1380 1175 1435 1210 17,
1444 1177 1482 1211 4.
1509 1178 1516 1201 2
1525 1165 1617 1216 Moſ.
1626 1171 1726 1216 30,6.
1741 1168 1782 1220 †I
1792 1169 1903 1213 Sam.
1914 1181 1954 1216 4,
1963 1179 2001 1215 4.

1398 1223 1491 1264 Das
1521 1231 1541 1265 8
1563 1223 1723 1275 Capitel.

1355 1265 1548 1306 Einweihung
1580 1271 1627 1301 der
1650 1271 1769 1305 Leviten.

1117 1313 1173 1346 1.
1147 1301 1221 1390 U

1221 1313 1271 1351 nd
1292 1315 1350 1354 der
1372 1312 1540 1365 HERR
1560 1319 1668 1357 redete
1691 1321 1755 1359 mit
1771 1318 1899 1369 Moſe,
1925 1325 1998 1363 und

1248 1355 1405 1404 ſprach:

1166 1406 1200 1434 2.
1227 1398 1328 1441 Rede
1351 1408 1414 1441 mit
1435 1405 1583 1448 Aaron,
1616 1417 1691 1443 und
1713 1415 1820 1454 ſprich
1843 1429 1882 1455 zu
1903 1423 1998 1456 ihm:

1114 1452 1242 1499 Wenn
1237 1454 1278 1505 du
1321 1456 1373 1495 die
1389 1457 1528 1500 lampen
1545 1464 1730 1510 aufſetzeſt,
1756 1472 1818 1512 ſolt
1832 1478 1879 1502 du
1894 1477 1936 1510 ſie
1950 1480 1999 1506 al⸗

1115 1507 1150 1550 ſo
1173 1508 1291 1559 ſetzen,
1317 1512 1387 1562 daß
1408 1513 1449 1563 ſie
1464 1504 1484 1534 *
1499 1514 1563 1558 alle
1586 1515 1694 1567 ſieben
1719 1524 1902 1562 vorwaͤrts
1919 1531 1997 1563 dem

1111 1557 1258 1602 leuchter
1271 1559 1431 1610 ſcheinen.
1783 1594 1802 1613 *
1808 1587 1907 1637 Zach.
1918 1606 1956 1638 4,
1964 1604 1999 1634 2.

1141 1623 1192 1656 3.
1218 1617 1301 1659 Und
1316 1619 1442 1661 Aaron
1458 1617 1535 1668 thaͤt
1549 1619 1635 1670 alſo,
1663 1626 1736 1664 und
1754 1623 1837 1672 ſetzte
1850 1632 1903 1665 die
1913 1633 1997 1667 lam⸗

1111 1669 1179 1703 pen
1193 1660 1280 1710 auf,
1304 1662 1488 1708 vorwaͤrts
1512 1672 1589 1709 dem
1614 1673 1758 1720 leuchter
1773 1685 1812 1722 zu
1828 1679 1996 1723 ſcheinen:

1112 1710 1180 1750 wie
1194 1716 1253 1750 der
1269 1713 1434 1763 HERR
1448 1714 1553 1764 Moſe
1573 1723 1718 1767 geboten
1736 1729 1842 1768 hatte.

1164 1771 1202 1801 4.
1227 1761 1313 1805 Der
1340 1764 1484 1811 leuchter
1510 1769 1593 1806 aber
1620 1773 1639 1789 *
1660 1778 1739 1809 war
1766 1781 1872 1818 dichte
1898 1785 1995 1822 gold,

1114 1795 1221 1845 beyde
1252 1800 1318 1847 ſein
1350 1804 1455 1851 ſchaft
1480 1815 1554 1844 und
1582 1816 1666 1851 ſeine
1694 1826 1852 1848 blumen:
1906 1840 1993 1855 nach

1113 1853 1134 1903 †
1166 1860 1244 1901 dem
1282 1856 1426 1911 geſicht,
1476 1863 1547 1904 das
1588 1868 1648 1904 der
1680 1874 1847 1919 HERR
1888 1884 1995 1921 Moſe

1112 1902 1255 1958 gezeiget
1287 1902 1404 1961 hatte,
1453 1911 1524 1963 alſo
1559 1920 1692 1967 machte
1723 1933 1758 1959 er
1785 1933 1850 1960 den
1888 1938 1994 1972 leuch⸗

1111 1969 1175 2003 ter.
1454 1977 1597 2021 *1Koͤn.
1606 1991 1713 2028 7,49.
1728 1994 1775 2031 †2
1784 1982 1873 2031 Moſ.
1883 1994 1993 2032 25,31.

1160 2024 1192 2059 5.
1217 2015 1298 2060 Und
1321 2014 1392 2078 der
1415 2018 1519 2076 HERR
1563 2026 1671 2068 redete
1685 2032 1749 2067 mit
1764 2033 1890 2075 Moſe,
1917 2045 1990 2071 und

1110 2055 1247 2113 ſprach:

1160 2122 1194 2158 6.
1219 2118 1315 2165 Nim
1343 2121 1398 2164 die
1424 2123 1448 2148 *
1471 2122 1610 2168 Leviten
1645 2133 1717 2167 aus
1749 2136 1814 2170 den
1848 2137 1992 2172 kindern

1107 2162 1251 2215 Jſrael,
1275 2171 1350 2208 und
1366 2168 1493 2222 reinige
1515 2174 1568 2220 ſie.
1793 2206 1912 2251 *Mal.
1924 2221 1952 2253 3,
1960 2220 1990 2254 3.

1158 2236 1194 2265 7.
1221 2225 1304 2271 Alſo
1327 2226 1390 2274 ſolt
1409 2233 1457 2271 du
1479 2230 1562 2271 aber
1583 2235 1648 2273 mit
1663 2238 1766 2281 ihnen
1782 2238 1893 2284 thun,
1919 2254 1990 2283 daß

1105 2269 1156 2308 du
1178 2266 1220 2316 ſie
1240 2269 1408 2322 reinigeſt.
1458 2275 1532 2319 Du
1555 2280 1617 2326 ſolt
1636 2284 1845 2326 ſuͤndwaſſer
1869 2299 1935 2327 auf
1948 2300 1991 2329 ſie

1102 2310 1286 2366 ſprengen;
1326 2324 1400 2359 und
1429 2323 1532 2370 ſollen
1557 2333 1576 2343 *
1599 2335 1664 2364 alle
1688 2338 1761 2369 ihre
1783 2344 1891 2372 haare
1914 2352 1989 2369 rein

1102 2364 1305 2419 abſcheren,
1331 2375 1404 2413 und
1428 2378 1500 2422 ihre
1520 2380 1640 2417 kleider
1656 2388 1831 2426 waſchen:
1856 2396 1889 2427 ſo
1913 2399 1987 2429 ſind

1103 2414 1147 2465 ſie
1166 2420 1253 2462 rein.
1734 2461 1776 2496 *3
1785 2459 1875 2505 Moſ.
1888 2472 1941 2507 14,
1952 2466 1986 2503 8.

1156 2481 1191 2515 8.
1217 2475 1334 2523 Denn
1364 2480 1467 2526 ſollen
1492 2487 1534 2528 ſie
1555 2490 1700 2532 nehmen
1729 2500 1826 2525 einen
1855 2505 1987 2537 jungen

1103 2511 1246 2569 farren,
1272 2524 1345 2561 und
1361 2526 1427 2572 ſein
1448 2528 1656 2575 ſpeisopfer,
1682 2538 1907 2581 ſemmelmehl
1924 2559 1987 2575 mit

1104 2567 1165 2618 oͤhl
1180 2582 1375 2626 gemenget:
1399 2582 1473 2618 und
1495 2583 1592 2619 einen
1614 2592 1749 2622 andern
1769 2599 1901 2635 jungen
1915 2609 1986 2635 far⸗

1103 2636 1165 2668 ren
1181 2629 1245 2671 ſolt
1258 2635 1306 2671 du
1327 2640 1405 2679 zum
1419 2628 1605 2684 ſuͤndopfer
1621 2645 1778 2683 nehmen.

1152 2693 1187 2722 9.
1212 2683 1295 2727 Und
1316 2685 1379 2734 ſolt
1401 2686 1455 2729 die
1484 2686 1619 2732 Leviten
1639 2698 1704 2733 vor
1724 2704 1777 2735 die
1800 2703 1895 2744 huͤtte
1918 2712 1982 2739 des

1101 2723 1194 2775 ſtifts
1208 2725 1372 2780 bringen,
1400 2735 1472 2768 und
1489 2738 1541 2769 die
1553 2746 1660 2783 ganze
1674 2757 1826 2811 gemeine
1846 2771 1904 2799 der
1917 2764 1985 2807 kin⸗

1101 2786 1162 2826 der
1174 2781 1296 2832 Jſrael
1313 2784 1522 2842 verſamlen;

1150 2849 1204 2878 10.
1231 2840 1311 2885 Und
1342 2843 1393 2886 die
1420 2842 1557 2891 Leviten
1586 2853 1651 2890 vor
1682 2857 1746 2891 den
1769 2860 1981 2902 HERRN

1098 2883 1264 2936 bringen:
1291 2889 1365 2928 und
1388 2892 1441 2931 die
1462 2895 1579 2935 kinder
1600 2906 1721 2944 Jſrael
1742 2912 1844 2945 ſollen
1860 2917 1893 2954 *
1908 2924 1981 2942 ihre

1101 2930 1213 2984 haͤnde
1228 2936 1295 2986 auf
1307 2942 1360 2983 die
1379 2943 1516 2986 Leviten
1538 2955 1646 2996 legen.
1797 2980 1848 3020 *c.
1865 2992 1917 3025 27,
1930 2993 1981 3030 23.

1150 3005 1192 3032 11.
1219 2997 1302 3041 Und
1317 2999 1335 3019 *
1351 3002 1478 3047 Aaron
1500 3003 1560 3049 ſoll
1580 3009 1632 3044 die
1654 3010 1792 3050 Leviten
1814 3013 1889 3047 vor
1903 3030 1979 3048 dem

1100 3040 1313 3097 HERRN
1333 3047 1471 3096 weben,
1501 3060 1573 3088 von
1595 3061 1660 3091 den
1682 3066 1822 3095 kindern
1844 3071 1981 3102 Jſrael:

1101 3091 1170 3143 auf
1193 3096 1263 3145 daß
1289 3095 1331 3145 ſie
1357 3103 1478 3141 dienen
1498 3101 1625 3151 moͤgen
1647 3119 1696 3144 an
1717 3119 1795 3146 dem
1822 3113 1896 3148 amt
1917 3125 1980 3152 des

1102 3149 1326 3196 HERRN.
1867 3182 1911 3223 *v.
1929 3196 1985 3226 21.
