1833 2698
512 470 610 535 Es
634 472 697 542 iſt
718 483 778 537 in
799 470 908 533 kein
931 471 1069 547 hertz
1094 468 1384 537 kommen/

509 555 678 626 Was
699 557 817 621 uns
838 556 915 622 da
946 556 1098 621 wird
1119 552 1386 634 geſchehn.

509 662 587 705 12.
631 638 841 710 Wann
863 639 936 718 ich
962 640 1054 707 dis
1063 624 1207 724 recht
1240 624 1549 721 betrachte/

509 729 752 806 Vergeß
773 729 849 797 ich
873 728 1013 791 alles
1036 730 1176 804 leid;

509 808 630 885 Fuͤr
655 810 834 885 nichts
858 810 938 889 ich
972 813 1131 876 dann
1154 811 1314 883 mehr
1335 812 1491 894 achte

509 897 627 963 Die
648 895 785 963 welt
810 897 923 963 mit
948 888 1092 973 ihrer
1116 893 1317 974 freud;

508 971 681 1051 Ehr/
700 967 1027 1062 wohlluſt/
1027 973 1151 1056 geld
1175 971 1295 1045 und
1318 959 1473 1058 gut

514 1068 613 1132 Jſt
639 1060 819 1136 eitel/
821 1069 941 1134 und
970 1065 1248 1145 betrüget.

511 1125 680 1222 Was
704 1148 847 1227 ewig
871 1141 1080 1216 bleibt/
1103 1138 1414 1227 vergnuͤget

509 1235 963 1313 Vollkoͤmmlich
984 1237 1123 1311 hertz
1143 1241 1264 1302 und
1290 1237 1483 1316 muht.

505 1340 577 1400 13.
620 1320 741 1393 Die
764 1318 878 1400 hier
896 1323 1007 1392 mit
1024 1315 1265 1398 thraͤnen
1285 1314 1445 1401 ſaͤen/

509 1410 648 1480 Mit
670 1408 904 1483 freuden
926 1410 1159 1478 erndten
1181 1410 1339 1475 dort:

509 1496 631 1566 Die
652 1490 874 1578 ſeuftzen
899 1491 1013 1573 hier
1034 1496 1153 1562 und
1176 1489 1388 1578 flehen/

508 1581 680 1651 Dort
704 1579 979 1662 jauchtzen
1001 1579 1119 1652 fort
1140 1583 1261 1646 und
1285 1581 1425 1657 fort.

510 1667 609 1744 Jſt
633 1666 748 1746 hier
770 1667 870 1736 der
892 1662 1105 1746 truͤbſal
1129 1660 1267 1732 viel/

505 1729 628 1821 Die
649 1743 724 1830 ich
745 1749 833 1818 ein
856 1746 1094 1831 zeitlang
1108 1737 1286 1819 leide/

508 1837 678 1913 Weit
699 1835 862 1916 mehr
883 1838 946 1917 iſt
963 1840 1097 1905 dort
1116 1837 1199 1901 die
1212 1832 1442 1915 freude/

505 1922 651 1997 Und
672 1923 811 1999 ohne
831 1927 935 1994 end
957 1925 1078 1994 und
1101 1923 1216 2002 ziel.

505 2025 595 2083 14.
637 2000 822 2084 Gib/
826 2002 1055 2092 HErr/
1077 2013 1192 2088 daß
1215 2015 1293 2076 ich
1317 2011 1433 2092 auf
1441 2013 1609 2078 erden

499 2074 649 2164 Mich
683 2075 834 2178 ſehne
870 2092 1008 2178 ſtets
1032 2075 1313 2175 darnach:

503 2176 649 2250 Und
676 2182 928 2252 nimmer
946 2173 1091 2252 muͤd
1110 2193 1250 2263 mag
1265 2180 1492 2255 werden

502 2266 650 2340 Bey
674 2263 848 2334 allem
870 2264 1198 2346 ungemach.

503 2351 644 2433 Hab
669 2353 747 2435 ich
769 2353 933 2431 mehr
954 2359 1136 2420 arbeit
1156 2350 1304 2430 hier/
