1709 2419
202 385 274 411 Von
290 384 336 410 den
347 389 516 407 organiſchen
539 380 657 414 Koͤrpern
679 383 729 410 auf
746 373 795 406 dem
814 376 974 408 Erdboden.

1004 384 1052 412 201

164 472 304 522 ſchaffen.
356 475 432 513 Der
475 466 555 512 Reſt
588 481 651 510 von
682 467 730 514 ihr
760 465 794 503 iſt
810 464 907 503 Erde.
989 472 1066 512 Der

164 521 352 568 Brenntorf
366 521 479 567 beſteht
496 528 558 557 aus
577 518 738 568 zerſtoͤrten
762 516 974 565 Gewaͤchſen,
998 520 1063 557 und

165 569 331 620 beſonders
353 576 425 617 aus
434 557 588 614 Mooſen.

319 682 419 731 Von
452 682 517 724 den
544 679 697 729 Thieren
718 675 922 728 uͤberhaupt.

539 767 570 819 §.
601 772 685 807 175.

271 822 511 884 Empfindung,
517 820 727 872 Bewuſtſeyn
732 819 899 868 derſelben,
916 821 979 859 und
989 821 1069 865 will⸗

168 868 320 932 kuͤhrliche
338 872 546 925 Bewegung,
562 876 786 920 unterſcheiden
804 879 862 913 das
887 873 984 922 Thier
1000 883 1067 911 von

170 928 225 976 der
242 932 386 986 Pflanze.
403 923 517 975 Der
531 933 665 980 Menſch
683 930 717 974 iſt
736 936 797 972 das
811 931 1064 978 vollkommenſte

171 994 237 1031 und
263 981 395 1043 ſchoͤnſte
412 983 519 1040 Thier,
543 991 625 1029 denn
649 987 747 1037 auſſer
772 991 824 1026 der
841 985 1064 1033 Empfindung

172 1049 239 1092 und
273 1042 479 1093 Bewegung,
491 1040 546 1090 hat
567 1051 598 1080 er
624 1043 701 1090 noch
724 1043 770 1081 die
789 1040 980 1088 Denkkraft,
1006 1044 1070 1080 das

170 1086 352 1147 Vermoͤgen
371 1087 412 1143 zu
429 1091 594 1143 ſchließen,
610 1102 645 1139 zu
663 1092 816 1141 urtheilen
832 1095 898 1129 und
915 1103 951 1138 zu
967 1093 1070 1141 reflek⸗

173 1139 269 1192 tiren,
285 1140 421 1189 welches
421 1135 497 1188 den
528 1141 671 1190 uͤbrigen
694 1141 888 1189 Geſchoͤpfen
916 1145 1072 1179 entweder

172 1195 273 1247 voͤllig
285 1188 372 1247 fehlt,
396 1186 476 1239 oder
476 1184 565 1238 doch
601 1203 663 1229 nur
682 1195 721 1237 in
744 1195 844 1234 einem
866 1192 930 1233 ſehr
958 1192 1070 1235 ſchwa⸗

174 1248 246 1292 chen
272 1245 387 1285 Grade
424 1234 480 1288 bey
490 1234 584 1290 ihnen
595 1231 782 1292 anzutreffen
801 1244 849 1290 iſt.
876 1241 945 1280 Die
954 1240 1069 1280 Graͤn⸗

176 1306 217 1343 ze
224 1296 366 1343 zwiſchen
406 1297 476 1341 dem
494 1291 615 1349 Thier ⸗
632 1283 697 1331 und
719 1291 971 1341 Pflanzenreiche
1001 1303 1070 1330 ma⸗

177 1357 250 1399 chen
277 1358 324 1395 die
343 1341 514 1405 Polypen
525 1349 599 1390 oder
629 1347 836 1401 Zoophiten,
857 1349 966 1397 welche
998 1348 1073 1401 halb

176 1403 336 1467 Pflanzen
347 1414 413 1451 und
431 1409 505 1462 halb
523 1407 619 1468 Thier
642 1420 678 1457 zu
700 1408 769 1457 ſeyn
786 1407 933 1457 ſcheinen.

479 1499 583 1560 §.
612 1496 720 1547 176.

224 1559 328 1600 Die
348 1545 505 1602 Nerven,
528 1556 655 1601 welches
670 1553 806 1595 Buͤndel
817 1562 885 1591 von
907 1552 1074 1597 parallelen

181 1604 293 1665 Faͤden
310 1612 390 1661 ſind,
410 1614 476 1663 ſind
498 1617 544 1653 die
561 1613 752 1658 Werkzeuge
766 1615 821 1650 der
839 1608 1079 1657 Empfindung,

180 1674 227 1715 ſie
236 1662 435 1713 entſpringen
452 1672 512 1702 aus
532 1667 603 1703 dem
622 1661 759 1712 Gehirn,
774 1662 985 1711 Gehirnlein,
1010 1664 1076 1700 und

182 1716 421 1763 Ruͤckenmark,
450 1705 525 1755 und
537 1712 641 1764 haben
663 1713 809 1759 vielleicht
828 1713 917 1748 einen
942 1713 1078 1757 gemein⸗

182 1773 371 1824 ſchaftlichen
388 1770 730 1819 Vereinigungspunkt
760 1774 804 1810 im
822 1770 951 1819 Gehirn
974 1771 1079 1811 (com-

182 1837 280 1861 mune
296 1825 483 1871 ſenſorium)
506 1833 556 1862 wo
572 1825 620 1862 die
638 1820 763 1870 Seele,
792 1824 840 1859 ein
855 1828 931 1859 vom
952 1819 1081 1865 Koͤrper

183 1888 263 1926 ganz
280 1878 503 1925 verſchiedenes
530 1873 691 1924 Weſen,
690 1877 767 1914 alles
792 1879 864 1919 das,
887 1880 956 1912 was
980 1874 1079 1920 auſſer

184 1935 234 1984 ihr
250 1934 397 1983 vorgeht,
408 1929 594 1982 beobachten
610 1935 677 1971 und
685 1933 862 1980 empfinden
874 1932 942 1970 kan.
966 1931 1082 1971 Wenn

185 1990 237 2027 ein
255 1985 369 2025 Nerve
387 1980 527 2032 geruͤhrt,
551 1983 663 2031 gereizt
687 1983 760 2021 oder
785 1978 963 2027 erſchuͤttert
988 1982 1080 2026 wird,

184 2043 218 2081 ſo
242 2041 327 2081 heißt
344 2043 392 2081 die
404 2038 630 2081 Empfindung
655 2036 802 2081 deſſelben
826 2035 1004 2088 uͤberhaupt
1021 2040 1085 2074 das

1021 2084 1089 2125 Ge⸗
