1568 2416
179 408 206 436 5.
242 400 305 437 Wie
336 412 398 432 man

177 443 223 469 der
238 440 396 476 ausſchweif⸗

177 467 274 501 fenden
291 469 397 504 Gedan⸗

177 517 233 543 cken
245 517 312 546 ledig
334 525 394 547 wer⸗

177 557 207 577 de
219 545 279 582 und
279 545 391 587 GOttes

177 580 248 608 Bild
293 583 391 619 empfa⸗

177 621 218 655 be.

496 410 624 468 JEſus
653 403 890 461 bemahlet
916 413 981 456 das
1010 411 1108 460 Hertz

423 459 485 501 mit
497 464 571 504 dem
593 455 713 514 Penſel
733 450 845 513 ſeines
837 461 984 504 Worts,
1010 463 1105 508 nach⸗

423 514 496 552 dem
524 522 555 555 er
575 511 709 558 daſſelbe
723 521 766 555 an
782 512 854 551 dem
875 510 987 557 Creutz
1004 515 1035 551 in
1051 518 1107 559 der

417 554 658 599 Buß⸗Angſt
690 554 931 595 ausgeſpannet
964 562 1033 588 und
1059 565 1107 592 im

416 605 577 651 Glauben
586 607 651 651 veſt
666 605 813 653 gemacht
834 605 903 650 hat,
917 606 969 650 da
984 608 1107 660 ſtreicht

416 672 449 697 er
464 658 521 705 die
541 657 722 711 haͤßlichen
711 666 1016 711 Suͤnden⸗Bilder
1039 673 1107 703 aus

177 708 231 749 der
243 708 387 756 finſteren
398 707 614 752 Zorn⸗Welt
623 711 691 751 und
703 710 775 751 dem
787 707 970 753 unruhigen
983 707 1105 755 Angſt⸗

175 763 282 809 Reich
303 768 362 806 des
380 757 535 808 Satans
546 761 667 810 durch;
697 764 846 810 erlediget
858 765 905 803 die
918 763 1026 806 Seele
1039 773 1105 808 von

175 813 331 861 unnuͤtzen
359 812 542 857 einfaͤhlen;
561 818 691 860 menget
715 814 763 854 die
782 812 997 859 himmliſchen
1022 813 1108 863 Far⸗

175 858 238 901 ben
265 864 320 900 der
335 859 512 905 goͤttlichen
536 859 725 907 Tugenden
754 859 1006 904 durcheinander
1025 861 1107 906 nach

174 909 272 954 ſeiner
284 910 396 952 weiſen
407 909 659 956 Erfahrenheit,
688 909 742 956 biß
759 908 825 956 daß
845 912 910 952 das
935 909 1107 959 verfallene

175 964 270 1005 Bild
289 961 441 1006 GOttes
460 961 563 1001 wider
587 967 659 1008 zum
676 958 864 1010 Vorſchein
894 960 1018 1007 kommt
1038 962 1109 1003 und

173 1009 309 1057 glaͤntzet
329 1019 395 1052 von
410 1011 465 1052 der
482 1008 680 1058 Schoͤnheit
693 1011 751 1053 des
774 1010 929 1059 Heiligen
950 1012 1109 1058 Geiſtes;

173 1063 303 1111 JEſus
315 1064 434 1110 ſtreicht
448 1063 534 1109 ſelbſt
545 1066 605 1105 den
617 1060 813 1113 Honigſeim
828 1063 925 1109 ſeiner
935 1065 1108 1109 Gebotten

174 1114 249 1152 dem
270 1113 517 1159 neugebohrnen
539 1114 633 1158 Kind
659 1112 693 1156 in
719 1116 780 1155 den
809 1114 955 1158 Mund,
984 1114 1049 1161 daß
1071 1120 1108 1156 es

173 1163 326 1208 GOttes
346 1162 493 1211 Befehle
506 1161 616 1212 fleiſſig
629 1154 751 1209 haltet,
777 1163 847 1206 und
863 1162 937 1209 thut
958 1168 1033 1204 was
1053 1161 1108 1211 fuͤr

172 1213 241 1259 ihm
250 1214 381 1262 gefaͤllig
383 1205 451 1263 iſt,
465 1203 497 1260 1.
511 1211 604 1263 Joh.
618 1225 651 1261 3,
663 1224 720 1252 22.

174 1304 203 1322 6.
210 1286 397 1325 Reinigungs⸗

172 1328 272 1358 Mittel
304 1330 360 1354 und

173 1351 273 1382 darauf
286 1329 409 1382 erfolgte

175 1387 394 1437 Him̃els⸗Freud.

493 1293 623 1349 JEſus
650 1286 775 1348 feget
799 1298 870 1335 und
896 1296 1018 1340 ſchabet
1043 1298 1109 1336 das

421 1328 519 1378 Boͤſe
546 1338 604 1382 vom
621 1343 750 1382 Hertzen
762 1349 826 1375 ab,
841 1351 902 1374 den
914 1351 1108 1378 Eigenwill⸗

419 1397 508 1439 Liebe
525 1397 595 1436 und
605 1396 761 1442 Gefallen
773 1400 842 1436 und
853 1396 1011 1443 ſuͤndliche
1020 1398 1108 1443 Nei⸗

418 1451 535 1491 gung,
562 1444 670 1485 damit
681 1446 766 1488 nicht
777 1449 827 1486 die
845 1446 959 1490 heilige
980 1447 1107 1488 Gaben

173 1492 326 1534 GOttes
348 1489 535 1536 verderbet;
559 1488 741 1535 verſaͤuret,
773 1492 842 1530 und
859 1492 909 1532 die
923 1491 1033 1532 Seele
1046 1499 1108 1533 vor

173 1543 289 1585 GOtt
307 1542 395 1584 nicht
413 1550 450 1588 zu
469 1540 625 1589 ſchanden
645 1544 763 1583 werde.
826 1542 950 1590 Hierzu
972 1541 1109 1588 braucht

174 1604 206 1632 er
226 1593 278 1635 die
294 1592 433 1639 heiligſte
450 1590 574 1640 Sache
586 1592 617 1640 ſo
653 1592 695 1641 im
696 1593 848 1642 Himmel
868 1593 938 1635 und
961 1593 1026 1641 auf
1042 1595 1110 1640 Er⸗

173 1643 237 1682 den
257 1640 305 1683 iſt,
326 1641 462 1685 nemlich
490 1643 540 1685 die
561 1640 677 1691 Krafft
689 1641 788 1689 ſeines
801 1642 963 1686 Creutzes,
990 1649 1110 1683 wovor

174 1694 230 1733 der
248 1690 370 1735 Natur
390 1688 579 1740 anfaͤnglich
590 1689 752 1736 ſchauert,
780 1686 949 1737 zumahlen
970 1690 1009 1737 ſie
1021 1693 1109 1738 nicht

173 1739 258 1786 weiß
280 1745 357 1784 was
388 1740 442 1789 fuͤr
465 1741 649 1790 Abgruͤnde
673 1743 729 1784 der
750 1740 962 1786 Herrlichkeit
990 1742 1112 1784 darinn

172 1793 351 1843 verborgen
364 1794 488 1844 liegen:
523 1794 650 1846 JEſus
677 1794 753 1837 aber
762 1787 922 1844 ſchencket
934 1796 984 1841 ihr
1005 1794 1113 1843 ſeinen

173 1841 295 1886 Sinn,
318 1850 421 1881 wann
445 1843 530 1886 denn
555 1843 604 1891 die
616 1841 726 1890 Seele
745 1839 862 1889 ſiehet,
889 1840 952 1882 wie
968 1839 1031 1880 viel
1044 1850 1107 1888 gu⸗

174 1898 226 1933 tes
245 1894 295 1938 ihr
316 1889 459 1939 dadurch
479 1886 649 1941 geſchihet,
678 1892 710 1940 ſo
728 1895 896 1941 gewinnet
917 1894 957 1940 ſie
972 1895 1036 1935 das
1046 1889 1112 1938 Lei⸗

176 1940 238 1980 den
258 1943 320 1983 lieb
339 1944 408 1984 und
427 1940 565 1983 truckets
582 1942 638 1982 ins
650 1939 766 1989 Hertz,
795 1942 838 1984 da
849 1942 885 1987 iſt
905 1941 954 1989 ihr
969 1939 1000 1980 in
1013 1941 1108 1986 allem

180 1998 291 2045 wohl:
317 1997 380 2048 Jſt
394 1995 548 2047 demnach
562 1996 611 2040 die
631 1996 742 2043 Seele
761 1997 828 2040 eine
849 1993 1109 2050 Creutz⸗Traͤge⸗
