1400 1962
193 432 354 481 Himmel
378 432 465 482 nicht
489 434 631 482 zuwider
655 436 734 484 ſey,
777 443 918 485 ſondern

194 487 376 533 demſelben
387 488 545 535 vielmehr
555 488 791 539 wohlgefallen
807 498 921 539 moͤge.

194 540 246 580 Er
254 541 318 579 kan
327 531 410 590 nicht
425 532 493 593 mehr
515 540 551 590 ſo
562 541 629 591 frey
641 541 675 582 in
682 542 747 593 den
771 542 826 590 Tag
844 548 920 591 hin⸗

193 586 248 631 ein
256 590 374 632 reden,
386 587 443 632 als
453 599 485 634 er
494 589 616 641 vorhin
624 592 749 642 gethan
759 596 830 644 hat,
840 600 917 645 ſon⸗

193 645 281 687 durn
299 644 445 696 befindet
467 646 570 700 groſſe
587 646 726 699 Unruhe
744 650 778 690 in
794 652 919 699 ſeinem

194 690 333 741 Hertzen,
343 701 461 744 wenn
474 703 508 735 er
516 702 616 746 etwa,
626 702 691 737 wie
700 710 842 752 vorhin,
852 726 916 748 un⸗

192 745 264 793 nuͤtz
287 743 475 802 Geſchwaͤtz
500 751 640 795 treibet:
690 763 725 794 er
748 759 818 794 will
845 766 918 796 nun

192 795 281 846 nicht
303 797 398 849 mehr
420 800 623 850 vornehmen
639 807 728 852 das,
753 816 834 842 was
845 813 916 853 ihm

194 854 278 904 nach
310 855 430 905 ſeinem
460 855 581 909 Fleiſch
622 862 691 901 und
723 862 823 904 Blut
854 870 917 909 gut

193 902 336 957 deucht,
363 903 506 956 ſondern
521 918 557 950 er
573 912 643 951 will
659 913 819 958 vielmehr
839 923 916 953 ver⸗

192 954 301 1008 ſichert
311 960 404 1011 ſeyn,
430 959 473 1002 ob
487 966 523 1002 es
541 964 623 1012 auch
642 966 703 1003 mit
717 969 792 1006 dem
809 970 918 1009 Wil⸗

192 1012 244 1054 len
254 1012 404 1058 GOttes
420 1010 554 1058 uͤberein
572 1018 714 1057 komme.
768 1022 818 1059 Er
833 1030 916 1063 mag

191 1059 278 1111 nicht
293 1063 387 1114 mehr
407 1065 472 1107 mit
487 1066 595 1115 ſeinen
615 1070 819 1110 Gedancken
838 1076 911 1117 her⸗

190 1127 250 1160 um
268 1121 443 1170 fladdern,
476 1119 556 1169 noch
573 1122 665 1170 nach
682 1124 809 1171 hohen
823 1130 917 1165 Din⸗

190 1177 262 1216 gen
278 1170 481 1220 trachten;
515 1173 646 1224 machet
669 1175 730 1225 ſich
753 1184 822 1216 nun
844 1185 915 1217 aus

191 1226 267 1266 dem
281 1224 536 1277 Welt⸗Weſen
551 1227 639 1271 keine
655 1227 786 1280 Freude
802 1233 918 1279 mehr,

191 1276 271 1316 weil
288 1287 322 1316 er
336 1277 403 1319 viel
412 1277 463 1320 ein
483 1278 602 1330 beſſers
620 1279 655 1321 in
679 1280 834 1331 CHriſto
853 1286 914 1328 bey

191 1326 374 1374 GOTT
395 1326 562 1379 gefunden
587 1333 656 1370 und
681 1337 819 1372 erkannt
842 1338 916 1381 hat.

186 1370 250 1422 Jn
260 1374 448 1426 Summa,
481 1381 560 1419 weil
575 1389 608 1419 er
624 1385 720 1429 weiß,
732 1388 799 1423 daß
810 1394 841 1421 er
851 1396 914 1421 vor

189 1429 332 1476 GOtt
319 1423 366 1480 in
353 1438 637 1490 CHRJSTO
653 1438 775 1491 gerecht
782 1438 843 1500 iſt,
846 1445 917 1482 und

189 1480 241 1521 ein
251 1490 314 1522 neu
323 1480 424 1525 Leben
433 1490 502 1525 aus
509 1485 625 1528 GOtt
631 1490 832 1533 empfangen
838 1493 917 1533 hat,

188 1527 224 1571 ſo
232 1531 300 1573 will
309 1541 342 1574 er
352 1541 421 1574 nun
429 1535 511 1582 dieſe
520 1537 590 1582 ihm
600 1540 792 1583 geſchenckte
810 1544 917 1590 Gna⸗

188 1575 231 1620 de
247 1582 322 1626 und
346 1581 450 1626 Leben
479 1589 565 1632 nicht
581 1596 679 1630 gerne
695 1600 819 1636 wieder
843 1614 917 1638 ver⸗
