1593 2352
551 393 637 417 347

203 452 267 485 weil
282 457 348 482 man
367 449 438 488 nicht
449 449 510 489 eher
528 447 656 489 glaubte,
677 456 734 479 von
759 452 808 481 den
827 450 953 480 Goͤttern
972 459 1008 479 et⸗

204 514 268 539 was
287 506 409 545 erhalten
423 513 455 546 zu
468 506 587 544 koͤnnen,
608 503 651 549 bis
665 494 708 544 ihr
724 505 803 543 Zorn
817 509 912 543 geſtlllt
925 509 1010 537 waͤre.

205 568 260 603 So
273 568 326 600 wie
346 567 397 600 alle
410 566 485 609 Feſte
502 571 551 600 des
561 564 682 599 Dankes
697 561 888 602 Freudenfeſte
903 574 1010 598 waren,

205 627 233 664 ſo
247 634 341 660 waren
362 628 402 660 die
415 623 685 665 Verſoͤhnungsfeſte
703 621 779 660 Feſte
798 625 845 654 des
864 621 1011 656 Trauerns

204 689 262 718 und
279 687 331 720 alle
348 686 405 726 ihre
418 683 580 724 Gebraͤuche
591 681 749 716 Ausdruͤcke
767 683 814 714 der
831 679 1011 719 Bangigkeit.

205 739 287 779 Das,
306 743 368 771 was
390 737 525 777 naͤhmlich
541 737 619 771 Gott
639 737 699 769 dem
716 734 868 772 Menſchen
889 741 921 771 zu
941 736 1011 767 allen

205 789 301 829 Zeiten
314 791 455 831 furchtbar
469 791 602 829 gemacht,
623 791 656 829 iſt
672 792 719 823 der
730 789 864 823 Gedanke
882 795 919 820 an
942 791 1013 825 ſeine

205 849 428 891 Vergehungen,
448 856 530 881 wenn
543 856 571 881 er
585 846 717 885 dieſelben
730 848 774 880 als
789 841 1012 885 Beleidigungen

205 911 254 942 der
272 908 405 948 Gottheit
423 905 574 947 augeſehen
596 905 664 944 hat,
683 906 740 937 und
758 911 843 937 wenn
861 911 890 936 er
910 904 1014 945 ſowohl

206 964 275 998 uͤber
289 965 331 996 die
342 964 440 1003 Groͤße
453 965 500 996 des
523 960 617 1002 Zorns,
630 956 677 1006 als
696 959 762 994 uͤber
777 961 818 992 die
830 959 884 993 Art
897 964 942 991 der
957 965 1014 999 ihm

208 1019 435 1063 bevorſtehenden
456 1019 567 1058 Strafe
588 1020 646 1052 und
673 1017 741 1052 uͤber
763 1019 805 1052 die
832 1019 1015 1058 Moͤglichkeit

209 1084 273 1117 oder
289 1083 331 1116 die
342 1080 457 1123 Mittel,
476 1080 556 1125 beyde
577 1077 773 1118 abzuwenden,
794 1079 961 1117 zweifelhaft
974 1087 1016 1118 ge⸗

205 1138 294 1176 weſen
308 1138 349 1177 iſt.

267 1190 310 1226 Je
338 1189 417 1227 mehr
443 1194 511 1221 man
536 1187 659 1225 glaubte,
689 1190 870 1219 unmittelbar
897 1195 949 1222 auf
974 1196 1017 1220 die

211 1245 318 1278 Goͤtter
343 1243 446 1277 wirken
472 1244 530 1274 und
557 1243 590 1280 ſie
619 1241 767 1279 beleidigen
793 1237 831 1276 zu
851 1246 972 1276 koͤnnen;
994 1253 1019 1276 je

211 1299 289 1340 mehr
303 1304 332 1332 es
349 1299 445 1339 ſolcher
458 1297 681 1337 Beleidigungen
694 1297 758 1335 gab,
779 1298 820 1327 die
833 1305 900 1327 man
919 1304 1018 1336 unwiſ⸗

213 1351 275 1386 ſend
291 1353 347 1380 und
364 1351 523 1380 unbemerkt
539 1350 657 1385 begehen
671 1352 779 1382 konnte,
799 1355 862 1374 weil
876 1359 927 1377 das
936 1359 1018 1385 Miß⸗

212 1408 299 1450 fallen
318 1414 363 1446 der
375 1411 481 1446 Goͤtter
494 1418 531 1443 an
543 1408 647 1442 kleinen
659 1408 850 1448 Handlungen
868 1412 933 1446 hing
953 1420 1018 1441 oder

214 1468 290 1510 ſelbſt
307 1477 343 1501 an
357 1467 476 1507 ſolchen,
496 1467 538 1499 die
551 1473 619 1498 man
634 1466 705 1504 nicht
723 1472 813 1503 genau
825 1468 941 1500 kannte;
961 1479 1018 1497 und

213 1531 241 1572 je
257 1530 335 1568 mehr
354 1529 524 1569 menſchliche
536 1526 720 1568 Leidenſchaft
737 1533 805 1559 man
824 1527 875 1557 den
892 1527 1018 1561 Goͤttern

215 1588 363 1627 zuſchrieb:
390 1587 459 1625 deſto
476 1585 573 1625 großer
592 1584 684 1623 mußte
702 1585 744 1617 die
756 1582 857 1624 Furcht
877 1583 949 1624 ihrer
961 1587 1019 1619 An⸗

216 1640 311 1680 bether
330 1639 402 1678 ſeyn.

274 1699 379 1738 Dieſen
391 1696 525 1737 Urſachen
539 1697 585 1730 der
600 1695 700 1735 Furcht
713 1701 764 1729 vor
776 1696 853 1729 Gott
871 1702 966 1729 wirkte
979 1704 1020 1729 die

216 1746 373 1789 Chriſtliche
388 1735 523 1788 Religion
540 1749 592 1784 auf
604 1749 681 1783 mehr
701 1751 747 1776 als
766 1757 843 1778 eine
859 1758 915 1777 Art
931 1765 1021 1782 entge⸗

217 1819 312 1853 gegen.
351 1809 401 1850 Jn
416 1813 489 1848 ihrer
512 1812 596 1854 erſten
612 1810 769 1852 Reinigkeit
790 1812 894 1850 ſchaffte
916 1817 949 1849 ſie
967 1825 1021 1845 nur

218 1869 381 1914 Gebraͤuche
405 1871 439 1904 ab
463 1873 520 1905 und
543 1868 638 1912 fuͤhrte
656 1868 729 1903 keine
752 1879 840 1902 neuen
866 1875 918 1901 ein.
958 1877 1021 1904 Sie
