1481 2208
947 314 1021 358 123

256 386 409 440 nehmſten
427 394 485 431 aus
501 394 554 429 den
569 390 708 432 Staͤdten
730 394 802 434 auf,
840 392 904 433 ihm
928 399 1022 434 entge⸗

241 452 322 495 gen.
376 456 440 491 Alle
464 464 520 490 nur
544 457 715 492 erdenkbare
733 456 813 497 Ehre
838 456 969 494 erwieſen
986 457 1037 494 ſie

255 514 334 555 ihm,
369 511 552 559 umkraͤnzten
577 516 634 556 ſein
651 516 774 556 Haupt,
821 516 946 553 nahmen
966 519 1024 550 mit

254 578 349 619 Jubel
358 580 407 621 ihn
417 578 482 620 auf.
517 580 594 615 Aber
602 580 656 614 alle
668 579 968 620 Ehrenbezeugungen
977 581 1022 614 be⸗

253 644 378 679 wirkten
393 644 462 680 doch
479 643 555 679 keine
573 645 684 679 Gnade
710 641 759 685 fuͤr
784 643 835 681 ſie,
882 643 1022 682 vielleicht

254 712 319 744 weil
360 709 396 747 ſie
423 708 538 748 ſeinem
574 707 758 751 Hochmuthe
796 717 829 752 zu
871 704 936 752 ſpaͤt
977 711 1036 744 ka⸗

255 779 338 806 men,
370 769 510 811 vielleicht
530 772 597 806 weil
615 770 648 807 es
666 771 749 812 nicht
762 772 792 807 in
808 769 909 811 ſeinem
928 769 1022 814 Plane

253 830 320 873 lag,
354 832 407 867 den
423 831 513 874 Krieg
536 832 739 874 abzubrechen.

328 899 390 934 Wo
408 907 439 932 er
456 898 525 932 aber
544 896 683 939 hinkam,
729 895 889 939 verſtoͤhrte
915 907 945 933 er
966 906 1021 932 vor

254 958 342 994 allem
362 958 464 1001 heilige
476 957 591 999 Haine,
620 958 741 1003 Tempel
765 962 823 995 und
846 960 952 996 Bilder
973 963 1022 994 der

255 1021 384 1065 Goͤtter,
431 1020 498 1058 was
532 1022 592 1058 eine
622 1023 695 1065 feine
721 1021 943 1063 Schmeicheley
973 1019 1023 1066 fuͤr

247 1066 526 1125 Nebukad ⸗ Nezar
550 1088 633 1118 war,
686 1085 736 1114 der
782 1084 835 1117 ſich
871 1087 937 1114 bald
974 1087 1024 1114 als

254 1149 409 1192 alleinigen
431 1150 511 1187 Gott
536 1146 598 1198 der
614 1145 696 1199 Erde
719 1150 819 1186 wollte
846 1149 1027 1186 anerkennen

254 1204 392 1245 laſſen.
380 1213 450 1244 —
454 1220 507 1228 —

332 1271 450 1313 Welche
466 1273 583 1310 Nation
594 1280 643 1307 am
652 1271 769 1312 meiſten
785 1274 832 1314 bey
848 1274 942 1314 dieſem
951 1274 1023 1309 Um⸗

256 1325 354 1371 ſtande
387 1317 518 1372 gezittert
565 1326 659 1370 haben
699 1327 801 1370 moͤge,
871 1331 906 1372 iſt
941 1332 1023 1368 leicht

253 1407 289 1443 zu
307 1398 450 1440 erachten.
502 1400 567 1439 Die
583 1401 746 1443 Jſraeliten
768 1409 867 1436 waren
887 1400 944 1450 es,
973 1400 1023 1445 ſie,

255 1467 301 1502 die
321 1466 395 1502 alles
411 1463 522 1509 Gluͤck,
550 1463 619 1509 Heil
634 1467 693 1501 und
711 1464 829 1507 Seegen
852 1468 908 1502 mit
925 1464 1022 1509 Pluͤn⸗

256 1519 369 1561 derung
387 1520 468 1562 ihres
487 1518 642 1563 Tempels,
681 1519 866 1566 Beraubung
887 1528 936 1555 der
953 1527 1021 1562 Hei⸗

255 1584 414 1631 ligthuͤmer
428 1590 582 1634 deſſelben,
614 1583 664 1630 fuͤr
680 1587 733 1627 ſich
750 1588 903 1631 verlohren
918 1593 1022 1632 glaub⸗

254 1660 319 1694 ten,
356 1665 396 1690 an
418 1655 523 1693 keinem
547 1654 781 1699 empfindlichern
798 1656 875 1693 Orte
901 1662 1021 1699 angeta⸗

255 1715 307 1762 ſtet
324 1719 437 1755 werden
457 1717 598 1762 konnten,
625 1714 674 1751 als
695 1725 734 1752 an
752 1718 865 1761 dieſem.

932 1789 1018 1837 Doch
