1537 2358
181 302 287 345 V.d.
297 299 465 347 Pflichten
473 311 511 342 u.
525 301 580 343 der
590 300 740 347 Tugend
754 303 840 342 eines
850 301 975 348 Chriſt.

1008 305 1071 347 165

172 395 239 441 Jſt
256 388 394 441 Suͤnde,
412 390 495 431 weil
503 401 544 425 es
560 396 607 436 ein
621 394 764 435 Gemuͤth
795 399 982 435 vorausſetzt,
1007 397 1072 439 daß

133 440 222 491 keine
222 440 380 499 kindliche
380 440 626 500 Ehrerbietung
626 440 701 495 und
701 440 835 500 Furcht
835 440 905 492 vor
905 440 998 492 Gott
998 440 1076 498 hat.

143 497 246 546 Hat
262 500 311 538 die
328 497 494 546 natuͤrliche
508 498 619 546 Folge,
647 501 714 547 daß
729 512 804 538 man
825 500 879 547 ſich
898 496 1073 545 verdaͤchtig

131 545 241 589 macht,
266 535 334 590 daß
344 553 419 580 man
434 534 525 590 leicht
541 542 637 590 luͤget,
658 554 749 580 wenn
772 555 848 581 man
867 544 949 588 nicht
966 544 1075 591 ſchwoͤ⸗

129 602 185 643 ret,
205 602 270 637 und
286 604 347 637 das
362 598 546 638 Vertrauen
562 598 658 642 ſeiner
665 598 900 647 Mitmenſchen
918 599 1074 639 verlieret.

170 659 253 687 c.
276 656 368 688 wenn
390 658 465 686 man
488 653 545 688 den
562 650 661 689 Sinn
686 654 740 688 der
755 649 888 693 Worte,
923 648 982 687 mit
1000 654 1074 690 wel⸗

130 695 198 740 chen
221 708 297 735 man
321 694 477 744 ſchwoͤret,
500 696 664 744 vorſetzlich
701 703 739 748 in
731 702 860 737 anderer
875 699 1074 743 Bedeutung

130 748 253 794 nimmt,
274 749 330 786 als
344 749 376 787 in
397 752 462 793 der,
483 749 514 786 in
536 740 662 794 welcher
683 752 731 788 die
748 749 914 795 Obrigkeit
931 754 989 789 den
1008 750 1073 791 Eid

130 795 250 844 fordert.
299 804 414 852 Dieſer
429 805 559 850 Betrug
576 804 613 845 iſt
630 803 678 841 die
695 803 802 852 groͤßte
818 803 978 853 Laͤſterung
989 803 1075 843 Got⸗

129 853 184 899 tes,
208 855 285 890 man
307 853 416 898 ſpottet
434 856 486 890 der
500 844 625 902 Abſicht
640 853 758 892 Gottes
777 854 869 898 durch
887 843 976 893 einen
994 854 1072 903 Eid,

127 901 226 952 Recht
246 908 310 944 und
320 902 550 951 Gerechtigkeit
559 916 596 953 zu
615 903 803 954 handhaben
815 910 880 944 und
889 908 938 945 die
947 904 1074 954 Wahr⸗

127 954 187 1001 heit
214 970 255 996 an
282 962 341 996 den
362 956 433 1003 Tag
460 966 496 1004 zu
523 956 668 1005 bringen.
719 958 787 1000 Ein
816 959 928 1008 ſolcher
946 959 1013 1001 Eid
1035 961 1073 1008 iſt

125 1007 152 1056 ſo
169 1009 321 1059 ſtrafbar,
348 1013 408 1049 wie
424 1014 479 1051 der
491 1012 655 1053 Meineid.

151 1058 204 1094 2.
231 1068 323 1094 wenn
344 1068 420 1095 man
441 1058 530 1097 einen
546 1059 697 1102 Meineid
716 1056 865 1108 begehet,
905 1060 963 1099 mit
981 1058 1076 1105 Vor⸗

125 1103 173 1156 ſatz
192 1109 280 1155 falſch
296 1108 471 1156 ſchwoͤret.

144 1154 281 1202 Wenn
302 1166 378 1192 man
397 1155 498 1201 ſeinen
518 1145 664 1201 Schwur
681 1154 847 1204 vorſetzlich
866 1151 948 1203 nicht
967 1152 1046 1206 haͤlt.

226 1223 392 1265 Quellen
408 1219 482 1265 aller
496 1226 683 1268 Meineide:

142 1300 211 1336 A.
227 1297 461 1345 Unwiſſenheit
478 1301 534 1335 und
549 1298 753 1347 laſterhaſtes
766 1299 873 1337 Leben.

158 1347 211 1386 B.
237 1345 353 1391 Furcht
368 1357 425 1383 vor
434 1345 586 1393 Verluſt,
602 1346 746 1393 Strafen
764 1352 829 1385 und
848 1345 1021 1393 Schande.

191 1409 309 1444 Die
324 1398 426 1442 Gnade
438 1406 546 1443 Gottes
568 1407 598 1448 iſt
619 1406 675 1441 mir
694 1411 744 1439 das
765 1405 871 1449 groͤßte
889 1406 978 1448 Gut,
1013 1411 1071 1442 und

248 1464 302 1496 wie
316 1463 377 1496 bald
395 1464 427 1501 iſt
443 1464 525 1503 dieſes
536 1461 619 1498 Leben
638 1472 685 1496 am
701 1462 793 1505 Ziele!
819 1462 936 1503 Matth.
952 1463 1002 1502 16,
1017 1466 1071 1497 26.

294 1510 355 1544 Die
369 1509 499 1547 Schande
521 1509 552 1545 iſt
575 1508 693 1549 groͤßer,
728 1517 811 1542 wenn
830 1510 867 1545 ich
893 1510 973 1546 durch
991 1510 1133 1547 einen

249 1549 380 1596 Meineid
381 1546 435 1591 eine
459 1544 600 1594 ſchlechte
587 1551 746 1590 Haudlung
764 1550 908 1588 ableugne,
929 1552 975 1583 als
988 1559 1072 1584 wenn

193 1598 288 1630 ich
307 1596 401 1634 redlich
418 1596 458 1627 die
489 1589 621 1639 Wahrheit
632 1589 758 1639 geſtehe,
771 1598 811 1628 die
823 1598 898 1633 ſchon
912 1604 967 1628 von
979 1598 1073 1632 Men⸗

248 1630 320 1676 ſchen
338 1639 380 1675 oft
396 1640 534 1675 erkannt,
565 1642 627 1671 oder
642 1639 702 1678 doch
717 1639 793 1678 ſchon
809 1641 888 1680 durch
903 1638 1074 1679 Muthmaſ⸗

205 1685 355 1723 ſungen
365 1684 506 1723 geglaubt
524 1689 628 1719 wurde.

275 1722 367 1759 Auch
397 1721 472 1761 ſelbſt
498 1727 544 1756 der
575 1723 709 1762 Anſchein
739 1731 804 1757 vom
832 1720 948 1763 falſchen
977 1724 1071 1759 Eide

177 1766 347 1803 raubet
369 1770 422 1803 das
441 1770 606 1805 Vertrauen
635 1772 664 1803 in
692 1775 739 1803 der
763 1768 953 1814 menſchlichen
966 1771 1074 1813 Geſell⸗

183 1822 344 1863 ſchaft.

168 1877 211 1915 C.
239 1875 306 1917 Ein
329 1885 366 1923 zu
392 1869 534 1924 haͤuſiger
556 1875 725 1923 Gebrauch
751 1880 806 1916 des
824 1875 927 1923 Eides
953 1877 1071 1917 nimmt

123 1914 184 1961 dem
202 1920 291 1971 Eide
310 1922 372 1967 ſein
387 1922 550 1967 Gewicht,
571 1924 641 1958 und
659 1924 731 1958 dem
750 1922 970 1968 menſchlichen
987 1921 1070 1968 Her⸗

123 1978 171 2017 zen
187 1971 271 2024 ſeine
290 1971 505 2032 Fuͤhlbarkeit
513 1987 612 2024 gegen
630 1979 678 2017 die
692 1978 862 2026 Heiligkeit
879 1983 935 2018 des
950 1981 1068 2021 Eides.

168 2033 215 2072 D.
247 2029 346 2072 Kaͤlte
362 2035 396 2072 in
413 2035 466 2071 der
482 2031 656 2079 Religion,
686 2035 758 2072 oder
773 2030 980 2080 Verachtung
1000 2034 1067 2070 der⸗

124 2068 229 2119 ſelben.

1000 2142 1075 2179 Der

1076 435 1173 490 F.82.

1087 510 1116 547 F.
1127 512 1174 543 83.

1076 1066 1174 1105 F.84.

1086 1162 1115 1196 F.
1127 1164 1172 1195 85.
