1712 2438
1062 255 1164 316 131

585 380 716 437 IX.

315 491 999 548 Landeshoheit.

586 747 617 788 §.
673 755 708 785 1.

142 785 235 869 W

243 841 282 877 as
300 829 347 876 ich
367 839 436 872 von
452 832 551 875 deren
568 827 918 879 Entſtehungsepoche
935 829 1052 872 denke,
1071 829 1154 876 habe

143 883 199 934 ich
213 886 362 926 unter'm
391 886 516 927 Artikel
541 883 732 930 Vogtei,
768 884 898 922 wiewol
925 886 1010 924 allda
1038 883 1067 928 §.
1095 890 1155 928 14.

140 942 208 975 nur
233 937 296 977 mit
319 939 374 975 ein
390 937 466 986 Par
483 937 635 979 Worten
658 932 811 976 bemaͤrkt.
862 931 933 984 Jch
954 935 1033 982 habe
1058 943 1101 973 es
1116 937 1155 974 in

139 987 249 1034 dieſen
263 989 390 1029 kleinen
405 985 678 1034 Abhandlungen
695 983 789 1032 ſchon
806 986 981 1032 einigemal
998 987 1157 1031 bemaͤrkt,

142 1038 274 1078 wiewol
287 1036 370 1084 ich's
394 1035 476 1084 weiß
495 1039 564 1076 und
582 1038 642 1075 wie
660 1044 739 1081 gern
757 1036 836 1080 ich's
860 1037 995 1080 zugebe,
1023 1035 1086 1082 daß
1104 1038 1157 1076 die

143 1083 287 1126 Gewalt
311 1089 368 1123 der
397 1084 618 1128 maͤchtigeren
639 1083 804 1126 Herzoge,
843 1092 869 1125 z.
895 1084 950 1122 B.
981 1089 1036 1123 der
1061 1083 1157 1127 Erz⸗

139 1140 213 1174 und
235 1135 395 1182 Biſchoͤfe
418 1135 515 1180 ſchon
538 1136 585 1171 im
615 1142 717 1172 10ten
740 1133 960 1178 Jarhundert
983 1133 1065 1178 groß
1080 1138 1156 1173 und

138 1179 329 1225 anſehnlich
345 1177 487 1226 geweſen
504 1178 561 1226 ſei.
597 1176 723 1226 Jhnen
743 1181 817 1215 aber
835 1186 904 1215 eine
914 1174 1158 1223 Landeshoheit

139 1239 203 1271 vor
225 1233 301 1271 dem
320 1239 422 1277 15ten
440 1228 658 1281 Jarhundert
673 1227 917 1280 zuzugeſtehen,
945 1231 1025 1275 dazu
1045 1229 1158 1273 wuͤrde

139 1287 189 1331 ich
213 1286 296 1331 mich
318 1284 457 1334 unfaͤhig
476 1285 610 1334 finden,
637 1291 737 1324 wenn
762 1285 807 1331 ich
836 1283 924 1328 nicht
936 1274 1041 1332 gegen
1065 1286 1156 1324 mein

144 1335 316 1387 Gewiſſen
330 1340 429 1377 reden
447 1335 549 1385 ſollte.
573 1333 723 1379 Dermal
740 1337 810 1383 ſind
828 1337 934 1376 damit
947 1339 1006 1376 alle
1016 1336 1163 1381 Reichs⸗

142 1381 256 1432 ſtaͤnde
283 1395 346 1424 one
362 1383 561 1428 Ausnam,
575 1382 656 1430 auch
682 1382 837 1433 meiſtens
864 1386 941 1427 (wo
960 1383 1048 1430 nicht
1071 1383 1156 1431 alle)

141 1438 484 1482 reichsunmittelbare
525 1437 631 1478 damit
665 1436 922 1485 ausgeſchmuͤkt.
994 1438 1067 1478 Sie
1100 1438 1160 1484 hat

142 1483 266 1532 freilich
283 1486 363 1533 noch
383 1487 502 1526 immer
521 1487 603 1531 auch
617 1486 743 1524 dermal
761 1482 830 1532 ihre
843 1485 939 1533 große
948 1484 1157 1531 Abſtufung,

144 1537 221 1577 aber
238 1539 315 1583 doch
337 1535 441 1586 gewiß
461 1548 524 1576 one
544 1541 629 1577 allen
652 1536 838 1585 Vergleich
862 1539 924 1575 mit
947 1538 1158 1582 denjenigen,

147 1592 268 1631 wovon
294 1599 366 1630 uns
400 1593 452 1629 die
477 1589 667 1633 Vorzeiten
694 1590 863 1638 Beiſpiele
888 1588 1017 1633 liefern.
1085 1587 1158 1636 Jch

145 1639 212 1678 will
243 1639 352 1685 dieſen
375 1637 499 1685 großen
525 1635 745 1685 Unterſchied
778 1641 840 1676 mit
865 1640 970 1675 einem
998 1645 1064 1676 nur
1091 1641 1159 1676 ein⸗

145 1686 235 1733 zigen
250 1688 420 1737 Beiſpiele
439 1696 505 1727 aus
521 1691 577 1727 der
595 1687 855 1735 Nachbarſchaft
871 1686 1060 1731 erlaͤutern,
1087 1691 1159 1728 und

145 1742 230 1778 zwar
243 1751 323 1781 vom
340 1740 451 1789 Hauſe
470 1741 616 1782 Solms.
668 1738 793 1788 Dieſes
812 1737 964 1787 gehoͤret,
995 1741 1055 1778 wie
1072 1742 1160 1788 jeder

146 1780 288 1826 Kenner
310 1788 414 1833 weiß,
440 1793 539 1824 unter
562 1786 612 1823 die
635 1784 804 1825 beruͤmten
832 1783 938 1820 uralte
963 1780 1158 1833 reichsgraͤf⸗

124 1835 226 1880 liche
243 1838 392 1884 Haͤuſer,
426 1838 520 1886 ſtand
543 1837 720 1884 ſchwerlich
747 1836 852 1875 vielen
873 1835 977 1881 nach,
1006 1844 1075 1875 und
1096 1844 1161 1876 die⸗

145 1880 200 1928 ſes
232 1885 351 1930 befand
386 1890 446 1933 ſich
473 1889 639 1932 gleichwol
672 1885 751 1926 noch
775 1891 812 1926 zu
839 1882 936 1923 Ende
964 1893 1023 1923 des
1059 1900 1159 1929 14ten

146 1927 387 1979 Jarhunderts
412 1943 449 1973 in
471 1945 560 1974 einer
583 1940 617 1982 ſo
642 1936 848 1977 abhaͤngigen
874 1937 975 1985 Lage,
1012 1944 1074 1981 daß
1097 1944 1161 1994 ſich

139 1987 232 2032 nach
255 1990 329 2027 dem
348 1990 416 2029 W.
433 1990 575 2038 Frieden
603 1991 655 2025 ein
678 1994 777 2032 purer
802 1990 1161 2030 reichsunmittelbarer

147 2034 197 2080 ſer
214 2035 288 2077 uͤbel
308 2038 399 2075 dabei
420 2041 570 2081 befinden
591 2040 713 2075 wuͤrde.
765 2037 836 2083 Jm
857 2043 948 2084 Jare
977 2048 1079 2088 1372.
1099 2044 1165 2078 den

148 2095 255 2137 25ten
284 2090 387 2144 Maͤrz
418 2092 534 2143 oͤffnen
560 2097 610 2141 die
635 2091 773 2139 Grafen
796 2093 886 2136 Otto
913 2095 984 2134 und
1010 2093 1164 2140 Johann

648 2141 703 2212 J
703 2141 756 2212 2

1093 2152 1162 2206 von
