2594 3165
786 454 850 487 am
865 443 1021 500 fuͤnften
1036 445 1249 497 Sonntage
1265 444 1360 495 nach
1371 445 1528 502 Oſtern.

1874 462 1946 497 371

303 506 414 548 letzten
427 507 604 551 Poſaunen.
667 510 763 545 Denn
780 517 815 543 es
827 514 910 543 wird
926 516 975 545 die
984 512 1127 555 Poſaune
1142 511 1290 551 ſchallen,
1306 519 1371 547 und
1393 521 1443 548 die
1457 514 1581 550 Todten
1596 519 1724 549 werden
1744 516 1943 556 auferſtehen

302 552 543 591 unverweslich,
571 557 638 586 und
658 556 720 589 wir
744 561 874 590 werden
894 557 1093 593 verwandelt
1107 561 1247 593 werden.
1287 562 1384 596 Denn
1405 561 1457 594 dis
1471 560 1683 597 Verwesliche
1701 562 1778 601 muß
1794 561 1944 603 anziehen

302 602 363 633 das
383 598 662 637 Unverwesliche,
677 608 745 635 und
757 600 807 634 dis
828 601 1013 639 Sterbliche
1030 602 1107 640 muß
1126 603 1273 640 anziehen
1293 605 1343 639 die
1364 605 1638 647 Unſterblichkeit.
1677 612 1786 645 Wenn
1802 609 1877 643 aber
1892 611 1943 643 dis

301 643 513 678 Verwesliche
529 643 614 676 wird
634 645 779 684 anziehen
792 649 851 678 das
866 646 1144 683 Unverwesliche,
1170 651 1236 682 und
1255 649 1307 684 dis
1322 649 1508 687 Sterbliche
1534 650 1618 685 wird
1633 652 1779 691 anziehen
1798 654 1850 686 die
1865 654 1944 688 Un⸗

298 685 516 727 ſterblichkeit,
530 691 614 720 denn
626 689 708 724 wird
724 687 854 729 erfuͤllet
869 693 999 724 werden
1015 699 1076 727 das
1089 694 1207 728 Wort,
1224 696 1284 723 das
1300 691 1491 736 geſchrieben
1505 696 1621 734 ſtehet:
1640 697 1711 732 Der
1733 697 1806 731 Tod
1817 697 1854 735 iſt
1867 706 1944 732 ver⸗

298 732 466 774 ſchlungen
480 731 512 764 in
526 738 588 767 den
595 734 698 776 Sieg;
720 736 806 775 Tod,
813 743 867 769 wo
884 735 921 773 iſt
935 736 1007 773 dein
1020 738 1182 774 Stachel?
1211 738 1323 778 Hoͤlle,
1337 748 1391 772 wo
1408 739 1444 776 iſt
1464 741 1537 775 dein
1554 741 1662 783 Sieg?
1684 744 1770 778 Aber
1782 746 1837 776 der
1852 745 1942 779 Sta⸗

300 776 365 813 chel
383 781 439 810 des
456 779 562 815 Todes
577 779 613 816 iſt
627 779 676 815 die
699 779 835 817 Suͤnde.
877 779 942 816 Die
957 784 1061 824 Kraft
1074 779 1151 816 aber
1166 786 1221 817 der
1243 783 1364 820 Suͤnde
1382 785 1420 822 iſt
1437 792 1498 820 das
1518 786 1635 827 Geſetz.
1693 787 1793 823 GOtt
1806 787 1882 822 aber
1894 787 1940 830 ſey

297 821 416 865 Danck,
423 826 479 858 der
492 833 557 857 uns
570 830 632 859 den
650 824 736 867 Sieg
748 827 886 868 gegeben
897 826 964 865 hat,
980 830 1082 865 durch
1099 828 1213 868 unſern
1229 831 1355 872 HErrn
1370 833 1502 873 JEſum
1514 831 1687 872 Chriſtum.

293 869 386 995 D

388 888 490 941 Jeſer
501 887 627 939 Epiſtel
641 889 847 942 Auslegung
864 889 978 943 findeſt
993 893 1038 934 du
1056 891 1139 942 auch
1152 892 1187 934 in
1202 894 1265 935 den
1275 892 1462 947 Predigten
1478 893 1560 939 uͤber
1584 896 1637 941 dis
1654 896 1788 947 Capitel
1808 898 1941 950 ſonder⸗

387 917 477 981 lich
503 941 724 980 ausgangen.

661 1026 761 1082 Am
780 1024 918 1087 Tage
918 1025 1004 1079 der
1021 1025 1367 1091 Himmelfahrt
1390 1029 1586 1097 Chriſti.

809 1086 945 1141 Epiſt.
960 1088 1207 1142 Apoſtgeſch.
1229 1106 1262 1132 1.
1278 1102 1318 1131 v.
1332 1104 1451 1132 1.⸗12.

297 1136 379 1208 D

379 1136 425 1183 Je
436 1133 514 1173 erſte
523 1136 616 1171 Rede
627 1133 712 1175 habe
726 1136 773 1172 ich
789 1143 878 1174 zwar
896 1136 1029 1180 gethan,
1052 1127 1148 1174 lieber
1165 1137 1353 1180 Theophile,
1377 1150 1444 1175 von
1468 1139 1530 1176 alle
1548 1146 1639 1185 dem,
1668 1147 1731 1178 das
1754 1142 1870 1186 JEſus
1889 1146 1949 1180 an⸗

401 1180 501 1212 fieng,
513 1180 620 1210 beyde,
634 1185 672 1208 zu
688 1178 770 1207 thun
785 1182 850 1206 und
866 1183 904 1207 zu
921 1178 1049 1213 lehren,
1071 1179 1121 1206 bis
1134 1184 1175 1209 an
1198 1183 1251 1208 den
1260 1188 1350 1224 Tag,
1369 1184 1411 1209 da
1425 1189 1461 1209 er
1473 1186 1718 1220 aufgenommen
1731 1192 1837 1220 ward,
1851 1187 1949 1214 nach⸗

295 1230 369 1260 dem
384 1234 418 1261 er
438 1233 499 1261 den
511 1226 661 1269 Apoſteln
675 1227 806 1269 (welche
822 1238 856 1264 er
873 1229 959 1268 hatte
969 1229 1135 1272 erwehlet)
1149 1233 1245 1268 durch
1262 1236 1322 1268 den
1338 1231 1472 1276 heiligen
1487 1236 1578 1272 Geiſt
1592 1236 1713 1277 Befehl
1724 1236 1840 1278 gethan
1851 1237 1947 1278 hatte,

294 1270 434 1308 welchen
450 1279 485 1305 er
502 1271 560 1313 ſich
575 1271 654 1307 nach
673 1270 784 1312 ſeinem
806 1272 927 1310 Leiden
955 1273 1099 1317 lebendig
1124 1274 1254 1315 erzeiget
1271 1275 1378 1317 hatte,
1408 1279 1505 1311 durch
1526 1279 1721 1321 mancherley
1741 1279 1949 1323 Erweiſung;

296 1325 364 1352 und
382 1315 444 1355 ließ
465 1318 522 1356 ſich
538 1316 626 1357 ſehen
653 1326 748 1354 unter
763 1318 859 1358 ihnen
872 1318 998 1363 viertzig
1007 1321 1095 1360 Tage
1115 1321 1208 1361 lang,
1232 1326 1297 1354 und
1316 1330 1403 1357 redet
1417 1331 1474 1356 mit
1486 1324 1582 1360 ihnen
1599 1335 1675 1359 vom
1687 1327 1787 1361 Reich
1799 1328 1949 1364 GOttes.

296 1360 376 1393 Und
391 1359 443 1395 als
459 1367 492 1394 er
507 1363 547 1401 ſie
560 1360 725 1397 verſamlet
749 1360 850 1400 hatte,
874 1361 983 1401 befahl
996 1373 1029 1397 er
1044 1363 1160 1405 ihnen,
1181 1365 1242 1402 daß
1259 1369 1298 1406 ſie
1317 1367 1399 1401 nicht
1421 1376 1485 1400 von
1508 1367 1690 1408 Jeruſalem
1710 1368 1847 1410 wichen,
1876 1371 1948 1408 ſon⸗

294 1409 375 1440 dern
386 1410 545 1439 warteten
560 1409 622 1449 auf
634 1405 680 1442 die
696 1405 905 1449 Verheiſſung
924 1410 981 1443 des
1002 1408 1140 1450 Vaters,
1163 1409 1280 1444 welche
1294 1411 1344 1450 ihr
1356 1409 1437 1447 habt
1453 1409 1582 1453 gehoͤret
1598 1412 1720 1455 (ſprach
1733 1413 1782 1455 er)
1800 1424 1865 1448 von
1874 1413 1950 1452 mir.

292 1451 391 1486 Denn
406 1449 579 1491 Johannes
596 1451 653 1489 hat
672 1453 729 1487 mit
741 1452 867 1494 Waſſer
879 1451 1017 1495 getauft,
1042 1452 1094 1492 ihr
1107 1460 1186 1490 aber
1202 1453 1262 1492 ſolt
1284 1456 1343 1488 mit
1358 1461 1428 1491 dem
1451 1455 1584 1498 heiligen
1603 1457 1695 1496 Geiſt
1714 1461 1840 1501 getauft
1862 1468 1950 1495 wer⸗

293 1498 373 1532 den,
397 1495 481 1526 nicht
499 1492 590 1536 lange
609 1495 686 1530 nach
702 1496 802 1535 dieſen
815 1495 935 1534 Tagen.
983 1495 1047 1532 Die
1060 1498 1136 1531 aber
1154 1497 1329 1538 zuſammen
1348 1499 1490 1535 kommen
1506 1509 1635 1541 waren,
1657 1502 1784 1542 fragten
1799 1502 1865 1540 ihn,
1882 1508 1947 1537 und

293 1538 466 1581 ſprachen:
509 1536 628 1579 HErr,
656 1538 747 1579 wirſt
759 1547 803 1573 du
819 1543 880 1582 auf
891 1540 968 1580 dieſe
980 1540 1049 1578 Zeit
1063 1540 1181 1579 wieder
1198 1543 1373 1582 aufrichten
1393 1551 1453 1579 das
1475 1545 1573 1580 Reich
1599 1547 1732 1586 Jſrael?
1771 1551 1822 1582 Er
1843 1548 1950 1591 ſprach

293 1588 372 1616 aber
387 1589 425 1619 zu
438 1582 557 1618 ihnen:
583 1584 635 1616 Es
648 1583 804 1626 gebuͤhret
813 1585 888 1621 euch
906 1584 990 1618 nicht
1006 1595 1044 1624 zu
1061 1583 1189 1628 wiſſen,
1211 1587 1280 1622 Zeit
1294 1591 1372 1621 oder
1391 1591 1544 1632 Stunde,
1564 1590 1681 1625 welche
1702 1597 1758 1626 der
1772 1592 1873 1625 Vater
1891 1592 1951 1634 ſei⸗

294 1636 353 1661 ner
364 1626 482 1662 Macht
497 1625 701 1669 fuͤrbehalten
719 1628 794 1665 hat;
828 1632 962 1671 ſondern
979 1628 1030 1668 ihr
1048 1635 1170 1666 werdet
1190 1631 1240 1666 die
1262 1634 1361 1673 Kraft
1379 1641 1437 1669 des
1457 1632 1591 1675 heiligen
1615 1634 1741 1673 Geiſtes
1766 1635 1947 1679 empfahen,

293 1672 430 1705 welcher
440 1672 502 1712 auf
517 1670 593 1704 euch
609 1673 755 1707 kommen
768 1672 864 1706 wird.
909 1672 992 1709 Und
1019 1677 1139 1709 werdet
1161 1674 1262 1709 meine
1281 1676 1407 1717 Zeugen
1427 1677 1498 1719 ſeyn
1521 1686 1560 1715 zu
1582 1675 1779 1721 Jeruſalem,
1823 1686 1890 1714 und
1915 1679 1950 1715 in

292 1720 382 1756 gantz
396 1715 509 1755 Judaͤa
524 1719 591 1751 und
605 1715 781 1760 Samaria,
804 1721 871 1752 und
883 1717 937 1753 bis
954 1727 998 1753 an
1013 1725 1073 1754 das
1089 1722 1186 1756 Ende
1204 1724 1260 1756 der
1278 1724 1406 1759 Erden.
1466 1723 1547 1759 Und
1563 1727 1605 1759 da
1606 1721 1643 1762 er
1685 1723 1802 1764 ſolches
1818 1723 1948 1768 geſaget,

293 1766 388 1793 ward
403 1766 437 1792 er
448 1758 649 1800 aufgehaben
663 1758 827 1801 zuſehens,
860 1766 926 1793 und
944 1760 1012 1800 eine
1023 1763 1150 1800 Wolcke
1168 1763 1266 1802 nahm
1282 1764 1338 1805 ihn
1356 1770 1419 1807 auf
1430 1763 1485 1808 fuͤr
1505 1767 1595 1806 ihren
1613 1766 1725 1809 Augen
1741 1775 1824 1801 weg.
1868 1770 1949 1806 Und

294 1803 348 1833 als
362 1804 402 1836 ſie
413 1803 481 1836 ihm
493 1803 664 1839 nachſahen
677 1809 735 1842 gen
750 1799 890 1840 Himmel
906 1802 1038 1843 fahren;
1062 1802 1185 1843 Siehe,
1206 1808 1248 1839 da
1274 1806 1408 1845 ſtunden
1430 1809 1484 1846 bey
1504 1806 1599 1844 ihnen
1617 1815 1719 1845 zween
1746 1800 1896 1846 Maͤnner
1915 1811 1953 1845 in

293 1845 421 1888 weiſſen
435 1846 609 1886 Kleidern,
629 1847 745 1882 welche
760 1843 840 1885 auch
853 1848 985 1888 ſagten:
1015 1850 1087 1891 Jhr
1096 1850 1254 1886 Maͤnner
1270 1849 1329 1892 von
1353 1850 1505 1892 Galilaͤa,
1529 1863 1601 1887 was
1605 1851 1716 1900 ſtehet
1735 1851 1810 1901 ihr,
1824 1859 1891 1890 und
1909 1858 1958 1897 ſe⸗

293 1890 349 1924 het
365 1895 425 1928 gen
443 1889 605 1928 Himmel?
649 1890 759 1931 Dieſer
779 1889 974 1934 JESUS,
995 1892 1129 1928 welcher
1145 1901 1209 1927 von
1224 1897 1299 1928 euch
1315 1894 1352 1932 iſt
1366 1896 1612 1937 aufgenommen
1623 1904 1683 1939 gen
1700 1895 1852 1938 Himmel,
1869 1901 1954 1933 wird

295 1933 363 1972 alſo
378 1932 540 1972 kommen,
565 1935 628 1969 wie
642 1934 694 1973 ihr
709 1934 764 1975 ihn
785 1934 914 1978 geſehen
930 1935 1010 1973 habt
1030 1945 1089 1979 gen
1112 1937 1253 1979 Himmel
1271 1939 1399 1981 fahren.

296 1985 483 2224 D

488 1999 569 2054 Jeſe
601 1997 730 2049 Epiſtel
763 2000 800 2050 iſt
830 2000 939 2048 nichts
975 2002 1113 2048 anders,

511 2050 602 2087 denn
595 2047 650 2101 die
653 2045 826 2099 Hiſtorie
835 2051 915 2090 oder
937 2038 1113 2102 Geſchicht,

512 2103 577 2145 wie
614 2104 771 2154 Chriſtus
810 2103 1010 2154 ſichtbarlich
1051 2106 1127 2155 gen

486 2152 667 2203 Himmel
681 2153 859 2204 gefahren,
889 2148 947 2200 und
949 2155 1000 2204 iſt
1017 2167 1053 2199 an
1063 2156 1127 2206 ihr

509 2213 598 2250 ſelbſt
616 2215 680 2249 klar
697 2217 767 2248 und
785 2216 880 2248 leicht
895 2218 930 2247 zu
945 2215 1115 2247 verſtehen.

301 2253 410 2301 Was
426 2255 506 2298 aber
521 2265 590 2299 von
616 2261 693 2301 dem
709 2257 851 2304 Artickel
870 2258 927 2301 der
945 2251 1127 2311 Himmel⸗

1130 2003 1230 2053 fahrt
1257 2003 1383 2055 Chriſti
1405 2015 1442 2055 zu
1462 2003 1563 2055 ſagen
1584 2001 1697 2055 waͤre,
1737 2007 1859 2051 wollen
1891 2007 1955 2051 wir

1142 2043 1266 2100 ſparen
1278 2059 1315 2098 zu
1332 2051 1395 2092 den
1413 2054 1546 2095 andern
1570 2053 1775 2108 Predigten,
1807 2064 1875 2096 von
1890 2059 1955 2097 den

1127 2106 1255 2157 Feſten
1272 2109 1417 2160 Chriſti,
1446 2108 1492 2152 im
1511 2116 1641 2162 gantzen
1657 2110 1777 2163 Jahr,
1813 2114 1856 2155 da
1872 2113 1955 2162 auch

1127 2157 1204 2204 von
1221 2157 1328 2201 einem
1345 2158 1443 2206 jeden
1470 2161 1615 2205 Artickel
1643 2171 1711 2206 von
1735 2163 1870 2215 Chriſto
1901 2167 1955 2207 in⸗

1138 2211 1321 2259 ſonderheit
1343 2220 1387 2261 zu
1398 2223 1492 2258 reden
1517 2217 1566 2267 iſt.

517 2367 618 2421 Am
634 2368 904 2426 Sonntage
921 2367 1039 2430 nach
1061 2371 1139 2425 der
1158 2369 1499 2444 Himmelfahrt
1531 2372 1734 2447 Chriſti.

830 2425 991 2483 Epiſtel
1011 2433 1036 2481 1
1036 2433 1149 2483 Petr.
1167 2445 1204 2477 4.
1219 2440 1288 2475 v.8
1301 2443 1411 2473 ⸗⸗11.

299 2480 348 2565 L

348 2480 452 2534 Jeben
468 2479 620 2528 Bruͤder,
641 2482 706 2530 ſeyd
724 2484 832 2530 maͤßig
847 2491 914 2522 und
928 2487 1078 2524 nuͤchtern
1091 2496 1164 2528 zum
1181 2489 1298 2526 Gebet.
1365 2493 1428 2534 Fuͤr
1452 2495 1533 2529 allen
1551 2501 1680 2536 Dingen
1691 2505 1768 2530 aber
1784 2502 1881 2535 habet
1894 2502 1950 2526 un⸗

369 2543 418 2570 ter
434 2536 585 2571 einander
597 2534 666 2571 eine
682 2534 842 2580 bruͤnſtige
856 2537 977 2573 Liebe:
1009 2545 1094 2575 denn
1106 2540 1156 2575 die
1169 2539 1268 2578 Liebe
1281 2539 1378 2584 decket
1400 2548 1462 2584 auch
1472 2550 1528 2578 der
1535 2550 1679 2580 Suͤnden
1689 2549 1827 2584 Menge.
1853 2547 1951 2584 Seyd

299 2580 437 2624 gaſtfrey
460 2590 554 2617 unter
579 2584 749 2625 einander,
789 2584 873 2624 ohne
887 2583 1080 2623 Murmeln,
1109 2594 1177 2623 und
1191 2587 1297 2624 dienet
1310 2588 1475 2628 einander,
1501 2593 1551 2625 ein
1564 2596 1707 2634 jeglicher
1721 2592 1779 2627 mit
1799 2597 1853 2626 der
1872 2592 1949 2629 Ga⸗

301 2629 357 2667 be,
383 2626 434 2665 die
450 2637 486 2664 er
496 2628 686 2673 empfangen
699 2629 772 2671 hat
797 2628 846 2665 als
862 2628 912 2666 die
928 2637 1024 2673 guten
1045 2630 1243 2675 Haushalter
1265 2640 1320 2670 der
1331 2637 1525 2679 mancherley
1540 2640 1681 2673 Gnaden
1693 2637 1840 2675 GOttes.
1891 2639 1950 2675 So

301 2672 430 2710 jemand
443 2680 552 2714 redet,
573 2673 637 2713 daß
652 2682 686 2709 er
699 2684 734 2709 es
749 2678 840 2718 rede,
855 2676 908 2711 als
920 2677 1059 2716 GOttes
1070 2678 1187 2719 Wort;
1210 2678 1240 2716 ſo
1253 2684 1378 2722 jemand
1399 2683 1449 2716 ein
1469 2683 1544 2716 Amt
1566 2684 1637 2721 hat,
1666 2683 1733 2719 daß
1757 2690 1790 2716 er
1808 2691 1843 2716 es
1864 2680 1951 2723 thue,

304 2718 356 2752 als
370 2728 432 2755 aus
448 2728 520 2756 dem
534 2717 734 2764 Vermoͤgen,
770 2729 832 2759 das
847 2722 950 2761 GOtt
964 2722 1146 2762 darreichet.
1210 2727 1283 2770 Auf
1290 2728 1355 2766 daß
1375 2729 1407 2763 in
1430 2728 1514 2765 allen
1535 2731 1661 2769 Dingen
1684 2729 1783 2764 GOtt
1804 2727 1957 2774 gepreiſet

305 2770 433 2805 werde,
456 2767 554 2804 durch
571 2768 705 2812 JEſum
721 2768 903 2812 Chriſtum;
934 2768 1087 2807 welchem
1101 2773 1149 2817 ſey
1161 2770 1253 2812 Ehre
1265 2780 1331 2809 und
1344 2772 1478 2810 Gewalt
1504 2784 1560 2811 von
1578 2769 1725 2822 Ewigkeit
1738 2782 1777 2814 zu
1785 2775 1962 2822 Ewigkeit,

299 2806 413 2842 Amen.

1131 2868 1260 2918 (Aaa)
1285 2882 1310 2908 2

1879 2875 1965 2918 Dis
