2386 2641
763 259 860 316 166

1121 262 1259 333 Troſt
1288 263 1580 334 Chriſtlicher
1596 269 1760 326 Eltern

758 352 828 404 diß
852 352 912 405 iſt
915 365 981 392 der
997 357 1154 402 Jnhalt
1172 359 1311 403 unſers
1329 353 1516 410 heutigen
1533 354 1881 417 Troſt⸗Spruchs,
1897 370 2060 410 worinn
2071 369 2116 410 es

763 417 913 456 heiſſet:
942 407 1045 454 Sie
1064 410 1156 460 ſind
1178 415 1262 454 mit
1275 410 1441 465 Oneſimo
1455 413 1547 459 eine
1559 409 1771 473 Zeitlang
1781 424 1878 465 von
1889 429 1977 466 uns
1989 417 2117 466 kom⸗

761 476 892 513 men/
909 472 1054 504 damit
1070 476 1161 505 wir
1181 465 1231 516 ſie
1252 468 1373 517 ewig
1390 459 1559 515 wieder
1578 463 1753 524 haͤtten.
1813 475 1972 525 Welche
1992 479 2116 524 Wor⸗

761 534 799 559 te
819 532 900 561 uns
920 530 1006 563 den
1025 523 1170 574 Troſt
1187 521 1479 580 Chriſtlicher
1495 523 1685 581 Eltern/
1705 526 1792 585 bey
1806 532 1910 581 dem
1928 531 2116 584 Abſter⸗

760 587 844 617 ben
880 582 1000 623 ihrer
1027 582 1214 624 Kinder
1245 578 1467 636 vorſtellen.
1518 582 1612 634 Und
1641 590 1752 640 zwar
1777 585 1942 644 beſtehet
1974 589 2114 643 ſolcher

755 655 985 693 darinnen:

866 699 898 732 I.
917 693 1036 743 Daß
1056 693 1107 742 ſie
1130 687 1265 746 ſolche
1282 693 1371 749 auf
1379 693 1546 746 Erden
1556 694 1675 748 nicht
1699 697 1819 755 ewig,
1846 693 2013 751 ſondern
2024 710 2111 750 nur

758 752 851 787 eine
866 752 1080 795 Zeitlang
1103 750 1288 792 werden
1313 747 1481 806 miſſen.
1532 752 1674 808 Dieſer
1697 754 1872 812 Spruch
1898 758 1944 805 iſt
1964 764 2045 804 aus
2062 762 2111 803 ei⸗

756 817 829 841 ner
845 810 990 850 ſolchen
1011 806 1158 856 Epiſtel
1177 805 1384 858 entlehnet,
1407 806 1468 850 die
1484 813 1567 853 von
1586 810 1676 854 dem
1693 807 1881 868 Heiligen
1895 812 2009 867 Geiſt
2026 814 2111 866 her⸗

754 868 956 913 ſtammet,
974 869 1059 904 und
1075 863 1201 916 daher
1220 861 1288 919 fuͤr
1304 861 1466 923 goͤttlich
1482 866 1585 924 muß
1596 868 1763 918 erkannt
1780 874 1868 917 und
1886 883 2111 925 angenom⸗

752 930 849 950 men
860 926 1032 952 werden.
1088 919 1299 960 Niemand
1310 919 1414 959 wird
1425 920 1484 962 an
1484 920 1583 964 dero
1602 913 1859 975 Goͤttlichkeit
1870 922 1968 974 auch
1980 923 2110 979 zweif⸗

751 979 849 1017 feln,
866 974 1225 1020 nachdemmahlen
1247 974 1328 1017 das
1345 971 1507 1031 Siegel,
1519 973 1683 1029 welches
1702 981 1772 1026 der
1785 978 1949 1037 Apoſtel
1959 979 2109 1036 ſonſten

751 1036 833 1073 auf
846 1035 921 1068 alle
944 1035 1040 1076 ſeine
1059 1031 1202 1080 Briefe
1220 1030 1431 1082 gedrucket,
1457 1045 1483 1074 2.
1492 1031 1616 1077 Theſ.
1631 1037 1694 1080 Ill,
1709 1050 1766 1086 17.
1784 1038 1885 1090 anch
1900 1033 2108 1094 hierzufin⸗

751 1094 844 1121 den.
896 1090 991 1125 Wie
1023 1087 1150 1137 heiſſet
1181 1085 1382 1142 ſelbiges?
1416 1077 1510 1138 Die
1536 1085 1706 1140 Gnade
1735 1089 1888 1147 unſers
1916 1089 2109 1150 HErrn

749 1141 899 1195 JEſu
917 1143 1104 1193 Chriſti,
1130 1141 1195 1197 ſey
1212 1149 1297 1188 mit
1315 1141 1418 1197 euch
1438 1145 1553 1195 allen
1573 1144 1741 1200 Amen.
1795 1152 1910 1206 Auch
1924 1158 1993 1201 der
2012 1154 2104 1200 heil⸗

748 1184 825 1241 loſe
847 1205 1036 1233 Marcion
1050 1201 1122 1238 hat
1139 1197 1208 1247 diß
1227 1198 1409 1243 erkannt.
1458 1197 1588 1249 Denn
1608 1200 1659 1248 ob
1675 1210 1718 1249 er
1733 1200 1854 1261 gleich
1874 1205 1975 1260 nach
1994 1205 2104 1253 Ter-

747 1257 928 1304 tulliani
949 1251 1153 1308 Ausſpruch
1165 1254 1293 1297 Lib.
1301 1253 1396 1296 I.adv.
1412 1255 1541 1304 Marc.
1552 1268 1586 1298 c.
1602 1271 1632 1300 1.
1643 1256 1734 1310 Lib.
1750 1272 1828 1309 5.
1808 1263 1841 1311 c.
1840 1275 1901 1305 21.,
1921 1254 1990 1313 wie
2021 1267 2102 1310 eine

745 1313 895 1357 Mauß
910 1315 970 1351 die
987 1310 1194 1361 Goͤttliche
1206 1309 1441 1367 Schrifften
1455 1315 1655 1371 zernaget,
1671 1316 1771 1366 auch
1793 1322 1873 1367 mit
1889 1322 2104 1375 allerhand

745 1370 971 1418 ſuͤndlichen
990 1367 1169 1414 Worten
1183 1367 1260 1422 bey
1270 1367 1377 1425 nahe
1389 1369 1470 1419 alle
1495 1363 1776 1431 Apoſtoliſchen
1801 1369 1965 1432 Epiſteln
1979 1386 2103 1430 ange⸗

744 1426 871 1471 taſtet,
890 1426 926 1469 ſo
949 1424 1021 1470 hat
1044 1431 1084 1465 er
1103 1423 1196 1472 doch
1211 1425 1255 1468 in
1277 1424 1402 1479 dieſen
1420 1425 1569 1481 kurtzen
1600 1429 1920 1485 Sendſchreiben
1937 1445 1996 1482 an
2022 1441 2099 1480 den

743 1481 970 1533 Philemon
983 1480 1110 1520 nichts
1130 1478 1315 1533 zutadeln
1326 1479 1597 1537 angetroffen.
1649 1486 1743 1534 Und
1760 1491 1802 1532 es
1814 1488 1879 1539 iſt
1904 1482 2027 1543 wahr:
2027 1490 2100 1543 Jn

740 1540 857 1562 dieſer
877 1536 1023 1573 Epiſtel
1043 1535 1086 1571 iſt
1108 1536 1144 1571 ſo
1159 1535 1235 1563 viel
1255 1540 1304 1576 zu
1323 1532 1759 1585 bemercken,
1591 1532 1654 1589 daß
1676 1539 1744 1590 man
1773 1533 1876 1583 nicht
1889 1534 2000 1589 wohl
2020 1523 2098 1583 kan

738 1595 881 1639 ſagen:
908 1594 979 1635 Ob
997 1598 1097 1634 man
1118 1590 1189 1644 ſich
1207 1590 1305 1638 uͤber
1322 1594 1382 1640 die
1404 1596 1560 1643 wenige
1583 1598 1731 1648 Worte
1751 1604 1845 1647 oder
1861 1600 1959 1649 uͤber
1976 1606 2097 1650 deren

736 1651 893 1715 groſſen
916 1653 1076 1712 Jnhalt
1106 1657 1173 1709 ſoll
1202 1659 1464 1706 bewundern.
1510 1649 1603 1707 Jch
1629 1656 1796 1712 glaube,
1821 1661 1904 1712 daß
1933 1666 2003 1709 der
2020 1672 2094 1710 am

737 1697 941 1749 ſicherſten
950 1706 1081 1751 gehet,
1100 1707 1168 1744 der
1187 1703 1331 1755 beydes
1347 1694 1687 1764 bewerckſtelliget,
1705 1709 1791 1755 und
1807 1710 1914 1763 nicht
1931 1710 2019 1760 nur
2032 1715 2095 1761 die

737 1763 900 1807 ſchoͤnen
922 1756 1066 1802 Worte
1087 1760 1198 1810 lieſet,
1210 1760 1378 1815 ſondern
1396 1762 1499 1814 auch
1515 1765 1572 1810 die
1586 1767 1739 1813 darinn
1759 1768 1984 1823 enthaltene
1995 1772 2092 1820 Sa⸗

737 1821 828 1861 chen
849 1820 1027 1867 erweget.
1080 1815 1164 1872 Jch
1180 1817 1285 1872 habe
1298 1819 1535 1877 ſchrifftliche
1550 1823 1872 1880 Nachricht,
1808 1822 1873 1879 daß
1889 1829 2004 1881 unſer
2021 1832 2107 1881 ſee⸗

733 1876 832 1919 liger
849 1870 1047 1917 Lutherus
1064 1872 1269 1924 einsmahl
1288 1873 1370 1918 eine
1382 1875 1514 1929 artige
1535 1875 1758 1930 Gleichheit
1774 1880 1956 1938 zwiſchen
1966 1882 2087 1933 Carl⸗

735 1931 872 1976 ſtaden
883 1931 965 1970 und
986 1927 1218 1982 Eraſmum,
1238 1929 1420 1987 zwiſchen
1439 1932 1511 1988 ſich
1532 1939 1618 1980 und
1635 1934 2000 1994 Melanchthonem
2011 1952 2085 1987 an⸗

732 1986 908 2038 geſtellet,
918 1987 1002 2028 und
1018 1987 1076 2029 ein
1087 1984 1182 2039 ſolch
1191 1983 1347 2040 Urtheil
1357 1993 1495 2036 davon
1504 1990 1690 2049 gefaͤllet:
1718 2008 1798 2039 nec
1807 2009 1888 2042 res,
1898 2010 1978 2041 nec
1988 2013 2084 2042 ver-

731 2040 781 2074 ba
801 2043 923 2075 habet
942 2039 1262 2082 Caroloſtadius,
1279 2048 1414 2088 wenn
1429 2039 1648 2099 Carlſtad
1665 2050 1820 2094 etwas
1835 2046 2084 2104 abhandle,

729 2097 774 2146 ſo
790 2095 920 2140 waͤre
942 2096 1012 2143 die
1035 2092 1205 2150 Sache
1224 2098 1374 2152 nichts
1390 2099 1535 2159 nuͤtze,
1555 2108 1649 2152 und
1662 2109 1743 2157 die
1751 2107 1923 2160 Worte
1941 2118 2085 2166 taug⸗

727 2163 802 2194 ten
813 2153 924 2200 auch
936 2153 1101 2202 nichts.
1156 2152 1296 2200 Verba
1308 2155 1396 2201 ſine
1409 2168 1457 2202 re
1465 2156 1589 2207 habet
1599 2158 1815 2211 Eraſmus:
1839 2161 2080 2224 Eraſmus

1990 2223 2079 2280 hat
