1474 2297
478 412 571 459 gruͤtze
581 418 643 452 und
658 416 715 461 auf
725 417 770 452 die
778 415 927 459 aͤußerlich
935 418 963 457 ſo
979 417 1053 461 ſtark
1061 416 1326 463 angeſchwollenen

480 472 705 510 Geburtstheile
720 475 773 507 den
789 472 996 510 Karottenbrei
1018 484 1053 515 zu
1076 473 1219 516 ſchlagen.
1253 475 1326 509 Den

479 536 591 565 andern
606 532 739 574 Morgen
762 532 842 570 hatte
866 532 903 573 ſie
924 535 970 568 ein
990 534 1116 576 heftiges
1138 540 1258 576 Fieber,
1280 535 1326 568 die

481 591 776 633 Geburtsreinigung
793 593 855 635 floß
872 592 932 632 ſehr
948 592 1091 640 ſparſam.
1124 594 1183 633 Jch
1198 593 1258 636 ließ
1273 597 1325 628 da⸗

480 647 549 689 her,
572 650 609 681 da
623 648 724 690 zumal
739 655 787 682 der
800 651 883 691 Puls
895 650 956 690 ſehr
970 651 1037 689 hart
1051 658 1135 691 war,
1157 650 1250 693 einige
1260 651 1326 685 Un⸗

480 711 534 744 zen
541 704 621 740 Blut
633 706 672 739 ab
685 709 745 737 und
760 709 814 739 den
823 704 972 740 Unterleib
988 709 1042 740 mit
1055 705 1147 741 einem
1157 708 1326 745 erweichen⸗

481 764 548 796 dem
556 763 668 797 Dekokt
681 762 754 803 ſtark
768 763 954 801 fomentiren.
975 764 1033 797 Am
1042 764 1162 799 Abend:
1185 768 1233 798 der
1242 764 1325 806 Puls

481 824 549 851 war
562 820 634 857 noch
655 819 743 856 hart,
764 819 833 859 doch
853 820 934 858 hatte
954 819 1008 860 ſich
1029 824 1086 853 das
1106 822 1207 862 Fieber
1228 825 1326 855 etwas

480 881 663 924 gemindert,
685 882 722 923 ſie
737 880 832 926 klagte
846 881 916 919 uͤber
930 883 1130 925 Leibſchmerz.
1175 885 1235 920 Ein
1249 886 1324 927 Kly⸗

480 941 547 982 ſtier
561 943 622 976 aus
629 937 819 985 Hafergruͤtze
834 945 894 977 und
900 942 959 978 Oel
973 942 1089 985 brachte
1096 942 1204 987 ſtarken
1210 944 1325 985 Stuhl⸗

479 1001 560 1036 gang
575 994 691 1038 hervor,
709 996 764 1038 auf
776 1000 830 1032 den
844 997 909 1033 Leib
922 1001 1024 1033 wurde
1036 999 1105 1042 noch
1119 1003 1175 1035 das
1190 997 1325 1043 fluͤchtige

481 1054 647 1096 Liniment,
666 1063 751 1095 wozu
770 1054 811 1095 ich
830 1059 927 1090 etwas
942 1057 1135 1097 Sydenham.
1150 1056 1324 1098 Laudanum

482 1104 566 1149 ſetzen
581 1109 658 1150 ließ,
679 1108 872 1151 eingerieben.
915 1111 1071 1149 Jnnerlich
1092 1114 1183 1152 nahm
1205 1111 1249 1152 ſie
1262 1116 1325 1155 eine

482 1174 606 1212 Mixtur
630 1179 691 1209 aus
717 1175 885 1219 Salpeter,
905 1173 1168 1220 Klapproſenſaft,
1197 1177 1323 1218 Flieder⸗

480 1224 584 1266 waſſer
597 1227 657 1259 und
672 1222 826 1266 verſuͤßten
838 1213 1123 1272 Salpeterſpiritus.
1145 1230 1220 1277 Den
1233 1226 1324 1268 Mor⸗

479 1298 537 1333 gen
552 1290 643 1334 drauf
653 1300 717 1326 war
732 1289 771 1333 ſie
784 1300 859 1336 ganz
875 1292 999 1335 leidlich,
1014 1302 1078 1330 nur
1093 1293 1186 1337 klagte
1194 1292 1237 1336 ſie
1252 1296 1324 1336 noch

479 1346 552 1383 uͤber
567 1348 711 1390 Schmerz
725 1348 756 1381 in
770 1351 824 1383 den
840 1346 954 1391 aͤußern
970 1348 1228 1400 Gehurtstheilen.
1250 1352 1324 1393 Das

456 1397 582 1451 Fieber
600 1417 665 1444 war
685 1408 746 1449 ſehr
765 1406 889 1453 maͤßig,
910 1408 986 1447 auch
998 1410 1120 1453 giengen
1136 1412 1186 1453 die
1204 1413 1324 1455 Lochien

479 1480 554 1515 gut,
577 1475 671 1523 offner
690 1475 756 1511 Leib
774 1484 840 1512 war
856 1480 911 1513 den
938 1471 1049 1528 Morgen
1066 1471 1221 1529 freiwillig
1234 1480 1324 1520 dage⸗

479 1524 585 1565 weſen.
628 1526 687 1565 Jch
704 1526 761 1568 ließ
774 1525 831 1559 mit
846 1528 901 1562 den
917 1526 1047 1576 Mitteln
1062 1531 1116 1564 des
1128 1531 1249 1570 vorigen
1259 1532 1324 1564 Ta⸗

479 1594 533 1633 ges
555 1591 741 1632 fortfahren,
773 1596 834 1627 und
854 1597 893 1627 da
912 1594 969 1628 die
981 1593 1091 1638 Bruͤſte
1111 1593 1203 1638 voͤllig
1223 1594 1326 1639 ſchlaff

478 1649 541 1679 und
561 1652 616 1689 gar
640 1647 702 1683 kein
724 1648 897 1689 Merkmahl
918 1648 996 1685 einer
1023 1648 1110 1684 darin
1134 1649 1322 1689 enthaltenen

478 1706 673 1755 Feuchtigkeit
693 1716 729 1751 zu
743 1706 842 1750 finden
854 1718 937 1751 war,
958 1709 990 1751 ſo
1008 1710 1068 1753 ließ
1086 1711 1131 1755 ich
1151 1710 1224 1751 auch
1243 1710 1323 1752 nicht

477 1760 524 1794 die
539 1761 696 1804 mindeſten
710 1760 819 1798 Mittel
831 1761 1034 1813 gebrauchen,
1053 1772 1089 1811 um
1114 1764 1160 1797 die
1174 1763 1323 1806 Abſonde⸗

474 1834 553 1869 rung
569 1829 617 1862 der
631 1828 729 1868 Milch
742 1833 882 1871 entgegen
903 1837 940 1871 zu
953 1828 1099 1870 kommen.
1140 1830 1202 1866 Am
1216 1831 1321 1868 Abend

474 1885 592 1927 ſieberte
616 1887 653 1930 ſie
676 1884 801 1932 ſtaͤrker,
823 1886 891 1928 doch
914 1886 992 1927 keine
1009 1886 1135 1932 Anzeige
1153 1897 1213 1925 von
1235 1888 1361 1932 uͤbler

473 1945 719 1990 Beſchaffenheit.
765 1947 832 1984 Der
852 1947 944 1984 vierte
962 1946 1052 1992 Tag:
1080 1949 1143 1987 Sie
1162 1950 1245 1991 hatte
1264 1952 1325 1993 gut
