1449 2203
539 374 623 420 300

796 371 861 417 36.
885 372 992 424 Brief

541 466 616 503 met!
634 467 727 504 Wenn
741 468 784 509 ihr
799 477 858 503 nun
871 475 916 506 der
924 472 1016 512 Wuth
1028 476 1074 508 der
1086 473 1192 510 Goͤtter
1204 476 1253 510 des

539 519 642 559 Kriegs
650 525 705 555 und
714 525 760 556 des
768 522 868 559 Meers
876 530 1026 564 entgangen
1042 525 1107 567 ſeyd,
1123 532 1179 562 und
1192 530 1252 563 nun

539 576 593 611 mit
602 576 722 616 Freuden
736 585 796 613 eure
806 577 917 619 Huͤtten
931 580 1101 623 wiederſeht,
1113 582 1197 624 ſolltet
1206 584 1250 626 ihr

538 635 573 668 da
589 631 762 672 Duͤrftigkeit
777 636 892 679 finden?

556 733 747 777 Jndeſſen
763 738 914 778 beobachtet
927 745 974 777 der
981 741 1184 784 Befehlshaber
1199 746 1249 779 des

520 783 650 830 Schiffs
673 789 757 825 ſeinen
779 789 862 830 Lauf,
902 795 959 825 und
988 793 1054 832 ſieht
1072 796 1124 833 daß
1146 802 1176 829 es
1196 797 1248 837 ſich

536 834 675 870 vorwaͤrts
690 827 781 876 neigt;
815 842 859 873 der
873 839 1059 883 Mittelpunkt
1075 845 1117 877 der
1130 842 1249 883 Schwe⸗

536 900 566 926 re
585 892 680 934 ſcheint
702 894 759 935 ihm
782 894 900 931 verruͤckt
924 905 956 937 zu
981 897 1058 941 ſeyn;
1089 908 1116 936 er
1132 899 1188 942 laͤßt
1204 902 1246 938 die

533 949 646 989 Ladung
668 951 853 993 unterſuchen;
886 957 940 990 das
952 955 1161 999 Gleichgewicht
1174 959 1246 1000 muß

532 1002 679 1042 hergeſtellt
698 994 820 1043 werden;
847 1005 888 1039 die
902 1007 1017 1042 Tonnen
1031 1010 1072 1043 die
1083 1008 1152 1049 ſonſt
1164 1008 1244 1053 ſuͤßes

530 1051 639 1091 Waſſer
659 1054 818 1093 enthielten,
852 1060 955 1088 werden
970 1057 1023 1090 mit
1036 1056 1179 1099 ſalzichtem
1194 1066 1244 1092 an⸗

529 1110 656 1154 gefuͤllt,
673 1118 730 1148 und
754 1116 795 1149 die
815 1115 944 1153 Summe
964 1122 1010 1153 der
1023 1119 1082 1160 Laſt
1099 1120 1166 1162 ſteht
1180 1129 1241 1155 nun

528 1166 584 1199 mit
607 1170 652 1201 der
674 1164 863 1211 Einwuͤrkung
894 1172 941 1206 des
963 1171 1080 1210 Windes
1098 1173 1140 1209 im
1167 1175 1242 1210 Ver⸗

527 1223 645 1270 haͤltniß.

602 1327 685 1368 Doch
700 1328 780 1370 welch
792 1329 834 1364 ein
841 1329 954 1372 Ausruf
964 1336 1010 1368 der
1016 1333 1142 1374 Freude?
1156 1336 1237 1372 Vom

524 1379 625 1421 Gipfel
650 1386 695 1417 des
719 1383 833 1425 Maſtes
859 1382 1016 1425 verkuͤndigt
1039 1391 1095 1421 uns
1118 1388 1163 1421 ein
1176 1388 1238 1428 auf⸗

524 1431 683 1470 merkſamer
706 1434 851 1476 Waͤchter,
890 1439 943 1477 daß
967 1447 994 1471 er
1007 1438 1093 1475 Land
1122 1441 1235 1477 erblickt.

524 1489 587 1525 Die
606 1489 748 1532 ſphaͤriſche
770 1492 880 1534 Geſtalt
895 1498 942 1528 des
955 1494 1056 1531 Meers
1066 1496 1191 1537 verbirgt
1204 1500 1234 1531 es

522 1542 597 1572 uns:
622 1541 689 1574 alles
701 1540 798 1581 draͤngt
811 1543 861 1583 ſich
881 1546 923 1579 die
939 1543 1118 1588 Maſtwaͤnde
1131 1546 1239 1589 hinan;

521 1598 590 1625 man
609 1593 675 1632 ſieht
694 1596 763 1632 noch
775 1595 879 1633 nichts;
910 1598 990 1631 allein
1002 1602 1048 1633 der
1061 1596 1234 1643 Maſtwaͤch⸗

521 1651 565 1679 ter
578 1644 767 1686 wiederhohlt:
800 1645 903 1686 Land!
931 1646 1030 1689 Land!
1057 1656 1114 1687 und
1126 1653 1232 1693 Freude

522 1696 664 1733 verbreitet
682 1700 730 1738 ſich
752 1699 804 1738 auf
821 1702 894 1736 eines
908 1704 982 1744 jeden
997 1704 1107 1746 Antlitz.
1158 1705 1229 1743 Nur

520 1759 566 1796 der
580 1755 775 1794 Steuermann
796 1758 918 1803 ſchweigt
929 1760 984 1796 voll
998 1762 1169 1808 Erſtaunen,
1189 1772 1231 1798 er⸗

1130 1818 1231 1865 roͤthet,
