<?xml version='1.0' encoding='utf-8'?>
<PcGts xmlns="http://schema.primaresearch.org/PAGE/gts/pagecontent/2019-07-15" xmlns:xsi="http://www.w3.org/2001/XMLSchema-instance" pcGtsId="PAGE_01" xsi:schemaLocation="http://schema.primaresearch.org/PAGE/gts/pagecontent/2019-07-15 http://schema.primaresearch.org/PAGE/gts/pagecontent/2019-07-15/pagecontent.xsd">
  <Metadata>
    <Creator>OCR-D DFG Phase III</Creator>
    <Created>2024-01-19T13:09:26Z</Created>
    <LastChange>2024-01-19T13:09:26Z</LastChange>
    <Comments>ODEM: OCR-D extension for mass digitization (2021-2024)</Comments>
  </Metadata>
  <Page imageFilename="MAX/urn+nbn+de+gbv+3+1-716258_urn+nbn+de+gbv+3+1-716258-p0250-7_ger.png" imageWidth="1618" imageHeight="2467" type="content" primaryLanguage="German">
    <Border>
      <Coords points="161,129 192,2399 1536,2350 1517,148"/>
    </Border>
    <ReadingOrder>
      <OrderedGroup id="ro_1652259689704" caption="Regions reading order">
        <RegionRefIndexed index="0" regionRef="TextRegion_1651049762229_4314"/>
      </OrderedGroup>
    </ReadingOrder>
    <TextRegion orientation="-0.08142684" readingDirection="left-to-right" id="TextRegion_1651049762229_4314" custom="readingOrder {index:0;}">
      <Coords points="539,515 1420,513 1423,1779 1421,2084 546,2086 542,1781"/>
      <TextLine id="region0007_line0001" custom="readingOrder {index:0;}">
        <Coords points="1195,514 1187,517 1182,525 1174,516 1162,516 1156,526 1096,525 1077,521 1071,515 1010,522 971,522 965,516 952,516 944,520 938,515 874,514 853,514 843,522 820,523 815,519 806,519 800,523 760,525 739,524 712,516 662,516 637,524 610,522 606,525 583,526 571,530 565,536 540,539 540,576 577,579 584,575 595,580 613,572 694,569 720,571 736,578 749,578 753,575 766,577 847,567 950,569 958,573 980,570 1006,572 1012,579 1026,578 1029,572 1182,569 1273,570 1293,575 1304,570 1317,577 1322,575 1323,571 1420,569 1420,522 1360,523 1356,520 1347,520 1342,524 1288,524 1271,522 1248,514"/>
        <Word id="region0007_line0001_word0000" custom="readingOrder {index:0;}">
          <Coords points="558,536 558,570 660,570 660,529 574,529 571,530 565,536"/>
          <TextEquiv conf="0.7055855">
            <Unicode>„4ten</Unicode>
          </TextEquiv>
        </Word>
        <Word id="region0007_line0001_word0001" custom="readingOrder {index:1;}">
          <Coords points="735,523 675,523 675,569 694,569 720,571 722,572 770,572 770,524 760,525 739,524"/>
          <TextEquiv conf="0.9333219">
            <Unicode>Tag,</Unicode>
          </TextEquiv>
        </Word>
        <Word id="region0007_line0001_word0002" custom="readingOrder {index:2;}">
          <Coords points="805,530 860,530 860,564 805,564"/>
          <TextEquiv conf="0.96571803">
            <Unicode>des</Unicode>
          </TextEquiv>
        </Word>
        <Word id="region0007_line0001_word0003" custom="readingOrder {index:3;}">
          <Coords points="1008,574 1025,575 1025,525 877,524 877,567 950,569 958,573 980,570 1006,572"/>
          <TextEquiv conf="0.9366123">
            <Unicode>Nachts,</Unicode>
          </TextEquiv>
        </Word>
        <Word id="region0007_line0001_word0004" custom="readingOrder {index:4;}">
          <Coords points="1054,526 1125,526 1125,565 1054,565"/>
          <TextEquiv conf="0.9646844">
            <Unicode>kam</Unicode>
          </TextEquiv>
        </Word>
        <Word id="region0007_line0001_word0005" custom="readingOrder {index:5;}">
          <Coords points="1147,527 1196,527 1196,565 1147,565"/>
          <TextEquiv conf="0.96125036">
            <Unicode>ein</Unicode>
          </TextEquiv>
        </Word>
        <Word id="region0007_line0001_word0006" custom="readingOrder {index:6;}">
          <Coords points="1279,523 1213,523 1213,569 1273,570 1293,575 1304,570 1313,575 1322,575 1323,571 1327,570 1327,524 1288,524"/>
          <TextEquiv conf="0.96554434">
            <Unicode>Trupp</Unicode>
          </TextEquiv>
        </Word>
        <Word id="region0007_line0001_word0007" custom="readingOrder {index:7;}">
          <Coords points="1347,531 1414,531 1414,564 1347,564"/>
          <TextEquiv conf="0.96554434">
            <Unicode>von</Unicode>
          </TextEquiv>
        </Word>
        <TextEquiv conf="0.92478263">
          <Unicode>„4ten Tag, des Nachts, kam ein Trupp von</Unicode>
        </TextEquiv>
      </TextLine>
      <TextLine id="region0007_line0002" custom="readingOrder {index:1;}">
        <Coords points="1390,569 1382,576 1365,578 1313,578 1304,571 1293,576 1273,571 1260,571 1253,575 1245,570 1227,571 1223,575 1201,575 1195,570 1182,570 1176,575 1164,572 1158,576 1109,580 905,576 736,579 720,572 654,570 641,572 630,580 554,583 550,594 540,595 540,634 572,632 588,625 601,631 609,626 627,624 728,625 819,622 828,619 838,619 862,627 883,623 889,627 900,629 908,624 919,624 923,629 932,631 946,630 952,624 979,625 985,631 994,631 1001,625 1143,622 1227,626 1238,631 1249,630 1253,626 1286,625 1289,631 1297,633 1305,631 1308,625 1318,624 1420,623 1420,573"/>
        <Word id="region0007_line0002_word0000" custom="readingOrder {index:0;}">
          <Coords points="555,587 657,587 657,622 555,622"/>
          <TextEquiv conf="0.71420234">
            <Unicode>„500</Unicode>
          </TextEquiv>
        </Word>
        <Word id="region0007_line0002_word0001" custom="readingOrder {index:1;}">
          <Coords points="733,578 667,578 667,617 787,617 787,578 736,579"/>
          <TextEquiv conf="0.96038336">
            <Unicode>Mann</Unicode>
          </TextEquiv>
        </Word>
        <Word id="region0007_line0002_word0002" custom="readingOrder {index:2;}">
          <Coords points="884,623 999,624 999,585 806,584 806,622 819,622 828,619 838,619 851,623 881,623 883,623"/>
          <TextEquiv conf="0.94519204">
            <Unicode>angezogen,</Unicode>
          </TextEquiv>
        </Word>
        <Word id="region0007_line0002_word0003" custom="readingOrder {index:3;}">
          <Coords points="1025,588 1145,588 1145,617 1025,617"/>
          <TextEquiv conf="0.9681728">
            <Unicode>wovon</Unicode>
          </TextEquiv>
        </Word>
        <Word id="region0007_line0002_word0004" custom="readingOrder {index:4;}">
          <Coords points="1163,579 1208,579 1208,617 1163,617"/>
          <TextEquiv conf="0.9661945">
            <Unicode>die</Unicode>
          </TextEquiv>
        </Word>
        <Word id="region0007_line0002_word0005" custom="readingOrder {index:5;}">
          <Coords points="1336,623 1336,579 1221,579 1221,625 1227,626 1233,629 1250,629 1253,626 1286,625 1288,629 1306,629 1308,625 1318,624"/>
          <TextEquiv>
            <Unicode>Haͤlfte</Unicode>
          </TextEquiv>
        </Word>
        <Word id="region0007_line0002_word0006" custom="readingOrder {index:6;}">
          <Coords points="1353,580 1416,580 1416,618 1353,618"/>
          <TextEquiv conf="0.9597443">
            <Unicode>mit</Unicode>
          </TextEquiv>
        </Word>
        <TextEquiv>
          <Unicode>„500 Mann angezogen, wovon die Haͤlfte mit</Unicode>
        </TextEquiv>
      </TextLine>
      <TextLine id="region0007_line0003" custom="readingOrder {index:2;}">
        <Coords points="828,620 770,631 738,631 733,627 723,627 718,631 695,632 600,632 588,626 572,633 550,634 546,637 546,644 540,646 540,681 576,682 582,678 668,674 704,676 769,675 779,672 842,674 847,671 903,672 920,676 948,674 985,677 1094,677 1096,684 1105,686 1110,685 1114,678 1120,675 1127,675 1135,684 1146,682 1153,674 1272,673 1296,678 1309,684 1320,679 1351,674 1420,675 1420,630 1395,630 1393,625 1387,623 1373,625 1370,630 1297,634 1277,631 1158,630 1149,629 1143,623 1130,623 1123,627 1119,624 1102,624 1095,630 1069,632 932,632 894,630 885,626 862,628 838,620"/>
        <Word id="region0007_line0003_word0000" custom="readingOrder {index:0;}">
          <Coords points="557,633 557,671 783,671 783,628 770,631 738,631 733,627 723,627 718,631 695,632 600,632 588,626 572,633"/>
          <TextEquiv conf="0.91598946">
            <Unicode>„brennenden</Unicode>
          </TextEquiv>
        </Word>
        <Word id="region0007_line0003_word0001" custom="readingOrder {index:1;}">
          <Coords points="856,626 814,626 814,667 1014,668 1014,632 932,632 894,630 885,626 881,626 862,628"/>
          <TextEquiv conf="0.8954005">
            <Unicode>Laternen</Unicode>
          </TextEquiv>
        </Word>
        <Word id="region0007_line0003_word0002" custom="readingOrder {index:2;}">
          <Coords points="1148,628 1097,628 1095,630 1069,632 1044,632 1044,677 1094,677 1116,677 1120,675 1127,675 1128,677 1150,677 1153,674 1187,673 1187,630 1158,630 1149,629"/>
          <TextEquiv conf="0.92133886">
            <Unicode>verſehen</Unicode>
          </TextEquiv>
        </Word>
        <Word id="region0007_line0003_word0003" custom="readingOrder {index:3;}">
          <Coords points="1286,676 1320,676 1320,637 1231,637 1231,673 1272,673"/>
          <TextEquiv conf="0.9197259">
            <Unicode>war,</Unicode>
          </TextEquiv>
        </Word>
        <Word id="region0007_line0003_word0004" custom="readingOrder {index:4;}">
          <Coords points="1394,629 1377,629 1377,666 1414,666 1414,630 1395,630"/>
          <TextEquiv conf="0.92408204">
            <Unicode>in</Unicode>
          </TextEquiv>
        </Word>
        <TextEquiv conf="0.91530734">
          <Unicode>„brennenden Laternen verſehen war, in</Unicode>
        </TextEquiv>
      </TextLine>
      <TextLine id="region0007_line0004" custom="readingOrder {index:3;}">
        <Coords points="847,672 840,676 779,673 739,682 727,682 721,676 699,677 692,681 685,675 668,675 660,682 635,684 594,682 591,679 582,679 576,683 542,682 540,734 567,735 601,729 661,727 669,734 690,729 694,735 705,737 712,734 713,729 738,725 810,726 841,723 853,727 859,722 922,726 929,734 944,731 952,735 962,734 965,730 1023,728 1049,730 1058,737 1071,736 1076,730 1170,729 1175,734 1194,735 1204,729 1244,727 1259,735 1271,735 1276,733 1278,728 1420,726 1420,683 1407,683 1400,675 1389,675 1384,678 1372,674 1351,675 1320,680 1309,685 1289,682 1287,678 1272,674 1254,674 1246,680 1237,680 1230,673 1220,673 1211,676 1207,681 1174,681 1168,675 1153,675 1146,683 1140,685 1135,685 1127,676 1120,676 1116,677 1110,686 1104,687 1046,682 1013,683 1001,682 996,678 984,678 979,682 957,682 955,677 948,675 930,675 924,679 917,679 903,673 884,675"/>
        <Word id="region0007_line0004_word0000" custom="readingOrder {index:0;}">
          <Coords points="556,687 648,687 648,726 556,726"/>
          <TextEquiv conf="0.9383731">
            <Unicode>„dem</Unicode>
          </TextEquiv>
        </Word>
        <Word id="region0007_line0004_word0001" custom="readingOrder {index:1;}">
          <Coords points="760,725 760,684 665,684 665,730 669,734 690,729 693,734 712,734 713,729 738,725"/>
          <TextEquiv conf="0.9611601">
            <Unicode>feſten</Unicode>
          </TextEquiv>
        </Word>
        <Word id="region0007_line0004_word0002" custom="readingOrder {index:2;}">
          <Coords points="964,731 964,685 770,684 770,725 810,726 841,723 853,727 859,722 922,726 927,732 934,732 944,731 947,732 962,732"/>
          <TextEquiv conf="0.9534089">
            <Unicode>Entſchluß,</Unicode>
          </TextEquiv>
        </Word>
        <Word id="region0007_line0004_word0003" custom="readingOrder {index:3;}">
          <Coords points="985,689 1044,689 1044,722 985,722"/>
          <TextEquiv conf="0.9645623">
            <Unicode>das</Unicode>
          </TextEquiv>
        </Word>
        <Word id="region0007_line0004_word0004" custom="readingOrder {index:4;}">
          <Coords points="1069,684 1058,684 1058,732 1074,732 1076,730 1165,729 1165,684 1143,684 1140,685 1135,685 1134,684 1111,684 1110,686 1104,687"/>
          <TextEquiv>
            <Unicode>zuruͤck</Unicode>
          </TextEquiv>
        </Word>
        <Word id="region0007_line0004_word0005" custom="readingOrder {index:5;}">
          <Coords points="1295,683 1179,683 1179,733 1197,733 1204,729 1244,727 1255,733 1276,733 1278,728 1327,727 1327,683 1313,683 1309,685"/>
          <TextEquiv conf="0.9487187">
            <Unicode>gelaſſene</Unicode>
          </TextEquiv>
        </Word>
        <Word id="region0007_line0004_word0006" custom="readingOrder {index:6;}">
          <Coords points="1342,685 1415,685 1415,725 1342,725"/>
          <TextEquiv>
            <Unicode>klei⸗</Unicode>
          </TextEquiv>
        </Word>
        <TextEquiv>
          <Unicode>„dem feſten Entſchluß, das zuruͤck gelaſſene klei⸗</Unicode>
        </TextEquiv>
      </TextLine>
      <TextLine id="region0007_line0005" custom="readingOrder {index:4;}">
        <Coords points="859,723 853,728 840,724 814,729 803,725 738,726 729,729 725,734 705,738 682,732 669,735 661,728 636,728 597,735 551,737 546,741 545,748 540,749 541,786 572,787 597,781 613,781 632,783 637,789 651,790 660,783 706,780 723,780 736,787 744,785 749,779 761,779 766,785 772,786 778,785 783,778 792,780 808,775 840,773 903,779 904,784 909,787 918,787 925,779 964,778 1101,782 1154,780 1166,777 1190,778 1196,775 1259,775 1285,777 1298,783 1318,779 1400,779 1420,776 1420,758 1420,735 1411,734 1409,727 1406,726 1386,728 1380,734 1259,736 1243,729 1237,734 1058,738 1033,737 1023,729 1012,729 1007,735 998,736 952,736 942,733 929,735 922,727"/>
        <Word id="region0007_line0005_word0000" custom="readingOrder {index:0;}">
          <Coords points="554,740 616,740 616,775 554,775"/>
          <TextEquiv conf="0.9182279">
            <Unicode>„ne</Unicode>
          </TextEquiv>
        </Word>
        <Word id="region0007_line0005_word0001" custom="readingOrder {index:1;}">
          <Coords points="665,732 634,732 634,781 690,781 706,780 723,780 724,781 747,781 749,779 761,779 762,781 780,781 783,778 792,780 808,775 826,773 826,732 726,732 725,734 705,738 682,732 669,735"/>
          <TextEquiv conf="0.9217842">
            <Unicode>Preußiſche</Unicode>
          </TextEquiv>
        </Word>
        <Word id="region0007_line0005_word0002" custom="readingOrder {index:2;}">
          <Coords points="925,731 851,731 851,774 903,779 903,781 923,781 925,779 964,778 1084,781 1112,781 1154,780 1166,777 1190,778 1196,775 1259,775 1285,777 1295,781 1303,781 1305,781 1305,735 1259,736 1249,731 1239,731 1237,734 1058,738 1033,737 1025,731 1010,731 1007,735 998,736 952,736 942,733 929,735"/>
          <TextEquiv conf="0.91273415">
            <Unicode>Obſervationscommando,</Unicode>
          </TextEquiv>
        </Word>
        <Word id="region0007_line0005_word0003" custom="readingOrder {index:3;}">
          <Coords points="1410,732 1382,732 1380,734 1342,734 1342,771 1416,771 1416,734 1411,734"/>
          <TextEquiv conf="0.9190873">
            <Unicode>wel⸗</Unicode>
          </TextEquiv>
        </Word>
        <TextEquiv conf="0.9179584">
          <Unicode>„ne Preußiſche Obſervationscommando, wel⸗</Unicode>
        </TextEquiv>
      </TextLine>
      <TextLine id="region0007_line0006" custom="readingOrder {index:5;}">
        <Coords points="840,774 808,776 790,781 788,785 772,787 735,788 721,783 717,786 671,787 642,791 608,787 605,783 597,782 581,787 544,788 541,790 540,838 560,840 586,832 598,834 607,831 728,833 732,830 765,829 773,826 794,829 916,827 994,832 1004,839 1015,833 1089,832 1090,835 1102,835 1110,829 1120,828 1148,831 1184,830 1187,837 1196,839 1206,836 1207,830 1285,828 1320,830 1324,833 1364,831 1377,838 1387,838 1395,832 1420,831 1420,799 1420,784 1412,784 1357,780 1318,780 1295,784 1285,778 1276,777 1196,776 1185,785 1177,778 1166,778 1159,783 1098,787 1073,782 1060,788 1036,787 1027,781 1018,780 1004,780 998,785 983,785 977,779 964,779 957,780 953,785 909,788 890,784 881,777"/>
        <Word id="region0007_line0006_word0000" custom="readingOrder {index:0;}">
          <Coords points="607,786 584,786 581,787 552,787 552,828 645,828 645,790 642,791 608,787"/>
          <TextEquiv>
            <Unicode>„ches</Unicode>
          </TextEquiv>
        </Word>
        <Word id="region0007_line0006_word0001" custom="readingOrder {index:1;}">
          <Coords points="668,792 731,792 731,825 668,825"/>
          <TextEquiv>
            <Unicode>aus</Unicode>
          </TextEquiv>
        </Word>
        <Word id="region0007_line0006_word0002" custom="readingOrder {index:2;}">
          <Coords points="757,798 799,798 799,821 757,821"/>
          <TextEquiv>
            <Unicode>20</Unicode>
          </TextEquiv>
        </Word>
        <Word id="region0007_line0006_word0003" custom="readingOrder {index:3;}">
          <Coords points="889,784 820,783 819,824 937,825 938,786 909,788 890,784"/>
          <TextEquiv conf="0.9580356">
            <Unicode>Mann</Unicode>
          </TextEquiv>
        </Word>
        <Word id="region0007_line0006_word0004" custom="readingOrder {index:4;}">
          <Coords points="1036,787 962,787 961,829 994,832 999,836 1009,836 1015,833 1089,832 1090,835 1102,835 1108,830 1109,787 1098,787 1062,787 1060,788"/>
          <TextEquiv conf="0.80926347">
            <Unicode>beſtand,</Unicode>
          </TextEquiv>
        </Word>
        <Word id="region0007_line0006_word0005" custom="readingOrder {index:5;}">
          <Coords points="1217,829 1218,786 1146,786 1145,830 1148,831 1184,830 1186,836 1206,836 1207,830"/>
          <TextEquiv conf="0.96032584">
            <Unicode>dieſe</Unicode>
          </TextEquiv>
        </Word>
        <Word id="region0007_line0006_word0006" custom="readingOrder {index:6;}">
          <Coords points="1243,786 1357,786 1356,828 1242,828"/>
          <TextEquiv conf="0.95913833">
            <Unicode>Nacht</Unicode>
          </TextEquiv>
        </Word>
        <Word id="region0007_line0006_word0007" custom="readingOrder {index:7;}">
          <Coords points="1414,831 1414,794 1376,794 1376,833 1393,833 1395,832"/>
          <TextEquiv conf="0.96994585">
            <Unicode>zu</Unicode>
          </TextEquiv>
        </Word>
        <TextEquiv>
          <Unicode>„ches aus 20 Mann beſtand, dieſe Nacht zu</Unicode>
        </TextEquiv>
      </TextLine>
      <TextLine id="region0007_line0007" custom="readingOrder {index:6;}">
        <Coords points="773,827 760,835 657,839 619,839 613,832 598,835 586,833 577,836 573,841 546,843 540,847 540,890 557,892 577,885 722,881 726,886 735,889 743,887 747,881 794,880 934,882 978,886 984,892 996,893 1002,891 1004,886 1026,886 1041,882 1087,887 1089,892 1094,894 1118,894 1124,887 1167,885 1179,889 1212,880 1296,883 1301,887 1309,887 1315,883 1420,882 1420,837 1377,839 1364,832 1318,835 1304,830 1289,832 1285,829 1273,829 1265,831 1262,835 1221,835 1197,840 1142,840 1140,831 1120,829 1110,830 1102,836 1089,836 1087,841 1078,841 1021,834 1004,840 994,833 959,834 945,830 916,828 846,829 839,837 828,837 787,835 785,829"/>
        <Word id="region0007_line0007_word0000" custom="readingOrder {index:0;}">
          <Coords points="617,837 576,837 573,841 553,842 553,884 613,884 722,881 724,884 745,884 747,881 794,880 817,880 817,837 708,837 657,839 619,839"/>
          <TextEquiv conf="0.8923914">
            <Unicode>„uͤberrumpeln.</Unicode>
          </TextEquiv>
        </Word>
        <Word id="region0007_line0007_word0001" custom="readingOrder {index:1;}">
          <Coords points="893,839 963,839 963,879 893,879"/>
          <TextEquiv conf="0.9249049">
            <Unicode>Die</Unicode>
          </TextEquiv>
        </Word>
        <Word id="region0007_line0007_word0002" custom="readingOrder {index:2;}">
          <Coords points="999,837 983,837 983,890 1002,890 1004,886 1026,886 1041,882 1087,887 1088,890 1121,890 1124,887 1167,885 1179,889 1186,887 1186,840 1142,840 1141,837 1088,837 1087,841 1078,841 1045,837 1012,837 1004,840"/>
          <TextEquiv conf="0.9146394">
            <Unicode>Preuſſen,</Unicode>
          </TextEquiv>
        </Word>
        <Word id="region0007_line0007_word0003" custom="readingOrder {index:3;}">
          <Coords points="1332,882 1332,840 1220,840 1220,880 1296,883 1315,883"/>
          <TextEquiv conf="0.9151912">
            <Unicode>welche</Unicode>
          </TextEquiv>
        </Word>
        <Word id="region0007_line0007_word0004" custom="readingOrder {index:4;}">
          <Coords points="1353,844 1413,844 1413,878 1353,878"/>
          <TextEquiv conf="0.9315227">
            <Unicode>den</Unicode>
          </TextEquiv>
        </Word>
        <TextEquiv conf="0.91572994">
          <Unicode>„uͤberrumpeln. Die Preuſſen, welche den</Unicode>
        </TextEquiv>
      </TextLine>
      <TextLine id="region0007_line0008" custom="readingOrder {index:7;}">
        <Coords points="1212,881 1179,890 1165,889 1118,895 1094,895 1075,892 1074,888 1068,885 1041,883 1024,887 1020,892 1003,891 996,894 934,883 870,883 854,888 826,888 822,883 806,883 801,886 794,881 774,881 764,887 735,890 712,887 709,883 696,883 687,888 623,891 595,891 591,886 577,886 569,892 540,894 540,937 540,939 592,933 603,935 709,932 809,935 813,938 827,935 900,935 916,943 921,941 923,936 980,936 1010,938 1020,940 1028,946 1036,946 1062,936 1086,939 1104,935 1115,939 1217,934 1420,934 1420,889 1369,889 1361,883 1353,883 1345,889 1261,889 1229,887 1227,882"/>
        <Word id="region0007_line0008_word0000" custom="readingOrder {index:0;}">
          <Coords points="594,890 571,890 569,892 553,893 553,932 611,932 611,891 595,891"/>
          <TextEquiv conf="0.9244622">
            <Unicode>„in</Unicode>
          </TextEquiv>
        </Word>
        <Word id="region0007_line0008_word0001" custom="readingOrder {index:1;}">
          <Coords points="727,889 665,889 658,889 658,931 863,931 863,889 744,889 735,890"/>
          <TextEquiv conf="0.9275103">
            <Unicode>ordentlicher</Unicode>
          </TextEquiv>
        </Word>
        <Word id="region0007_line0008_word0002" custom="readingOrder {index:2;}">
          <Coords points="962,888 903,888 903,936 910,940 921,940 923,936 980,936 1010,938 1020,940 1051,940 1062,936 1086,939 1104,935 1115,939 1121,938 1121,894 1118,895 1094,895 1075,892 1074,888 1023,888 1020,892 1003,891 996,894"/>
          <TextEquiv conf="0.9184127">
            <Unicode>Proceßion</Unicode>
          </TextEquiv>
        </Word>
        <Word id="region0007_line0008_word0003" custom="readingOrder {index:3;}">
          <Coords points="1245,888 1186,888 1179,890 1165,889 1159,889 1159,929 1413,929 1413,889 1369,889 1367,888 1346,888 1345,889 1261,889"/>
          <TextEquiv conf="0.9189202">
            <Unicode>ankommenden</Unicode>
          </TextEquiv>
        </Word>
        <TextEquiv conf="0.9223263">
          <Unicode>„in ordentlicher Proceßion ankommenden</Unicode>
        </TextEquiv>
      </TextLine>
      <TextLine id="region0007_line0009" custom="readingOrder {index:8;}">
        <Coords points="697,933 689,939 658,936 653,940 639,940 634,935 619,937 597,934 568,939 544,939 540,940 540,992 554,994 564,986 596,987 604,983 685,987 693,995 699,996 706,995 710,989 718,989 721,995 733,998 743,988 767,990 774,996 788,997 795,996 802,990 847,988 853,984 903,985 918,988 943,985 978,987 984,984 1021,988 1055,985 1062,990 1091,987 1111,996 1115,995 1118,989 1144,990 1147,994 1155,996 1164,994 1167,990 1208,984 1276,988 1420,987 1420,941 1320,943 1313,942 1308,935 1292,935 1289,939 1276,936 1268,940 1259,940 1254,936 1242,936 1237,940 1114,944 1113,940 1102,936 1090,938 1084,943 1078,938 1062,937 1052,944 1028,947 1021,943 922,941 916,944 897,936 889,941 825,940 821,943 788,944 747,942 742,941 737,934 723,934 717,938 714,934"/>
        <Word id="region0007_line0009_word0000" custom="readingOrder {index:0;}">
          <Coords points="677,986 677,943 551,943 551,988 561,988 564,986 596,987 604,983"/>
          <TextEquiv conf="0.93146837">
            <Unicode>„Feind</Unicode>
          </TextEquiv>
        </Word>
        <Word id="region0007_line0009_word0001" custom="readingOrder {index:1;}">
          <Coords points="742,941 694,941 694,992 708,992 710,989 718,989 719,992 739,992 743,988 759,989 759,942 747,942"/>
          <TextEquiv conf="0.9303952">
            <Unicode>ſehr</Unicode>
          </TextEquiv>
        </Word>
        <Word id="region0007_line0009_word0002" custom="readingOrder {index:2;}">
          <Coords points="834,988 834,949 776,949 776,990 802,990"/>
          <TextEquiv conf="0.9237753">
            <Unicode>gut</Unicode>
          </TextEquiv>
        </Word>
        <Word id="region0007_line0009_word0003" custom="readingOrder {index:3;}">
          <Coords points="914,943 851,943 851,981 1043,982 1043,945 1028,947 1022,943 917,943 916,944"/>
          <TextEquiv conf="0.92539495">
            <Unicode>ankommen</Unicode>
          </TextEquiv>
        </Word>
        <Word id="region0007_line0009_word0004" custom="readingOrder {index:4;}">
          <Coords points="1114,944 1058,944 1058,987 1062,990 1091,987 1104,993 1116,993 1118,989 1144,990 1146,993 1164,993 1164,944"/>
          <TextEquiv conf="0.9293442">
            <Unicode>ſahen,</Unicode>
          </TextEquiv>
        </Word>
        <Word id="region0007_line0009_word0005" custom="readingOrder {index:5;}">
          <Coords points="1192,947 1261,947 1261,981 1192,981"/>
          <TextEquiv conf="0.9267576">
            <Unicode>und</Unicode>
          </TextEquiv>
        </Word>
        <Word id="region0007_line0009_word0006" custom="readingOrder {index:6;}">
          <Coords points="1274,945 1322,945 1322,982 1274,982"/>
          <TextEquiv conf="0.9248907">
            <Unicode>die</Unicode>
          </TextEquiv>
        </Word>
        <Word id="region0007_line0009_word0007" custom="readingOrder {index:7;}">
          <Coords points="1336,953 1413,953 1413,983 1336,983"/>
          <TextEquiv conf="0.92047226">
            <Unicode>neue</Unicode>
          </TextEquiv>
        </Word>
        <TextEquiv conf="0.9265623">
          <Unicode>„Feind ſehr gut ankommen ſahen, und die neue</Unicode>
        </TextEquiv>
      </TextLine>
      <TextLine id="region0007_line0010" custom="readingOrder {index:9;}">
        <Coords points="604,984 596,988 564,987 555,993 554,1009 540,1009 540,1017 541,1051 591,1049 598,1043 606,1043 612,1048 621,1046 625,1041 634,1040 792,1042 794,1046 805,1049 813,1047 817,1042 895,1042 907,1045 923,1039 953,1043 987,1043 991,1046 1005,1043 1070,1045 1129,1042 1139,1046 1153,1040 1158,1043 1190,1042 1192,1047 1205,1050 1213,1047 1215,1042 1262,1043 1265,1047 1281,1048 1289,1043 1302,1043 1314,1039 1421,1039 1420,995 1412,994 1232,996 1230,987 1208,985 1188,987 1181,990 1178,995 1111,997 1091,988 1062,991 1055,986 1031,988 1026,995 1005,994 1004,988 998,985 981,986 975,994 970,988 953,986 933,988 929,993 910,993 909,988 903,986 887,985 881,992 873,992 869,985 853,985 846,989 845,995 778,998 755,995 754,991 743,989 733,999 723,996 632,994 629,987"/>
        <Word id="region0007_line0010_word0000" custom="readingOrder {index:0;}">
          <Coords points="631,991 558,991 555,993 554,1009 551,1009 551,1045 596,1045 598,1043 606,1043 608,1045 622,1045 625,1041 634,1040 792,1042 794,1045 815,1045 815,1044 815,996 778,998 755,995 754,991 741,991 733,999 723,996 632,994"/>
          <TextEquiv>
            <Unicode>„Jnvention,</Unicode>
          </TextEquiv>
        </Word>
        <Word id="region0007_line0010_word0001" custom="readingOrder {index:1;}">
          <Coords points="975,994 845,993 845,995 822,996 822,1041 916,1041 923,1039 942,1042 1033,1042 1033,994 1027,994 1026,995 1005,994 1005,994 975,994 975,994"/>
          <TextEquiv>
            <Unicode>naͤchtliche</Unicode>
          </TextEquiv>
        </Word>
        <Word id="word_1651051216713_4427" custom="readingOrder {index:2;}">
          <Coords points="1040,993 1102,993 1111,997 1178,995 1179,993 1231,993 1232,996 1254,995 1254,1042 1215,1042 1213,1047 1210,1048 1196,1048 1192,1047 1190,1042 1158,1043 1153,1040 1139,1046 1129,1042 1070,1045 1040,1044"/>
          <TextEquiv conf="0.8170912">
            <Unicode>Suͤrpriſen</Unicode>
          </TextEquiv>
        </Word>
        <Word id="region0007_line0010_word0003" custom="readingOrder {index:3;}">
          <Coords points="1331,1039 1331,994 1284,995 1284,1046 1289,1043 1302,1043 1314,1039"/>
          <TextEquiv conf="0.91310143">
            <Unicode>zu</Unicode>
          </TextEquiv>
        </Word>
        <Word id="region0007_line0010_word0004" custom="readingOrder {index:4;}">
          <Coords points="1327,1005 1414,1005 1414,1035 1327,1035"/>
          <TextEquiv>
            <Unicode>ma⸗</Unicode>
          </TextEquiv>
        </Word>
        <TextEquiv>
          <Unicode>„Jnvention, naͤchtliche Suͤrpriſen zu ma⸗</Unicode>
        </TextEquiv>
      </TextLine>
      <TextLine id="region0007_line0011" custom="readingOrder {index:10;}">
        <Coords points="923,1040 912,1043 909,1047 805,1050 783,1045 765,1047 760,1042 739,1045 734,1041 722,1041 711,1048 612,1049 606,1044 598,1044 591,1050 564,1050 558,1052 556,1061 541,1062 541,1098 574,1096 582,1092 601,1092 605,1095 624,1092 662,1094 668,1099 676,1099 683,1094 740,1090 757,1097 762,1097 770,1091 781,1092 790,1094 797,1100 821,1098 825,1094 868,1091 878,1098 893,1101 908,1093 965,1089 1040,1094 1064,1091 1093,1096 1187,1091 1265,1091 1275,1096 1286,1091 1306,1091 1310,1098 1324,1095 1353,1098 1363,1093 1421,1091 1421,1045 1339,1043 1333,1046 1326,1040 1314,1040 1303,1046 1281,1049 1238,1048 1233,1044 1224,1044 1219,1048 1199,1051 1193,1048 1159,1047 1153,1041 1139,1047 1129,1043 1124,1047 1108,1048 1054,1048 1049,1044 1034,1044 1029,1048 965,1048 940,1047 935,1041"/>
        <Word id="region0007_line0011_word0000" custom="readingOrder {index:0;}">
          <Coords points="606,1044 598,1044 591,1050 564,1050 558,1052 556,1061 551,1061 551,1092 582,1092 601,1092 624,1092 681,1092 681,1048 612,1049"/>
          <TextEquiv conf="0.91106963">
            <Unicode>„chen,</Unicode>
          </TextEquiv>
        </Word>
        <Word id="region0007_line0011_word0001" custom="readingOrder {index:1;}">
          <Coords points="765,1047 712,1047 711,1048 699,1048 699,1089 783,1089 783,1047"/>
          <TextEquiv conf="0.92540175">
            <Unicode>nicht</Unicode>
          </TextEquiv>
        </Word>
        <Word id="region0007_line0011_word0002" custom="readingOrder {index:2;}">
          <Coords points="873,1095 904,1095 904,1057 798,1056 798,1094 825,1094 825,1094 868,1091"/>
          <TextEquiv conf="0.9020829">
            <Unicode>genug</Unicode>
          </TextEquiv>
        </Word>
        <Word id="region0007_line0011_word0003" custom="readingOrder {index:3;}">
          <Coords points="940,1047 919,1047 919,1090 950,1090 965,1089 980,1090 1113,1090 1113,1047 1108,1048 1054,1048 1052,1047 1030,1047 1029,1048 965,1048"/>
          <TextEquiv conf="0.9091527">
            <Unicode>bewundern</Unicode>
          </TextEquiv>
        </Word>
        <Word id="region0007_line0011_word0004" custom="readingOrder {index:4;}">
          <Coords points="1193,1048 1133,1048 1133,1093 1187,1091 1265,1091 1273,1095 1277,1095 1284,1091 1284,1048 1281,1049 1238,1048 1219,1048 1199,1051"/>
          <TextEquiv conf="0.9212982">
            <Unicode>konnten,</Unicode>
          </TextEquiv>
        </Word>
        <Word id="region0007_line0011_word0005" custom="readingOrder {index:5;}">
          <Coords points="1414,1091 1414,1048 1309,1048 1309,1096 1309,1097 1315,1097 1324,1095 1343,1097 1355,1097 1363,1093"/>
          <TextEquiv conf="0.92">
            <Unicode>ſetzten</Unicode>
          </TextEquiv>
        </Word>
        <TextEquiv conf="0.9148342">
          <Unicode>„chen, nicht genug bewundern konnten, ſetzten</Unicode>
        </TextEquiv>
      </TextLine>
      <TextLine id="region0007_line0012" custom="readingOrder {index:11;}">
        <Coords points="965,1090 925,1092 916,1096 908,1094 893,1102 874,1099 868,1092 851,1094 849,1100 803,1101 787,1100 785,1095 775,1092 767,1093 759,1099 747,1092 727,1091 715,1098 698,1100 668,1100 654,1095 638,1097 624,1093 610,1096 601,1093 582,1093 574,1097 550,1100 549,1113 541,1115 541,1151 581,1153 594,1148 613,1147 617,1150 626,1150 631,1146 674,1143 714,1146 727,1152 738,1153 747,1151 756,1144 773,1146 809,1143 954,1142 965,1150 978,1152 986,1150 989,1145 1010,1143 1069,1147 1072,1152 1083,1154 1091,1152 1093,1147 1153,1146 1168,1142 1232,1145 1264,1144 1276,1140 1295,1143 1303,1137 1317,1142 1331,1138 1346,1141 1421,1137 1421,1096 1353,1099 1324,1096 1310,1099 1306,1092 1286,1092 1275,1097 1265,1092 1255,1092 1246,1098 1216,1100 1206,1099 1204,1093 1187,1092 1176,1098 1150,1094 1144,1099 1102,1100 1070,1097 1064,1092 1020,1098 1002,1091"/>
        <Word id="region0007_line0012_word0000" custom="readingOrder {index:0;}">
          <Coords points="632,1145 632,1098 566,1098 551,1099 551,1147 613,1147 629,1147 631,1146"/>
          <TextEquiv conf="0.92871916">
            <Unicode>„ſich</Unicode>
          </TextEquiv>
        </Word>
        <Word id="region0007_line0012_word0001" custom="readingOrder {index:1;}">
          <Coords points="644,1105 712,1105 712,1138 644,1138"/>
          <TextEquiv conf="0.92432207">
            <Unicode>dem</Unicode>
          </TextEquiv>
        </Word>
        <Word id="region0007_line0012_word0002" custom="readingOrder {index:2;}">
          <Coords points="759,1099 722,1099 722,1147 752,1147 756,1144 773,1146 809,1143 841,1142 841,1100 803,1101 787,1100 786,1099"/>
          <TextEquiv conf="0.9265068">
            <Unicode>Feinde</Unicode>
          </TextEquiv>
        </Word>
        <Word id="region0007_line0012_word0003" custom="readingOrder {index:3;}">
          <Coords points="856,1102 890,1103 890,1139 856,1138"/>
          <TextEquiv conf="0.92971057">
            <Unicode>in</Unicode>
          </TextEquiv>
        </Word>
        <Word id="region0007_line0012_word0004" custom="readingOrder {index:4;}">
          <Coords points="901,1103 948,1103 948,1139 901,1139"/>
          <TextEquiv conf="0.9255559">
            <Unicode>die</Unicode>
          </TextEquiv>
        </Word>
        <Word id="region0007_line0012_word0005" custom="readingOrder {index:5;}">
          <Coords points="1070,1149 1088,1149 1088,1099 955,1099 955,1142 963,1149 986,1149 989,1145 1010,1143 1069,1147"/>
          <TextEquiv conf="0.9255559">
            <Unicode>Flanke,</Unicode>
          </TextEquiv>
        </Word>
        <Word id="region0007_line0012_word0006" custom="readingOrder {index:6;}">
          <Coords points="1103,1105 1169,1105 1169,1142 1103,1142"/>
          <TextEquiv conf="0.9256481">
            <Unicode>und</Unicode>
          </TextEquiv>
        </Word>
        <Word id="region0007_line0012_word0007" custom="readingOrder {index:7;}">
          <Coords points="1416,1137 1416,1102 1185,1102 1185,1141 1273,1141 1276,1140 1282,1141 1297,1141 1303,1137 1314,1141 1320,1141 1331,1138 1346,1141"/>
          <TextEquiv conf="0.90950805">
            <Unicode>bewillkomm⸗</Unicode>
          </TextEquiv>
        </Word>
        <TextEquiv conf="0.9244408">
          <Unicode>„ſich dem Feinde in die Flanke, und bewillkomm⸗</Unicode>
        </TextEquiv>
      </TextLine>
      <TextLine id="region0007_line0013" custom="readingOrder {index:12;}">
        <Coords points="1303,1138 1295,1144 1276,1141 1258,1147 1202,1149 1199,1145 1179,1146 1168,1143 1154,1146 1150,1150 1096,1152 1083,1155 1019,1152 1010,1144 998,1144 978,1153 965,1151 954,1143 933,1144 925,1150 892,1152 863,1151 859,1144 843,1144 840,1145 838,1152 827,1152 822,1145 809,1144 802,1152 783,1152 764,1145 756,1145 747,1152 738,1154 680,1153 677,1145 669,1144 646,1145 639,1153 593,1150 581,1154 559,1152 546,1154 543,1158 541,1205 569,1205 630,1198 655,1198 659,1205 664,1205 682,1198 700,1196 818,1197 851,1194 857,1201 869,1203 881,1195 956,1199 979,1198 984,1195 1038,1197 1058,1194 1070,1201 1080,1195 1193,1196 1219,1191 1337,1189 1345,1186 1421,1190 1421,1144 1346,1144 1337,1139 1318,1144 1314,1140"/>
        <Word id="region0007_line0013_word0000" custom="readingOrder {index:0;}">
          <Coords points="551,1153 551,1189 632,1189 632,1152 593,1150 581,1154 559,1152"/>
          <TextEquiv conf="0.8381089">
            <Unicode>„ten</Unicode>
          </TextEquiv>
        </Word>
        <Word id="region0007_line0013_word0001" custom="readingOrder {index:1;}">
          <Coords points="677,1145 647,1145 647,1194 703,1194 703,1153 680,1153"/>
          <TextEquiv conf="0.95860314">
            <Unicode>ihn</Unicode>
          </TextEquiv>
        </Word>
        <Word id="region0007_line0013_word0002" custom="readingOrder {index:2;}">
          <Coords points="766,1146 754,1146 747,1152 738,1154 718,1153 718,1183 780,1183 780,1150"/>
          <TextEquiv conf="0.96770304">
            <Unicode>mit</Unicode>
          </TextEquiv>
        </Word>
        <Word id="region0007_line0013_word0003" custom="readingOrder {index:3;}">
          <Coords points="823,1146 807,1146 802,1152 794,1152 794,1194 846,1194 851,1194 851,1194 918,1195 918,1150 892,1152 863,1151 860,1147 840,1146 838,1152 827,1152"/>
          <TextEquiv conf="0.96732354">
            <Unicode>einigen</Unicode>
          </TextEquiv>
        </Word>
        <Word id="region0007_line0013_word0004" custom="readingOrder {index:4;}">
          <Coords points="958,1146 930,1146 928,1147 928,1193 1082,1193 1082,1154 1019,1152 1012,1146 993,1146 978,1153 965,1151"/>
          <TextEquiv conf="0.96479017">
            <Unicode>Salven,</Unicode>
          </TextEquiv>
        </Word>
        <Word id="word_1651051256944_4441" custom="readingOrder {index:5;}">
          <Coords points="1108,1151 1150,1150 1154,1146 1168,1143 1179,1146 1199,1145 1202,1149 1218,1148 1218,1187 1108,1187"/>
          <TextEquiv>
            <Unicode>welche</Unicode>
          </TextEquiv>
        </Word>
        <Word id="region0007_line0013_word0006" custom="readingOrder {index:6;}">
          <Coords points="1299,1189 1299,1141 1295,1144 1276,1141 1258,1147 1240,1147 1240,1190"/>
          <TextEquiv conf="0.9376374">
            <Unicode>mit</Unicode>
          </TextEquiv>
        </Word>
        <Word id="region0007_line0013_word0007" custom="readingOrder {index:7;}">
          <Coords points="1317,1143 1313,1143 1313,1187 1342,1187 1345,1186 1364,1187 1414,1187 1414,1144 1346,1144 1344,1143 1321,1143 1318,1144"/>
          <TextEquiv conf="0.9662619">
            <Unicode>einem</Unicode>
          </TextEquiv>
        </Word>
        <TextEquiv>
          <Unicode>„ten ihn mit einigen Salven, welche mit einem</Unicode>
        </TextEquiv>
      </TextLine>
      <TextLine id="region0007_line0014" custom="readingOrder {index:13;}">
        <Coords points="1345,1187 1337,1190 1316,1190 1295,1196 1254,1196 1219,1192 1209,1196 1193,1197 1080,1196 1070,1202 1058,1195 1024,1202 1007,1202 1002,1196 984,1196 976,1202 965,1203 912,1202 907,1198 881,1196 869,1204 857,1202 851,1195 841,1195 758,1205 718,1205 713,1198 700,1197 693,1199 689,1204 682,1199 664,1206 572,1207 554,1210 541,1218 541,1257 591,1258 599,1251 610,1248 619,1251 629,1248 688,1250 690,1254 702,1256 710,1250 748,1247 787,1248 799,1247 806,1242 815,1242 821,1247 831,1249 866,1248 873,1253 882,1253 889,1249 910,1252 916,1248 949,1248 962,1254 967,1253 974,1244 1013,1245 1017,1249 1031,1252 1039,1250 1048,1242 1065,1239 1074,1239 1080,1244 1161,1241 1168,1238 1180,1241 1223,1242 1421,1242 1421,1199 1386,1196 1378,1190 1363,1187"/>
        <Word id="region0007_line0014_word0000" custom="readingOrder {index:0;}">
          <Coords points="551,1211 551,1240 800,1240 800,1199 758,1205 718,1205 713,1198 700,1197 693,1199 689,1204 682,1199 664,1206 572,1207 554,1210"/>
          <TextEquiv conf="0.9163108">
            <Unicode>„gewaltſamen</Unicode>
          </TextEquiv>
        </Word>
        <Word id="region0007_line0014_word0001" custom="readingOrder {index:1;}">
          <Coords points="852,1196 831,1196 817,1197 817,1243 971,1244 971,1202 965,1203 912,1202 907,1198 886,1196 880,1196 869,1204 857,1202"/>
          <TextEquiv conf="0.9189707">
            <Unicode>Geſchrey</Unicode>
          </TextEquiv>
        </Word>
        <Word id="region0007_line0014_word0002" custom="readingOrder {index:2;}">
          <Coords points="1002,1197 986,1197 986,1242 1048,1242 1065,1239 1074,1239 1077,1242 1132,1242 1132,1197 1078,1197 1070,1202 1061,1197 1048,1197 1024,1202 1007,1202"/>
          <TextEquiv conf="0.9262989">
            <Unicode>begleitet</Unicode>
          </TextEquiv>
        </Word>
        <Word id="region0007_line0014_word0003" custom="readingOrder {index:3;}">
          <Coords points="1144,1199 1292,1199 1292,1236 1144,1236"/>
          <TextEquiv conf="0.9036312">
            <Unicode>wurden.</Unicode>
          </TextEquiv>
        </Word>
        <Word id="region0007_line0014_word0004" custom="readingOrder {index:4;}">
          <Coords points="1384,1195 1334,1195 1334,1236 1415,1236 1415,1198 1386,1196"/>
          <TextEquiv conf="0.9279842">
            <Unicode>So⸗</Unicode>
          </TextEquiv>
        </Word>
        <TextEquiv conf="0.9186392">
          <Unicode>„gewaltſamen Geſchrey begleitet wurden. So⸗</Unicode>
        </TextEquiv>
      </TextLine>
      <TextLine id="region0007_line0015" custom="readingOrder {index:14;}">
        <Coords points="1168,1239 1150,1247 1126,1248 1121,1248 1118,1244 1081,1248 1076,1241 1065,1240 1048,1243 1039,1251 1031,1253 1019,1250 993,1250 988,1245 974,1245 967,1254 962,1255 951,1251 882,1254 857,1250 822,1253 821,1248 815,1243 806,1243 783,1253 768,1253 762,1248 748,1248 741,1254 702,1257 667,1255 664,1251 644,1253 639,1249 629,1249 620,1255 618,1251 610,1249 599,1252 591,1259 560,1260 549,1268 542,1269 542,1309 573,1309 598,1301 617,1302 623,1299 668,1302 706,1298 786,1298 818,1295 870,1298 960,1295 965,1292 989,1295 1212,1293 1270,1296 1274,1305 1282,1307 1298,1295 1338,1298 1341,1306 1366,1297 1421,1296 1421,1289 1421,1253 1402,1251 1391,1244 1343,1242 1294,1248 1292,1243 1277,1241 1259,1242 1254,1248 1232,1248 1228,1245 1218,1245 1214,1248 1183,1248 1181,1242"/>
        <Word id="region0007_line0015_word0000" custom="readingOrder {index:0;}">
          <Coords points="555,1263 555,1295 673,1295 673,1255 667,1255 664,1251 644,1253 639,1249 629,1249 620,1255 618,1251 610,1249 599,1252 591,1259 560,1260"/>
          <TextEquiv conf="0.91744703">
            <Unicode>„gleich</Unicode>
          </TextEquiv>
        </Word>
        <Word id="region0007_line0015_word0001" custom="readingOrder {index:1;}">
          <Coords points="688,1256 688,1287 897,1288 897,1253 882,1254 857,1250 822,1253 821,1248 815,1243 806,1243 783,1253 768,1253 762,1248 748,1248 741,1254 702,1257"/>
          <TextEquiv>
            <Unicode>veraͤnderten</Unicode>
          </TextEquiv>
        </Word>
        <Word id="region0007_line0015_word0002" custom="readingOrder {index:2;}">
          <Coords points="1023,1251 969,1251 967,1254 962,1255 951,1251 922,1252 922,1287 1026,1287 1026,1251"/>
          <TextEquiv conf="0.9314148">
            <Unicode>meine</Unicode>
          </TextEquiv>
        </Word>
        <Word id="region0007_line0015_word0003" custom="readingOrder {index:3;}">
          <Coords points="1078,1244 1046,1244 1041,1249 1041,1288 1243,1288 1243,1248 1232,1248 1228,1245 1218,1245 1214,1248 1183,1248 1181,1244 1156,1244 1150,1247 1126,1248 1121,1248 1118,1244 1081,1248"/>
          <TextEquiv>
            <Unicode>Landesleute</Unicode>
          </TextEquiv>
        </Word>
        <Word id="region0007_line0015_word0004" custom="readingOrder {index:4;}">
          <Coords points="1294,1248 1261,1248 1261,1295 1270,1296 1271,1300 1291,1300 1298,1295 1327,1297 1327,1248"/>
          <TextEquiv conf="0.96069115">
            <Unicode>ihre</Unicode>
          </TextEquiv>
        </Word>
        <Word id="region0007_line0015_word0005" custom="readingOrder {index:5;}">
          <Coords points="1397,1248 1340,1248 1340,1301 1354,1301 1366,1297 1416,1296 1416,1252 1402,1251"/>
          <TextEquiv>
            <Unicode>Po⸗</Unicode>
          </TextEquiv>
        </Word>
        <TextEquiv>
          <Unicode>„gleich veraͤnderten meine Landesleute ihre Po⸗</Unicode>
        </TextEquiv>
      </TextLine>
      <TextLine id="region0007_line0016" custom="readingOrder {index:15;}">
        <Coords points="965,1293 953,1301 936,1302 871,1299 836,1302 828,1296 818,1296 809,1300 805,1297 792,1297 784,1302 755,1299 750,1303 677,1307 640,1306 634,1300 623,1300 617,1304 598,1302 573,1310 557,1309 553,1312 551,1321 542,1322 542,1359 558,1361 581,1352 593,1356 598,1351 617,1353 673,1350 688,1356 694,1350 733,1348 790,1347 800,1352 815,1347 845,1349 901,1347 958,1349 962,1354 975,1356 983,1355 988,1349 1037,1347 1093,1351 1176,1350 1186,1351 1187,1356 1192,1359 1198,1359 1207,1351 1236,1360 1247,1354 1286,1352 1343,1352 1352,1361 1364,1353 1393,1356 1398,1359 1421,1356 1421,1307 1374,1307 1372,1301 1367,1298 1346,1307 1318,1307 1310,1306 1307,1297 1298,1296 1282,1308 1222,1303 1218,1296 1212,1294 1196,1295 1190,1303 1160,1303 1129,1301 1125,1298 1107,1301 1101,1295 1091,1295 1082,1300 1076,1294 1060,1295 1058,1302 984,1301 982,1295"/>
        <Word id="region0007_line0016_word0000" custom="readingOrder {index:0;}">
          <Coords points="607,1303 594,1303 573,1310 557,1309 556,1309 556,1351 598,1351 654,1351 673,1350 675,1351 690,1351 690,1306 677,1307 640,1306 637,1303 618,1303 617,1304"/>
          <TextEquiv conf="0.9432959">
            <Unicode>„ſition,</Unicode>
          </TextEquiv>
        </Word>
        <Word id="region0007_line0016_word0001" custom="readingOrder {index:1;}">
          <Coords points="709,1307 774,1307 774,1340 709,1340"/>
          <TextEquiv conf="0.93233407">
            <Unicode>und</Unicode>
          </TextEquiv>
        </Word>
        <Word id="region0007_line0016_word0002" custom="readingOrder {index:2;}">
          <Coords points="920,1347 920,1305 790,1304 790,1347 796,1350 805,1350 815,1347 845,1349 901,1347"/>
          <TextEquiv>
            <Unicode>hoͤreten</Unicode>
          </TextEquiv>
        </Word>
        <Word id="region0007_line0016_word0003" custom="readingOrder {index:3;}">
          <Coords points="1016,1347 1016,1302 945,1302 945,1348 958,1349 959,1351 986,1351 988,1349"/>
          <TextEquiv>
            <Unicode>eher</Unicode>
          </TextEquiv>
        </Word>
        <Word id="region0007_line0016_word0004" custom="readingOrder {index:4;}">
          <Coords points="1041,1303 1124,1303 1124,1346 1041,1346"/>
          <TextEquiv conf="0.9614858">
            <Unicode>nicht</Unicode>
          </TextEquiv>
        </Word>
        <Word id="region0007_line0016_word0005" custom="readingOrder {index:5;}">
          <Coords points="1213,1352 1213,1300 1192,1300 1190,1303 1160,1303 1152,1302 1152,1350 1176,1350 1186,1351 1186,1353 1204,1353 1207,1351"/>
          <TextEquiv conf="0.9681383">
            <Unicode>auf</Unicode>
          </TextEquiv>
        </Word>
        <Word id="region0007_line0016_word0006" custom="readingOrder {index:6;}">
          <Coords points="1229,1313 1266,1313 1266,1351 1229,1351"/>
          <TextEquiv conf="0.9659502">
            <Unicode>zu</Unicode>
          </TextEquiv>
        </Word>
        <Word id="region0007_line0016_word0007" custom="readingOrder {index:7;}">
          <Coords points="1308,1302 1291,1302 1291,1352 1343,1352 1415,1352 1415,1307 1374,1307 1372,1302 1357,1302 1346,1307 1318,1307 1310,1306"/>
          <TextEquiv conf="0.9544841">
            <Unicode>laufen,</Unicode>
          </TextEquiv>
        </Word>
        <TextEquiv>
          <Unicode>„ſition, und hoͤreten eher nicht auf zu laufen,</Unicode>
        </TextEquiv>
      </TextLine>
      <TextLine id="region0007_line0017" custom="readingOrder {index:16;}">
        <Coords points="1050,1348 1030,1349 1007,1356 980,1357 865,1355 834,1348 815,1348 800,1353 790,1348 760,1349 753,1352 748,1349 733,1349 727,1354 723,1351 714,1351 707,1356 688,1357 673,1351 659,1351 652,1356 627,1358 616,1358 607,1352 595,1353 593,1357 581,1353 564,1361 542,1360 542,1410 548,1413 568,1411 583,1404 649,1404 651,1411 662,1414 671,1411 672,1404 810,1405 840,1400 1001,1401 1038,1407 1068,1407 1080,1404 1093,1407 1363,1404 1369,1409 1380,1404 1422,1405 1422,1358 1417,1357 1402,1360 1378,1359 1372,1354 1364,1354 1352,1362 1343,1353 1333,1353 1329,1360 1236,1361 1220,1359 1218,1354 1207,1352 1198,1360 1192,1360 1152,1356 1125,1357 1107,1352"/>
        <Word id="region0007_line0017_word0000" custom="readingOrder {index:0;}">
          <Coords points="616,1358 570,1358 564,1361 551,1360 551,1405 580,1405 583,1404 628,1404 628,1358 627,1358"/>
          <TextEquiv conf="0.9661783">
            <Unicode>„bis</Unicode>
          </TextEquiv>
        </Word>
        <Word id="region0007_line0017_word0001" custom="readingOrder {index:1;}">
          <Coords points="694,1404 694,1360 655,1360 655,1410 671,1410 672,1404"/>
          <TextEquiv>
            <Unicode>ſie</Unicode>
          </TextEquiv>
        </Word>
        <Word id="region0007_line0017_word0002" custom="readingOrder {index:2;}">
          <Coords points="713,1360 760,1360 760,1399 713,1399"/>
          <TextEquiv conf="0.96580935">
            <Unicode>die</Unicode>
          </TextEquiv>
        </Word>
        <Word id="region0007_line0017_word0003" custom="readingOrder {index:3;}">
          <Coords points="933,1400 933,1360 781,1359 781,1401 831,1401 840,1400"/>
          <TextEquiv conf="0.95878863">
            <Unicode>Mauern</Unicode>
          </TextEquiv>
        </Word>
        <Word id="region0007_line0017_word0004" custom="readingOrder {index:4;}">
          <Coords points="963,1366 1029,1366 1029,1398 963,1398"/>
          <TextEquiv conf="0.9666423">
            <Unicode>von</Unicode>
          </TextEquiv>
        </Word>
        <Word id="region0007_line0017_word0005" custom="readingOrder {index:5;}">
          <Coords points="1172,1358 1052,1358 1052,1403 1238,1403 1238,1360 1236,1361 1220,1359 1219,1358 1200,1358 1198,1360 1192,1360"/>
          <TextEquiv conf="0.93098456">
            <Unicode>Demmin</Unicode>
          </TextEquiv>
        </Word>
        <Word id="region0007_line0017_word0006" custom="readingOrder {index:6;}">
          <Coords points="1351,1361 1269,1361 1269,1402 1415,1402 1415,1361 1353,1361 1352,1362"/>
          <TextEquiv conf="0.91140044">
            <Unicode>erreichet</Unicode>
          </TextEquiv>
        </Word>
        <TextEquiv>
          <Unicode>„bis ſie die Mauern von Demmin erreichet</Unicode>
        </TextEquiv>
      </TextLine>
      <TextLine id="region0007_line0018" custom="readingOrder {index:17;}">
        <Coords points="840,1401 814,1405 799,1411 769,1414 670,1412 661,1415 646,1409 600,1413 596,1411 595,1406 583,1405 568,1412 549,1415 548,1429 542,1430 542,1469 558,1470 577,1463 592,1464 622,1459 681,1461 688,1466 706,1461 748,1461 750,1465 762,1466 779,1458 790,1462 800,1461 805,1457 882,1459 886,1462 896,1463 910,1458 979,1458 985,1466 990,1467 997,1465 1001,1459 1010,1457 1027,1461 1040,1459 1053,1463 1114,1463 1120,1459 1141,1462 1237,1458 1255,1461 1259,1466 1267,1467 1273,1466 1277,1461 1375,1459 1379,1462 1390,1462 1394,1459 1422,1458 1422,1411 1394,1410 1388,1405 1380,1405 1369,1410 1363,1405 1350,1405 1336,1412 1301,1414 1134,1414 1083,1405 1027,1410 1017,1404 1007,1406 1001,1402 971,1402 966,1407 951,1405 944,1411 913,1411 902,1410 894,1404"/>
        <Word id="region0007_line0018_word0000" custom="readingOrder {index:0;}">
          <Coords points="595,1409 574,1409 568,1412 549,1415 549,1460 616,1460 622,1459 651,1460 703,1460 703,1412 670,1412 661,1415 646,1409 600,1413 596,1411"/>
          <TextEquiv conf="0.9177655">
            <Unicode>„hatten;</Unicode>
          </TextEquiv>
        </Word>
        <Word id="region0007_line0018_word0001" custom="readingOrder {index:1;}">
          <Coords points="805,1457 805,1423 737,1423 737,1461 748,1461 772,1461 779,1458 787,1461 800,1461"/>
          <TextEquiv conf="0.9177655">
            <Unicode>195</Unicode>
          </TextEquiv>
        </Word>
        <Word id="region0007_line0018_word0002" custom="readingOrder {index:2;}">
          <Coords points="1045,1460 1045,1412 824,1411 824,1457 882,1459 886,1462 896,1463 910,1458 979,1458 983,1463 997,1463 1001,1459 1010,1457 1027,1461 1040,1459"/>
          <TextEquiv conf="0.92285925">
            <Unicode>Schwediſche</Unicode>
          </TextEquiv>
        </Word>
        <Word id="region0007_line0018_word0003" custom="readingOrder {index:3;}">
          <Coords points="1122,1412 1063,1412 1063,1459 1120,1459 1213,1459 1237,1458 1243,1459 1274,1459 1274,1414 1134,1414"/>
          <TextEquiv conf="0.91659355">
            <Unicode>Laternen,</Unicode>
          </TextEquiv>
        </Word>
        <Word id="region0007_line0018_word0004" custom="readingOrder {index:4;}">
          <Coords points="1299,1414 1413,1414 1413,1456 1299,1456"/>
          <TextEquiv conf="0.9253672">
            <Unicode>welche</Unicode>
          </TextEquiv>
        </Word>
        <TextEquiv conf="0.92007023">
          <Unicode>„hatten; 195 Schwediſche Laternen, welche</Unicode>
        </TextEquiv>
      </TextLine>
      <TextLine id="region0007_line0019" custom="readingOrder {index:18;}">
        <Coords points="1010,1458 1001,1460 997,1466 990,1468 985,1467 979,1459 966,1459 962,1464 958,1461 948,1461 941,1467 929,1467 927,1460 924,1459 910,1459 905,1467 873,1464 870,1460 816,1461 811,1458 795,1463 779,1459 762,1467 716,1467 713,1463 706,1462 695,1467 656,1468 650,1460 636,1460 630,1469 605,1469 600,1462 592,1465 577,1464 557,1474 553,1482 542,1483 541,1507 541,1521 581,1522 616,1513 713,1512 823,1514 826,1521 839,1523 846,1514 866,1518 873,1513 929,1511 970,1513 993,1521 1003,1519 1006,1513 1053,1512 1140,1512 1149,1520 1167,1513 1218,1512 1229,1520 1241,1520 1248,1512 1287,1512 1306,1508 1375,1508 1383,1513 1421,1510 1422,1467 1343,1465 1265,1468 1245,1466 1240,1460 1227,1459 1216,1466 1197,1467 1152,1467 1147,1463 1120,1460 1112,1468 1102,1468 1067,1466 1040,1460 1028,1465 1026,1461"/>
        <Word id="region0007_line0019_word0000" custom="readingOrder {index:0;}">
          <Coords points="602,1466 573,1466 557,1474 553,1482 546,1482 546,1513 611,1513 611,1469 605,1469"/>
          <TextEquiv conf="0.928142">
            <Unicode>„ſie</Unicode>
          </TextEquiv>
        </Word>
        <Word id="region0007_line0019_word0001" custom="readingOrder {index:1;}">
          <Coords points="637,1468 672,1468 671,1507 636,1507"/>
          <TextEquiv conf="0.92927414">
            <Unicode>in</Unicode>
          </TextEquiv>
        </Word>
        <Word id="region0007_line0019_word0002" custom="readingOrder {index:2;}">
          <Coords points="699,1472 752,1472 751,1508 698,1508"/>
          <TextEquiv conf="0.9296433">
            <Unicode>der</Unicode>
          </TextEquiv>
        </Word>
        <Word id="region0007_line0019_word0003" custom="readingOrder {index:3;}">
          <Coords points="899,1466 776,1466 775,1513 823,1514 825,1519 842,1519 846,1514 866,1518 873,1513 929,1511 970,1513 989,1520 999,1520 1003,1519 1006,1513 1053,1512 1062,1512 1063,1467 994,1467 990,1468 985,1467 985,1467 941,1467 941,1467 929,1467 929,1467 905,1466 905,1467"/>
          <TextEquiv conf="0.92663074">
            <Unicode>Geſchwindigkeit</Unicode>
          </TextEquiv>
        </Word>
        <Word id="region0007_line0019_word0004" custom="readingOrder {index:4;}">
          <Coords points="1102,1468 1083,1468 1082,1512 1140,1512 1146,1518 1154,1518 1167,1513 1218,1512 1226,1518 1242,1518 1248,1512 1287,1512 1306,1508 1318,1508 1319,1468 1265,1468 1112,1468"/>
          <TextEquiv conf="0.91803956">
            <Unicode>mitzunehmen</Unicode>
          </TextEquiv>
        </Word>
        <Word id="region0007_line0019_word0005" custom="readingOrder {index:5;}">
          <Coords points="1343,1477 1414,1477 1413,1508 1342,1508"/>
          <TextEquiv conf="0.93000746">
            <Unicode>ver⸗</Unicode>
          </TextEquiv>
        </Word>
        <TextEquiv conf="0.9269562">
          <Unicode>„ſie in der Geſchwindigkeit mitzunehmen ver⸗</Unicode>
        </TextEquiv>
      </TextLine>
      <TextLine id="region0007_line0020" custom="readingOrder {index:19;}">
        <Coords points="1306,1509 1291,1512 1285,1520 1229,1521 1213,1513 1164,1515 1152,1521 1140,1513 1128,1516 1112,1515 1108,1519 1073,1520 1071,1515 1066,1513 1053,1513 1049,1514 1047,1521 993,1522 971,1515 949,1520 945,1513 929,1512 925,1514 923,1521 839,1524 770,1518 719,1521 718,1516 713,1513 700,1514 688,1521 648,1522 640,1514 616,1514 605,1522 560,1525 548,1529 542,1534 542,1574 578,1572 596,1566 608,1566 615,1573 627,1575 638,1565 643,1565 651,1568 695,1568 699,1574 713,1576 722,1573 725,1568 749,1568 754,1565 808,1567 814,1572 828,1565 835,1565 842,1569 871,1571 888,1578 899,1566 928,1563 971,1564 979,1573 985,1575 998,1565 1014,1563 1079,1568 1181,1565 1194,1573 1203,1565 1284,1567 1290,1573 1300,1574 1313,1566 1325,1567 1332,1572 1340,1573 1363,1563 1377,1566 1393,1561 1400,1561 1406,1565 1422,1564 1421,1519 1382,1518 1381,1512 1375,1509"/>
        <Word id="region0007_line0020_word0000" custom="readingOrder {index:0;}">
          <Coords points="645,1519 609,1519 605,1522 560,1525 548,1529 547,1529 547,1568 590,1568 596,1566 608,1566 610,1568 634,1568 638,1565 643,1565 651,1568 672,1568 672,1521 648,1522"/>
          <TextEquiv conf="0.92582494">
            <Unicode>„geſſen</Unicode>
          </TextEquiv>
        </Word>
        <Word id="region0007_line0020_word0001" custom="readingOrder {index:1;}">
          <Coords points="718,1519 697,1519 697,1569 724,1569 725,1568 749,1568 754,1565 808,1567 810,1569 820,1569 827,1565 827,1522 781,1519 753,1519 719,1521"/>
          <TextEquiv conf="0.9273278">
            <Unicode>hatten,</Unicode>
          </TextEquiv>
        </Word>
        <Word id="region0007_line0020_word0002" custom="readingOrder {index:2;}">
          <Coords points="949,1519 923,1519 923,1521 875,1523 875,1570 895,1570 899,1566 928,1563 971,1564 977,1571 991,1571 998,1565 1014,1563 1032,1564 1032,1521 993,1522 986,1520 951,1519 949,1520"/>
          <TextEquiv conf="0.92528427">
            <Unicode>geriethen</Unicode>
          </TextEquiv>
        </Word>
        <Word id="region0007_line0020_word0003" custom="readingOrder {index:3;}">
          <Coords points="1053,1521 1089,1521 1089,1562 1053,1562"/>
          <TextEquiv conf="0.92537194">
            <Unicode>in</Unicode>
          </TextEquiv>
        </Word>
        <Word id="region0007_line0020_word0004" custom="readingOrder {index:4;}">
          <Coords points="1114,1522 1161,1522 1161,1561 1114,1561"/>
          <TextEquiv conf="0.9257035">
            <Unicode>die</Unicode>
          </TextEquiv>
        </Word>
        <Word id="region0007_line0020_word0005" custom="readingOrder {index:5;}">
          <Coords points="1223,1518 1182,1518 1182,1565 1194,1573 1203,1565 1284,1567 1290,1573 1301,1573 1313,1566 1325,1567 1332,1572 1340,1573 1363,1563 1377,1566 1393,1561 1400,1561 1406,1565 1412,1564 1412,1518 1382,1518 1286,1518 1285,1520 1229,1521"/>
          <TextEquiv conf="0.92230743">
            <Unicode>Preußiſche</Unicode>
          </TextEquiv>
        </Word>
        <TextEquiv conf="0.92530334">
          <Unicode>„geſſen hatten, geriethen in die Preußiſche</Unicode>
        </TextEquiv>
      </TextLine>
      <TextLine id="region0007_line0021" custom="readingOrder {index:20;}">
        <Coords points="1393,1562 1380,1567 1363,1564 1340,1574 1313,1567 1300,1575 1286,1571 1222,1573 1221,1568 1217,1566 1203,1566 1196,1574 1181,1566 1169,1569 1164,1566 1150,1566 1139,1572 1076,1573 1047,1565 1014,1564 998,1566 985,1576 979,1574 971,1565 928,1564 897,1568 889,1578 888,1587 887,1578 881,1575 851,1572 835,1566 828,1566 817,1573 793,1572 787,1567 754,1566 745,1572 713,1577 654,1574 652,1569 643,1566 638,1566 627,1576 615,1574 608,1567 596,1567 578,1573 567,1572 544,1577 542,1629 571,1628 574,1624 586,1620 596,1620 600,1623 623,1620 626,1626 634,1628 643,1626 646,1620 677,1620 681,1623 695,1623 704,1628 716,1621 735,1620 745,1620 752,1627 761,1627 773,1618 791,1623 794,1620 812,1618 826,1622 982,1620 1000,1617 1100,1620 1120,1616 1152,1619 1156,1622 1168,1620 1171,1625 1180,1627 1188,1625 1191,1619 1250,1613 1256,1613 1266,1619 1280,1619 1288,1615 1330,1615 1352,1610 1360,1613 1376,1610 1383,1614 1422,1611 1422,1569 1407,1569 1404,1564"/>
        <Word id="region0007_line0021_word0000" custom="readingOrder {index:0;}">
          <Coords points="613,1572 581,1572 578,1573 567,1572 550,1575 550,1623 577,1623 586,1620 596,1620 600,1623 623,1620 624,1623 644,1623 646,1620 677,1620 681,1623 695,1623 712,1623 716,1621 735,1620 745,1620 748,1623 766,1623 773,1618 791,1623 794,1620 812,1618 826,1622 863,1621 863,1573 851,1572 818,1572 817,1573 793,1572 745,1572 713,1577 654,1574 653,1572 631,1572 627,1576 615,1574"/>
          <TextEquiv conf="0.9091702">
            <Unicode>„Gefangenſchaft.</Unicode>
          </TextEquiv>
        </Word>
        <Word id="region0007_line0021_word0001" custom="readingOrder {index:1;}">
          <Coords points="982,1575 919,1575 919,1617 991,1617 991,1575 986,1575 985,1576"/>
          <TextEquiv conf="0.9173821">
            <Unicode>Die</Unicode>
          </TextEquiv>
        </Word>
        <Word id="region0007_line0021_word0002" custom="readingOrder {index:2;}">
          <Coords points="1283,1617 1283,1575 1012,1575 1012,1617 1100,1620 1120,1616 1152,1619 1156,1622 1168,1620 1169,1623 1189,1623 1191,1619 1250,1613 1256,1613 1266,1619 1280,1619"/>
          <TextEquiv conf="0.9262807">
            <Unicode>Auswechſelung</Unicode>
          </TextEquiv>
        </Word>
        <Word id="region0007_line0021_word0003" custom="readingOrder {index:3;}">
          <Coords points="1340,1574 1304,1574 1304,1615 1330,1615 1352,1610 1360,1613 1376,1610 1383,1614 1412,1611 1412,1574"/>
          <TextEquiv conf="0.9276579">
            <Unicode>derſel⸗</Unicode>
          </TextEquiv>
        </Word>
        <TextEquiv conf="0.92012274">
          <Unicode>„Gefangenſchaft. Die Auswechſelung derſel⸗</Unicode>
        </TextEquiv>
      </TextLine>
      <TextLine id="region0007_line0022" custom="readingOrder {index:21;}">
        <Coords points="1352,1611 1309,1618 1288,1616 1280,1620 1266,1620 1256,1614 1216,1617 1204,1620 1204,1624 1199,1627 1180,1628 1170,1625 1135,1625 1128,1617 1110,1620 1104,1626 1067,1624 1056,1618 1025,1621 1017,1618 1000,1618 951,1626 922,1623 850,1625 838,1624 836,1621 824,1623 816,1619 802,1625 791,1625 773,1619 761,1628 735,1626 732,1622 717,1622 704,1629 695,1624 681,1624 678,1628 601,1627 596,1621 586,1621 574,1625 571,1629 555,1630 553,1641 542,1643 542,1682 565,1680 582,1672 718,1673 750,1670 766,1670 778,1680 800,1670 806,1679 812,1680 822,1671 865,1668 881,1671 889,1669 987,1672 994,1679 1009,1677 1011,1672 1031,1670 1037,1675 1062,1674 1082,1680 1113,1672 1126,1678 1161,1667 1202,1663 1233,1662 1240,1665 1265,1666 1272,1662 1287,1665 1309,1662 1422,1662 1422,1619 1385,1616 1376,1611 1365,1614"/>
        <Word id="region0007_line0022_word0000" custom="readingOrder {index:0;}">
          <Coords points="550,1641 550,1670 639,1670 639,1627 601,1627 596,1621 586,1621 574,1625 571,1629 555,1630 553,1641"/>
          <TextEquiv conf="0.925271">
            <Unicode>„ben</Unicode>
          </TextEquiv>
        </Word>
        <Word id="region0007_line0022_word0001" custom="readingOrder {index:1;}">
          <Coords points="732,1622 717,1622 704,1629 695,1624 681,1624 678,1628 655,1627 655,1661 737,1661 737,1626 735,1626"/>
          <TextEquiv conf="0.9261868">
            <Unicode>wird</Unicode>
          </TextEquiv>
        </Word>
        <Word id="region0007_line0022_word0002" custom="readingOrder {index:2;}">
          <Coords points="782,1622 768,1622 761,1628 754,1627 754,1670 766,1670 769,1673 792,1673 800,1670 802,1673 819,1673 822,1671 865,1668 881,1671 889,1669 892,1669 892,1623 850,1625 838,1624 837,1622 826,1622 824,1623 823,1622 808,1622 802,1625 791,1625"/>
          <TextEquiv conf="0.91834307">
            <Unicode>eheſtens</Unicode>
          </TextEquiv>
        </Word>
        <Word id="region0007_line0022_word0003" custom="readingOrder {index:3;}">
          <Coords points="911,1629 973,1629 973,1663 911,1663"/>
          <TextEquiv conf="0.9277201">
            <Unicode>vor</Unicode>
          </TextEquiv>
        </Word>
        <Word id="region0007_line0022_word0004" custom="readingOrder {index:4;}">
          <Coords points="994,1622 1053,1622 1053,1670 994,1670"/>
          <TextEquiv conf="0.92364484">
            <Unicode>ſich</Unicode>
          </TextEquiv>
        </Word>
        <Word id="region0007_line0022_word0005" custom="readingOrder {index:5;}">
          <Coords points="1131,1621 1109,1621 1104,1626 1075,1624 1075,1672 1113,1672 1145,1672 1161,1667 1202,1663 1209,1662 1209,1621 1204,1621 1204,1624 1199,1627 1180,1628 1170,1625 1135,1625"/>
          <TextEquiv conf="0.9171492">
            <Unicode>gehen.</Unicode>
          </TextEquiv>
        </Word>
        <Word id="region0007_line0022_word0006" custom="readingOrder {index:6;}">
          <Coords points="1323,1662 1323,1624 1237,1624 1237,1663 1270,1663 1272,1662 1277,1663 1301,1663 1309,1662"/>
          <TextEquiv conf="0.92642486">
            <Unicode>Das</Unicode>
          </TextEquiv>
        </Word>
        <Word id="region0007_line0022_word0007" custom="readingOrder {index:7;}">
          <Coords points="1411,1662 1411,1624 1341,1624 1341,1662"/>
          <TextEquiv conf="0.92129517">
            <Unicode>Ge⸗</Unicode>
          </TextEquiv>
        </Word>
        <TextEquiv conf="0.9232544">
          <Unicode>„ben wird eheſtens vor ſich gehen. Das Ge⸗</Unicode>
        </TextEquiv>
      </TextLine>
      <TextLine id="region0007_line0023" custom="readingOrder {index:22;}">
        <Coords points="1225,1663 1173,1666 1126,1679 1113,1673 1082,1681 1072,1678 1038,1678 1031,1671 1020,1671 1013,1678 994,1680 934,1677 901,1670 883,1672 865,1669 822,1672 812,1681 806,1680 800,1671 778,1681 766,1671 750,1671 743,1678 706,1680 656,1676 641,1678 635,1673 619,1673 611,1677 602,1677 597,1673 582,1673 565,1681 542,1683 542,1737 587,1736 598,1726 609,1723 725,1724 740,1725 747,1732 764,1725 781,1725 793,1729 813,1722 824,1728 836,1723 874,1723 879,1730 890,1733 897,1729 898,1724 946,1723 955,1720 970,1724 1077,1723 1132,1718 1193,1717 1206,1713 1219,1716 1270,1716 1275,1717 1280,1723 1290,1725 1301,1721 1315,1724 1321,1718 1374,1721 1395,1725 1422,1723 1422,1688 1407,1687 1405,1677 1400,1672 1339,1669 1330,1663 1309,1663 1302,1668 1290,1668 1281,1663 1272,1663 1265,1668"/>
        <Word id="region0007_line0023_word0000" custom="readingOrder {index:0;}">
          <Coords points="609,1723 672,1723 672,1677 656,1676 641,1678 635,1673 619,1673 611,1677 602,1677 597,1673 582,1673 565,1681 551,1682 551,1723"/>
          <TextEquiv conf="0.9277361">
            <Unicode>„fechte</Unicode>
          </TextEquiv>
        </Word>
        <Word id="region0007_line0023_word0001" custom="readingOrder {index:1;}">
          <Coords points="688,1685 730,1685 730,1712 688,1712"/>
          <TextEquiv conf="0.9696239">
            <Unicode>an</Unicode>
          </TextEquiv>
        </Word>
        <Word id="region0007_line0023_word0002" custom="readingOrder {index:2;}">
          <Coords points="769,1674 747,1674 747,1722 804,1722 804,1677 802,1674 793,1674 778,1681"/>
          <TextEquiv conf="0.9515991">
            <Unicode>ſich</Unicode>
          </TextEquiv>
        </Word>
        <Word id="region0007_line0023_word0003" custom="readingOrder {index:3;}">
          <Coords points="907,1723 907,1676 819,1675 819,1725 830,1725 836,1723 874,1723 875,1725 897,1725 898,1724"/>
          <TextEquiv conf="0.96648973">
            <Unicode>ſelbſt</Unicode>
          </TextEquiv>
        </Word>
        <Word id="region0007_line0023_word0004" custom="readingOrder {index:4;}">
          <Coords points="921,1684 992,1684 992,1715 921,1715"/>
          <TextEquiv conf="0.96806645">
            <Unicode>war</Unicode>
          </TextEquiv>
        </Word>
        <Word id="region0007_line0023_word0005" custom="readingOrder {index:5;}">
          <Coords points="1037,1677 1014,1677 1013,1678 1005,1678 1005,1715 1091,1715 1091,1678 1082,1681 1072,1678 1038,1678"/>
          <TextEquiv conf="0.9617433">
            <Unicode>eines</Unicode>
          </TextEquiv>
        </Word>
        <Word id="region0007_line0023_word0006" custom="readingOrder {index:6;}">
          <Coords points="1108,1682 1161,1682 1161,1714 1108,1714"/>
          <TextEquiv conf="0.933003">
            <Unicode>der</Unicode>
          </TextEquiv>
        </Word>
        <Word id="region0007_line0023_word0007" custom="readingOrder {index:7;}">
          <Coords points="1402,1674 1175,1674 1175,1717 1193,1717 1206,1713 1219,1716 1270,1716 1275,1717 1280,1723 1295,1723 1301,1721 1310,1723 1316,1723 1321,1718 1374,1721 1384,1723 1409,1723 1409,1687 1407,1687 1405,1677"/>
          <TextEquiv>
            <Unicode>Blutigſten.,,</Unicode>
          </TextEquiv>
        </Word>
        <TextEquiv>
          <Unicode>„fechte an ſich ſelbſt war eines der Blutigſten.,,</Unicode>
        </TextEquiv>
      </TextLine>
      <TextLine id="region0007_line0024" custom="readingOrder {index:23;}">
        <Coords points="1206,1714 1190,1720 1144,1722 1132,1719 1117,1723 1084,1722 1063,1726 995,1729 971,1729 969,1724 955,1721 945,1724 943,1730 899,1730 890,1734 852,1725 835,1725 824,1729 815,1723 793,1730 762,1728 750,1733 703,1731 674,1724 609,1724 596,1729 595,1746 543,1747 542,1778 864,1778 1004,1775 1064,1770 1092,1772 1097,1769 1139,1767 1196,1769 1203,1774 1215,1774 1220,1769 1262,1769 1270,1779 1280,1778 1285,1770 1422,1772 1422,1727 1308,1725 1305,1722 1290,1726 1222,1720 1216,1715"/>
        <Word id="region0007_line0024_word0000" custom="readingOrder {index:0;}">
          <Coords points="605,1725 605,1765 708,1765 708,1731 703,1731 674,1724 609,1724"/>
          <TextEquiv conf="0.9269319">
            <Unicode>„Den</Unicode>
          </TextEquiv>
        </Word>
        <Word id="region0007_line0024_word0001" custom="readingOrder {index:1;}">
          <Coords points="723,1731 723,1768 802,1768 802,1728 799,1728 793,1730 762,1728 750,1733"/>
          <TextEquiv>
            <Unicode>9ten</Unicode>
          </TextEquiv>
        </Word>
        <Word id="region0007_line0024_word0002" custom="readingOrder {index:2;}">
          <Coords points="810,1724 810,1763 991,1764 991,1729 971,1729 969,1724 955,1721 945,1724 943,1730 899,1730 890,1734 852,1725 835,1725 824,1729 815,1723"/>
          <TextEquiv conf="0.9282082">
            <Unicode>Decemb.</Unicode>
          </TextEquiv>
        </Word>
        <Word id="region0007_line0024_word0003" custom="readingOrder {index:3;}">
          <Coords points="1006,1728 1006,1763 1114,1763 1114,1728 1017,1728"/>
          <TextEquiv conf="0.9185911">
            <Unicode>wurde</Unicode>
          </TextEquiv>
        </Word>
        <Word id="region0007_line0024_word0004" custom="readingOrder {index:4;}">
          <Coords points="1129,1728 1181,1728 1181,1759 1129,1759"/>
          <TextEquiv conf="0.9213198">
            <Unicode>der</Unicode>
          </TextEquiv>
        </Word>
        <Word id="region0007_line0024_word0005" custom="readingOrder {index:5;}">
          <Coords points="1220,1719 1192,1719 1190,1720 1189,1720 1189,1768 1196,1769 1197,1770 1219,1770 1220,1769 1262,1769 1262,1770 1285,1770 1410,1770 1410,1726 1308,1725 1305,1722 1290,1726 1222,1720"/>
          <TextEquiv conf="0.9178431">
            <Unicode>Hauptmann</Unicode>
          </TextEquiv>
        </Word>
        <TextEquiv>
          <Unicode>„Den 9ten Decemb. wurde der Hauptmann</Unicode>
        </TextEquiv>
      </TextLine>
      <TextLine id="region0008_line0001" custom="readingOrder {index:24;}">
        <Coords points="1176,1767 1153,1773 1135,1772 1127,1768 1089,1768 1086,1771 1053,1770 1042,1774 1015,1774 1003,1768 988,1768 981,1773 950,1774 938,1781 892,1782 805,1781 781,1780 775,1774 760,1777 734,1771 652,1771 641,1773 626,1783 591,1783 587,1780 548,1783 548,1832 583,1832 620,1825 628,1828 713,1830 758,1824 833,1827 914,1827 926,1824 936,1824 940,1829 948,1831 959,1826 971,1826 980,1821 987,1821 998,1828 1015,1819 1083,1819 1086,1825 1095,1827 1103,1824 1106,1819 1115,1817 1175,1817 1189,1821 1237,1823 1246,1824 1255,1831 1278,1825 1393,1824 1401,1831 1409,1831 1413,1826 1417,1826 1416,1780 1400,1780 1396,1777 1387,1777 1383,1780 1376,1777 1364,1780 1300,1779 1294,1778 1287,1768 1276,1768 1267,1777 1253,1767"/>
        <Word id="region0008_line0001_word0000" custom="readingOrder {index:0;}">
          <Coords points="553,1783 644,1783 644,1819 553,1819"/>
          <TextEquiv conf="0.9261825">
            <Unicode>„von</Unicode>
          </TextEquiv>
        </Word>
        <Word id="word_1651051388041_4501" custom="readingOrder {index:1;}">
          <Coords points="668,1777 778,1777 934,1781 958,1802 958,1825 946,1825 668,1819"/>
          <TextEquiv>
            <Unicode>Wiedemann,</Unicode>
          </TextEquiv>
        </Word>
        <Word id="region0008_line0001_word0003" custom="readingOrder {index:2;}">
          <Coords points="1175,1817 1175,1778 976,1778 976,1823 980,1821 987,1821 996,1827 999,1827 1015,1819 1083,1819 1086,1825 1095,1827 1103,1824 1106,1819 1115,1817"/>
          <TextEquiv conf="0.9200087">
            <Unicode>Hordtſchen</Unicode>
          </TextEquiv>
        </Word>
        <Word id="region0008_line0001_word0004" custom="readingOrder {index:3;}">
          <Coords points="1265,1776 1197,1776 1197,1821 1237,1823 1246,1824 1249,1827 1270,1827 1278,1825 1393,1824 1396,1827 1412,1827 1413,1826 1413,1780 1400,1780 1396,1777 1387,1777 1383,1780 1376,1777 1364,1780 1300,1779 1294,1778 1292,1776 1268,1776 1267,1777"/>
          <TextEquiv conf="0.949361">
            <Unicode>Regiments,</Unicode>
          </TextEquiv>
        </Word>
        <TextEquiv>
          <Unicode>„von Wiedemann, Hordtſchen Regiments,</Unicode>
        </TextEquiv>
      </TextLine>
      <TextLine id="region0008_line0002" custom="readingOrder {index:25;}">
        <Coords points="1115,1818 1095,1828 1084,1824 1032,1826 1027,1820 1015,1820 998,1829 987,1822 980,1822 971,1827 959,1827 948,1832 940,1830 936,1825 926,1825 914,1829 847,1831 758,1825 728,1827 701,1834 642,1832 620,1826 612,1827 606,1832 549,1833 547,1882 558,1883 607,1876 787,1877 970,1870 1016,1871 1027,1879 1042,1879 1051,1871 1106,1874 1113,1880 1124,1880 1132,1874 1154,1874 1158,1882 1171,1882 1176,1874 1312,1877 1331,1878 1334,1882 1351,1882 1353,1878 1376,1880 1380,1877 1416,1875 1417,1832 1401,1832 1393,1825 1385,1825 1379,1829 1372,1825 1338,1825 1333,1831 1283,1831 1277,1827 1255,1832 1244,1829 1187,1827 1184,1821 1175,1818 1160,1819 1156,1824 1135,1823 1133,1820"/>
        <Word id="region0008_line0002_word0000" custom="readingOrder {index:0;}">
          <Coords points="623,1827 612,1827 606,1832 552,1832 552,1868 638,1868 638,1831"/>
          <TextEquiv conf="0.923384">
            <Unicode>„mit</Unicode>
          </TextEquiv>
        </Word>
        <Word id="region0008_line0002_word0001" custom="readingOrder {index:1;}">
          <Coords points="658,1840 726,1840 725,1863 657,1863"/>
          <TextEquiv conf="0.95367765">
            <Unicode>100</Unicode>
          </TextEquiv>
        </Word>
        <Word id="region0008_line0002_word0002" custom="readingOrder {index:2;}">
          <Coords points="802,1828 741,1828 740,1865 860,1865 860,1830 847,1831"/>
          <TextEquiv conf="0.9660202">
            <Unicode>Mann</Unicode>
          </TextEquiv>
        </Word>
        <Word id="region0008_line0002_word0003" custom="readingOrder {index:3;}">
          <Coords points="877,1831 944,1832 943,1864 876,1863"/>
          <TextEquiv conf="0.96276665">
            <Unicode>und</Unicode>
          </TextEquiv>
        </Word>
        <Word id="region0008_line0002_word0004" custom="readingOrder {index:4;}">
          <Coords points="993,1826 972,1826 971,1827 960,1827 960,1870 970,1870 1016,1871 1017,1872 1049,1872 1051,1871 1069,1872 1085,1872 1086,1826 1032,1826 1003,1826 998,1829"/>
          <TextEquiv conf="0.9645919">
            <Unicode>einigen</Unicode>
          </TextEquiv>
        </Word>
        <Word id="region0008_line0002_word0005" custom="readingOrder {index:5;}">
          <Coords points="1186,1825 1101,1825 1100,1873 1106,1874 1107,1875 1130,1875 1132,1874 1154,1874 1154,1875 1175,1875 1176,1874 1221,1875 1246,1875 1246,1829 1244,1829 1187,1827"/>
          <TextEquiv conf="0.9252606">
            <Unicode>Huſaren</Unicode>
          </TextEquiv>
        </Word>
        <Word id="region0008_line0002_word0006" custom="readingOrder {index:6;}">
          <Coords points="1375,1827 1336,1827 1333,1831 1283,1831 1277,1827 1257,1831 1257,1875 1412,1875 1412,1832 1401,1832 1395,1827 1382,1827 1379,1829"/>
          <TextEquiv conf="0.91162413">
            <Unicode>detaſchi⸗</Unicode>
          </TextEquiv>
        </Word>
        <TextEquiv conf="0.9439036">
          <Unicode>„mit 100 Mann und einigen Huſaren detaſchi⸗</Unicode>
        </TextEquiv>
      </TextLine>
      <TextLine id="region0009_line0001" custom="readingOrder {index:26;}">
        <Coords points="1380,1868 1376,1883 1331,1880 1326,1876 1298,1877 1274,1872 1248,1874 1199,1871 1170,1873 1151,1880 1131,1880 1091,1877 1085,1869 982,1869 960,1876 946,1876 942,1869 927,1869 916,1876 910,1871 890,1869 880,1874 865,1873 857,1877 848,1877 842,1871 830,1871 825,1875 820,1871 806,1870 795,1879 766,1881 743,1881 738,1877 726,1876 719,1881 674,1883 629,1881 625,1878 610,1881 547,1882 547,1935 567,1939 611,1929 627,1935 638,1925 675,1927 763,1923 794,1924 801,1932 811,1932 816,1929 817,1924 908,1920 925,1920 929,1923 947,1920 992,1920 1003,1930 1016,1929 1025,1923 1055,1922 1062,1926 1070,1926 1073,1923 1120,1925 1132,1931 1251,1930 1257,1927 1288,1927 1372,1931 1389,1928 1398,1937 1408,1933 1421,1933 1421,1868"/>
        <Word id="region0009_line0001_word0000" custom="readingOrder {index:0;}">
          <Coords points="636,1926 636,1884 554,1884 554,1928 634,1928"/>
          <TextEquiv conf="0.9163895">
            <Unicode>„ret,</Unicode>
          </TextEquiv>
        </Word>
        <Word id="region0009_line0001_word0001" custom="readingOrder {index:1;}">
          <Coords points="654,1890 710,1890 710,1917 654,1917"/>
          <TextEquiv conf="0.9256847">
            <Unicode>um</Unicode>
          </TextEquiv>
        </Word>
        <Word id="region0009_line0001_word0002" custom="readingOrder {index:2;}">
          <Coords points="726,1885 784,1885 784,1917 726,1917"/>
          <TextEquiv conf="0.93107504">
            <Unicode>den</Unicode>
          </TextEquiv>
        </Word>
        <Word id="region0009_line0001_word0003" custom="readingOrder {index:3;}">
          <Coords points="983,1920 983,1882 799,1881 799,1928 816,1928 817,1924 908,1920 925,1920 929,1923 947,1920"/>
          <TextEquiv conf="0.9261276">
            <Unicode>feindlichen</Unicode>
          </TextEquiv>
        </Word>
        <Word id="region0009_line0001_word0004" custom="readingOrder {index:4;}">
          <Coords points="1117,1879 998,1879 998,1925 1003,1930 1016,1929 1025,1923 1055,1922 1062,1926 1070,1926 1073,1923 1120,1925 1123,1926 1123,1879"/>
          <TextEquiv conf="0.9218887">
            <Unicode>Poſten</Unicode>
          </TextEquiv>
        </Word>
        <Word id="region0009_line0001_word0005" custom="readingOrder {index:5;}">
          <Coords points="1138,1892 1175,1892 1175,1930 1138,1930"/>
          <TextEquiv conf="0.9267251">
            <Unicode>zu</Unicode>
          </TextEquiv>
        </Word>
        <Word id="region0009_line0001_word0006" custom="readingOrder {index:6;}">
          <Coords points="1293,1876 1190,1876 1190,1930 1251,1930 1257,1927 1288,1927 1372,1931 1389,1928 1393,1932 1417,1932 1417,1876 1377,1876 1376,1883 1331,1880 1326,1876 1298,1877"/>
          <TextEquiv conf="0.8808036">
            <Unicode>Volksdorf</Unicode>
          </TextEquiv>
        </Word>
        <TextEquiv conf="0.9183849">
          <Unicode>„ret, um den feindlichen Poſten zu Volksdorf</Unicode>
        </TextEquiv>
      </TextLine>
      <TextLine id="region0009_line0002" custom="readingOrder {index:27;}">
        <Coords points="908,1921 863,1923 860,1924 858,1931 811,1933 781,1931 775,1924 763,1924 756,1931 669,1933 656,1933 654,1928 638,1926 627,1936 613,1934 556,1939 553,1948 547,1950 547,1988 585,1989 623,1977 628,1977 637,1987 641,1987 648,1979 674,1977 693,1985 699,1978 764,1975 904,1977 937,1976 946,1973 967,1975 968,1981 977,1984 988,1981 990,1976 1055,1976 1077,1979 1084,1987 1095,1985 1104,1988 1109,1986 1111,1981 1143,1979 1175,1982 1201,1980 1209,1988 1217,1988 1224,1980 1229,1979 1241,1979 1251,1987 1263,1981 1421,1980 1421,1934 1408,1934 1398,1938 1389,1929 1375,1932 1360,1930 1354,1934 1295,1934 1288,1928 1257,1928 1248,1936 1157,1935 1156,1931 1139,1931 1131,1934 1120,1926 1094,1924 1073,1924 1070,1927 1062,1927 1055,1923 1031,1924 1016,1930 1003,1931 992,1921 976,1921 970,1925 958,1921 938,1924"/>
        <Word id="region0009_line0002_word0000" custom="readingOrder {index:0;}">
          <Coords points="552,1948 552,1979 612,1979 612,1941 555,1941 553,1948"/>
          <TextEquiv conf="0.90193397">
            <Unicode>„zu</Unicode>
          </TextEquiv>
        </Word>
        <Word id="region0009_line0002_word0001" custom="readingOrder {index:1;}">
          <Coords points="655,1931 633,1931 633,1979 648,1979 674,1977 678,1979 698,1979 699,1978 764,1975 843,1976 843,1931 811,1933 781,1931 756,1931 669,1933 656,1933"/>
          <TextEquiv>
            <Unicode>ſurpreniren.</Unicode>
          </TextEquiv>
        </Word>
        <Word id="region0009_line0002_word0002" custom="readingOrder {index:2;}">
          <Coords points="1018,1976 1018,1934 901,1934 901,1976 904,1977 937,1976 946,1973 967,1975 968,1981 977,1984 988,1981 990,1976"/>
          <TextEquiv conf="0.9330394">
            <Unicode>Dieſer</Unicode>
          </TextEquiv>
        </Word>
        <Word id="region0009_line0002_word0003" custom="readingOrder {index:3;}">
          <Coords points="1129,1933 1044,1933 1044,1976 1055,1976 1077,1979 1084,1987 1095,1985 1101,1987 1106,1987 1109,1986 1111,1981 1143,1979 1175,1982 1183,1981 1183,1935 1157,1935 1156,1933 1133,1933 1131,1934"/>
          <TextEquiv conf="0.9268019">
            <Unicode>Officier</Unicode>
          </TextEquiv>
        </Word>
        <Word id="region0009_line0002_word0004" custom="readingOrder {index:4;}">
          <Coords points="1295,1934 1250,1934 1248,1936 1209,1935 1209,1982 1222,1982 1224,1980 1229,1979 1241,1979 1244,1982 1261,1982 1263,1981 1337,1980 1337,1934"/>
          <TextEquiv conf="0.923453">
            <Unicode>paßirte</Unicode>
          </TextEquiv>
        </Word>
        <Word id="region0009_line0002_word0005" custom="readingOrder {index:5;}">
          <Coords points="1395,1935 1359,1935 1359,1973 1409,1973 1409,1935 1405,1935 1398,1938"/>
          <TextEquiv conf="0.9651124">
            <Unicode>die</Unicode>
          </TextEquiv>
        </Word>
        <TextEquiv>
          <Unicode>„zu ſurpreniren. Dieſer Officier paßirte die</Unicode>
        </TextEquiv>
      </TextLine>
      <TextLine id="region0009_line0003" custom="readingOrder {index:28;}">
        <Coords points="946,1974 929,1982 839,1983 812,1977 764,1976 748,1977 724,1984 693,1986 674,1978 661,1986 641,1988 637,1988 628,1978 623,1978 612,1982 608,1987 549,1990 547,2043 553,2044 572,2038 597,2039 603,2035 625,2041 631,2034 636,2033 663,2033 676,2041 681,2041 690,2038 692,2032 722,2030 762,2031 765,2037 778,2039 785,2036 787,2031 797,2030 903,2029 923,2026 936,2026 944,2032 961,2027 1006,2028 1018,2033 1081,2034 1099,2039 1119,2032 1192,2032 1208,2041 1217,2041 1227,2034 1281,2035 1283,2040 1292,2042 1305,2036 1421,2032 1421,1985 1404,1985 1399,1981 1388,1981 1381,1986 1339,1988 1289,1987 1285,1984 1263,1982 1251,1988 1241,1980 1229,1980 1224,1981 1217,1989 1209,1989 1201,1981 1188,1981 1182,1988 1162,1988 1159,1982 1143,1980 1138,1982 1136,1988 1104,1989 1095,1986 1084,1988 1077,1980 1055,1977 1009,1978 977,1985 959,1982 957,1976"/>
        <Word id="region0009_line0003_word0000" custom="readingOrder {index:0;}">
          <Coords points="630,1981 614,1981 612,1982 608,1987 552,1989 552,2035 603,2035 630,2035 631,2034 636,2033 663,2033 666,2035 691,2035 692,2032 722,2030 746,2030 746,1981 734,1981 724,1984 693,1986 681,1981 669,1981 661,1986 641,1988 637,1988"/>
          <TextEquiv conf="0.91587234">
            <Unicode>„gefrohrne</Unicode>
          </TextEquiv>
        </Word>
        <Word id="region0009_line0003_word0001" custom="readingOrder {index:1;}">
          <Coords points="891,2029 891,1986 768,1985 768,2034 785,2034 787,2031 797,2030"/>
          <TextEquiv conf="0.9297361">
            <Unicode>Peene</Unicode>
          </TextEquiv>
        </Word>
        <Word id="region0009_line0003_word0002" custom="readingOrder {index:2;}">
          <Coords points="971,1984 917,1984 917,2026 923,2026 936,2026 944,2032 961,2027 998,2027 998,1984 981,1984 977,1985"/>
          <TextEquiv conf="0.92928964">
            <Unicode>ohne</Unicode>
          </TextEquiv>
        </Word>
        <Word id="region0009_line0003_word0003" custom="readingOrder {index:3;}">
          <Coords points="1081,1985 1030,1985 1030,2033 1081,2034 1113,2034 1119,2032 1192,2032 1195,2034 1227,2034 1304,2034 1304,1987 1289,1987 1286,1985 1257,1985 1251,1988 1247,1985 1220,1985 1217,1989 1209,1989 1205,1985 1184,1985 1182,1988 1162,1988 1160,1985 1137,1985 1136,1988 1104,1989 1095,1986 1084,1988"/>
          <TextEquiv conf="0.91938996">
            <Unicode>Schwierigkeit,</Unicode>
          </TextEquiv>
        </Word>
        <Word id="region0009_line0003_word0004" custom="readingOrder {index:4;}">
          <Coords points="1341,1989 1408,1989 1408,2024 1341,2024"/>
          <TextEquiv conf="0.92861474">
            <Unicode>und</Unicode>
          </TextEquiv>
        </Word>
        <TextEquiv conf="0.9245806">
          <Unicode>„gefrohrne Peene ohne Schwierigkeit, und</Unicode>
        </TextEquiv>
      </TextLine>
      <TextLine id="region0009_line0004" custom="readingOrder {index:29;}">
        <Coords points="923,2027 886,2034 875,2034 871,2030 858,2030 852,2035 830,2036 795,2033 778,2040 708,2038 676,2042 662,2034 656,2039 625,2042 590,2038 560,2041 553,2045 553,2058 547,2060 547,2099 571,2102 576,2098 598,2092 623,2088 764,2084 996,2085 1002,2091 1011,2091 1019,2086 1047,2086 1105,2089 1107,2096 1112,2100 1123,2099 1129,2088 1166,2087 1171,2097 1184,2098 1192,2087 1245,2087 1250,2096 1261,2097 1269,2087 1346,2085 1351,2082 1387,2085 1392,2088 1421,2086 1421,2040 1208,2042 1192,2033 1166,2032 1119,2033 1099,2040 1081,2035 1018,2035 1006,2029 988,2033 973,2028 961,2028 944,2033 936,2027"/>
        <Word id="region0009_line0004_word0000" custom="readingOrder {index:0;}">
          <Coords points="647,2087 647,2039 625,2042 590,2038 560,2041 553,2045 553,2058 553,2091 604,2091 623,2088"/>
          <TextEquiv>
            <Unicode>„kam</Unicode>
          </TextEquiv>
        </Word>
        <Word id="region0009_line0004_word0001" custom="readingOrder {index:1;}">
          <Coords points="663,2042 721,2042 721,2078 663,2078"/>
          <TextEquiv conf="0.9328974">
            <Unicode>den</Unicode>
          </TextEquiv>
        </Word>
        <Word id="region0009_line0004_word0002" custom="readingOrder {index:2;}">
          <Coords points="744,2044 843,2044 843,2080 744,2080"/>
          <TextEquiv>
            <Unicode>10ten</Unicode>
          </TextEquiv>
        </Word>
        <Word id="region0009_line0004_word0003" custom="readingOrder {index:3;}">
          <Coords points="859,2041 912,2042 912,2079 859,2078"/>
          <TextEquiv conf="0.96747476">
            <Unicode>des</Unicode>
          </TextEquiv>
        </Word>
        <Word id="region0009_line0004_word0004" custom="readingOrder {index:4;}">
          <Coords points="1047,2086 1053,2086 1053,2037 920,2037 920,2084 996,2085 997,2086 1019,2086"/>
          <TextEquiv conf="0.9281483">
            <Unicode>Nachts</Unicode>
          </TextEquiv>
        </Word>
        <Word id="region0009_line0004_word0005" custom="readingOrder {index:5;}">
          <Coords points="1099,2040 1070,2040 1070,2087 1105,2089 1106,2093 1126,2093 1129,2088 1166,2087 1169,2093 1187,2093 1192,2087 1199,2087 1199,2040"/>
          <TextEquiv conf="0.9671912">
            <Unicode>daſelbſt</Unicode>
          </TextEquiv>
        </Word>
        <Word id="region0009_line0004_word0006" custom="readingOrder {index:6;}">
          <Coords points="1268,2088 1268,2049 1212,2049 1212,2087 1245,2087 1246,2089 1267,2089"/>
          <TextEquiv conf="0.9565338">
            <Unicode>an,</Unicode>
          </TextEquiv>
        </Word>
        <Word id="region0009_line0004_word0007" custom="readingOrder {index:7;}">
          <Coords points="1294,2048 1347,2048 1347,2077 1294,2077"/>
          <TextEquiv conf="0.9630401">
            <Unicode>wo</Unicode>
          </TextEquiv>
        </Word>
        <Word id="region0009_line0004_word0008" custom="readingOrder {index:8;}">
          <Coords points="1364,2047 1409,2047 1409,2080 1364,2080"/>
          <TextEquiv conf="0.94544786">
            <Unicode>er,</Unicode>
          </TextEquiv>
        </Word>
        <TextEquiv>
          <Unicode>„kam den 10ten des Nachts daſelbſt an, wo er,</Unicode>
        </TextEquiv>
      </TextLine>
      <TextEquiv>
        <Unicode>„4ten Tag, des Nachts, kam ein Trupp von
„500 Mann angezogen, wovon die Haͤlfte mit
„brennenden Laternen verſehen war, in
„dem feſten Entſchluß, das zuruͤck gelaſſene klei⸗
„ne Preußiſche Obſervationscommando, wel⸗
„ches aus 20 Mann beſtand, dieſe Nacht zu
„uͤberrumpeln. Die Preuſſen, welche den
„in ordentlicher Proceßion ankommenden
„Feind ſehr gut ankommen ſahen, und die neue
„Jnvention, naͤchtliche Suͤrpriſen zu ma⸗
„chen, nicht genug bewundern konnten, ſetzten
„ſich dem Feinde in die Flanke, und bewillkomm⸗
„ten ihn mit einigen Salven, welche mit einem
„gewaltſamen Geſchrey begleitet wurden. So⸗
„gleich veraͤnderten meine Landesleute ihre Po⸗
„ſition, und hoͤreten eher nicht auf zu laufen,
„bis ſie die Mauern von Demmin erreichet
„hatten; 195 Schwediſche Laternen, welche
„ſie in der Geſchwindigkeit mitzunehmen ver⸗
„geſſen hatten, geriethen in die Preußiſche
„Gefangenſchaft. Die Auswechſelung derſel⸗
„ben wird eheſtens vor ſich gehen. Das Ge⸗
„fechte an ſich ſelbſt war eines der Blutigſten.,,
„Den 9ten Decemb. wurde der Hauptmann
„von Wiedemann, Hordtſchen Regiments,
„mit 100 Mann und einigen Huſaren detaſchi⸗
„ret, um den feindlichen Poſten zu Volksdorf
„zu ſurpreniren. Dieſer Officier paßirte die
„gefrohrne Peene ohne Schwierigkeit, und
„kam den 10ten des Nachts daſelbſt an, wo er,</Unicode>
      </TextEquiv>
    </TextRegion>
  </Page>
</PcGts>
