2051 2747
486 1053 623 1103 Num.2.

474 1625 519 1659 N
519 1625 599 1665 m.'4

638 336 701 373 ner
709 330 844 378 Perſon
852 341 898 366 ex
908 330 1118 370 rationibus
1132 330 1350 384 reipublicæ
1366 333 1559 386 unterſagt;
1577 335 1678 387 Ergo
1685 338 1766 386 muß
1774 344 1812 380 es
1830 339 1912 385 auch
1926 349 1977 381 ein

642 386 764 442 Printz
776 384 837 433 ſich
846 379 986 434 gefallen
996 387 1106 438 laſſen,
1117 389 1185 430 und
1196 398 1294 431 wenn
1304 395 1361 431 ers
1371 381 1459 441 nicht
1475 392 1551 441 thut,
1562 391 1679 443 begeht
1689 404 1724 436 er
1735 395 1828 437 einen
1838 395 1977 436 Actum

644 435 887 473 interdictum
898 433 935 473 &
946 434 1093 476 nullum
1105 437 1168 478 den
1179 438 1235 479 der
1241 436 1448 479 Souverain
1468 439 1590 483 wieder
1598 447 1737 485 trennen
1748 443 1827 486 kan.
1876 445 1977 494 Noch

642 487 738 528 einen
747 485 1011 537 Syllogiſmum
1021 488 1225 530 Monſieur.
1244 490 1312 535 Ein
1322 491 1528 534 Souverain
1537 494 1599 536 kan
1610 495 1671 540 bey
1681 498 1785 537 denen
1795 496 1977 543 Untertha⸗

636 543 705 577 nen
719 540 781 577 den
793 537 993 585 vaͤterlichen
1003 537 1177 579 Conſens
1189 548 1227 588 zu
1244 540 1339 584 einen
1349 543 1724 592 eſſential - Stuͤckder
1736 547 1808 593 Ehe
1822 546 1976 595 machen,

633 589 824 637 dergeſtalt,
834 587 902 635 daß
912 598 980 631 wer
989 590 1159 641 denſelben
1175 587 1338 648 uͤbergeht,
1359 589 1454 641 einen
1445 595 1581 635 Actum
1591 597 1739 638 nullum
1745 593 1769 641 &
1797 599 1977 640 diſſecan-

636 641 733 680 dum
757 640 928 689 begangen
948 641 1056 688 haben
1075 646 1148 695 ſoll:
1173 644 1296 696 Atqui
1314 648 1366 687 ein
1386 647 1502 698 Printz
1512 649 1550 697 iſt
1573 650 1623 691 ein
1633 653 1847 696 Unterthan:
1876 652 1977 701 Ergo

634 690 725 733 kann
741 693 822 736 auch
834 691 885 733 ein
892 689 1142 743 Souverainer
1162 688 1256 745 Vater
1288 697 1322 739 in
1330 697 1451 748 Krafft
1462 701 1640 747 tragender
1656 700 1826 754 Majeſtaͤt
1841 703 1977 762 demſel⸗

634 744 701 788 ben
710 745 870 793 befehlen,
886 744 953 795 daß
964 756 996 790 er
1012 749 1099 795 ohne
1109 749 1215 799 ſeinen
1226 749 1364 794 Willen
1378 751 1467 799 nicht
1476 751 1652 801 heyrathen
1663 755 1732 802 ſoll.

738 792 828 835 Nun
847 793 938 840 hatte
954 794 1038 835 aber
1049 793 1241 835 Ludovici
1255 796 1360 838 Balbi
1377 792 1504 844 Vater
1518 797 1591 848 ihm
1609 801 1774 851 befohlen,
1783 801 1853 852 daß
1871 812 1906 845 er
1922 802 1976 845 die

634 841 811 893 Ansgard
832 844 921 892 nicht
934 846 1075 895 nehmen
1087 847 1176 895 ſolte,
1185 852 1252 889 und
1264 858 1298 888 er
1315 852 1390 897 that
1405 855 1442 892 es
1453 850 1556 896 doch,
1574 863 1665 901 ergo
1675 853 1733 899 hat
1746 862 1780 897 er
1797 856 1869 896 eine
1887 855 1974 895 nul-

633 894 717 935 litaͤt
729 899 913 944 begangen,
924 898 990 939 und
1007 903 1062 939 der
1072 897 1195 942 Vater
1206 899 1265 948 hat
1274 907 1311 941 es
1323 902 1380 944 als
1392 899 1598 944 Souverain
1608 905 1816 948 diſſolviren
1833 907 1974 951 koͤnnen.

635 946 735 991 Wer
752 949 831 999 dieſe
839 947 1085 1002 Philoſophie
1100 950 1187 998 nicht
1206 953 1426 1002 verſteht,
1390 950 1449 1001 der
1444 961 1527 1002 mag
1544 956 1581 1003 ja
1597 957 1679 1003 noch
1689 957 1740 998 ein
1751 957 1973 1008 Collegium

636 997 734 1047 Juris
745 999 896 1037 Naturæ
913 998 1033 1045 hoͤren,
1059 1001 1145 1049 ſonſt
1163 1004 1201 1053 iſt
1216 1008 1254 1043 es
1270 1005 1333 1045 mit
1347 1005 1417 1052 ihm
1436 1006 1631 1048 verdorben.
1682 1007 1890 1059 Jnzwiſchen
1907 1011 1973 1056 kan

634 1051 716 1083 man
726 1045 832 1091 dabey
849 1045 1028 1088 wiederum
1041 1048 1143 1096 ſehen,
1153 1047 1216 1090 wie
1227 1047 1369 1100 haͤmiſch
1392 1046 1451 1106 der
1442 1052 1665 1102 Journaliſte
1678 1058 1743 1096 mit
1758 1058 1831 1096 dem
1841 1068 1972 1096 excer-

630 1099 732 1147 piren
742 1098 954 1145 verfaͤhret.
978 1098 1028 1142 Er
1045 1099 1215 1141 recenſirt
1226 1112 1290 1142 aus
1301 1103 1417 1152 dieſem
1427 1104 1576 1154 Capitel
1588 1104 1658 1145 eine
1676 1110 1806 1156 eintzige
1815 1108 1970 1154 Theſin,

630 1152 701 1191 und
719 1151 771 1190 die
790 1152 869 1197 noch
887 1154 989 1200 darzu
1007 1157 1116 1195 weder
1135 1152 1214 1200 halb
1235 1154 1316 1202 noch
1333 1165 1409 1202 gar.
1462 1158 1573 1202 Allein
1588 1158 1634 1203 ich
1644 1161 1757 1208 daͤchte
1776 1164 1825 1203 die
1834 1163 1970 1204 Theſis

633 1210 669 1246 3.
683 1199 732 1239 de
748 1198 869 1239 feudis
887 1199 1040 1246 oblatis,
1058 1206 1103 1245 da
1124 1206 1170 1246 ich
1189 1204 1464 1249 Puffendorffen
1482 1207 1693 1261 defendire,
1719 1212 1770 1254 die
1786 1205 1917 1254 Theſis
1935 1221 1973 1262 4.

633 1261 703 1294 von
716 1254 773 1293 der
781 1253 1074 1304 Landes ⸗ Hoheit
1096 1250 1160 1298 der
1181 1249 1365 1311 Teutſchen
1360 1259 1511 1305 Staͤnde
1528 1262 1595 1303 ſub
1610 1263 1794 1305 Conrado
1812 1267 1841 1306 I.
1851 1264 1969 1308 waͤren

634 1304 710 1347 eher
719 1303 827 1350 werth
837 1304 993 1353 geweſen,
1008 1305 1076 1352 daß
1085 1315 1167 1347 man
1185 1305 1269 1354 ihrer
1290 1308 1467 1357 erwehnet,
1475 1310 1531 1352 als
1548 1312 1600 1352 die
1634 1306 1694 1357 von
1710 1308 1806 1359 denen
1800 1315 1970 1357 Rolands

633 1352 784 1399 Saͤulen
801 1360 896 1395 unter
908 1355 1050 1395 Carolo
1061 1359 1114 1396 M.
1134 1360 1210 1399 oder
1222 1357 1273 1402 die
1282 1368 1348 1401 von
1366 1362 1467 1401 denen
1478 1362 1672 1409 angelegten
1682 1362 1857 1412 Schulen.
1908 1369 1971 1409 Al⸗

633 1405 719 1443 leine
737 1405 772 1444 in
788 1402 894 1453 dieſen
911 1406 1088 1456 wichtigen
1106 1408 1291 1450 Theſibus
1312 1412 1371 1456 hat
1392 1413 1451 1451 der
1461 1413 1554 1460 Herr
1577 1410 1684 1459 nichts
1700 1423 1738 1463 zu
1751 1413 1968 1459 deſideriren

630 1454 709 1496 oder
716 1464 758 1504 zu
766 1456 877 1498 tadeln
901 1452 1064 1512 gefunden,
1078 1456 1191 1509 dahero
1208 1462 1274 1508 hat
1275 1460 1312 1506 er
1321 1461 1439 1514 ſelbige
1447 1463 1531 1510 nach
1559 1467 1604 1507 der
1637 1458 1718 1509 Num.
1732 1480 1761 1510 2.
1770 1467 1967 1517 uͤberhuͤpft.

730 1509 836 1553 Was
848 1520 881 1549 er
891 1511 936 1550 ad
944 1508 1060 1551 Theſ.
1071 1521 1102 1557 4.
1114 1521 1197 1560 cap.
1210 1524 1240 1556 5.
1250 1512 1334 1562 ſagt,
1356 1509 1407 1565 daß
1420 1516 1466 1561 ich
1477 1515 1658 1564 Heinrichs
1667 1518 1777 1563 Recht
1786 1530 1859 1565 zum
1868 1521 1966 1564 Kaͤy⸗

625 1558 769 1610 ſerthum
779 1560 871 1610 ſelbſt
883 1559 917 1601 in
927 1561 1080 1611 Zweiffel
1089 1564 1185 1614 ziehe,
1195 1564 1235 1613 iſt
1243 1555 1425 1608 wiederum
1434 1566 1503 1617 ſehr
1511 1569 1654 1618 ſchlecht.
1704 1570 1761 1613 Es
1768 1573 1842 1618 ſind
1858 1586 1891 1616 3.
1903 1571 1963 1612 di-

627 1606 729 1647 verſe
738 1605 876 1656 Dinge,
889 1614 999 1650 etwas
1010 1606 1096 1664 ſeyn,
1118 1611 1216 1660 etwas
1233 1613 1406 1663 wuͤrcklich
1424 1611 1508 1658 uͤben
1527 1618 1594 1659 und
1610 1624 1677 1660 von
1686 1624 1804 1659 etwas
1814 1619 1874 1668 ſich
1885 1630 1964 1663 nen⸗

623 1667 705 1701 nen.
752 1661 846 1705 Das
857 1662 1031 1703 Henrich
1041 1664 1213 1712 wuͤrcklich
1227 1667 1278 1708 ein
1290 1668 1401 1714 Recht
1418 1680 1487 1716 zum
1497 1667 1720 1720 Kaͤyſerthum
1730 1672 1864 1720 gehabt,
1876 1675 1963 1720 habe

613 1708 671 1764 ich
677 1709 850 1761 gewieſen,
860 1713 928 1760 daß
937 1723 972 1752 er
990 1716 1095 1765 dieſes
1104 1716 1214 1762 Recht
1234 1717 1316 1759 aber
1328 1717 1501 1768 wuͤrcklich
1511 1721 1670 1762 exercirt
1679 1725 1758 1765 oder
1770 1723 1832 1770 ſich
1843 1725 1962 1767 davon

612 1762 756 1813 genennt,
774 1758 950 1815 daſſelbige
967 1763 1009 1810 iſt
1028 1766 1115 1811 nicht
1133 1760 1265 1814 noͤthig,
1279 1767 1398 1808 weilen
1416 1770 1505 1810 einer
1525 1772 1610 1817 ohne
1627 1772 1728 1821 dieſes
1740 1771 1865 1822 Kaͤyſer
1884 1774 1962 1823 ſeyn

608 1814 688 1855 kan.
742 1815 784 1853 E.
800 1825 835 1866 g.
861 1816 915 1858 Es
932 1816 996 1857 kan
1016 1818 1051 1864 ja
1070 1817 1157 1859 einer
1168 1821 1237 1858 eine
1274 1820 1392 1870 Charge
1410 1818 1512 1868 haben
1534 1828 1602 1864 und
1610 1826 1694 1872 ſeine
1704 1823 1866 1867 Penſion
1878 1829 1959 1869 dar⸗

603 1859 676 1906 auf
685 1859 891 1905 bekommen,
903 1866 957 1902 der
965 1862 1030 1910 ſich
1037 1866 1115 1910 doch
1125 1864 1281 1917 publice
1290 1870 1399 1908 davor
1408 1868 1497 1913 nicht
1507 1868 1629 1919 gerirt,
1642 1874 1722 1916 noch
1734 1872 1784 1914 die
1795 1872 1958 1915 Effectus

605 1911 711 1960 dieſes
724 1913 827 1961 ſeines
837 1913 1053 1954 Characters
1073 1919 1141 1957 und
1152 1919 1286 1964 Rechts
1302 1919 1405 1969 ſuchet
1417 1923 1486 1961 und
1500 1922 1591 1963 uͤbet.
1640 1923 1725 1973 Alſo
1733 1924 1834 1973 wuſte
1844 1926 1957 1964 Hen-

604 1963 691 2002 rick
699 1964 791 2010 wohl
809 1969 889 2006 was
898 1975 932 2003 er
943 1974 1032 2008 war.
1082 1967 1131 2008 Er
1144 1969 1246 2016 muſte
1265 1968 1345 2010 aber
1362 1974 1431 2011 aus
1447 1969 1659 2020 angezeigten
1677 1975 1839 2023 Urſachen
1855 1986 1954 2015 tem-

604 2013 793 2066 poriſiren.
845 2016 937 2061 Wir
953 2016 1061 2064 haben
1080 2017 1116 2066 ja
1131 2022 1224 2067 mehr
1234 2014 1375 2073 Kaͤyſer,
1387 2021 1438 2063 die
1453 2024 1627 2070 niemahls
1642 2026 1678 2067 in
1686 2026 1826 2073 Jtalien
1846 2034 1956 2073 gewe⸗

607 2065 671 2112 ſen,
685 2063 751 2102 und
762 2063 813 2112 ihr
822 2063 934 2111 Recht
945 2066 1083 2114 daſelbſt
1095 2061 1179 2113 nicht
1189 2066 1321 2116 geuͤbet,
1335 2070 1479 2116 dennoch
1490 2071 1568 2112 aber
1584 2078 1652 2113 von
1668 2077 1749 2116 aller
1768 2064 1876 2120 Welt
1892 2083 1958 2117 vor

610 2116 737 2165 Kaͤyſer
751 2117 937 2167 reſpectirt
949 2120 1085 2162 werden
1095 2124 1165 2161 und
1174 2123 1311 2164 worden
1323 2124 1413 2171 ſeyn.
1458 2124 1546 2169 Der
1555 2128 1650 2176 Herr
1658 2128 1785 2177 ſpricht,
1797 2130 1844 2175 ich
1859 2130 1956 2177 haͤtte

612 2165 692 2219 wohl
714 2164 879 2220 erwieſen,
909 2164 961 2220 daß
967 2167 1140 2210 Henrich
1153 2170 1223 2214 Luſt
1231 2183 1302 2219 zum
1312 2173 1538 2220 Kaͤyſerthum
1549 2169 1670 2227 gehabt,
1694 2176 1773 2224 nicht
1797 2179 1876 2226 aber,
1900 2172 1956 2229 daß

613 2230 648 2267 er
658 2220 798 2274 daſſelbe
805 2221 977 2276 wuͤrcklich
990 2225 1134 2277 beſeſſen.
1185 2226 1317 2274 Alleine
1324 2226 1498 2283 daſſelbige
1509 2231 1548 2283 iſt
1564 2230 1650 2280 nicht
1661 2230 1778 2283 noͤthig
1789 2246 1825 2285 zu
1834 2235 1954 2276 erwei⸗
