1788 2741
255 572 341 615 Ein
372 568 560 612 Dritter
587 571 675 611 tritt
693 572 745 613 als
774 574 834 614 der
851 571 994 615 Mittler
1020 571 1100 621 zwi⸗

166 631 258 681 ſchen
278 631 404 677 beyden
422 631 494 677 auf.
528 631 608 670 Das
626 637 704 678 gute
723 629 823 670 Land,
843 633 917 678 ſagt
933 642 988 669 er,
1008 633 1098 670 kann

167 689 295 737 freilich
315 688 418 734 beſſer
451 682 576 738 benutzt
590 690 732 732 werden,
751 690 808 728 als
830 691 928 731 durch
949 691 1097 738 Schafe.

169 745 286 784 Allein
306 747 352 789 es
352 740 453 789 giebt
472 746 536 794 faſt
536 732 784 794 allenthalben
804 748 972 793 ſchlechtes
992 751 1099 795 Land,

164 813 305 851 welches
324 806 383 855 ſich
401 812 513 850 weder
532 823 591 862 zur
602 810 928 862 Rindvieh⸗Weide,
948 816 1029 859 noch
1040 817 1099 857 fuͤr

168 874 233 910 den
251 864 425 907 Ackerbau
444 866 569 917 ſchickt,
589 870 665 904 was
685 876 724 915 zu
743 869 890 914 entfernt
904 878 984 907 vom
1005 878 1094 918 Hofe

165 935 250 970 oder
267 941 306 979 zu
324 930 403 979 hoch
423 941 482 969 am
501 934 619 980 Berge
638 929 732 977 liegt,
754 934 823 971 und
842 934 940 979 durch
961 934 1096 982 Schafe

168 999 245 1033 doch
289 988 442 1037 etwas
466 992 630 1041 eintraͤgt.
717 994 785 1034 Die
824 995 993 1040 Wirkung
1033 1001 1095 1035 des

162 1054 310 1104 Pferchs
330 1055 450 1089 dauert
465 1062 557 1101 zwar
575 1065 642 1092 nur
660 1052 714 1090 ein
723 1053 832 1102 Jahr,
852 1053 945 1099 giebt
961 1047 1095 1103 ſchlech⸗

165 1115 257 1147 teres
271 1107 385 1146 Korn,
403 1106 531 1147 kommt
547 1108 631 1147 aber
647 1107 726 1153 doch
746 1119 785 1157 zu
796 1108 915 1156 Huͤlfe,
935 1121 988 1145 wo
1007 1123 1094 1147 man

165 1170 232 1212 mit
248 1167 424 1212 Stallmiſt
438 1169 525 1214 nicht
541 1165 736 1217 ausreicht,
766 1173 835 1207 und
853 1180 907 1209 wo
926 1173 985 1208 der
1002 1173 1093 1221 Weg

165 1234 246 1271 dem
263 1229 531 1274 Duͤngerwagen
555 1230 620 1278 faſt
637 1227 880 1277 unzugaͤnglich
898 1233 950 1275 iſt.
1012 1235 1095 1281 Bey

168 1285 463 1339 Ungluͤcksfaͤllen,
490 1286 735 1339 Viehſterben,
761 1287 983 1337 Hagelſchlag
1004 1294 1093 1328 kann

167 1347 228 1394 ſich
254 1350 312 1385 der
335 1342 550 1394 Landwirth,
578 1354 637 1384 der
663 1346 734 1383 eine
761 1346 955 1396 Schaͤferey
975 1352 1093 1395 beſitzt,

167 1406 249 1452 noch
268 1401 508 1450 einigermaßen
526 1405 656 1451 helfen.
679 1401 811 1453 Daher
828 1413 910 1451 muß
928 1420 1011 1443 man
1031 1408 1096 1445 den

165 1461 322 1514 Schafen
338 1464 430 1513 ſchon
442 1468 550 1502 etwas
558 1463 765 1512 aufopfern,
776 1476 843 1504 nur
860 1470 947 1509 nicht
965 1480 1004 1514 zu
1014 1473 1096 1504 viel.

257 1526 345 1567 Ein
363 1517 655 1569 Englaͤnder,
683 1522 821 1569 welcher
845 1529 985 1573 zufaͤllig
1011 1533 1096 1573 dieſe

164 1581 368 1631 Partheyen
396 1576 460 1630 und
484 1575 564 1627 ihre
590 1579 881 1620 Declamationen
894 1589 1097 1630 angehoͤret

167 1641 279 1686 haͤtte,
315 1625 423 1678 wuͤrde
443 1632 598 1683 fragen:
627 1636 684 1673 ob
709 1648 792 1677 vom
818 1647 1018 1678 Kaninchen
1044 1654 1099 1676 die

165 1707 268 1746 Rede
284 1706 365 1757 ſey?
396 1705 471 1744 Und
490 1713 590 1743 wenn
608 1705 693 1741 man
708 1703 772 1756 ihn
788 1711 1000 1754 verſicherte,
1028 1714 1098 1754 daß

166 1763 316 1810 wirklich
332 1763 424 1800 das
449 1755 594 1807 Thier
617 1766 774 1806 gemeynt
795 1770 925 1800 wuͤrde,
952 1780 1031 1799 was
1060 1779 1113 1799 er

167 1821 330 1866 Sheep
357 1822 480 1854 nennt,
510 1813 543 1860 ſo
571 1816 691 1853 wuͤrde
717 1831 753 1854 er
781 1830 844 1855 den
865 1834 968 1863 erſten
994 1833 1098 1861 dieſer

165 1884 305 1931 Herren
321 1886 378 1935 fuͤr
397 1891 460 1925 den
477 1883 577 1931 Wolf
595 1888 664 1923 aus
682 1885 741 1924 der
759 1885 873 1934 Fabel
892 1889 1019 1935 halten,
1039 1896 1100 1925 der

168 1945 247 1981 dem
267 1939 498 1991 unſchuldigen
516 1938 644 1990 Thiere
670 1941 811 1986 allerley
837 1959 897 1993 zur
916 1950 983 1990 Laſt
1001 1955 1100 1990 legte,

168 2014 230 2042 um
261 2008 301 2041 es
328 2003 392 2044 mit
430 2007 505 2044 dem
531 1998 684 2049 Scheine
708 2001 880 2053 Rechtens
908 2011 1027 2051 freſſen
1060 2024 1101 2052 zu

151 2056 337 2110 koͤnnen;
365 2065 418 2103 die
437 2060 581 2106 uͤbrigen
607 2057 692 2099 aber
709 2063 869 2113 vielleicht
885 2071 945 2112 fuͤr
969 2073 1114 2116 falſche,

167 2128 249 2158 vom
275 2120 380 2165 Wolf
403 2118 587 2168 beſtochene
615 2112 843 2162 Sachwalter
865 2130 927 2158 des
946 2128 1102 2167 Schafs.

168 2182 351 2228 Nachdem
384 2193 468 2219 man
498 2180 558 2229 ihn
588 2177 652 2215 mit
688 2179 746 2218 der
770 2191 901 2228 ganzen
931 2186 1015 2228 Lage
1043 2192 1102 2219 der

166 2231 389 2294 Streitfrage
415 2240 562 2284 bekannt
578 2241 742 2288 gemacht,
763 2242 885 2282 wuͤrde
912 2256 950 2280 er
976 2251 1105 2290 ſagen:
