2378 2774
698 526 755 576 fuͤr
778 520 902 575 Kuͤnſtt
926 531 967 567 ꝛc.
993 524 1051 574 bey
1072 524 1127 567 der
1155 524 1379 573 Anordnung,
1397 524 1483 565 NB.
1512 520 1738 574 vorgehen,
1765 520 1883 573 mithin
1907 525 1959 570 die

696 576 835 625 wirklich
852 576 1037 628 geſchehen,
1062 579 1130 618 und
1149 578 1225 625 dieſe
1235 577 1420 625 Nachricht
1433 578 1538 628 haben
1549 577 1638 625 Sie,
1664 576 1744 622 nach
1758 576 1859 626 ihrem
1875 574 1961 624 eige⸗

696 640 758 670 nen
785 630 1016 677 Geſtaͤndnis,
1040 632 1108 670 aus
1125 627 1325 679 oͤffentlichen
1340 627 1649 677 Klag⸗Schriften
1666 632 1735 671 und
1751 629 1871 679 ſonſten
1889 627 1955 678 her.

699 682 776 722 Sie
800 681 942 722 geſtehen
962 682 1030 722 alſo
1050 681 1117 722 hier
1135 681 1243 722 ſelbſt,
1269 684 1348 722 was
1367 679 1412 722 ich
1431 687 1504 719 von
1520 681 1614 722 ihnen
1632 679 1759 722 geſaget
1769 681 1912 728 habe.

800 734 833 785 §.
861 742 920 773 60.
970 735 1110 778 Weiter
1129 736 1212 777 mein
1239 735 1352 783 Herr!
1386 727 1496 777 Unter
1528 738 1619 777 denen
1639 734 1809 783 Kuͤnſten,
1835 734 1883 775 die
1901 732 1962 779 bey

698 793 753 833 der
775 790 989 838 Anordnung
1013 788 1205 836 vorgehen,
1245 791 1358 837 welche
1388 790 1473 834 Sie
1507 782 1569 831 aus
1590 782 1815 839 oͤffentlichen
1849 788 1962 835 Klag⸗

698 842 880 893 Schriften
910 847 978 884 und
1000 844 1124 892 ſonſten
1144 843 1314 892 erfahren,
1341 842 1456 892 fuͤhren
1474 845 1551 890 Sie
1571 842 1743 891 folgendes
1758 845 1819 885 mit
1835 851 1898 883 an:

828 908 920 951 Wie
936 909 1016 956 auch
1032 904 1191 951 wohl
1139 893 1202 950 die
1204 902 1410 956 Aufhebung
1429 903 1495 952 auf
1506 898 1620 957 gleiche
1637 908 1763 958 Weiſe
1774 905 1960 957 geſchiehet:

832 959 924 1001 Wie
939 958 1012 1003 eine
1012 958 1128 1006 groſſe
1147 950 1255 1007 Zeit,
1269 956 1300 1008 ſo
1318 951 1392 1000 mit
1404 947 1526 1008 langen
1549 946 1748 1006 Relationen
1769 956 1963 1006 zugebracht

829 1005 989 1052 worden,
1023 1005 1193 1049 dadurch
1227 994 1424 1063 fruchtlos
1452 998 1655 1056 gemachet
1673 1005 1804 1049 wird,
1835 1003 1965 1045 wann

830 1059 896 1100 der
924 1059 1066 1101 Senat
1098 1047 1392 1108 abgewechſelt
1407 1049 1530 1102 wird,
1566 1058 1634 1105 ehe
1665 1056 1725 1099 die
1748 1055 1886 1104 Sache
1911 1053 1965 1104 zu

830 1114 951 1154 Ende
969 1112 1032 1158 iſt.

806 1172 839 1217 §.
864 1175 923 1208 61.
972 1170 1070 1213 Wer
1090 1169 1186 1221 ihnen
1205 1167 1272 1220 auf
1281 1170 1342 1212 den
1358 1170 1478 1220 Ermel
1497 1158 1685 1219 gebunden,
1702 1158 1778 1213 daß
1794 1173 1844 1203 ein
1865 1158 1964 1204 Sena-

698 1201 760 1250 tus
778 1207 955 1251 Iudicialis
982 1205 1209 1259 abgewechfelt
1229 1216 1393 1257 worden,
1429 1210 1488 1258 ehe
1507 1208 1583 1258 die
1580 1205 1719 1257 Sache
1730 1217 1774 1256 zu
1793 1198 1888 1250 Ende
1910 1209 1965 1260 iſt,

699 1255 761 1309 hat
777 1258 916 1308 Unrecht
931 1258 1089 1306 gethan,
1101 1261 1176 1305 und
1176 1261 1238 1300 da
1245 1259 1332 1305 Sie
1352 1271 1389 1298 es
1404 1255 1589 1306 anfuͤhren,
1606 1263 1686 1299 und
1699 1258 1759 1301 fuͤr
1779 1258 1831 1300 ein
1848 1251 1967 1313 Kuͤnſt⸗

704 1306 765 1346 lein
796 1302 963 1353 angeben,
996 1299 1153 1352 bezeugen
1182 1303 1282 1351 Sie,
1312 1289 1383 1353 daß
1405 1297 1481 1356 Sie
1508 1295 1575 1348 von
1598 1292 1849 1353 Abwechſelung
1875 1303 1966 1346 derer

700 1363 866 1408 Senaten
885 1350 1047 1411 vielleicht
1052 1362 1136 1412 nicht
1146 1359 1237 1410 wohl
1252 1359 1437 1405 informiret
1454 1359 1525 1411 ſeyn
1538 1354 1677 1407 moͤgen,
1701 1357 1873 1409 jedennoch
1885 1360 1963 1402 aber

699 1417 768 1462 kein
783 1412 965 1463 Bedenken
986 1413 1129 1467 gehabt,
1152 1405 1388 1465 vorberuͤhrtes
1405 1403 1658 1466 Kunſtſtuͤcklein
1676 1414 1732 1457 als
1751 1413 1799 1456 ein
1818 1413 1965 1468 wirklich

698 1466 898 1505 exiſtirendes
917 1471 1100 1505 Vergehen
1118 1469 1319 1519 anzugeben.

798 1511 835 1553 §.
851 1519 925 1552 62.
969 1510 1053 1560 Sie
1075 1517 1230 1555 erlauben
1254 1515 1330 1552 mir
1347 1498 1500 1551 dahero,
1524 1486 1591 1556 daß
1608 1505 1720 1551 ihnen
1750 1496 1846 1549 ſagen
1869 1505 1962 1549 darf,

700 1570 762 1610 wie
783 1570 841 1610 bey
857 1563 1114 1616 Abwechſelung
1139 1570 1228 1609 derer
1245 1561 1411 1613 Senaten
1427 1576 1482 1607 wo
1509 1566 1561 1608 die
1584 1556 1773 1622 Perſonen,
1789 1563 1831 1613 ſo
1859 1564 1894 1610 in
1912 1562 1964 1608 ei⸗

699 1616 773 1661 nem
791 1615 919 1665 Senat
938 1615 997 1666 bey
1014 1615 1166 1657 einander
1179 1610 1334 1667 geſeſſen/
1359 1615 1395 1656 in
1411 1619 1529 1657 andere
1546 1616 1694 1655 Senatus
1698 1611 1873 1670 vertheilet
1889 1622 1964 1656 wer⸗

699 1671 781 1718 den,
800 1667 942 1718 dennoch
959 1671 1016 1712 der
1035 1668 1161 1711 einmal
1175 1670 1393 1718 angeordnete
1408 1667 1556 1714 Senatus
1573 1669 1606 1718 ſo
1633 1667 1724 1715 wohl
1744 1668 1778 1708 in
1797 1668 1963 1713 angefan⸗

697 1723 799 1764 genen
821 1715 877 1755 als
894 1707 1121 1753 recurrenten
1152 1716 1317 1754 Iudicial-
1333 1719 1391 1756 als
1413 1710 1594 1757 extraiud.
1606 1705 1774 1762 Sachen,
1793 1720 1880 1759 ganz
1899 1721 1963 1751 un⸗

697 1763 915 1807 veraͤnderlich
933 1763 1125 1808 verbleibet,
1150 1765 1220 1804 und
1240 1773 1307 1803 nur
1322 1765 1356 1802 in
1383 1756 1536 1810 Betracht
1554 1756 1643 1808 derer
1658 1760 1741 1801 noch
1749 1759 1842 1807 nicht
1860 1764 1961 1809 ange⸗

701 1811 864 1860 fangenen
897 1809 1067 1852 Sachen,
1087 1806 1155 1860 ſich
1165 1805 1237 1854 eine
1270 1803 1511 1855 Veraͤnderung
1529 1802 1631 1850 derer
1636 1806 1830 1854 Perſonen,
1856 1806 1888 1847 in
1907 1810 1961 1851 de⸗

701 1867 762 1898 nen
779 1854 1093 1901 Senat ⸗ Stuben
1112 1859 1263 1895 befindet.
1284 1853 1427 1900 Dieſe
1443 1847 1700 1900 Veraͤnderung
1726 1852 1764 1906 iſt
1789 1853 1959 1898 keineswe⸗

701 1914 760 1952 ges
780 1912 848 1954 von
866 1907 921 1946 der
943 1902 1070 1954 Folge,
1093 1893 1231 1951 daß
1177 1897 1237 1949 die
1255 1904 1289 1943 in
1308 1899 1554 1952 angefangenen
1576 1894 1654 1951 oder
1656 1899 1959 1949 Recurrent⸗Sa⸗

702 1963 751 2006 che
769 1959 912 2006 einmahl
930 1957 1146 2005 angeordnete
1164 1957 1338 1997 Senatus,
1364 1955 1450 1998 nicht
1474 1955 1566 2004 mehr
1591 1953 1649 2002 bey
1676 1953 1793 2003 ſolchen
1810 1956 1958 2005 Sachen

701 2010 911 2053 verbleiben,
925 2008 1055 2054 welcher
1075 2004 1237 2051 Gedanke
1261 2012 1345 2054 ganz
1368 2003 1447 2053 irrig
1476 2004 1531 2053 iſt,
1562 2002 1695 2052 ſondern
1722 2007 1773 2048 die
1790 2007 1959 2043 membra

701 2063 837 2098 ſenates
855 2061 938 2098 einer
967 2055 1223 2106 angefangenen
1249 2055 1375 2103 Sache,
1400 2055 1453 2098 die
1465 2054 1585 2097 einmal
1603 2059 1803 2105 angeordnet
1825 2055 1960 2099 verblei⸗

704 2112 762 2151 ben
783 2104 947 2158 beſtaͤndig
968 2112 1093 2157 dabey,
1119 2117 1219 2149 wann
1240 2106 1337 2154 gleich
1356 2107 1469 2158 ſelbige
1487 2106 1584 2152 durch
1604 2111 1654 2154 die
1674 2102 1964 2161 Verwechſelung

702 2165 735 2209 in
759 2161 988 2214 verſchiedenen
1004 2166 1152 2206 Senatus
1169 2162 1333 2214 vertheilet
1350 2162 1497 2206 worden.
1555 2161 1709 2216 Dahero
1729 2170 1831 2206 wann
1852 2162 1959 2203 Refe-
