2684 3159
242 628 447 683 Nemlich:
482 632 578 682 Mir
597 631 703 686 ſollen
722 628 791 687 ſich
809 630 877 677 alle
892 631 989 685 Knie
1007 631 1172 684 beugen,
1204 633 1280 678 und
1300 625 1388 689 alle
1388 629 1547 689 Zungen
1566 632 1750 687 ſchwoͤren
1776 634 1853 679 und

246 681 383 742 ſagen:
412 683 499 742 Jm
515 681 683 755 HErrn
700 687 805 740 habe
825 688 880 743 ich
896 686 1197 745 Gerechtigkeit
1215 690 1303 742 und
1323 690 1510 742 Staͤrke.
1561 691 1769 744 Darinnen
1789 690 1852 737 lie⸗

246 731 317 791 gen
339 752 437 797 zwey
455 736 628 791 Stuͤcke:
661 743 846 799 Erſtlich,
877 745 953 796 daß
973 744 1043 790 wir
1065 749 1144 792 uns
1158 744 1271 800 durch
1289 748 1359 795 den
1379 745 1537 801 heiligen
1553 746 1670 799 Geiſt
1693 760 1756 800 zur
1780 739 1857 794 Er⸗

243 795 425 854 kenntniß
439 795 545 855 aller
546 791 725 859 Suͤnden
750 792 906 858 bringen
930 791 1066 857 laſſen,
1096 794 1170 855 daß
1187 794 1256 859 wir
1288 815 1337 853 an
1344 794 1443 848 und
1456 813 1525 853 vor
1549 804 1625 855 uns
1635 803 1770 856 nichts
1792 808 1857 851 als

244 847 712 922 verdammungswuͤrdige
734 847 895 912 Suͤnder
916 847 1026 911 ſind,
1060 859 1133 912 und
1155 853 1229 912 uns
1250 859 1302 915 in
1302 860 1459 916 unſerer
1475 850 1762 917 Unwuͤrdigkeit
1770 858 1860 911 vor

245 912 366 970 JEſu
389 906 554 971 beugen,
578 902 655 976 daß
678 905 750 969 wir
773 904 840 969 von
867 908 986 964 keiner
1015 907 1166 971 eigenen
1191 906 1474 979 Gerechtigkeit
1489 913 1554 969 was
1572 909 1739 977 wiſſen,
1766 915 1857 975 ſon⸗

243 968 334 1016 dern
351 970 482 1018 wollen
499 962 575 1017 nur
600 972 647 1022 in
658 965 779 1038 JEſu
798 961 1071 1027 Gerechtigkeit
1088 962 1284 1027 erlangen:
1323 970 1429 1027 Zum
1451 964 1620 1031 andern,
1645 973 1721 1027 daß
1744 966 1858 1021 wenn

241 1029 317 1074 wir
335 1022 446 1087 ſeine
466 1018 735 1092 Gerechtigkeit
742 1031 796 1076 im
811 1028 996 1086 Glauben
1020 1017 1187 1085 erlanget
1204 1030 1353 1085 haben,
1378 1024 1456 1077 wir
1480 1032 1564 1086 auch
1587 1020 1695 1090 ſeine
1700 1033 1857 1081 Staͤrke

242 1078 394 1150 ſuchen,
426 1079 620 1150 diejenige,
641 1076 813 1154 goͤttliche
826 1081 971 1159 Kraft,
1008 1082 1100 1149 auch
1127 1091 1184 1140 die
1208 1084 1284 1139 uns
1310 1093 1402 1143 nach
1419 1096 1499 1141 der
1520 1092 1758 1150 Vergebung
1791 1094 1857 1145 der

242 1132 423 1214 Suͤnden
447 1136 541 1203 noch
543 1134 773 1212 anklebende
783 1136 937 1210 Suͤnde
947 1152 992 1205 zu
1007 1134 1250 1204 uͤberwinden
1264 1138 1341 1197 und
1357 1139 1572 1205 abzulegen,
1591 1136 1745 1204 welches
1762 1135 1858 1208 man

236 1188 301 1266 die
304 1192 481 1270 taͤgliche
496 1196 724 1275 Erneurung
753 1194 841 1265 oder
863 1196 1072 1268 Heiligung
1081 1194 1258 1267 nennet.
1307 1202 1413 1259 Wer
1433 1202 1506 1261 das
1523 1196 1573 1267 ſo
1595 1212 1648 1262 im
1668 1200 1859 1274 Glauben

240 1255 508 1323 zuverſichtlich
529 1261 660 1323 faſſet,
694 1257 776 1320 der
783 1256 850 1328 ſoll
860 1262 939 1316 den
960 1259 1058 1318 Tod
1070 1259 1183 1323 nicht
1195 1258 1391 1327 ſchmecken
1406 1259 1596 1327 ewiglich.
1657 1265 1762 1320 Aber
1770 1272 1860 1318 das

240 1310 368 1377 Wort
398 1313 495 1387 JEſu
537 1313 662 1382 halten
686 1321 821 1380 heißt,
850 1327 923 1374 das
937 1316 1077 1377 Wort
1087 1327 1231 1384 JEſu
1247 1329 1312 1375 als
1339 1322 1405 1375 den
1405 1319 1685 1386 allergroͤßten
1708 1327 1858 1385 Schatz

241 1373 396 1447 achten,
419 1372 501 1444 ſich
516 1372 619 1444 durch
628 1373 764 1449 nichts
786 1385 925 1441 davon
925 1385 1139 1441 abbringen
1150 1379 1317 1448 laſſen,
1328 1381 1423 1444 dem
1430 1382 1580 1449 Worte
1618 1373 1721 1442 JEſu
1747 1383 1858 1445 durch

241 1436 307 1495 die
314 1437 460 1491 Leitung
491 1443 578 1491 des
579 1433 739 1504 heiligen
752 1433 924 1500 Geiſtes
925 1429 1170 1497 nachgehen,
1198 1429 1286 1498 ihm
1292 1437 1474 1483 einfaͤltig
1491 1436 1689 1491 gehorſam
1705 1447 1859 1495 werden

239 1485 336 1539 nach
354 1490 463 1545 allen
485 1497 759 1551 Umſtaͤnden,
783 1493 852 1536 bis
888 1501 974 1559 man
996 1492 1105 1546 nicht
1126 1505 1201 1532 nur
1228 1488 1535 1543 Gerechtigkeit,
1562 1495 1729 1543 ſondern
1750 1502 1851 1540 auch

243 1549 394 1588 Staͤrke
423 1547 472 1567 im
506 1540 639 1615 HErrn
659 1541 779 1608 habe,
779 1539 904 1604 daß
905 1559 987 1601 auch
969 1537 1080 1609 die
1090 1544 1184 1607 noch
1201 1543 1438 1602 anklebenden
1457 1549 1628 1608 Suͤnden
1647 1546 1852 1600 entkraͤftet

242 1607 316 1648 und
338 1605 494 1643 getoͤdtet
512 1610 670 1646 werden.
734 1607 817 1645 Die
840 1605 1009 1651 Seelen,
1037 1605 1097 1653 die
1121 1607 1194 1650 das
1205 1607 1327 1648 ſuchen
1353 1610 1426 1645 und
1442 1612 1635 1661 erlangen,
1658 1614 1722 1648 die
1739 1604 1854 1653 ſollen

240 1650 336 1701 auch
348 1663 419 1704 den
433 1652 520 1698 Tod
539 1654 636 1695 nicht
625 1652 851 1726 ſchmecken
871 1649 1060 1719 ewiglich.

356 1700 489 1765 Nun:
489 1705 579 1766 1)
598 1705 666 1774 ihr
681 1711 800 1767 rohe,
815 1700 955 1769 ſichere
955 1698 1306 1771 Weltmenſchen,
1295 1687 1391 1761 die
1413 1676 1483 1765 ihr
1484 1688 1602 1775 noch
1620 1705 1707 1774 ohne
1724 1687 1849 1775 Buſſe

234 1734 281 1820 in
287 1738 426 1826 euren
433 1760 614 1816 Suͤnden
623 1758 683 1824 ſo
694 1758 901 1821 fortgehet,
895 1758 1027 1811 oder
1033 1762 1138 1811 auch
1154 1766 1219 1827 die
1237 1775 1296 1811 ihr
1312 1762 1404 1821 noch
1424 1777 1505 1830 auf
1516 1767 1614 1830 eure
1625 1765 1741 1831 elende
1762 1770 1856 1824 Ge⸗

238 1820 451 1893 rechtigkeit
461 1825 608 1896 bauet,
615 1831 701 1886 ach
709 1820 846 1895 merke
867 1820 903 1886 es
920 1834 1006 1898 euch
1024 1815 1124 1894 doch,
1146 1820 1281 1894 bleibet
1303 1820 1380 1891 doch
1402 1823 1483 1894 jetzt
1488 1829 1567 1903 bey
1576 1824 1710 1898 dieſem
1724 1824 1851 1892 Wor⸗

239 1889 276 1946 te
281 1888 399 1956 einen
415 1881 642 1958 Augenblick
657 1878 800 1958 ſtehen,
814 1879 892 1948 und
916 1890 1067 1952 gedenkt
1088 1887 1229 1947 einmal
1247 1882 1292 1944 an
1319 1886 1387 1947 den
1408 1881 1481 1953 Tod
1501 1888 1573 1947 mit
1597 1883 1731 1959 Ernſt;
1759 1892 1859 1953 wer⸗

240 1950 296 2003 det
316 1950 371 1998 ihr
397 1940 499 2018 nicht,
520 1940 672 2011 unruhig
688 1948 766 2002 und
780 1940 913 2012 fuͤhlet
919 1950 987 2012 die
995 1945 1298 2014 Todesfurcht?
1318 1944 1407 2013 Ey,
1432 1955 1503 2001 wie
1525 1954 1652 2002 wirds
1665 1954 1751 2008 euch
1763 1945 1854 2004 vol⸗

240 1996 358 2058 lends
377 1994 462 2059 auf
458 2001 547 2061 dem
564 1999 796 2062 Todesbette
816 2001 943 2066 gehen,
973 2003 1029 2061 da
1049 2002 1149 2054 wird
1162 1996 1231 2059 die
1233 1987 1352 2072 Angſt
1372 1999 1465 2066 noch
1485 1999 1725 2072 tauſendmal
1742 2003 1860 2068 aͤrger

239 2058 420 2112 werden;
426 2054 551 2126 wenn
551 2055 646 2128 ihr
650 2056 742 2133 jetzt
745 2057 861 2132 daran
883 2056 1077 2134 gedenket,
1101 2057 1151 2122 ſo
1151 2057 1291 2130 laufen
1309 2057 1390 2131 doch
1412 2057 1498 2131 noch
1526 2060 1617 2125 viele
1618 2065 1858 2135 ausſchwei⸗

236 2113 350 2167 fende
371 2106 574 2181 Gedanken
597 2113 689 2186 oder
701 2113 946 2188 Phantaſien
946 2124 1033 2188 mit
1059 2116 1152 2187 ein,
1167 2109 1238 2180 daß
1260 2113 1325 2183 ihr
1341 2111 1435 2185 euch
1445 2129 1517 2177 der
1534 2117 1859 2199 Todesgedanken

238 2173 467 2244 entſchlagen
484 2183 625 2246 ſollet:
650 2177 743 2235 aber
752 2177 959 2247 alsdenn,
978 2173 1083 2246 wenn
1100 2169 1164 2249 es
1169 2174 1288 2251 Ernſt
1316 2178 1436 2241 wird,
1466 2176 1507 2247 ſo
1536 2178 1629 2239 wird
1652 2173 1734 2245 euch
1762 2175 1859 2256 eure

237 2238 324 2295 Luſt
344 2252 387 2294 zu
406 2232 528 2287 lauter
543 2240 785 2297 Centnerlaſt
799 2238 962 2297 werden,
993 2237 1094 2298 auch
1107 2232 1195 2291 eure
1203 2232 1447 2299 vermeynten
1459 2233 1581 2300 guten
1593 2239 1749 2295 Werke
1758 2239 1871 2295 wer⸗

236 2294 324 2350 den
337 2294 411 2362 euch
425 2307 504 2352 zur
535 2292 772 2368 Todesangſt
795 2292 952 2356 werden,
986 2301 1087 2352 denn
1110 2303 1183 2356 ihr
1196 2303 1287 2358 habt
1309 2303 1435 2357 nichts
1450 2309 1532 2356 aus
1565 2298 1638 2359 dem
1670 2298 1854 2362 Glauben

239 2345 389 2412 gethan.
467 2340 630 2418 Schlagt
645 2348 742 2419 doch
761 2344 894 2414 einmal
928 2347 964 2406 in
981 2347 1104 2410 euch,
1136 2347 1241 2412 ſehet,
1277 2345 1415 2418 JEſus
1444 2349 1506 2417 hat
1528 2356 1589 2410 die
1627 2358 1855 2425 Todesangſt

239 2416 329 2468 auch
357 2413 422 2470 fuͤr
443 2412 531 2467 euch
559 2411 879 2477 ausgeſtanden,
891 2413 1016 2464 wollet
1029 2411 1094 2466 ihr
1121 2411 1187 2469 nun
1212 2410 1260 2471 ſo
1271 2417 1638 2480 unverantwortlich
1663 2418 1850 2472 handeln,

236 2469 312 2513 und
334 2471 407 2514 das
426 2478 537 2524 ganze
554 2469 766 2520 Verdienſt
779 2462 893 2531 ſeiner
902 2460 1151 2529 Todesangſt
1160 2457 1230 2529 zu
1228 2461 1418 2530 ſchanden
1432 2472 1615 2526 machen?
1650 2476 1775 2521 wollet
1791 2476 1852 2526 ihr

234 2520 320 2583 denn
351 2522 391 2589 ſo
401 2524 693 2581 unbarmherzig
711 2527 788 2571 und
806 2525 984 2583 grauſam
996 2535 1119 2578 gegen
1137 2528 1228 2588 euch
1242 2527 1441 2583 handeln?
1471 2530 1556 2585 Jhr
1572 2528 1681 2587 duͤrft
1697 2530 1740 2585 ja
1740 2530 1851 2585 nicht

234 2585 484 2644 nothwendig
497 2581 545 2637 in
553 2578 629 2653 der
644 2576 756 2648 Angſt
771 2581 957 2650 bleiben;
983 2576 1118 2648 JEſus
1143 2576 1232 2644 hats
1257 2580 1341 2645 auch
1355 2587 1426 2639 fuͤr
1442 2590 1525 2642 euch
1550 2584 1854 2653 ausgeſtanden;

234 2642 277 2686 es
301 2642 390 2700 liegt
406 2648 480 2704 da,
511 2639 579 2705 ihr
589 2638 708 2701 koͤnnt
723 2636 773 2698 es
800 2637 1040 2700 bekommen,
1075 2648 1190 2695 wenn
1197 2647 1270 2707 ihr
1298 2636 1437 2710 wollet;
1489 2646 1625 2712 JEſus
1641 2646 1732 2710 ruft
1744 2638 1852 2716 auch
