1646 2296
651 431 700 454 10.
725 417 772 454 die
787 416 919 465 Ungern
939 420 1009 454 oder
1023 416 1117 466 Ugri,
1138 416 1187 456 die
1203 417 1257 465 ſich
1274 417 1358 465 ſelbſt
1369 416 1453 460 Ma⸗

698 477 785 514 gyar
800 479 929 505 nennen.

699 513 837 557 *Noch
861 512 994 559 gehoͤren
1021 516 1093 558 drey
1117 512 1240 554 Voͤlker
1264 522 1335 560 zum
1363 511 1454 555 finni⸗

750 567 831 611 ſchen
859 568 1115 614 Voͤlkerſtamm,
1154 568 1201 604 die
1220 564 1292 603 aber
1315 567 1395 609 nicht
1420 567 1454 603 in

750 615 892 659 Europa,
918 616 1042 658 ſondern
1060 617 1089 652 in
1101 617 1192 662 Aſien
1202 613 1346 659 wohnen,
1364 611 1455 650 naͤm⸗

749 675 804 712 lich
830 673 878 710 die
901 671 1038 713 Woten
1065 674 1135 707 oder
1155 669 1370 718 Wotjaken,
1407 669 1456 706 die

748 722 933 759 Wogulen
947 727 1006 759 und
1016 722 1063 758 die
1086 715 1277 759 Kondiſchen
1293 714 1455 759 Oſtjaken.

594 776 687 816 VII)
707 773 774 814 Die
787 771 904 814 Letten.
954 772 1022 811 Die
1044 772 1171 819 lettiſche
1192 774 1262 809 oder
1283 770 1456 819 lithauiſche

650 825 800 870 Sprache

650 882 676 906 1.
703 873 792 906 reden
808 867 882 913 noch
902 869 960 914 jezt

701 934 731 956 a.
759 921 805 958 die
821 920 1015 967 eigentlichen
1033 919 1139 962 Letten
1158 920 1191 958 in
1210 918 1357 960 Lettland.

701 979 734 1014 b.
754 977 802 1013 die
817 972 1030 1020 Kurlaͤnder,
1057 977 1120 1012 und

702 1042 732 1066 c.
757 1028 804 1066 die
819 1027 983 1075 Lithauer.

650 1086 680 1111 2.
707 1074 807 1122 haben
824 1076 966 1111 vormals
984 1072 1060 1119 auch
1081 1075 1205 1120 geredet

700 1135 748 1169 die
762 1131 936 1170 Preuſſen.

600 1186 708 1229 VIII)
734 1185 802 1225 Die
819 1183 977 1227 Slaven.

652 1244 678 1269 1.
704 1231 751 1269 die
772 1229 920 1279 Ruſſen,
951 1234 1039 1268 deren
1060 1229 1209 1274 Sprache
1233 1228 1310 1276 auch
1332 1229 1365 1268 in
1381 1229 1460 1277 Pol⸗

702 1283 970 1329 niſch ⸗ Rußland
989 1285 1107 1326 geredet
1123 1282 1212 1319 wird.

654 1346 683 1370 2.
709 1335 756 1371 die
781 1332 908 1381 Polen.
957 1331 1045 1378 Jhre
1061 1333 1209 1376 Sprache
1230 1331 1307 1370 wird
1328 1331 1404 1374 auch
1427 1330 1459 1368 in

705 1383 824 1428 einigen
854 1384 1026 1428 Gegenden
1045 1390 1106 1419 von
1126 1381 1295 1429 Preuſſen,
1328 1389 1388 1417 von
1402 1384 1460 1418 den

703 1432 927 1479 Vornehmern
948 1433 980 1468 in
1004 1431 1167 1478 Lithauen,
1208 1436 1269 1469 und
1289 1432 1321 1470 in
1343 1433 1462 1475 Schle⸗

705 1489 765 1534 ſien
791 1488 947 1532 (vormals
969 1486 1111 1530 uͤberall,
1154 1486 1236 1531 jezt)
1264 1484 1387 1532 jenſeits
1408 1490 1459 1522 der

705 1540 792 1579 Oder
808 1536 996 1583 geſprochen.

656 1598 684 1630 3.
707 1589 754 1625 die
766 1585 947 1634 Boͤhmen,
966 1589 1055 1623 deren
1063 1586 1211 1629 Sprache
1226 1586 1303 1630 auch
1311 1587 1346 1624 in
1354 1586 1460 1634 Maͤh⸗

705 1648 769 1680 ren,
797 1643 858 1675 und
872 1648 942 1682 zum
958 1637 1049 1684 Theil
1064 1638 1096 1673 in
1106 1638 1230 1681 Ungern
1233 1631 1364 1687 geredet
1369 1631 1458 1679 wird.

656 1699 689 1732 4.
714 1691 762 1727 die
780 1688 966 1734 Slobaken
991 1690 1023 1726 in
1049 1689 1195 1732 Ungern,
1225 1696 1275 1725 wo
1298 1698 1372 1724 man
1399 1689 1459 1725 Ue⸗

706 1741 875 1785 berbleibſel
892 1740 950 1785 faſt
967 1749 1028 1777 von
1045 1739 1127 1777 allen
1146 1738 1308 1786 ſlaviſchen
1326 1738 1459 1780 Voͤlker⸗

706 1788 835 1834 ſchaſten
858 1789 962 1831 findet.

657 1852 685 1885 5.
710 1842 758 1877 die
775 1838 969 1888 Bulgaren.
1016 1840 1086 1880 Die
1108 1839 1291 1886 bulgariſche
1310 1838 1458 1883 Sprache

703 1891 781 1929 wird
800 1893 844 1928 im
865 1890 1026 1937 tuͤrkiſchen
1049 1888 1180 1929 Gebiete
1197 1897 1257 1926 von
1276 1892 1331 1928 den
1350 1887 1458 1931 bulga⸗
