1538 2249
495 300 586 353 192

723 288 821 344 Der
821 288 915 344 auff
915 288 1055 344 beyden
1055 288 1210 344 Seiten

498 368 624 421 ſagen/
634 370 670 419 ſo
678 376 830 411 werden
840 371 888 420 ſie
896 372 956 410 die
965 365 1291 419 Morgen⸗Roͤthe
1315 374 1413 413 (dar⸗

498 430 604 462 unter
617 425 666 459 die
678 423 780 468 ewige
792 418 972 466 Seligkeit
982 420 1181 466 verſtanden
1197 421 1305 463 wird)
1316 414 1416 465 nicht

496 476 636 524 haben/
659 476 721 516 Eſa.
735 477 836 517 VIII,
848 486 906 509 20.
958 474 1086 517 Theils
1101 473 1180 511 aber
1194 472 1275 511 auch
1285 475 1337 511 die
1349 472 1416 517 hei⸗

498 524 592 568 ligen
614 516 890 567 Sacramenta;
907 520 958 559 die
993 520 1068 561 heil.
1093 520 1249 566 Tauffe:
1281 521 1341 559 Es
1363 518 1416 567 ſey

496 570 599 611 denn
607 569 683 617 daß
689 567 837 618 jemand
848 560 1036 614 gebohren
1046 568 1173 606 werde
1180 577 1251 606 aus
1261 563 1416 614 Waſſer

500 623 580 664 und
590 623 672 660 dem
685 619 852 669 Heiligen
864 614 991 669 Geiſt/
997 620 1033 669 ſo
1046 622 1115 659 kan
1129 629 1168 656 er
1177 620 1276 667 nicht
1289 621 1327 658 in
1342 621 1418 658 das

498 676 621 724 Reich
632 674 793 716 GOttes
814 670 1012 716 kommen/
1034 666 1109 717 Joh.
1120 672 1186 713 III,
1204 684 1233 716 5.
1262 676 1332 712 und
1347 674 1418 710 das

499 727 583 774 heil.
599 725 839 768 Abendmahl:
865 723 965 765 Wer
974 723 1069 762 mein
1083 720 1212 773 Fleiſch
1230 722 1321 768 iſſet/
1336 721 1415 762 und

500 775 656 818 trincket
663 777 761 815 mein
768 769 892 820 Blut/
898 774 966 813 der
977 773 1050 821 hat
1059 773 1132 812 das
1144 772 1262 818 ewige
1269 765 1421 814 Leben/

501 830 543 877 iſt
552 828 727 874 abermahl
738 832 804 868 das
815 828 903 870 klare
917 827 1033 870 Wort
1043 824 1187 873 Chriſti/
1197 826 1257 871 Jo.
1270 824 1339 865 VI,
1354 833 1417 867 54.

504 881 564 922 als
574 879 656 924 auch
673 880 749 926 auff
764 879 897 923 Seiten
912 880 971 919 der
984 878 1171 925 Menſchen
1186 878 1223 922 iſt
1237 879 1305 919 das
1317 876 1417 917 Mit⸗

502 922 592 971 tel/
593 928 740 973 dadurch
760 929 825 967 wir
847 924 1025 974 Chriſtum
1044 919 1260 972 ergreiffen/
1258 927 1330 966 und
1346 926 1416 965 das

505 979 629 1026 Wort
639 978 772 1024 benebſt
783 982 886 1018 denen
901 977 1028 1022 beyden
1048 974 1311 1022 hochwuͤrdigen
1327 975 1418 1017 Sa⸗

505 1029 702 1069 cramenten
712 1018 914 1071 annehmen/
924 1024 1005 1070 auch
1013 1020 1150 1069 folglich
1161 1025 1214 1063 die
1247 1016 1334 1072 ewige
1359 1020 1419 1069 Se⸗

503 1077 622 1126 ligkeit
635 1077 804 1125 erhalten/
820 1078 878 1118 der
888 1077 988 1120 durch
1006 1077 1070 1116 den
1078 1075 1174 1119 heil.
1183 1067 1293 1118 Geiſt
1292 1070 1328 1114 in
1345 1078 1418 1115 uns

505 1127 682 1174 gewirckte
711 1125 966 1174 ſeligmachende
987 1125 1129 1168 Glaube
1157 1134 1204 1166 an
1233 1123 1420 1171 Chriſtum

507 1179 677 1227 JEſum.
725 1178 833 1219 Denn
847 1185 927 1214 wer
939 1185 990 1216 an
1012 1178 1084 1216 den
1111 1174 1235 1221 Sohn
1247 1167 1421 1221 glaͤubet/

501 1204 578 1257 der
585 1217 659 1260 hat
668 1215 741 1251 das
759 1215 874 1258 ewige
886 1213 1023 1253 Leben.
1075 1212 1179 1254 Wer
1193 1215 1278 1251 dem
1292 1212 1420 1260 Sohn

507 1271 610 1321 nicht
625 1268 807 1320 glaͤubet/
826 1274 893 1310 der
914 1273 1016 1310 wird
1027 1272 1101 1310 das
1119 1269 1247 1310 Leben
1262 1269 1362 1318 nicht
1375 1268 1419 1316 ſe⸗

506 1320 611 1374 hen/
627 1321 780 1373 ſondern
799 1322 865 1362 der
883 1322 985 1367 Zorn
999 1320 1162 1362 GOttes
1181 1319 1316 1360 bleibet
1329 1316 1422 1362 uͤber

508 1375 609 1421 ihm/
631 1375 718 1422 Joh.
728 1374 787 1417 IIl,
803 1377 857 1418 36.
923 1371 994 1417 Da
1019 1368 1116 1419 hoͤret
1142 1379 1227 1413 man
1246 1373 1334 1415 nicht
1349 1375 1421 1413 das

507 1428 670 1476 mindeſte
694 1434 764 1468 von
779 1428 884 1466 denen
907 1428 1017 1472 guten
1038 1424 1223 1470 Wercken.
1274 1422 1419 1472 Endlich

506 1477 642 1523 koͤmmt
651 1478 733 1524 auch
743 1476 824 1520 noch
836 1480 938 1521 darzu
950 1477 1001 1516 die
1018 1473 1204 1521 Ordnung
1221 1475 1284 1515 des
1299 1470 1419 1522 Heyls

508 1532 596 1570 oder
605 1532 663 1569 der
671 1529 802 1574 ewigen
816 1525 1023 1574 Seligkeit/
1043 1525 1125 1572 nach
1139 1524 1276 1571 welcher
1293 1524 1360 1565 wir
1373 1530 1419 1569 zu

510 1577 680 1623 derſelben
696 1570 902 1622 gelangen/
924 1578 996 1615 und
1015 1575 1069 1614 die
1095 1574 1156 1619 hat
1176 1572 1357 1619 ſonderlich
1383 1582 1418 1615 5.

511 1628 689 1675 Stuffen.
745 1629 781 1672 1)
792 1629 855 1674 Jſt
863 1630 914 1667 die
925 1621 1160 1671 Beruffung/
1166 1627 1211 1664 da
1221 1631 1292 1664 uns
1300 1626 1419 1669 GOtt

510 1680 575 1721 zur
586 1670 766 1718 Seligkeit
774 1671 936 1721 beruffet:
959 1668 1156 1711 Kommet/
1155 1663 1252 1710 denn
1259 1678 1298 1709 es
1306 1667 1355 1718 iſt
1362 1670 1418 1711 al⸗

511 1726 570 1766 les
588 1725 768 1764 bereitet/
790 1722 887 1762 Luc.
897 1723 1002 1769 XIV,
1019 1733 1070 1768 17.
1119 1719 1254 1768 Folgen
1269 1721 1334 1763 wir
1346 1721 1416 1761 die⸗

510 1771 579 1823 ſem
597 1777 693 1825 Ruff/
707 1779 739 1825 ſo
752 1779 855 1823 findet
865 1777 922 1820 ſich
946 1779 983 1820 2)
1001 1779 1053 1812 die
1061 1768 1330 1819 Erleuchtung/
1341 1775 1416 1816 und

511 1827 559 1863 da
568 1825 687 1869 giebet
696 1833 766 1864 uns
776 1824 897 1864 GOtt
910 1826 980 1865 den
994 1823 1102 1867 Geiſt
1122 1821 1187 1862 der
1196 1818 1421 1871 Weißheit/

513 1880 593 1936 und
600 1882 666 1937 der
674 1875 968 1938 Offenbahrung
975 1883 1018 1931 zu
1030 1874 1101 1933 ſein
1112 1875 1217 1934 ſelbſt
1224 1875 1415 1931 Erkaͤnnt⸗

1329 1921 1413 1971 niß/
