1537 2343
508 278 665 339 (87)

213 362 421 417 Deßwegen
460 358 584 414 ſchickt'
617 357 668 412 ich
700 358 789 407 mich
818 360 1018 408 gebuͤhrend

543 422 651 471 darzu
670 429 738 463 an:

215 476 334 525 Wird
360 483 460 523 man,
489 470 584 515 mein
604 469 824 523 Wanderer,
849 467 903 507 dir
931 472 1020 519 auch

504 537 557 580 die
572 532 770 586 Nachricht
789 529 923 584 geben?

166 585 366 633 Gleichwie
392 588 466 621 nun
486 585 545 621 der
566 585 717 629 Anfang
742 583 848 624 dieſer
860 585 1022 622 Campa-

167 651 247 689 gne
272 638 337 681 mit
362 637 422 679 der
433 633 645 688 Eroberung
668 648 848 682 Dornick
864 638 1023 681 gemacht

166 695 327 740 worden:
361 691 446 746 Alſo
488 689 595 744 nahm
625 685 767 742 dieſelbe
797 692 894 736 ihren
924 697 1027 742 Aus⸗

168 760 262 804 gang
284 753 350 798 mit
368 750 578 804 Eroberung
603 749 663 792 der
685 747 879 801 gleichfalls
894 752 1026 798 wichti⸗

169 821 236 864 gen
268 805 422 866 Feſtung
455 810 586 859 Mons,
613 806 693 851 oder
713 805 877 857 Bergen,
899 807 1026 855 welche

169 875 234 917 des
249 865 586 925 Cron ⸗ Printzens
604 877 669 912 von
693 861 858 925 Preuſſen
882 865 1027 918 Koͤnigl.

170 923 309 977 Hoheit
332 921 417 975 noch
440 920 506 965 mit
528 917 689 973 anſahen,
704 922 764 961 der
781 921 882 970 Herr
898 924 1029 969 Briga-

172 982 261 1024 dier
289 993 359 1025 von
390 976 694 1035 Seckendorff
705 977 800 1026 aber,
818 981 924 1028 durch
941 981 1029 1025 ſeine

176 1030 411 1089 gewoͤhnliche
427 1036 642 1081 Bravoure,
660 1036 724 1080 mit
714 1029 921 1087 befoͤrdern
930 1037 1030 1079 halff.

233 1085 420 1141 Gedachte
435 1083 662 1150 Hauptſtadt
675 1089 712 1126 in
721 1089 924 1134 Hennegau
937 1102 1033 1142 wur⸗

176 1143 218 1189 de
243 1152 312 1188 von
335 1142 416 1186 dem
440 1140 606 1195 Printzen
628 1147 698 1190 von
720 1143 888 1204 Naſſau,
905 1159 973 1194 den
985 1156 1033 1205 21.

177 1191 398 1257 Septembr.
438 1197 505 1244 mit
546 1208 601 1252 30.
633 1197 839 1254 Bataillons
868 1207 941 1259 und
970 1214 1033 1265 30.

178 1244 422 1308 Eſcadrons,
451 1255 625 1310 berennet.
681 1267 772 1310 Den
801 1269 858 1321 25.
887 1272 1036 1310 wurden

180 1321 235 1366 die
270 1315 573 1375 Lauff ⸗ Graben
606 1317 763 1371 eroͤffnet,
793 1323 866 1371 und
890 1324 955 1375 den
977 1334 1038 1385 30.

179 1371 267 1431 fand
294 1384 378 1421 man
403 1372 499 1430 ſchon
523 1375 576 1416 die
598 1388 787 1426 Batterien
801 1380 852 1431 im
869 1381 1040 1420 Stande,

180 1438 236 1486 die
272 1436 400 1487 Stadt
433 1434 501 1481 mit
522 1433 691 1486 ſchweren
711 1444 896 1481 Canonen
919 1446 964 1489 zu
982 1439 1039 1485 be⸗

183 1492 344 1550 gruͤſſen.
383 1493 481 1538 Den
507 1493 572 1539 16.
574 1490 756 1546 October
774 1490 964 1538 beſtuͤrmte
978 1494 1042 1535 der

185 1549 387 1605 Brigadier
424 1558 496 1592 von
532 1540 839 1603 Seckendorff
863 1543 931 1588 das
966 1545 1041 1585 eine

185 1603 418 1660 Hornwerck,
437 1603 509 1648 und
536 1602 689 1649 eroberte
711 1598 856 1651 ſelbiges
879 1603 981 1650 auch,
1003 1605 1041 1638 in

188 1664 416 1720 Gegenwart
432 1662 494 1707 des
504 1658 691 1717 Printzens
706 1656 877 1711 Eugenii
889 1661 961 1700 und
977 1661 1042 1699 des

190 1722 366 1782 Hertzogs
400 1727 470 1761 von
505 1717 790 1771 Marlborough.
846 1714 921 1762 Als
956 1724 1044 1759 man

190 1791 269 1828 nun
283 1781 349 1824 den
365 1789 416 1830 19.
433 1773 580 1832 darauff
591 1777 656 1827 alle
676 1770 875 1828 Anſtallten
886 1773 1044 1827 vorkehr⸗

191 1848 238 1897 te,
267 1835 453 1898 folgenden
477 1833 599 1892 Tages
623 1833 712 1884 auch
733 1829 804 1887 auf
821 1831 887 1878 das
917 1837 1044 1888 zweyte

191 1895 409 1958 Hornwerck
421 1907 462 1953 zu
482 1893 648 1951 ſtuͤrmen,
665 1883 703 1949 ſo
717 1888 847 1940 wolten
862 1893 916 1941 die
931 1890 1048 1939 Bela⸗

192 1968 311 2014 gerten
326 1956 537 2018 dergleichen
548 1954 671 2017 heiſſen
691 1952 802 2015 Ernſt
819 1953 906 2014 nicht
911 1951 1050 2014 abwar⸗

608 2024 700 2079 F4

974 2027 1056 2077 ten,
