1410 2229
455 394 500 430 die
517 394 676 437 chriſtliche
686 394 830 439 Religion
846 398 879 432 in
893 396 999 434 keinem
1016 401 1046 441 ſo
1057 397 1203 442 vernuͤnf⸗

454 443 534 484 tigen
560 442 759 486 Unterrichte,
784 442 840 480 wie
869 445 927 480 wir
953 447 1024 487 heut
1053 455 1088 491 zu
1117 448 1202 489 Tage

454 495 572 536 unſerer
593 496 721 540 Jugend
750 506 788 541 zu
814 497 907 541 geben
938 500 1058 543 ſuchen,
1088 503 1202 545 gelehrt

450 548 574 582 worden
596 557 673 583 war.
706 549 806 592 Deſto
816 546 1034 595 beſchaͤmender
1053 551 1114 594 ſind
1130 553 1201 590 aber

452 593 496 629 die
528 587 634 637 obigen
664 599 771 635 Worte
804 599 835 634 in
869 604 932 634 dem
966 602 1087 639 Munde
1119 600 1201 636 eines

452 650 594 692 Gegners
635 654 690 689 des
731 652 975 698 Chriſtenthums
1012 651 1063 699 fuͤr
1099 657 1200 700 unſere

450 702 582 743 dreuſten
598 703 753 747 Spoͤtter;
779 713 853 740 man
867 706 940 748 ſieht
954 705 1025 747 hier,
1047 707 1136 750 welch
1154 708 1201 744 ein

451 752 649 796 auffallender
671 754 851 800 Unterſchied
874 756 1006 801 zwiſchen
1028 758 1119 795 einem
1137 763 1199 796 red⸗

448 806 542 844 lichen
565 807 700 849 Zweifler
731 812 803 845 oder
820 809 944 850 Gegner
974 813 1037 845 und
1063 811 1200 856 zwiſchen

451 855 541 890 einem
557 855 777 900 muthwilligen
790 861 852 894 und
868 856 980 903 kuͤhnen
990 858 1123 905 Laͤugner
1140 858 1198 903 iſt.)

446 906 533 944 Was
556 908 612 950 ſoll
633 915 706 943 man
736 912 826 945 unter
851 910 932 945 allen
948 910 1057 952 dieſen
1079 912 1199 952 Wider⸗

447 952 588 1001 ſpruͤchen
606 958 702 1001 thun!
752 959 875 1004 Jmmer
891 961 1051 1004 beſcheiden
1071 968 1133 1000 und
1151 963 1199 999 be⸗

447 1009 569 1050 hutſam
590 1011 678 1052 ſeyn,
703 1011 781 1046 mein
797 1013 901 1050 Kind;
926 1013 1107 1054 ſchweigend
1131 1022 1199 1049 ver⸗

449 1055 553 1097 ehren,
582 1059 654 1090 was
685 1065 758 1093 man
789 1062 886 1094 weder
922 1060 1086 1106 verwerfen
1124 1060 1196 1105 noch

447 1107 595 1151 begreifen
623 1107 718 1150 kann,
745 1111 809 1145 und
823 1105 904 1157 ſich
924 1113 983 1157 vor
994 1114 1058 1148 dem
1083 1114 1199 1154 großen

447 1160 551 1205 Weſen
566 1156 768 1205 demuͤthigen,
797 1165 858 1199 das
875 1165 968 1201 allein
984 1167 1027 1201 die
1036 1165 1197 1210 Wahrheit

444 1212 557 1250 kennet.

927 1268 1170 1314 Rouſſeau.

482 1407 565 1445 Bey
587 1409 639 1435 der
651 1399 878 1445 Ungewißheit,
903 1408 934 1438 in
954 1412 1004 1439 der
1020 1410 1078 1440 wir
1094 1412 1196 1448 ſchwe⸗

445 1467 518 1509 ben,
547 1469 580 1509 iſt
609 1472 643 1505 es
673 1471 734 1506 eine
769 1470 848 1510 nicht
877 1478 913 1515 zu
943 1471 1194 1517 entſchuldigende

443 1514 693 1561 Vermeſſenheit,
721 1522 808 1553 wenn
827 1525 900 1555 man
920 1510 981 1556 eine
997 1523 1091 1557 andre
1111 1521 1194 1558 Reli⸗

443 1567 517 1610 gion
534 1569 689 1607 annimmt
702 1571 756 1607 als
773 1571 834 1612 die,
862 1573 891 1607 in
910 1577 960 1609 der
976 1582 1051 1609 man
1065 1574 1193 1615 geboren

444 1619 495 1664 iſt,
520 1626 583 1660 und
600 1622 826 1666 Unredlichkeit,
852 1632 939 1662 wenn
961 1635 1034 1663 man
1054 1627 1099 1663 die
1115 1626 1195 1673 nicht

442 1670 574 1714 ausuͤbt,
600 1674 646 1709 die
662 1683 735 1709 man
751 1682 966 1724 angenommen
985 1678 1050 1717 hat.
1102 1677 1192 1721 Jrret

442 1733 538 1764 man,
557 1729 592 1771 ſo
607 1727 701 1766 raubt
718 1736 792 1770 man
811 1731 865 1774 ſich
885 1738 943 1767 vor
959 1736 1022 1768 dem
1038 1723 1192 1772 Tribunal
