1428 2271
559 427 887 482 Oberhofmarſchall
916 434 1085 482 anzeigen:
1132 433 1220 483 Daß
1244 434 1289 486 je⸗

557 492 631 532 dem
656 494 725 540 frey
745 487 889 541 ſtuͤnde,
919 492 979 543 ſich
1011 497 1096 545 aufs
1125 504 1205 536 neue
1228 494 1288 546 bey

557 561 673 610 Herrn
699 561 837 609 Seyler
862 567 898 605 zu
922 563 1116 612 engagiren,
1139 566 1216 605 oder
1236 565 1287 607 be⸗

556 624 687 676 ſtaͤndig
715 627 748 665 in
775 624 914 672 Gotha
938 636 974 675 zu
995 628 1129 671 bleiben.
1181 630 1285 683 Sey⸗

555 697 609 734 ler
632 692 791 738 vernahm
816 693 894 742 dieſe
922 694 1108 748 Nachricht
1127 692 1220 747 fruͤh
1233 710 1286 748 ge⸗

555 766 639 804 nug,
664 766 724 800 um
750 755 829 803 ſeine
852 752 1055 811 Masregeln
1082 761 1218 812 nehmen
1245 773 1286 810 zu

553 826 702 870 koͤnnen,
752 826 821 864 und
851 830 956 876 drang
981 831 1024 869 in
1041 830 1120 878 ſeine
1145 822 1285 881 Schau⸗

553 889 680 939 ſpieler,
732 889 822 933 einen
846 889 1027 943 jaͤhrlichen
1045 891 1218 939 Kontrakt
1243 895 1286 947 zu

551 954 820 1006 unterſchreiben.
867 959 942 1002 Die
962 960 1163 1004 wankenden
1189 966 1283 1007 Mit⸗

550 1027 669 1077 glieder
693 1029 788 1078 ſeiner
812 1028 974 1079 Truppe,
999 1032 1101 1074 denen
1123 1038 1159 1076 es
1187 1028 1284 1087 beſſer

552 1094 680 1145 ſchiene,
703 1106 747 1135 an
774 1098 874 1141 einem
894 1097 970 1144 Ort
991 1108 1027 1149 zu
1052 1100 1197 1149 bleiben,
1224 1106 1280 1146 der

542 1161 648 1214 ihnen
677 1166 822 1215 Beyfall
842 1168 911 1210 und
938 1166 1028 1218 Ehre
1046 1168 1183 1219 gegeben
1205 1158 1282 1220 hat⸗

549 1246 602 1285 te,
653 1238 708 1280 als
734 1241 797 1282 mit
822 1242 877 1283 der
903 1242 1125 1285 wandernden
1148 1243 1280 1293 Thalia

549 1298 819 1347 herumzureiſen,
861 1305 931 1341 und
964 1303 1027 1350 ſich
1044 1314 1153 1347 neuen
1201 1305 1282 1351 Be⸗

547 1362 827 1411 ſchwerlichkeiten
852 1364 1077 1414 auszuſetzen,
1108 1367 1209 1416 ſucht'
1245 1383 1278 1421 er

548 1428 652 1475 durch
694 1428 821 1479 Zulage
856 1439 911 1479 zur
944 1431 1143 1482 Aenderung
1187 1432 1280 1484 ihres

545 1495 773 1547 Entſchluſſes
799 1507 837 1546 zu
861 1497 1022 1548 bewegen,
1043 1501 1093 1543 die
1117 1498 1280 1555 wuͤrklich

545 1574 620 1612 zum
647 1566 747 1615 Theil
769 1567 837 1616 ſehr
856 1568 1039 1620 anſehnlich
1069 1580 1153 1614 war.
1193 1572 1279 1618 Der

543 1632 643 1681 Hof,
694 1638 747 1675 der
774 1635 927 1678 niemand
964 1637 1110 1686 zwingen
1136 1640 1273 1686 wollte,

543 1701 605 1741 lies
621 1701 682 1750 ſich
702 1703 772 1751 auf
786 1701 871 1745 keine
885 1701 1062 1755 beſtimmte
1077 1702 1272 1755 Erklaͤrung

541 1770 579 1810 in
604 1768 739 1818 Abſicht
772 1773 826 1811 der
860 1769 983 1821 Gagen
1016 1773 1089 1820 ein,
1112 1774 1184 1814 und
1203 1781 1278 1818 wer

542 1833 610 1883 alſo
636 1838 693 1890 des
720 1831 926 1895 beſtaͤndigen
956 1828 1272 1895 Herumwanderns
