1746 2500
723 450 779 497 84

1044 439 1150 496 VII.
1150 439 1301 496 Brief.

725 543 780 581 den
803 538 934 582 Punct
959 545 1115 588 gebracht
1129 544 1212 592 hat,
1232 538 1350 580 wohin
1363 541 1404 583 er
1428 541 1556 569 gewolt,
1583 529 1625 561 er

723 605 800 636 nun
816 584 852 644 zu
876 594 963 636 einer
982 585 1111 638 andern
1131 584 1415 648 Unterhandlung
1426 588 1496 639 ſich
1518 596 1620 632 duͤrfte

726 642 837 685 finden
854 639 973 685 laſſen,
997 642 1114 684 welche
1125 642 1200 687 Zeit
1220 647 1258 683 zu
1278 641 1405 678 andern
1430 622 1621 686 Rathſchlaͤ⸗

727 710 791 752 gen
809 702 912 753 geben
929 700 1060 747 koͤnnte.

780 793 1104 837 Memorandum:
1144 794 1173 836 I.
1199 795 1275 841 Die
1291 792 1447 846 Ankunft
1464 795 1522 839 des
1534 790 1619 833 Gra⸗

727 846 806 895 fens
839 847 1019 887 Colloredo
1056 853 1093 893 zu
1119 846 1291 894 Breßlau.
1342 847 1389 888 II.
1415 834 1620 895 Vorſchlaͤge

728 910 780 947 die
812 916 893 942 man
929 914 1008 954 nach
1036 906 1157 952 Paris
1157 906 1325 952 geſandt.
1375 900 1432 940 III.
1455 870 1619 921 Geſpraͤch

731 962 789 1005 des
824 960 925 1002 Herrn
949 959 1129 1002 Waſners
1144 967 1208 998 mit
1234 951 1311 1000 Sr.
1337 953 1506 991 Eminenz.
1555 934 1615 973 IV.

730 1011 930 1055 Erklaͤrung,
961 1005 1008 1056 die
1031 1008 1098 1057 ihm
1114 1008 1215 1059 durch
1226 1015 1291 1054 den
1315 1006 1415 1049 Herrn
1430 1006 1559 1038 Amelot
1581 984 1619 1021 iſt

727 1065 872 1119 gegeben
898 1066 1053 1117 worden,
1078 1066 1146 1112 von
1165 1068 1305 1117 welchen
1328 1066 1361 1111 er
1384 1063 1453 1111 eine
1485 1049 1614 1079 cathego⸗

729 1111 824 1153 riſche
855 1108 1018 1145 Antwort
1054 1110 1203 1152 begehret
1235 1109 1365 1152 hatte,
1414 1091 1541 1151 wegen
1563 1097 1620 1135 des

727 1160 1017 1197 Durchmarſches
1029 1163 1085 1186 der
1103 1160 1331 1197 franzoͤſiſchen
1345 1149 1499 1192 Voͤlker;
1523 1130 1620 1183 dieſel⸗

728 1216 770 1241 be
795 1213 925 1245 enthaͤlt
949 1209 1034 1247 fuͤnf
1053 1213 1233 1250 Puncten:
1265 1210 1300 1245 1)
1324 1211 1401 1245 Die
1426 1179 1621 1245 Redlichkeit

731 1268 796 1297 des
817 1265 955 1303 Koͤnigs
981 1266 1088 1302 ſeinen
1107 1264 1375 1305 Verbindniſſen
1404 1245 1617 1303 nachzuleben.

730 1319 774 1349 2)
798 1319 875 1362 Die
904 1312 1090 1367 Tractaten
1120 1317 1273 1371 vermoͤge
1298 1317 1396 1360 deren
1417 1312 1450 1342 er
1471 1299 1531 1339 mit
1542 1293 1616 1335 dem

733 1375 841 1431 Haus
869 1368 1015 1424 Bayern
1053 1374 1239 1417 verbunden
1275 1373 1317 1414 iſt.
1377 1361 1430 1413 3)
1430 1349 1534 1412 Daß
1569 1345 1621 1386 der

728 1426 910 1485 Churfuͤrſt
938 1430 1019 1484 ſeine
1041 1424 1153 1483 Huͤlfe
1176 1443 1248 1464 und
1269 1424 1453 1479 Beyſtand
1479 1414 1534 1455 bey
1551 1391 1619 1432 Sr.

730 1474 902 1513 Majeſtaͤt
915 1474 1042 1513 geſucht
1057 1476 1167 1513 haͤtte,
1198 1478 1312 1510 wegen
1332 1471 1388 1518 der
1405 1444 1618 1518 Anforderun⸗

732 1546 797 1571 gen
808 1538 936 1574 ſeines
958 1527 1096 1578 Hauſes
1129 1521 1370 1572 Gerechtigkeit
1400 1523 1436 1562 zu
1462 1503 1618 1554 erlangen.

735 1590 776 1636 4)
798 1585 868 1622 Die
891 1592 1072 1629 Tractaten
1091 1584 1158 1630 des
1177 1585 1430 1621 weſtphaͤliſchen
1427 1542 1621 1619 Friedens,

731 1642 847 1685 davon
869 1638 934 1681 der
951 1635 1070 1687 Koͤnig
1077 1635 1218 1680 Buͤrge
1219 1632 1290 1681 iſt,
1306 1638 1386 1681 und
1413 1628 1457 1678 5)
1473 1597 1620 1655 vermoͤge

739 1693 876 1735 welchen
891 1689 965 1733 Se.
981 1691 1143 1736 Majeſtaͤt
1152 1695 1341 1730 verbunden
1361 1681 1443 1725 ſind,
1473 1672 1524 1708 die
1530 1660 1619 1695 Frey⸗

728 1742 801 1788 heit
821 1743 878 1793 bey
900 1745 955 1788 der
977 1740 1096 1789 Wahl
1116 1738 1208 1785 eines
1223 1740 1368 1785 Kayſers
1391 1737 1426 1776 zu
1444 1708 1616 1763 verſichern.

726 1797 781 1836 V.
793 1794 873 1840 Liſte
896 1800 968 1835 von
981 1803 1167 1836 Hannover
1190 1796 1258 1832 eine
1267 1792 1390 1823 Armee
1407 1786 1468 1818 von
1484 1750 1617 1806 hundert

733 1836 874 1905 tauſend
893 1836 1032 1897 Mann
1064 1835 1302 1898 aufzurichten.
1353 1843 1420 1875 VI.
1448 1795 1622 1878 Anſchlaͤge

731 1913 835 1948 gegen
853 1902 1011 1949 Bremen
1025 1907 1096 1947 und
1108 1902 1281 1953 Vehrden
1298 1914 1366 1935 ...
1355 1878 1501 1923 wegen
1517 1864 1620 1916 Pom⸗

731 1944 828 1984 mern
856 1980 932 1994 ...
957 1952 1074 1991 wegen
1094 1945 1197 1992 Berg
1226 1944 1298 1984 und
1316 1926 1436 1993 Juͤlich
1451 1939 1546 1973 ...
1557 1903 1623 1953 we⸗

732 2006 797 2056 gen
823 1998 985 2055 Curland
1006 2035 1090 2044 ...
1110 1997 1167 2044 der
1189 1994 1292 2043 Krieg
1316 1978 1465 2037 zwiſchen
1488 1942 1619 2010 Perſien

722 2058 806 2101 und
831 2056 888 2098 der
903 2050 1038 2098 Tuͤrken
1064 2050 1102 2102 iſt
1127 2046 1251 2097 gewiß.
1296 2039 1373 2089 Die
1396 2016 1542 2089 Sachen
1561 1997 1619 2046 mit

731 2111 906 2164 Rußland
929 2104 1028 2153 ...
1042 2109 1106 2162 u.
1090 2097 1127 2166 ſ.
1127 2100 1179 2154 w.

1546 2162 1624 2220 Jch
