1351 2236
442 281 509 344 96

450 376 587 424 weniger
600 379 688 424 jenes
703 377 871 426 verſtehen.
920 377 1121 429 Jnzwiſchen
1143 383 1228 423 komt
1246 379 1272 419 in

447 447 541 493 dieſer
573 448 761 496 Erzaͤhlung
788 457 871 497 vor,
898 452 964 500 daß
987 449 1071 498 ſchon
1105 454 1183 500 nach
1213 455 1272 493 dem

448 507 742 558 Reichs⸗Abſchied
770 519 832 549 von
852 522 956 561 1570.
988 511 1137 552 niemand
1172 506 1269 562 Spiel⸗

446 584 585 629 ſchulden
603 592 641 629 zu
652 581 798 633 bezahlen
814 585 992 624 verbunden
1009 585 1077 634 ſeyn
1096 587 1172 634 ſolle.
1199 587 1271 631 Aber

442 646 545 694 einige
553 646 672 695 Bogen
689 648 802 697 hievon
818 650 883 688 voll
895 660 935 699 zu
946 648 1095 700 ſchreiben
1104 652 1143 700 iſt
1156 662 1195 701 zu
1209 646 1268 692 viel,

443 713 474 762 ſo
490 715 548 755 wie
567 716 643 764 auch
660 716 709 757 bei
731 721 785 759 der

541 863 643 897 22ten
671 853 928 909 Erzaͤhlung,
954 857 1041 897 einer
1075 858 1268 911 beſtraften

439 913 660 964 Drohung,
684 917 736 955 die
751 920 811 955 den
835 918 1051 965 ruchloſeſten,
1064 917 1268 968 incorrigibel⸗

436 985 506 1031 ſten
521 982 692 1030 Menſchen
707 981 883 1034 vorſtellet,
903 980 970 1025 und
986 988 1059 1026 dem
1075 988 1140 1025 viel
1161 996 1200 1035 zu
1214 991 1267 1024 viel

436 1057 526 1108 Ehre
540 1057 778 1107 wiederfaͤhret,
801 1060 864 1108 daß
880 1059 958 1107 ſeine
984 1059 1267 1111 Vertheidigungs⸗

434 1127 540 1175 ſchrift
562 1127 770 1175 umſtaͤndlich
803 1130 972 1178 extrahiret
998 1127 1135 1174 worden.
1203 1125 1266 1174 Die

432 1193 586 1242 Facultaͤt
603 1194 689 1245 hatte
702 1194 832 1235 erkant:
855 1206 921 1244 „er
949 1195 997 1243 ſey
1019 1196 1049 1244 ſo
1073 1200 1165 1246 lange
1178 1197 1213 1236 in
1229 1199 1266 1237 ei⸗

429 1271 550 1307 „nem
569 1262 759 1311 Gefaͤngniß
775 1264 856 1313 wohl
873 1264 1049 1311 verwahret
1069 1265 1266 1316 aufzubehal⸗

429 1326 545 1362 „ten,
566 1320 619 1354 bis
634 1330 667 1354 er
683 1320 775 1362 durch
791 1321 934 1365 Buͤrgen
948 1325 1020 1357 oder
1038 1320 1185 1368 Pfaͤnder
1202 1326 1252 1360 eine

429 1388 687 1444 „hinreichende
697 1394 881 1446 Sicherheit
889 1397 1032 1446 gemacht
1040 1397 1140 1447 haben
1151 1399 1265 1438 wuͤrde,

429 1464 541 1512 „alle
554 1465 759 1515 angedrohete
776 1466 919 1518 thaͤtliche
938 1466 1154 1519 Handlungen
1171 1476 1264 1515 gegen

426 1531 580 1579 „ſeinen
614 1532 856 1583 Gerichtsherrn,
922 1538 985 1574 das
1018 1536 1168 1584 Gericht,
1201 1542 1265 1574 und

426 1604 588 1651 „andere
601 1600 761 1649 Perſonen
780 1613 818 1650 zu
834 1602 1063 1653 unterlaſſen.“
1101 1607 1177 1647 Und
1185 1607 1261 1644 denn

423 1667 512 1717 fuͤget
537 1679 593 1715 der
611 1675 677 1725 Hr.
701 1669 853 1719 Erzaͤhler
869 1668 987 1722 hinzu:
1010 1676 1171 1727 „Dieſes
1184 1679 1258 1723 Er⸗

423 1736 643 1793 „kaͤntniß
657 1740 817 1791 enthielt
836 1743 893 1784 im
907 1738 1158 1794 eigentlichen
1162 1735 1262 1792 Ver⸗

423 1809 583 1864 „ſtand
599 1815 703 1858 keine
721 1813 867 1865 Strafe
881 1818 926 1860 in
942 1813 1034 1868 ſich.
1069 1822 1173 1861 Man
1193 1818 1258 1867 hat⸗

1219 1884 1269 1926 te
