2578 3020
178 841 341 895 gleichen
383 840 454 886 die
478 837 682 892 ſchwarzen
709 833 871 887 ſauren
890 834 1070 887 Kirſchen

179 898 295 954 (Cer.
317 898 478 942 auſtera
510 894 630 944 Lin.)
652 900 731 937 und
757 895 815 937 die
834 894 878 936 in
900 888 1071 945 Hoͤlzun⸗

179 967 253 1008 gen
278 960 368 1003 wild
389 953 633 1007 wachſenden
662 952 950 1005 Twieſelbeeren
980 954 1070 996 oder

179 1013 430 1071 Karſebeeren
450 1015 525 1070 (le
544 1012 779 1069 Meriſier).

531 1126 566 1177 §.
624 1138 716 1177 217.

238 1190 322 1242 Die
338 1185 608 1241 verſchiedenen
632 1186 803 1231 Abarten
823 1190 899 1227 von
924 1179 1073 1237 Pflau⸗

183 1255 281 1296 men
300 1254 392 1294 und
402 1239 641 1305 Zwetſchen
673 1241 864 1299 (Prunus
884 1236 1074 1284 domeſti-

183 1315 233 1350 ca
247 1299 394 1358 Lin.),
426 1302 537 1356 laſſen
569 1300 636 1351 ſich
664 1299 809 1352 leichter
833 1296 895 1342 als
911 1301 1075 1343 anderes

186 1362 394 1416 Steinobſt
424 1358 695 1413 verpfropfen,
736 1357 825 1403 aber
849 1355 941 1404 auch
976 1355 1078 1405 nicht

185 1428 256 1469 gut
270 1434 321 1467 an
339 1418 568 1470 Gelaͤndern
578 1417 698 1470 ziehn.
740 1416 840 1463 Von
859 1413 1075 1469 Pflaumen

185 1473 265 1523 ſind
289 1478 347 1521 die
375 1471 547 1529 gruͤnen,
577 1471 657 1517 und
683 1476 784 1525 zwar
806 1470 865 1513 die
886 1464 1079 1513 mirabel-

185 1521 244 1572 les
261 1538 426 1574 vertes,
436 1524 509 1569 die
527 1521 660 1575 beſten.

188 1595 253 1657 1.
274 1616 394 1655 Linne'
412 1601 479 1645 haͤlt
502 1601 668 1644 Zwetſchen
694 1608 759 1638 und
784 1607 953 1642 Pflaumen
969 1602 1020 1636 fuͤr
1036 1605 1079 1635 ei⸗

273 1666 376 1706 nerley
390 1664 471 1699 Art,
503 1660 641 1701 dawider
672 1660 715 1695 im
745 1659 931 1699 Haußvater
958 1660 1010 1690 lII.
1031 1652 1080 1701 S.

270 1715 335 1745 357.
374 1706 512 1747 wichtige
559 1704 683 1746 Zweifel
725 1703 860 1744 gemacht
898 1700 972 1738 ſind.
1010 1700 1082 1738 Die

272 1749 445 1791 Franzoſen
472 1754 591 1783 nennen
617 1749 745 1784 Prunes,
774 1744 862 1782 deren
885 1741 997 1785 Fleiſch
1024 1741 1081 1782 ſich

276 1788 358 1836 nicht
379 1795 451 1827 vom
463 1788 580 1824 Steine
604 1782 728 1825 abloͤſet,
751 1788 814 1821 und
832 1774 1022 1821 Mirabelles,
1046 1786 1082 1818 in

279 1835 373 1868 denen
401 1835 450 1868 der
482 1832 539 1869 loſe
564 1829 664 1872 Stein
688 1828 793 1866 keinen
813 1823 1083 1867 Zuſammenhang

273 1880 331 1911 mit
352 1877 417 1909 dem
435 1871 562 1913 Fleiſche
582 1869 656 1911 hat,
674 1868 796 1909 welcher
808 1864 993 1908 Unterſchied
1009 1864 1084 1903 aber

276 1914 356 1955 ohne
377 1915 493 1953 Grund
509 1913 555 1955 iſt.

236 2009 262 2035 2.
283 1997 348 2037 Die
378 1997 542 2041 geſchaͤlten
567 1997 631 2033 und
659 1994 861 2037 getrockneten
884 1990 1089 2032 Catharinen

276 2039 464 2085 Pflaumen,
483 2040 549 2079 ſind
568 2039 618 2072 die
636 2038 783 2075 bekanten
800 2036 990 2075 Prunellen,
1011 2033 1091 2072 Bri⸗

232 2086 375 2112 nellen
396 2090 465 2131 oder
481 2084 670 2134 Bruniolen.
693 2083 718 2126 ſ.
737 2081 931 2123 Carlsruher
943 2080 1092 2118 Saml.
1064 2075 1093 2122 I.

234 2123 316 2164 S.
336 2133 376 2162 7.

556 2209 593 2265 §.
652 2219 747 2258 218.

248 2271 486 2335 Apricoſen
529 2272 727 2331 (Prunus
746 2271 961 2319 armenica
969 2266 1099 2322 Lin.)

204 2342 353 2387 werden
373 2338 446 2395 auf
466 2338 579 2389 wilde
614 2329 988 2397 Pflaumenſtaͤmme
1013 2332 1103 2378 oku⸗
