1782 2563
331 420 431 468 Will
451 430 539 463 man
569 419 645 471 ihm
673 425 743 464 den
772 418 1037 473 Wiederſchein
1067 421 1164 474 deſto

226 484 437 537 kenntlicher
457 484 622 538 machen,
663 484 698 536 ſo
719 485 808 541 ſtellt
837 496 924 530 man
955 487 1031 529 eine
1051 486 1163 537 weiße

227 554 363 610 Poppe
393 551 509 602 hinter
547 560 614 598 den
645 550 899 608 Gegenſtand,
946 562 1034 596 man
1074 552 1164 603 zeigt

200 622 325 673 ihm,
360 618 433 669 daß
454 622 529 662 eine
556 618 724 672 ſchwarze
750 612 885 673 Poppe
912 623 1030 665 keinen
1058 619 1163 666 Wie⸗

219 689 400 742 derſchein
427 689 544 744 giebt,
588 690 645 733 die
673 685 852 743 Graͤnzen
889 694 954 733 des
992 691 1164 737 Urbildes

228 739 323 798 aber
336 753 431 806 deſto
456 746 603 807 ſchaͤrfer
633 754 709 793 und
738 760 896 802 genauer
927 754 1094 798 bemerkt.

330 893 465 944 Daher
484 892 596 945 folget
614 894 669 935 die
688 893 828 942 Regel:

297 988 398 1039 Daß
433 995 524 1030 man
555 989 625 1030 den
652 984 902 1039 Hintergrund
931 991 993 1031 des
1017 984 1153 1038 weißen

228 1050 416 1100 Papieres
441 1034 564 1087 etwas
594 1044 722 1087 dunkel
751 1042 897 1094 machen
924 1044 1027 1096 muß.
1096 1050 1163 1104 Jſt

229 1126 273 1166 es
292 1127 384 1165 denn
412 1120 498 1165 aber
527 1119 620 1174 nicht
648 1118 778 1175 beſſer,
813 1128 922 1165 wenn
948 1128 1038 1166 man
1055 1118 1162 1176 gleich

228 1193 303 1250 auf
323 1197 459 1247 graues
470 1193 621 1248 Papier
648 1193 828 1249 zeichnet?

280 1317 303 1339 *
326 1308 396 1348 Die
421 1308 507 1345 alten
532 1307 649 1346 Maler
668 1309 723 1345 des
753 1304 963 1356 ſechszehnten
987 1303 1163 1356 Jahrhun⸗

326 1368 417 1404 derts
431 1362 538 1411 hatten
556 1364 601 1402 im
611 1361 792 1410 Gebrauch,
808 1363 910 1414 hinter
928 1365 984 1402 alle
994 1364 1162 1411 Portraits

325 1419 395 1466 ſehr
409 1416 521 1455 dunkle
536 1417 673 1455 Gruͤnde
688 1426 726 1462 zu
741 1419 864 1462 malen,
898 1416 1032 1462 dadurch
1056 1407 1163 1463 brach⸗

325 1493 378 1525 ten
395 1485 433 1532 ſie
447 1493 531 1532 zwar
546 1487 594 1526 die
609 1487 716 1533 Koͤpfe
739 1486 805 1534 ſehr
818 1486 950 1534 hervor;
982 1486 1075 1524 allein
1097 1495 1162 1525 wer

327 1544 405 1595 ſieht
422 1546 505 1581 denn
519 1543 687 1589 jemanden
700 1543 860 1591 beſtaͤndig
882 1551 945 1582 aus
964 1545 1064 1582 einem
1080 1544 1163 1590 Fen⸗

324 1607 387 1655 ſter
409 1605 664 1654 herausgucken?
706 1606 793 1655 ſehen
811 1606 872 1644 wir
891 1609 972 1654 denn
995 1608 1075 1652 nicht
1104 1607 1163 1645 alle

326 1662 500 1713 Menſchen
521 1669 557 1705 in
580 1665 715 1706 Stuben
738 1670 814 1705 oder
827 1668 876 1705 im
902 1667 1051 1713 Freyen?
1094 1671 1162 1706 und

326 1731 449 1772 uͤberall
458 1730 554 1778 ſehen
571 1732 610 1776 ſie
627 1730 683 1777 ſich
698 1729 832 1778 aͤhnlich.
882 1730 1020 1777 Folglich
1039 1732 1161 1779 muͤſſen

324 1789 366 1835 ſie
387 1785 464 1832 auch
484 1787 547 1833 auf
563 1790 643 1827 allen
666 1788 825 1828 Gruͤnden
851 1789 927 1827 eben
956 1788 986 1834 ſo
1010 1788 1160 1836 erhaben,

328 1846 389 1884 wie
415 1847 449 1883 in
480 1849 535 1884 der
556 1846 690 1890 Natur,
724 1846 841 1885 koͤnnen
866 1845 1001 1892 gebildet
1024 1850 1160 1883 werden.

323 1909 413 1952 Oder
437 1906 488 1946 es
503 1908 613 1953 muͤßte
636 1907 710 1953 noch
741 1908 807 1956 ſehr
828 1910 890 1947 viel
912 1921 955 1947 an
983 1914 1036 1948 der
1062 1911 1158 1949 Voll⸗

326 1968 537 2017 kommenheit
557 1971 611 2008 der
630 1966 812 2015 Zeichnung
835 1971 900 2007 und
930 1973 984 2008 der
1003 1969 1157 2017 Malerey

326 2039 488 2085 mangeln.

1178 994 1243 1028 Der
1268 993 1392 1035 Hinter⸗

1179 1043 1282 1081 grund.
