1566 2365
992 286 1089 342 165

181 383 373 434 oͤffentliches
411 378 621 429 Armenhaus
659 378 905 426 aufgenommen
937 369 1079 418 wurden.

178 438 262 487 Hier
279 439 421 482 brachten
440 439 479 484 ſie
503 442 562 477 den
580 437 663 486 Reſt
687 439 771 487 ihres
788 434 900 475 Lebens
905 430 934 482 in
974 436 1082 474 bittrer

178 491 271 535 Reue
288 482 362 528 uͤber
378 488 443 538 ihre
459 487 648 539 Thorheiten
666 497 715 535 zu,
740 491 803 528 und
820 486 942 534 ſtarben
960 488 1079 535 endlich

179 539 271 587 unter
288 541 490 591 peinigenden
502 542 792 593 Gewiſſensbiſſen.
808 561 861 569 —

254 631 343 682 Jetzt
358 634 492 684 urtheile
509 634 606 684 ſelbſt,
635 634 730 673 lieber
749 632 906 681 Gottlieb,
922 632 960 672 ob
977 638 1011 671 es
1031 630 1082 677 fuͤr

180 682 257 722 dieſe
273 682 359 720 Leute
381 683 465 727 nicht
490 682 540 719 ein
558 679 685 733 wahres
704 679 807 719 Gluͤck
830 681 963 727 geweſen
985 675 1081 723 waͤre,

181 737 215 775 in
235 724 340 784 ihrem
365 735 462 780 erſten
485 733 670 781 armſeligen
689 729 850 778 Zuſtande
873 743 910 780 zu
937 730 1082 774 bleiben?

180 793 290 835 Dann
306 791 394 838 wirſt
408 796 451 831 du
467 793 516 831 dir
531 792 609 835 auch
625 792 674 828 die
684 789 790 838 Frage
806 788 1011 832 beantwortet
1025 788 1082 835 ha⸗

178 848 259 897 hen:
277 847 424 887 Warum
440 847 489 884 die
503 846 647 893 goͤttliche
656 844 850 891 Vorſehung
868 844 922 888 bey
933 848 984 881 der
993 844 1082 879 Aus⸗

178 897 319 946 theilung
338 900 390 934 der
413 899 559 942 irdiſchen
578 895 804 941 Gluͤcksguͤter,
828 894 951 940 einigen
977 893 1079 940 mehr,

179 950 298 987 andern
315 945 452 993 weniger
466 942 656 992 zugemeſſen
671 944 755 993 hat?

180 1159 317 1231 Wohl
354 1158 443 1227 dir,
489 1158 570 1227 daß
604 1158 663 1219 du
702 1165 832 1221 unter
869 1156 1081 1228 geſitteten

357 1239 584 1297 Menſchen
608 1238 787 1297 geboren
808 1238 898 1296 biſt.

174 1345 237 1420 E

237 1355 300 1409 inſt
324 1356 448 1406 verlohr
472 1355 528 1405 ſich
553 1355 601 1395 ein
627 1355 720 1402 Kind
750 1363 813 1395 von
843 1354 943 1399 ſeinen
967 1354 1082 1396 Eltern

264 1416 332 1450 weg
356 1404 388 1443 in
405 1405 506 1443 einem
525 1402 648 1445 Walde
662 1415 712 1442 wo
730 1404 809 1442 viele
824 1402 945 1447 Baͤren
963 1411 1081 1437 waren.

180 1458 252 1499 Die
261 1457 381 1497 Baͤren
394 1454 501 1503 thaten
517 1453 585 1502 ihm
602 1452 703 1496 nichts
721 1444 743 1450 zu
771 1453 858 1497 leide,
876 1453 1002 1498 ſondern
1020 1452 1083 1490 fuͤt⸗

181 1514 281 1544 terten
298 1514 334 1542 es
348 1510 416 1543 und
431 1506 532 1552 ließen
548 1511 585 1543 es
599 1507 661 1543 mit
677 1506 734 1550 ſich
750 1504 869 1549 laufen.
921 1503 985 1544 Da
1000 1512 1084 1539 wur⸗

182 1566 219 1601 de
234 1565 295 1598 das
311 1559 404 1598 Kind
421 1562 481 1598 wie
498 1562 550 1598 ein
558 1557 652 1605 Baͤr,
668 1559 754 1601 kroch
772 1557 830 1604 auf
845 1559 926 1598 allen
944 1555 1084 1605 Vieren,

183 1612 289 1652 wurde
304 1598 424 1655 harigt,
439 1609 520 1654 fraß
535 1609 608 1656 rohe
624 1606 794 1655 Wurzeln,
820 1606 916 1646 lernte
935 1605 984 1643 nie
1002 1604 1083 1650 ſpre⸗

183 1667 268 1714 chen,
282 1664 363 1703 blieb
381 1658 465 1714 ohne
475 1667 534 1703 alle
542 1665 724 1710 Vernunft.
779 1662 845 1703 Ein
861 1667 977 1705 andres
991 1662 1084 1703 Kind

183 1719 258 1760 kam
284 1725 376 1757 unter
404 1717 471 1756 eine
485 1714 608 1764 Heerde
637 1717 748 1757 wilder
771 1716 912 1765 Schafe.
964 1714 1086 1764 Dieſes

183 1780 291 1818 wurde
315 1776 365 1817 ein
381 1773 515 1823 Schaf,
545 1771 617 1821 fraß
635 1774 737 1822 nichts
761 1775 813 1811 als
830 1771 1084 1822 Schafkraͤuter,

185 1831 281 1871 lernte
297 1830 346 1868 nie
363 1827 514 1879 ſprechen,
540 1825 622 1871 blieb
640 1827 719 1878 ohne
738 1826 797 1870 alle
817 1824 999 1875 Vernunft.

260 1909 335 1950 Und
364 1913 408 1950 du
431 1911 518 1952 mein
535 1908 628 1950 Kind
658 1897 760 1955 kamſt
785 1916 876 1949 unter
898 1906 1087 1954 Menſchen,

187 1972 253 2011 und
267 1973 354 2021 zwar
379 1978 470 2013 unter
482 1970 619 2021 geſittete
635 1969 821 2019 Menſchen.
881 1971 958 2019 Alſo
980 1969 1089 2013 kannſt

626 2020 664 2076 L
664 2020 709 2076 3

1034 2026 1093 2064 du
