1754 2557
680 435 757 484 hat.
812 437 904 484 Nur
925 445 1002 486 wer
1010 440 1074 494 bey
1088 446 1157 490 den
1175 443 1439 504 empfindlichen
1446 454 1546 502 Ver⸗

675 489 899 547 ſicherungen
925 504 985 540 der
994 487 1164 553 Gnade,
1180 504 1218 545 in
1248 507 1363 551 einem
1387 507 1539 563 aufrich⸗

672 548 770 595 tigen
796 543 884 605 Haß
907 562 1017 606 gegen
1038 558 1093 600 die
1110 555 1263 614 Suͤnde,
1292 569 1369 610 und
1389 565 1427 610 in
1450 568 1544 611 einer

673 600 781 661 feſten
798 609 1108 669 Bereitwilligkeit
1120 619 1236 674 ſtehet,
1251 621 1375 672 GOtt
1393 628 1430 672 in
1450 626 1541 675 Sei⸗

638 660 741 711 nen
766 666 934 718 Geboten
956 673 1004 728 zu
1029 666 1281 729 gehorſamen,
1311 681 1413 735 auch,
1433 691 1540 728 wenn

667 721 709 762 es
725 719 803 771 ſeyn
818 722 890 775 ſoll,
906 735 970 769 um
986 726 1243 779 Seinetwillen
1268 743 1310 786 zu
1326 738 1448 792 leiden,
1457 738 1560 789 wel⸗

667 780 726 833 che
741 784 832 839 auch
849 784 953 841 ſolche
968 789 1208 846 empfindliche
1234 793 1440 851 Suͤſſigkeit
1461 805 1537 846 und

665 834 928 895 Verſicherung
958 850 1033 891 von
1067 833 1126 889 der
1168 847 1394 906 Vergebung
1427 853 1539 903 ſeiner

663 890 805 944 Suͤnde
826 887 937 952 ſelbſt
955 895 1031 959 zum
1034 891 1266 961 Gehorſam
1277 917 1400 964 gegen
1411 914 1535 964 GOtt

662 948 712 1002 ſo
730 944 796 996 viel
816 952 951 1009 ſtaͤrker
970 952 1175 1011 antreibet,
1186 965 1256 1011 als
1272 959 1402 1018 groͤſſer
1426 967 1545 1023 ſolche

660 1001 933 1062 Empfindung
962 1016 1025 1057 und
1032 1012 1251 1070 Suͤſſigkeit
1274 1020 1336 1073 iſt,
1362 1015 1448 1069 der
1458 1027 1543 1074 kan

657 1059 788 1121 ſolches
811 1066 866 1115 als
884 1066 939 1110 ein
955 1070 1062 1124 gutes
1086 1070 1234 1127 Zeichen
1254 1083 1321 1122 vor
1346 1075 1412 1132 ſich
1436 1081 1544 1130 anſe⸗

659 1117 742 1173 hen.
802 1121 926 1180 Fehlet
952 1129 993 1175 es
1020 1128 1105 1180 aber
1132 1135 1260 1187 daran,
1271 1127 1312 1192 ſo
1350 1137 1389 1192 iſt
1409 1138 1530 1194 nichts

638 1179 793 1233 darauf
805 1189 859 1239 zu
883 1178 1033 1240 bauen.
1056 1188 1127 1239 Ob
1143 1187 1198 1245 nun
1228 1184 1321 1242 aber
1345 1203 1437 1249 zwar
1470 1199 1528 1244 die

650 1235 831 1296 Heiligung
859 1239 920 1291 ein
942 1233 1200 1306 zuverlaͤßiges
1215 1242 1441 1310 Kennzeichen
1463 1260 1539 1302 der

654 1295 790 1343 Gnade
818 1297 897 1347 ſeyn
926 1297 1019 1350 kan,
1060 1308 1160 1349 wenn
1189 1312 1270 1354 man
1301 1303 1365 1356 um
1383 1310 1534 1363 Chriſti

651 1348 793 1401 Willen
811 1352 876 1404 ſich
894 1345 1064 1407 derſelben
1084 1354 1320 1419 befleiſſiget,
1331 1361 1366 1413 ſo
1390 1367 1458 1410 kan
1472 1355 1538 1417 es

649 1408 736 1463 doch
758 1409 949 1472 bißweilen
963 1405 1026 1476 bey
1043 1411 1331 1481 Uebereilungen,
1343 1426 1409 1477 bey
1416 1428 1520 1481 Fehl⸗

638 1459 776 1508 tritten
793 1465 982 1524 geſchehen,
996 1468 1064 1518 daß
1085 1468 1137 1521 ich
1146 1482 1195 1515 an
1214 1477 1276 1519 der
1277 1468 1517 1533 Rechtſchaf⸗

649 1521 781 1578 fenheit
815 1518 946 1586 meines
968 1518 1115 1584 Herzens
1138 1535 1240 1585 einen
1255 1535 1400 1593 Zweifel
1409 1550 1450 1590 zu
1460 1542 1516 1593 he⸗

646 1587 716 1629 gen
724 1581 911 1635 verſuchet
923 1588 1061 1634 werde:
1084 1588 1144 1642 ich
1157 1591 1224 1637 kan
1234 1585 1388 1643 alsdenn
1404 1597 1515 1649 daher

643 1630 717 1673 von
725 1640 784 1675 der
789 1638 998 1688 Gewißheit
1007 1641 1142 1688 meines
1178 1640 1533 1706 Gnaden·Standes

638 1694 719 1739 kein
725 1704 812 1753 ganz
835 1694 998 1758 ſicheres
1017 1695 1255 1762 Kennzeichen
1250 1700 1413 1763 nehmen.
1432 1710 1531 1768 Jch

638 1751 709 1792 kan
728 1754 813 1792 aber
828 1755 981 1796 alsdenn
997 1756 1059 1802 die
1068 1754 1226 1810 Gefuͤhle
1239 1770 1283 1816 zu
1294 1749 1418 1821 Huͤlfe
1425 1760 1507 1818 neh⸗

640 1810 736 1848 men.
791 1808 907 1862 Fuͤhle
927 1809 987 1861 ich
1010 1815 1105 1860 etwa
1129 1813 1269 1876 Kummer
1312 1815 1397 1867 uͤber
1426 1810 1510 1869 mei⸗

638 1879 680 1913 ne
711 1862 978 1931 Ungewißheit,
999 1873 1113 1932 fuͤhle
1146 1880 1202 1934 ich
1218 1883 1337 1938 einen
1373 1886 1529 1942 ſtarken

639 1924 757 1977 Trieb
773 1930 887 1977 meine
910 1924 1120 1997 Erwaͤhlung
1140 1933 1262 1993 wieder
1278 1931 1374 1998 feſte
1389 1953 1430 1998 zu
1431 1953 1518 1992 ma⸗

638 1983 733 2042 chen,
751 1984 850 2048 fuͤhle
861 1990 918 2051 ich
957 1982 1224 2064 Demuͤthigung
1242 1994 1363 2060 wegen
1363 1992 1502 2051 meiner
