1521 2488
501 394 557 425 von
576 390 629 426 den
644 384 792 435 Koͤnigen.
908 392 978 436 Cap.
1002 400 1026 436 7.

1076 395 1187 436 305

141 437 226 461 machte
234 443 262 462 er
270 442 318 463 zwo
330 440 414 465 thüren
423 444 468 466 von
480 441 651 469 ölbaum⸗holtz,

141 466 185 488 mit
197 466 335 491 fünfecketen
344 470 452 498 pfoſten,

170 492 210 514 32.
220 492 269 514 Und
278 490 323 517 ließ
331 489 478 520 ſchnitzwerck
484 493 556 519 drauf
562 495 663 519 machen

139 519 188 539 von
200 518 337 545 Cherubim,
347 524 441 545 palmen
448 527 495 544 und
507 523 662 547 blumwerck,

140 544 187 565 und
197 542 293 571 überzog
302 549 330 570 ſie
340 551 383 569 mit
391 551 506 574 güldenen
517 550 614 573 blechen.

169 570 207 594 33.
232 570 281 596 Alſo
296 572 381 596 machte
396 577 421 594 er
436 573 490 596 auch
506 573 539 596 im
549 573 649 599 eingang

139 591 179 615 des
195 596 292 619 tempels
317 601 435 624 viereckete
449 600 536 622 pfoſten
552 602 599 621 von
614 602 649 621 öl⸗

145 621 316 651 baum ⸗ holtz;

168 649 205 674 34.
207 650 258 673 Und
270 654 321 676 zwo
328 646 415 679 thüren
426 658 472 676 von
485 646 650 679 tännen⸗holtz,

138 671 185 696 daß
195 678 251 696 eine
251 678 345 701 jegliche
355 680 411 698 thür
419 682 480 700 zwey
491 680 540 698 blat
547 680 611 702 hatte
618 684 650 699 an

139 704 247 727 einander
262 698 359 732 hangend
366 707 394 732 in
405 708 475 733 ihren
484 707 578 733 angeln.

169 730 208 752 35.
224 729 273 751 Und
292 731 377 755 machte
393 730 550 759 ſchnitz⸗werck
565 733 651 756 darauf

139 755 185 776 von
201 754 343 780 Cherubim,
364 755 462 788 palmen
479 752 531 789 und
544 757 648 790 blumen⸗

138 782 227 800 werck,
239 782 293 805 und
293 783 395 807 überzog
401 786 433 806 ſie
445 786 488 806 mit
504 789 572 809 golde,
587 790 653 810 recht

139 805 186 831 wie
198 804 223 830 es
234 804 340 836 befohlen
348 812 406 837 war.

168 831 209 858 36.
230 831 282 856 Und
306 837 330 854 er
345 838 438 858 bauete
456 836 512 861 auch
530 841 597 863 einen
610 836 650 867 hof

139 857 238 879 drinnen
259 863 306 880 von
323 860 406 883 dreyen
423 859 500 884 riegen
515 859 647 889 gehauenen

139 882 242 909 ſteinen,
260 885 306 907 und
321 888 367 909 von
381 886 445 910 einer
460 886 538 913 riegen
550 894 648 923 gehöfel⸗

139 912 179 934 ten
190 913 279 936 cedern.

166 937 208 962 37.
224 938 287 961 Jm*
298 939 388 965 vierten
396 936 482 972 jahr,
498 939 531 972 im
547 953 646 983 monden

139 965 200 991 Sif,
215 966 281 992 ward
297 967 335 991 der
345 967 426 995 grund
442 975 516 1003 gelegt
531 983 570 1003 am
577 980 654 1011 hauſe

138 995 178 1021 des
191 996 294 1023 HErrn.
407 1005 483 1027 *vers
496 1011 522 1031 1.

167 1022 210 1045 38.
228 1025 269 1047 Und
280 1028 318 1050 im
325 1031 405 1053 eilften
415 1028 484 1060 jahr,
502 1039 535 1056 im
545 1042 644 1067 monden

135 1046 210 1072 Bul,
224 1048 285 1074 (das
303 1049 329 1075 iſt
341 1048 390 1082 der
390 1048 461 1084 achte
476 1063 564 1090 mond)
578 1067 644 1093 ward

134 1078 179 1100 das
193 1079 256 1106 hauß
270 1081 379 1106 bereitet,
402 1088 446 1106 wie
461 1088 487 1106 es
501 1090 554 1110 ſeyn
569 1094 644 1123 ſolte;

132 1102 179 1129 daß
188 1104 216 1130 ſie
223 1105 294 1131 ſieben
301 1111 356 1133 jahr
366 1111 433 1138 dran
439 1120 559 1140 baueten.

233 1137 329 1186 Das
347 1158 379 1186 7.
401 1150 555 1194 Capitel.

138 1186 237 1207 Salomo
250 1190 313 1211 läſſet
320 1196 349 1217 13
356 1196 410 1219 jahr
418 1200 446 1220 an
455 1204 495 1222 den
505 1204 640 1230 königlichen

163 1210 256 1232 häuſern
273 1220 364 1244 bauen:
386 1227 439 1245 auch
455 1232 470 1247 2
485 1230 576 1254 ſeulen,
600 1237 640 1257 das

165 1241 234 1261 meer,
248 1245 281 1263 10
290 1247 394 1271 geſtühle,
405 1252 437 1269 10
450 1252 566 1278 keſſel,und
579 1262 641 1283 aller⸗

163 1263 198 1286 ley
208 1267 284 1293 geräth
293 1274 344 1295 zum
363 1273 444 1302 tempel
455 1282 498 1305 von
512 1286 568 1310 ertz;
592 1291 639 1312 und

164 1291 230 1313 einen
245 1295 317 1318 altar,
341 1303 407 1325 einen
416 1305 475 1329 tiſch,
492 1313 522 1333 10
532 1314 641 1342 leuchter,

163 1318 247 1343 ſchalen
259 1326 285 1348 u.
294 1323 342 1350 dgl.
350 1330 391 1353 von
405 1335 464 1355 golde
480 1340 623 1366 verfertigen.

133 1348 185 1404 A

196 1350 237 1371 Ber
256 1354 286 1375 an
302 1356 383 1380 ſeinen
403 1364 487 1384 hauſe*
501 1370 576 1397 bauete
587 1378 640 1400 Sa⸗

203 1377 263 1401 lomo
278 1381 393 1413 dreyzehen
405 1390 466 1415 jahr,
476 1397 520 1418 daß
528 1398 565 1420 ers
574 1405 640 1430 gantz

203 1412 344 1437 ausbauete.
452 1425 526 1448 *cap.
532 1431 597 1453 9,10.

162 1435 186 1451 2.
203 1435 302 1460 Nemlich
319 1444 344 1465 er
357 1443 438 1468 bauete
454 1450 490 1474 ein
505 1453 571 1480 hauß
583 1461 636 1481 vom

130 1457 205 1480 walde
229 1465 349 1494 Libanon,
370 1472 469 1498 hundert
490 1483 548 1507 ellen
569 1484 635 1511 lang,

131 1483 220 1511 funfzig
242 1492 301 1515 ellen
312 1500 383 1523 weit,
407 1506 454 1526 und
470 1508 563 1534 dreyßig
578 1513 638 1539 ellen

133 1511 197 1534 hoch.
225 1515 274 1540 Auf
290 1523 403 1553 daſſelbige
420 1534 516 1558 gevierte
535 1538 591 1566 legte
613 1546 635 1568 er

135 1537 174 1562 den
187 1540 257 1566 boden
264 1552 304 1570 von
322 1556 399 1583 cedern
413 1560 527 1587 brettern,
555 1570 592 1590 auf
599 1573 637 1593 ce⸗

135 1566 192 1591 dern
203 1568 285 1600 ſeulen,
295 1581 347 1600 nach
356 1583 398 1606 den
408 1589 487 1610 riegen
495 1593 544 1613 hin.

166 1601 186 1622 3.
201 1600 250 1622 Und
264 1601 323 1628 oben
338 1611 407 1635 drauf
418 1617 452 1639 ein
463 1622 580 1647 gezimmer
589 1624 629 1646 von

135 1622 224 1648 cedern,
247 1633 287 1652 auf
300 1635 411 1665 dieſelben
430 1643 523 1670 ſeulen,
544 1652 634 1677 welcher

133 1650 212 1675 waren
229 1654 280 1680 fünf
295 1663 340 1684 und
358 1669 456 1695 vierzig,
478 1675 501 1699 je
516 1677 635 1704 funfzehen

133 1672 158 1695 in
166 1678 229 1701 einer
236 1686 321 1714 riegen.

163 1709 185 1729 4.
205 1703 253 1733 Und
269 1704 356 1740 waren
366 1719 447 1747 fenſter
455 1732 528 1752 gegen
533 1728 572 1756 die
579 1733 635 1758 drey

133 1727 218 1759 riegen,
220 1737 288 1773 gegen
295 1746 405 1778 einander
415 1753 488 1779 über,
504 1760 558 1786 drey
563 1764 635 1789 gegen

134 1756 202 1784 drey,

151 1790 224 1813 5.Und
230 1796 308 1818 waren
319 1799 343 1826 in
354 1797 418 1830 ihren
432 1792 510 1838 pfoſten
515 1801 633 1840 vierecket.

132 1816 184 1839 6.
198 1817 232 1842 Er
242 1822 328 1852 bauete
334 1830 391 1853 auch
400 1835 448 1861 eine
457 1837 516 1864 halle
524 1848 572 1870 von
583 1843 633 1872 ſeu⸗

131 1837 179 1864 len,
195 1843 277 1871 funfzig
287 1854 344 1883 ellen
354 1859 427 1887 lang,
444 1870 488 1891 und
499 1867 593 1895 dreyßig
601 1871 634 1895 el⸗

134 1863 171 1888 ten
180 1868 253 1902 breit,
270 1883 316 1904 und
324 1893 378 1911 noch
388 1893 438 1917 eine
448 1896 505 1918 halle
517 1902 558 1921 vor
567 1902 632 1924 dieſe,

137 1895 176 1918 mit
187 1898 255 1926 ſeulen
270 1914 322 1940 und
322 1915 405 1946 dicken
413 1922 510 1951 balcken.

162 1932 175 1947 7.
186 1925 261 1956 Und
272 1926 352 1968 bauete
361 1944 427 1970 auch
434 1948 491 1973 eine
507 1944 567 1975 halle
578 1954 633 1978 zum

132 1937 264 1987 richtſtuhl,
280 1963 345 1992 darin
355 1975 407 1994 man
420 1980 495 2003 gericht
511 1983 575 2008 hielt,
586 1987 631 2003 und

134 1970 210 1998 täfelte
219 1981 284 2013 beyde
294 1991 367 2020 boden
375 2000 419 2024 mit
427 2003 517 2030 cedern.

162 2003 186 2024 8.
200 2006 266 2034 Dazu
278 2017 324 2047 ſein
334 2023 403 2055 hauß,
411 2030 524 2061 darinnen
531 2037 556 2058 er
567 2026 632 2061 woh⸗

135 2023 198 2049 nete,
215 2036 244 2062 im
258 2042 376 2082 hinterhof
389 2055 470 2088 hinten
476 2065 509 2087 an
518 2065 553 2087 der
562 2068 631 2087 halle,

134 2054 229 2083 gemacht
245 2070 289 2095 wie
303 2076 339 2101 die
356 2084 458 2110 andern,
488 2091 537 2112 Und
549 2094 632 2113 machte

135 2082 187 2105 auch
200 2089 237 2116 ein
253 2096 328 2133 hauß,
343 2110 386 2132 wie
399 2111 427 2134 die
438 2113 513 2140 halle,
527 2119 566 2142 der
574 2120 632 2141 toch⸗

136 2104 169 2130 ter
176 2114 284 2151 Pharao,
295 2134 360 2163 *die
376 2137 485 2171 Salomo
496 2152 549 2170 zum
560 2149 631 2169 weibe

135 2137 261 2173 genommen
273 2153 343 2188 hatte.

450 2176 520 2191 *cap.
530 2177 574 2200 3,1.

160 2166 191 2188 9.
191 2167 288 2211 Solches
295 2182 350 2218 alles
360 2201 439 2222 waren
448 2192 547 2224 köſtliche
554 2196 631 2225 ſteine,

138 2182 189 2207 nach
197 2192 243 2225 dem
251 2206 411 2251 winckel⸗eiſen
420 2228 530 2253 gehauen,
542 2230 586 2252 mit
595 2229 632 2253 ſä⸗

135 2213 176 2237 gen
189 2220 323 2272 geſchnitten
330 2249 375 2275 auf
391 2255 451 2279 allen
467 2257 553 2282 ſeiten,
577 2259 629 2280 vom

671 450 759 474 grunde
768 450 804 473 bis
812 455 841 473 an
850 450 893 475 das
902 451 971 477 dach,
987 452 1043 477 dazu
1052 458 1106 483 auch
1115 452 1182 480 hauſ⸗

670 480 708 498 ſen
717 479 757 498 der
766 480 836 504 groſſe
846 481 894 506 hof.

668 509 735 523 10.
753 506 802 529 Die
813 508 959 533 grund⸗veſte
970 508 1025 532 aber
1034 513 1113 533 waren
1121 510 1179 535 auch

667 525 765 552 köſtliche
773 530 819 551 und
829 533 899 556 groſſe
907 535 985 557 ſteine,
995 538 1060 557 zehen
1071 539 1117 554 und
1128 539 1178 556 acht

653 546 724 581 ellen
732 551 792 576 groß.

697 585 736 604 11.
746 585 795 606 Und
808 577 880 614 darauf
892 585 997 612 köſtliche
1005 586 1119 613 gehauene
1129 587 1178 614 ſtei⸗

664 610 705 630 ne,
714 607 769 630 nach
786 610 825 631 dem
842 612 1012 643 winckel⸗eiſen,
1029 621 1075 644 und
1091 631 1172 646 cedern.

697 639 735 657 12.
752 636 813 661 Aber
831 639 870 659 der
888 640 956 664 groſſe
973 640 1014 665 hof
1029 647 1098 664 umher
1111 649 1178 666 hatte

664 660 721 683 drey
734 660 811 685 riegen
827 663 943 695 gehauene
960 674 1043 700 ſteine,
1066 677 1112 698 und
1123 676 1177 699 eine

657 680 727 711 riege
736 684 781 705 von
789 683 868 705 cedern
879 691 990 723 brettern.
1004 702 1060 728 Alſo
1069 706 1124 732 auch
1133 704 1179 733 der

656 714 705 738 hof
714 720 752 738 am
761 716 829 742 hauſe
839 717 877 741 des
887 717 978 746 HErrn
986 725 1113 747 inwendig,
1123 734 1174 745 und

656 741 700 765 die
710 743 768 767 halle
780 747 817 767 am
829 744 906 767 hauſe.

656 764 706 786 13.
718 767 755 807 U

758 766 786 785 nd
794 770 831 785 der
840 769 905 787 könig
918 763 1022 787 Salomo
1033 767 1112 806 ſandte
1119 780 1174 815 hin,

769 796 816 817 und
827 796 871 816 ließ
879 798 946 817 holen
956 801 1041 815 Hiram
1049 808 1172 840 vonTyro,

654 809 732 838 14.
747 818 822 839 Einer
843 824 937 855 witwen
961 826 1032 853 ſohn,
1054 835 1098 858 aus
1120 840 1176 866 dem

654 849 744 876 ſtamm
759 853 907 879 Naphthali,
929 855 976 878 und
985 856 1032 879 ſein
1040 860 1108 878 vater
1116 864 1174 880 war

654 880 701 903 ein
708 886 781 905 mann
789 886 835 906 von
840 883 905 908 Tyro
913 883 1031 910 geweſen,
1047 885 1086 908 der
1095 889 1171 911 war*

653 908 699 933 ein
709 910 807 936 meiſter
813 907 838 935 in
836 913 893 939 erz,
921 912 968 936 voll
976 912 1099 940 weisheit,
1115 917 1170 939 ver⸗

653 935 724 961 ſtand
734 939 781 961 und
790 938 876 966 kunſt,
868 939 890 967 zu
900 939 1002 965 arbeiten
1012 941 1107 967 allerley
1116 945 1171 971 ertz⸗

652 965 740 990 werck.
747 968 791 992 Da
798 969 838 991 der
844 973 896 995 zum
906 969 985 996 könige
992 969 1096 1004 Salomo
1109 971 1171 999 kam,

652 993 747 1020 machte
751 992 769 1019 er
771 995 835 1019 alle
842 996 902 1024 ſeine
909 996 1006 1023 wercke.

751 1016 805 1045 *1
812 1021 894 1052 Moſ.4,
901 1025 949 1052 22.
963 1022 1047 1057 2Moſ.
1056 1029 1144 1057 31,3.4.

691 1051 731 1074 15.
746 1049 796 1075 Und
816 1051 901 1076 machte
917 1055 965 1078 zwo
968 1055 1074 1078 *eherne
1083 1056 1171 1081 ſeulen,

652 1077 714 1102 eine
724 1077 821 1105 jegliche
830 1080 946 1105 achtzehen
962 1081 1019 1106 ellen
1035 1082 1104 1109 hoch,
1120 1086 1169 1108 und

653 1105 697 1130 ein
714 1106 780 1132 faden
798 1110 843 1132 von
854 1107 923 1135 zwölf
931 1111 989 1134 ellen
999 1114 1050 1136 war
1060 1112 1101 1135 das
1112 1112 1169 1140 maß

652 1139 701 1158 um
709 1134 801 1161 jegliche
809 1136 869 1162 ſeule
879 1137 928 1162 her.
984 1139 1151 1167 *Jer.
1078 1139 1107 1168 52,
1116 1141 1155 1167 21.

689 1166 727 1185 16.
745 1165 795 1188 Und
819 1163 904 1190 machte
924 1170 999 1192 zween
1013 1166 1102 1195 knäuffe
1118 1172 1168 1194 von

653 1187 700 1219 ertz
709 1190 827 1216 gegoſſen,
850 1192 908 1215 oben
917 1191 947 1218 auf
961 1192 999 1218 die
1007 1192 1084 1219 ſeulen
1095 1197 1121 1219 zu
1133 1194 1168 1218 ſe⸗

652 1215 727 1242 tzen,
736 1216 792 1241 und
809 1216 847 1240 ein
862 1216 968 1246 jeglicher
975 1218 1047 1244 knauf
1051 1223 1102 1243 war
1112 1219 1169 1248 fünf

658 1245 715 1267 ellen
724 1244 786 1268 hoch.

659 1268 726 1287 17.
743 1265 793 1285 Und
808 1260 833 1284 es
841 1263 921 1285 waren
932 1266 962 1287 an
970 1263 1086 1290 jeglichem
1093 1264 1169 1307 knauf

656 1293 714 1319 oben
735 1294 778 1319 auf
790 1295 829 1318 der
845 1295 923 1321 ſeulen
936 1296 1009 1322 ſieben
1029 1300 1168 1325 geflochtene

654 1318 728 1353 reiſſe,
738 1324 782 1349 wie
791 1324 873 1350 ketten.

685 1344 723 1368 18.
734 1344 774 1369 Und
785 1344 870 1370 machte
879 1349 908 1369 an
916 1344 1031 1373 jeglichem
1039 1347 1112 1383 knauf
1116 1352 1166 1376 zwo

645 1376 734 1405 riegen
745 1376 914 1406 granat⸗äpffel
929 1380 1027 1406 umher,
1042 1386 1075 1405 an
1088 1381 1165 1408 einem

651 1404 726 1439 reiffe,
736 1411 811 1435 damit
819 1413 859 1436 der
869 1412 942 1438 knauf
950 1413 1035 1438 bedeckt
1043 1417 1120 1438 ward.

685 1436 722 1457 19.
739 1433 787 1458 Und
799 1433 834 1457 die
843 1433 931 1461 knäuffe
940 1438 1019 1460 waren
1029 1435 1073 1459 wie
1082 1437 1116 1462 die
1125 1441 1164 1462 ro⸗

649 1429 694 1489 ſen
700 1463 744 1484 vor
755 1462 796 1490 der
804 1460 863 1488 halle
870 1462 920 1485 vier
930 1467 989 1489 ellen
996 1464 1062 1495 groß.

682 1492 723 1512 20.
738 1489 788 1515 Und
804 1490 843 1514 der
855 1490 1020 1520 granat⸗äpffel
1031 1493 1056 1518 in
1065 1493 1106 1518 den
1114 1492 1163 1520 rie⸗

653 1526 695 1546 gen
713 1524 795 1546 umher
811 1527 890 1548 waren
899 1528 959 1549 zwey
972 1525 1086 1551 hundert,
1099 1527 1163 1551 oben

653 1548 696 1572 und
710 1544 788 1576 unten
803 1553 835 1572 an
850 1551 901 1574 dem
914 1550 994 1578 reiffe,
1018 1552 1060 1576 der
1071 1551 1111 1581 um
1121 1554 1164 1577 den

657 1572 725 1608 bauch
733 1570 775 1599 des
784 1574 867 1603 knaufs
877 1576 995 1604 hergieng,
1003 1581 1034 1601 an
1041 1578 1164 1607 jeglichem

643 1595 730 1626 knauf,
739 1600 783 1625 auf
789 1601 873 1629 beyden
882 1603 967 1627 ſeulen.

681 1627 722 1650 21.
729 1625 788 1651 Und
799 1632 825 1651 er
832 1627 925 1654 richtete
933 1629 971 1652 die
979 1604 1061 1661 ſeulen
1070 1616 1108 1658 auf
1117 1627 1160 1658 vor

643 1659 691 1679 der
700 1651 759 1681 halle
767 1659 807 1680 des
815 1658 924 1683 tempels,
930 1655 964 1681 und
979 1661 1046 1686 die
1025 1659 1048 1686 er
1053 1663 1095 1686 zur
1102 1661 1161 1686 rech⸗

643 1686 694 1709 ten
705 1679 758 1709 hand
771 1683 847 1710 ſetzte,
863 1686 913 1709 hieß
922 1691 945 1707 er
954 1687 1058 1713 Jachin,
1063 1690 1111 1712 und
1123 1690 1160 1714 die

642 1715 678 1735 er
685 1715 725 1736 zur
735 1710 819 1734 lincken
827 1714 889 1736 hand
897 1708 966 1738 ſetzte,
978 1709 1021 1739 hieß
1031 1719 1057 1739 er
1065 1715 1154 1740 Boas.

673 1740 721 1762 22.
733 1738 794 1762 Und
803 1739 828 1761 es
842 1739 908 1763 ſtund
922 1740 969 1763 alſo
985 1741 1042 1766 oben
1060 1743 1105 1767 auf
1115 1742 1161 1766 den

643 1765 728 1791 ſeulen
737 1765 781 1788 wie
790 1766 865 1790 roſen.
894 1767 952 1795 Alſo
963 1770 1028 1793 ward
1043 1769 1160 1796 vollendet

642 1791 694 1816 das
701 1790 774 1815 werck
780 1793 816 1814 der
826 1792 912 1818 ſeulen.

679 1815 720 1845 23.
732 1813 783 1845 Und
798 1815 823 1839 er
831 1815 919 1844 machte
929 1809 966 1828 ein
973 1815 1035 1829 meer
1042 1809 1158 1845 gegoſſen⸗

643 1847 717 1874 zehen
726 1847 782 1871 ellen
790 1848 864 1873 weit,
876 1853 933 1872 von
939 1848 1015 1873 einem
1021 1850 1095 1875 rande
1104 1855 1159 1878 zum

643 1875 754 1899 andern,
779 1878 839 1898 rund
857 1877 956 1902 umher,
973 1880 1019 1902 und
1027 1873 1090 1906 fünf
1101 1877 1161 1910 ellen

642 1900 712 1927 hoch,
721 1900 769 1922 und
778 1901 829 1925 eine
839 1903 917 1928 ſchnur
925 1901 1020 1931 dreyßig
1032 1905 1090 1930 ellen
1099 1906 1158 1933 lang

643 1932 700 1952 war
712 1928 754 1950 das
762 1927 815 1953 maß
825 1928 893 1954 rings
905 1934 954 1954 um.

677 1957 718 1977 24.
733 1953 783 1977 Und
792 1959 846 1977 um
859 1956 978 1983 daſſelbige
993 1959 1064 1982 meer,
1074 1953 1112 1989 das
1124 1963 1157 1984 ze⸗

642 1982 694 2007 hen
710 1981 767 2004 ellen
777 1983 833 2005 weit
841 1987 912 2007 war,
927 1982 1025 2010 giengen
1032 1985 1116 2009 knoten
1116 1990 1158 2010 an

643 2009 732 2034 ſeinem
749 2009 821 2032 rande
834 2010 900 2036 rings
908 2011 962 2035 ums
971 2015 1033 2036 meer
1040 2012 1098 2040 her,
1113 2014 1158 2039 der

650 2036 730 2060 knoten
739 2036 794 2058 aber
803 2040 883 2061 waren
896 2040 944 2062 zwo
954 2036 1033 2065 riegen
1043 2041 1157 2067 gegoſſen.

675 2068 714 2087 25.
730 2065 780 2086 Und
795 2067 819 2087 es
833 2065 898 2089 ſtund
919 2071 951 2090 auf
970 2063 1037 2095 zwölf
1048 2069 1155 2100 rindern,

647 2088 740 2115 welcher
750 2092 805 2115 drey
812 2095 882 2117 gegen
889 2092 1038 2119 mitternacht
1048 2095 1157 2122 gewandt

649 2121 744 2142 waren,
759 2117 813 2143 drey
822 2122 892 2145 gegen
903 2118 996 2146 abend,
1019 2122 1073 2147 drey
1083 2126 1157 2149 gegen

647 2146 749 2170 mittag,
762 2147 811 2169 und
822 2150 876 2173 drey
885 2151 956 2175 gegen
965 2153 1079 2177 morgen,
1105 2151 1155 2176 und

648 2175 689 2198 das
698 2177 759 2194 meer
767 2173 824 2199 oben
831 2174 918 2201 drauf,
941 2174 985 2203 daß
1005 2178 1049 2203 alle
1057 2178 1094 2204 ihr
1102 2179 1155 2205 hin⸗

648 2198 741 2223 tertheil
751 2198 867 2227 inwendig
876 2204 936 2224 war.

674 2227 716 2251 26.
731 2225 809 2250 Seine
825 2227 882 2253 dicke
897 2230 953 2253 aber
960 2233 1014 2254 war
1021 2229 1086 2255 einer
1093 2229 1157 2258 hand

647 2252 740 2278 breit⸗
750 2253 799 2278 und
806 2255 854 2279 ſein
863 2256 923 2280 rand
933 2259 984 2281 war
992 2259 1037 2282 wie
1045 2260 1108 2282 eines
1119 2262 1158 2283 be⸗

758 2281 778 2305 U

1092 2295 1161 2321 chers
