1760 2734
559 528 722 569 zwungene
736 516 972 569 Nachahmung
986 521 1039 558 der
1053 517 1220 558 Geberden
1234 511 1350 568 gehoͤrt
1367 506 1415 561 mit
1432 521 1522 554 unter

562 582 612 621 die
628 574 950 623 Vollkommenheiten
966 579 1019 614 des
1028 572 1262 622 Schauſpieles,
1277 574 1339 610 und
1354 570 1431 610 wird
1448 569 1523 616 auch

563 629 667 668 einem
682 626 821 674 Redner,
837 628 886 665 als
902 628 951 665 ein
965 626 1089 672 Mittel,
1105 628 1163 664 den
1178 623 1325 670 Vortrag
1339 629 1373 669 zu
1389 619 1523 667 beleben,

565 695 618 733 zur
634 685 742 733 Zierde
757 683 919 733 gerechnet.
967 681 1133 731 Hingegen
1155 681 1261 730 gehoͤrt
1282 671 1337 722 die
1337 671 1445 738 Frage
1460 686 1522 716 von

564 740 620 776 der
634 735 826 786 Zulaͤßigkeit
838 740 894 777 der
911 735 1107 784 Verſtellung
1123 733 1154 773 in
1171 736 1218 774 die
1235 731 1440 779 Sittenlehre,
1458 735 1522 769 und

566 789 646 827 wird
663 788 773 827 darinn
789 787 873 834 billig
887 784 1066 833 verworfen,
1089 792 1179 822 wenn
1202 784 1241 833 ſie
1263 792 1332 832 zum
1355 780 1524 832 Nachtheil

568 845 697 883 anderer
711 842 872 883 gebraucht
888 842 977 881 wird.

646 891 678 939 §.
694 903 759 937 271.
786 893 867 932 Das
900 887 1147 936 Gedankenreich
1179 887 1251 928 beut
1281 894 1344 927 uns
1376 885 1525 936 ebenfalls

567 944 675 994 Stoff
685 955 718 992 zu
735 945 833 983 einem
849 940 1071 987 betraͤchtlichen
1087 939 1193 989 Theile
1208 944 1260 978 der
1280 929 1525 986 tranſcendenten

566 1002 761 1053 Perſpective
770 1014 828 1048 an.
881 1001 932 1041 Es
947 1000 1089 1049 geſchieht
1106 999 1183 1044 nicht
1199 999 1297 1047 ſelten,
1313 999 1374 1047 daß
1391 998 1448 1037 wir
1464 1003 1526 1035 uns

566 1056 622 1094 die
646 1053 780 1099 Sachen
803 1051 879 1096 nach
902 1051 1089 1099 demjenigen
1113 1049 1348 1098 Geſichtspunkt
1371 1049 1529 1097 vorſtellen

567 1104 699 1153 muͤſſen,
716 1110 777 1141 aus
793 1101 932 1146 welchem
948 1105 985 1150 ſie
1001 1106 1110 1141 andere
1125 1101 1311 1146 betrachten,
1330 1105 1364 1135 es
1381 1100 1438 1145 ſey,
1461 1098 1525 1145 daß

569 1159 631 1196 wir
645 1164 709 1194 uns
724 1158 756 1195 in
771 1155 940 1197 Gedanken
955 1166 996 1192 an
1019 1156 1083 1203 ihre
1108 1152 1217 1193 Stelle
1238 1153 1343 1201 ſetzen,
1367 1154 1440 1189 oder
1464 1151 1528 1198 daß

569 1210 631 1249 wir
658 1209 839 1259 wenigſtens
863 1216 924 1248 von
949 1207 1031 1259 ihrer
1055 1205 1327 1256 Vorſtellungsart
1358 1211 1419 1243 uns
1445 1205 1531 1242 einen

568 1264 711 1315 Begriff
721 1263 845 1311 machen
860 1262 989 1314 muͤſſen.
1039 1257 1173 1309 Letzteres
1189 1258 1347 1311 geſchieht,
1368 1268 1456 1298 wenn
1473 1258 1532 1298 wir

569 1316 659 1366 ſehen
677 1321 747 1354 oder
762 1314 943 1363 wenigſtens
960 1321 1021 1354 uns
1038 1314 1200 1362 einbilden,
1216 1313 1277 1362 daß
1294 1312 1354 1352 wir
1368 1311 1445 1356 nicht
1460 1309 1531 1358 glei⸗

569 1374 637 1421 cher
645 1373 816 1420 Meynung
832 1370 890 1409 mit
903 1370 994 1419 ihnen
1012 1370 1085 1419 ſind,
1104 1371 1175 1407 oder
1189 1378 1277 1407 wenn
1293 1369 1342 1417 ihr
1349 1365 1534 1415 Verfahren

567 1420 631 1459 mit
645 1421 764 1469 unſerer
778 1419 1015 1472 Gedenkensart
1032 1417 1111 1464 nicht
1129 1405 1379 1457 uͤbereinkoͤmmt.
1428 1412 1535 1461 Erſte⸗

569 1484 624 1515 res
644 1477 717 1515 aber
732 1478 808 1526 thun
824 1475 892 1522 wir,
917 1485 972 1513 um
989 1482 1051 1515 uns
1067 1476 1114 1513 die
1129 1472 1315 1522 Umſtaͤnde,
1339 1471 1460 1510 worinn
1480 1481 1534 1507 an⸗

571 1536 642 1571 dere
658 1532 713 1581 ſich
731 1531 881 1578 befinden,
902 1528 1050 1577 lebhafter
1072 1533 1135 1567 und
1149 1525 1363 1575 vollſtaͤndiger
1378 1524 1540 1573 vorzuſtel⸗

570 1589 633 1633 len,
649 1590 712 1624 und
730 1586 767 1633 ſie
781 1586 839 1624 mit
863 1584 962 1633 ihrem
978 1583 1144 1631 Betragen
1166 1587 1232 1622 und
1259 1580 1534 1629 Entſchließungen

570 1649 608 1687 zu
624 1637 823 1686 vergleichen,
847 1639 920 1676 oder
943 1635 1017 1682 auch
1030 1636 1134 1683 dahin
1151 1635 1294 1675 dienende
1308 1633 1473 1681 Anſchlaͤge
1498 1640 1535 1679 zu

571 1691 681 1741 geben.
728 1693 810 1737 Die
825 1691 1063 1734 Redensarten:
1097 1687 1179 1740 Jch
1202 1687 1283 1736 ſehe
1304 1698 1384 1728 nun
1410 1685 1535 1737 ſchon,

573 1747 649 1785 wie
659 1744 776 1792 Cajus
792 1743 863 1793 ſich
880 1745 937 1788 die
947 1742 1082 1791 Sache
1090 1739 1280 1789 vorſtellt;
1295 1749 1410 1779 wenn
1418 1739 1474 1784 ich
1484 1747 1537 1777 an

571 1798 687 1847 ſeiner
702 1798 833 1841 Stelle
849 1792 966 1846 waͤre,
988 1795 1028 1844 ſo
1043 1806 1084 1835 ꝛc.
1133 1796 1235 1839 Wer
1250 1793 1395 1837 Titium
1411 1790 1536 1840 kennt,

572 1850 674 1889 wird
691 1848 762 1899 ſich
779 1847 881 1894 nicht
895 1845 1160 1898 verwundern,
1176 1845 1251 1894 daß
1267 1854 1306 1884 ꝛc.
1322 1847 1385 1882 und
1398 1842 1537 1891 mehrere

569 1901 768 1951 dergleichen,
783 1900 878 1949 geben
895 1902 940 1941 die
960 1899 1049 1948 Faͤlle
1064 1910 1099 1948 zu
1113 1898 1271 1946 erkennen,
1286 1906 1334 1938 wo
1351 1897 1398 1935 die
1414 1897 1478 1946 hier
1491 1906 1537 1932 er⸗

570 1955 699 2006 waͤhnte
712 1953 906 2004 Perſpective
920 1952 1105 1999 vorkoͤmmt,
1113 1954 1185 1993 und
1199 1943 1327 1999 zugleich
1354 1950 1448 1997 auch,
1472 1947 1537 1996 daß

571 2003 612 2049 ſie
628 2009 690 2038 von
715 1999 782 2047 ſehr
808 1999 974 2052 haͤufigem
993 1998 1173 2051 Gebrauche
1198 1999 1256 2043 iſt,
1281 1997 1461 2042 beſonders,
1488 1997 1537 2049 wo

568 2072 648 2102 man
663 2063 789 2110 jemand
805 2061 903 2108 ſeinen
918 2058 1072 2109 Jrrthum
1094 2060 1159 2099 und
1181 2061 1240 2099 den
1254 2056 1413 2105 Urſprung
1430 2054 1537 2103 deſſel⸗

569 2117 631 2157 ben
647 2114 816 2165 aufklaͤren,
839 2113 893 2162 ihn
908 2113 1038 2163 zurechte
1061 2113 1187 2162 weiſen,
1209 2113 1275 2163 ihm
1296 2110 1465 2159 Anſchlaͤge
1489 2119 1536 2156 ge⸗

569 2165 640 2214 ben,
668 2170 739 2204 oder
753 2162 828 2211 auch
845 2163 903 2212 ſein
919 2163 1086 2212 Betragen
1103 2161 1177 2210 nach
1197 2165 1249 2201 der
1261 2155 1441 2214 Billigkeit
1450 2160 1537 2200 beur⸗

569 2224 681 2262 theilen
698 2226 773 2262 will.

644 2272 676 2320 §.
691 2285 762 2320 272.
785 2272 866 2313 Das
881 2270 1112 2320 Zuruͤckdenken
1140 2273 1204 2310 und
1219 2268 1402 2317 Ueberlegen
1417 2264 1537 2315 unſerer

572 2327 698 2378 eigenen
714 2327 829 2378 ſowohl
851 2326 1042 2375 dermaligen
1064 2327 1116 2364 als
1140 2325 1216 2374 auch
1237 2323 1362 2376 ehmals
1384 2321 1537 2370 gehabten
