1595 2217
224 518 324 554 geſchah
350 519 414 549 denn
439 518 517 554 auch,
544 520 603 554 doch
624 528 650 551 er
672 523 756 554 tanzte
774 517 893 553 vielmehr
910 519 971 555 nach

224 574 320 605 meiner
338 571 437 609 Pfeife,
468 575 533 605 denn
555 575 635 609 alles,
661 576 715 606 was
737 574 772 608 ich
792 574 888 609 wollte,
920 581 973 605 war

222 626 286 660 auch
301 624 351 661 ſein
367 625 461 662 Wille,
478 626 503 659 ja
517 634 543 656 er
556 627 653 660 machte
666 627 716 657 mir
731 626 911 664 abwechſelnde
921 627 974 657 und

222 679 285 715 noch
303 677 372 712 nicht
390 679 512 716 gekannte
531 682 653 714 Freuden.
691 681 738 711 So
758 687 775 713 z.
797 681 833 711 B.
852 682 929 711 nahm
948 687 972 709 er

221 733 287 771 mich
301 732 339 767 oft
353 734 396 764 des
410 732 513 762 Abends
527 737 604 763 unter
619 734 675 763 dem
693 734 842 767 Vorwand,
862 734 909 766 daß
924 731 972 763 wir

221 782 284 817 noch
299 781 339 814 ein
359 781 439 820 wenig
454 783 538 820 friſche
557 785 617 818 Luft
637 785 753 819 genießen
774 786 893 820 wollten,
922 786 973 816 mit

220 843 251 870 zu
266 834 478 873 Bauermaͤgden,
499 836 549 869 mit
562 837 641 866 denen
656 844 680 868 er
701 836 727 867 in
743 836 851 869 meinem
865 839 971 873 Beiſein

220 896 282 926 ganz
301 891 347 925 frei
366 893 418 924 und
438 896 623 926 ungezwungen
636 890 745 927 ſcherzte.
784 891 833 928 Jch
852 899 903 922 war
917 900 971 923 nun

218 946 293 983 ſchon
314 946 351 979 im
371 946 458 983 eilften
477 946 576 984 Jahre,
596 946 697 983 folglich
722 948 809 980 konnte
830 949 895 984 mir,
915 950 971 979 was

219 999 259 1033 ich
274 998 316 1036 ſah
336 1001 388 1031 und
408 997 495 1035 hoͤrte,
513 999 585 1035 ſchon
605 1006 665 1034 ganz
686 1006 741 1033 zum
759 1001 903 1035 Unterricht
920 1002 972 1032 die⸗

219 1057 286 1086 nen,
305 1052 353 1082 den
367 1052 404 1086 ich
422 1052 485 1088 auch
504 1053 556 1084 mit
576 1053 700 1089 Begierde
719 1053 853 1090 aufnahm.
910 1053 972 1089 Pelz

217 1106 273 1134 war
297 1106 322 1138 ſo
342 1104 468 1141 gefaͤllig,
486 1107 532 1141 fuͤr
557 1106 598 1138 ein
624 1105 751 1139 Maͤdchen
780 1105 917 1142 ohngefaͤhr
941 1106 969 1137 in

218 1151 320 1181 meinen
343 1152 444 1185 Jahren
464 1157 493 1185 zu
515 1152 616 1186 ſorgen,
646 1167 686 1194 die
711 1163 802 1192 immer
824 1159 859 1190 bei
877 1152 969 1188 unſern

217 1197 493 1236 Abendgeſellſchaften
509 1197 581 1241 war,
590 1203 643 1231 und
663 1203 700 1234 ich
718 1205 798 1232 lernte
813 1206 860 1231 den
876 1203 972 1235 Genuß

217 1253 380 1288 verborgener
400 1253 513 1290 Freuden
530 1254 566 1285 bei
587 1253 642 1289 ihr,
661 1253 685 1289 ſo
698 1255 746 1284 wie
760 1256 789 1289 ſie
805 1257 842 1284 bei
862 1257 912 1285 mir
928 1257 970 1285 die

217 1306 357 1342 nehmliche
374 1305 474 1340 Lection
490 1306 607 1344 empfing.
645 1307 703 1343 Pelz
721 1309 773 1339 und
797 1308 860 1345 ſeine
880 1307 968 1344 Schoͤ⸗

217 1372 267 1395 nen
287 1363 390 1396 dienten
412 1365 463 1396 uns
486 1370 528 1399 zur
550 1365 654 1402 Norm,
670 1360 733 1398 wir
753 1362 832 1402 ließen
855 1366 907 1396 uns
926 1371 970 1401 ge⸗

216 1419 337 1456 genſeitig
357 1419 493 1457 ungeſtoͤrt.

273 1474 381 1510 Unſere
396 1474 561 1510 Lehrſtunden
578 1475 682 1505 wurden
698 1475 759 1509 nach
777 1477 834 1506 dem
847 1477 969 1507 Glauben

215 1522 313 1554 meiner
325 1517 433 1557 Mutter
445 1525 506 1561 ſehr
506 1526 591 1561 genau
609 1525 740 1558 gehalten,
762 1525 893 1559 eigentlich
907 1526 966 1557 aber

214 1578 321 1613 dachten
343 1578 391 1611 wir
409 1580 459 1612 mit
478 1580 572 1611 keinem
591 1580 681 1610 Worte
702 1587 735 1611 an
753 1581 799 1610 den
811 1580 966 1615 Unterricht.

214 1626 274 1659 Pelz
290 1624 366 1662 fand,
390 1628 423 1658 da
435 1635 460 1658 er
474 1625 584 1660 anfangs
599 1624 648 1656 mit
659 1624 766 1663 einigem
780 1627 854 1662 Ernſt
868 1626 970 1662 angrei⸗

213 1686 256 1721 fen
271 1686 371 1723 wollte,
392 1690 440 1725 daß
452 1688 489 1726 ich
501 1689 561 1719 uͤber
576 1688 638 1721 das,
659 1690 713 1719 was
733 1696 758 1719 er
777 1688 828 1720 mit
839 1688 890 1720 mir
908 1695 967 1720 vor⸗

214 1731 321 1772 nehmen
343 1736 445 1774 wollte,
479 1744 530 1772 weg
544 1742 614 1773 war,
633 1739 686 1770 und
712 1739 803 1771 konnte
824 1745 878 1769 nun
896 1738 968 1774 nicht

212 1789 308 1823 weiter.
347 1792 398 1829 Jch
411 1793 482 1825 ward
496 1791 560 1829 ſeine
574 1790 756 1828 Unwiſſenheit
772 1793 890 1829 gewahr,
911 1792 964 1823 und

214 1838 343 1877 ſchraubte
355 1843 403 1880 ihn
416 1842 522 1878 daruͤber
535 1840 606 1879 nicht
619 1841 739 1879 ſchlecht;
757 1850 802 1876 um
817 1843 905 1881 Friede
917 1841 969 1875 mit
