1537 2331
583 302 708 401 129

309 424 417 461 wenn
443 419 601 471 mehrere
633 419 736 471 ſchon
760 423 867 467 darin
891 423 1027 476 ſtehen,
1061 425 1101 475 ſo

308 474 423 518 bleibt
455 478 517 520 der
542 475 656 528 Theil
679 479 740 531 feſt
763 480 898 531 ſtehen,
942 479 1014 519 und
1040 483 1101 525 der

304 529 441 575 andere
457 526 581 582 Theil
581 527 691 583 wirft
714 543 782 574 nur
800 534 894 585 ſeine
914 531 1100 584 Schulter

308 587 405 631 links
425 586 549 640 zuruͤck
563 588 948 644 comparativement
960 595 1022 636 des
1035 594 1100 638 Al⸗

307 645 550 698 lignements,
603 649 694 697 ohne
731 650 795 700 ihn
831 649 1100 703 Linksumkehrt

308 706 455 751 machen
472 715 513 751 zu
538 707 662 751 laſſen.

249 761 298 814 2)
328 762 472 808 Wenn
472 764 544 809 ein
568 765 769 808 Bataillon
788 769 882 812 links
900 767 1101 820 ſchwenken

305 817 392 871 ſoll,
426 818 503 860 und
528 819 585 861 die
607 817 709 871 Zuͤge
733 820 872 864 wieder
883 824 1003 874 Front
1020 833 1099 866 ma⸗

295 878 413 927 chen,
448 878 523 920 und
545 881 602 922 im
624 878 858 933 Schwenken
873 884 967 927 wird
984 879 1100 940 Halt

303 928 450 994 Front
467 937 725 987 commandirt,
744 938 781 988 ſo
799 937 932 991 muͤſſen
952 943 1008 985 die
1024 942 1099 993 Zuͤ⸗

281 993 371 1037 ge,
397 992 496 1042 wenn
528 991 623 1039 ihre
646 988 880 1040 Jntervallen
910 1002 951 1041 zu
983 994 1097 1043 groß,

303 1047 364 1089 die
383 1047 496 1088 linken
512 1040 641 1099 Fluͤgel
657 1047 877 1095 geſchwinde
895 1051 1097 1100 vorziehen,

267 1099 406 1144 doch
410 1101 477 1151 ſo,
513 1101 587 1152 daß
620 1102 665 1154 ſie
698 1102 792 1154 nicht
824 1104 895 1155 auf
924 1106 1097 1152 einander

295 1156 444 1212 feuern.
501 1160 602 1209 Das
640 1160 947 1215 Cavalleriefeuer
985 1166 1098 1218 findet

300 1221 381 1272 hier
399 1220 601 1275 gleichfalls
616 1224 723 1279 ſtatt;
753 1227 826 1267 und
841 1225 877 1276 ſo
897 1229 966 1271 wie
982 1228 1095 1280 dieſes

301 1280 421 1331 Feuer
445 1282 596 1334 aufhoͤrt
620 1287 693 1328 und
720 1278 895 1336 Marſch
913 1297 1097 1331 comman⸗

271 1333 378 1382 dirt
392 1339 500 1386 wird,
529 1339 566 1388 ſo
582 1340 676 1380 wird
693 1339 977 1393 comparative
977 1341 1096 1392 Links

285 1386 400 1436 eben
415 1384 504 1438 das
513 1385 743 1447 beobachtet,
772 1398 855 1436 was
874 1394 923 1435 im
943 1394 1094 1443 vorigen

285 1456 342 1488 n.
363 1460 401 1490 1.
415 1456 479 1492 von
502 1448 643 1495 Rechts
659 1449 781 1495 geſagt
796 1455 962 1495 worden.

211 1495 302 1536 G)
320 1504 453 1543 Wenn
466 1514 522 1545 ein
531 1510 730 1549 Regiment
745 1515 821 1548 eine
833 1514 1093 1556 Achſeſchwen⸗

190 1552 294 1598 kung
323 1556 446 1610 machen
473 1557 559 1611 ſoll,
595 1559 634 1606 ſo
658 1565 752 1605 kann
778 1561 911 1609 ſolches
935 1564 1006 1609 auf
1016 1581 1093 1610 ver⸗

193 1614 370 1669 ſchiedene
383 1624 453 1668 Art
466 1623 675 1678 geſchehen,
705 1626 787 1668 als:

250 1684 289 1733 1)
319 1678 410 1725 Der
435 1685 527 1728 linke
543 1680 678 1733 Fluͤgel
697 1687 784 1746 vom
799 1689 889 1735 4ten
906 1682 1006 1735 Zuge
1025 1688 1091 1732 des

304 1740 387 1780 1ten
418 1739 644 1786 Bataillons
675 1743 769 1784 wird
802 1752 865 1793 zur
896 1743 1006 1796 Achſe
1034 1748 1090 1789 de⸗

298 1795 520 1843 terminiret.
570 1796 669 1844 Das
696 1797 1090 1849 Grenadierbataillon

297 1849 374 1895 und
399 1850 457 1895 die
476 1862 507 1908 4
528 1851 637 1904 erſten
660 1852 761 1905 Zuͤge
787 1862 873 1897 vom
899 1863 980 1900 1ten
1004 1858 1089 1902 Ba⸗

266 1906 428 1951 taillon
442 1909 642 1961 ſchwenken
663 1908 852 1956 vorwaͤrts
872 1914 983 1967 links,
1000 1912 1088 1961 nach

297 1967 359 2010 der
385 1960 504 2015 Regel
530 1966 585 2010 die
610 1966 741 2016 vorher
767 1967 971 2016 angegeben
992 1978 1086 2011 wor⸗

686 2026 744 2087 J

988 2029 1090 2083 den,
