3055 4415
822 719 979 769 gerichtet.
1062 724 1177 772 Dieſer
1197 723 1318 768 David
1337 723 1454 770 Georg
1464 718 1534 770 war
1542 725 1592 765 ein
1608 721 1717 769 Glaß⸗

822 773 961 821 mahler/
967 774 1052 822 begab
1072 776 1131 823 ſich
1137 776 1170 832 zu
1177 769 1238 824 den
1250 771 1585 823 Wieder⸗Taͤuffern/
1597 768 1646 825 gab
1661 774 1720 821 ſich

823 822 898 867 nach
907 823 1132 871 empfangenen
1140 822 1263 871 groſſen
1275 824 1414 872 Anhang
1423 827 1486 864 aus
1495 823 1546 873 fuͤr
1558 831 1615 865 den
1632 822 1719 867 rech⸗

819 877 870 913 ten
885 876 1061 921 Chriſtum/
1071 881 1126 915 mit
1141 874 1274 918 welchen
1285 874 1420 922 Moſes/
1430 878 1475 914 die
1488 873 1621 924 heiligen
1641 871 1718 924 Pro⸗

820 926 930 972 pheten
941 931 1004 966 und
1015 926 1153 972 Apoſtel/
1165 925 1345 973 Johannes
1356 933 1408 970 der
1423 918 1565 977 Taͤuffer
1577 920 1657 976 (Ja
1674 929 1718 960 er⸗

819 978 1002 1024 ſchreckliche
1022 976 1209 1024 Laͤſterung)
1242 977 1417 1027 CHriſtus
1438 980 1582 1021 Marien
1599 978 1716 1024 Sohn

816 1028 901 1076 ſelbſt
914 1032 990 1073 nicht
1004 1039 1031 1075 zu
1041 1018 1227 1076 vergleichen
1245 1025 1361 1076 ſtuͤnde.
1435 1031 1485 1073 Er
1500 1031 1558 1077 ließ
1566 1029 1631 1078 ſich
1641 1035 1716 1068 nen⸗

816 1085 876 1114 nen
890 1080 945 1116 den
956 1077 1046 1122 Geiſt
1057 1084 1107 1117 der
1119 1077 1294 1120 Warheit/
1304 1081 1357 1116 der
1359 1074 1418 1126 die
1419 1076 1595 1125 Menſchen
1611 1081 1641 1117 in
1659 1078 1716 1116 alle

815 1128 978 1173 Warheit
989 1129 1079 1167 leitet/
1088 1136 1152 1167 von
1160 1127 1293 1173 welchen
1305 1129 1350 1169 die
1360 1128 1571 1176 Propheten/
1589 1126 1719 1176 Apoſtel

814 1178 848 1226 ja
870 1176 1023 1224 Chriſtus
1043 1177 1127 1225 ſelbſt
1137 1181 1290 1225 gezeuget.
1367 1178 1424 1228 Ja
1437 1178 1471 1227 er
1445 1180 1564 1222 leitet
1579 1182 1622 1219 die
1632 1177 1717 1227 jeni⸗

813 1236 887 1274 gen/
897 1228 928 1274 ſo
936 1232 993 1268 den
1003 1230 1122 1273 rechten
1134 1228 1229 1278 Weg
1239 1240 1290 1278 zur
1312 1221 1484 1282 Seeligkeit
1499 1222 1612 1281 treffen
1635 1229 1717 1269 wol⸗

813 1282 886 1317 len/
891 1282 948 1318 von
961 1283 1012 1317 der
1025 1279 1146 1321 Biebel
1155 1280 1208 1331 ab/
1225 1283 1289 1318 und
1307 1279 1410 1326 weiſet
1424 1278 1469 1325 ſie
1488 1278 1547 1326 auf
1560 1279 1617 1327 ſich
1633 1277 1717 1328 ſelbſt

812 1333 864 1367 als
873 1329 929 1376 auf
937 1335 993 1368 den
1005 1331 1127 1372 rechten
1141 1327 1413 1375 Seeligmacher/
1415 1327 1491 1381 was
1504 1336 1569 1370 von
1585 1326 1716 1374 Chriſto

813 1384 847 1424 in
864 1389 918 1426 der
928 1384 1081 1433 Schrifft
1101 1385 1217 1433 geſaget
1229 1376 1321 1426 wird/
1337 1386 1424 1432 ziehet
1434 1389 1465 1424 er
1481 1386 1531 1434 auf
1539 1373 1611 1426 ſich/
1630 1385 1661 1421 ja
1681 1384 1715 1413 er

812 1432 956 1480 ſchreibet
966 1434 998 1473 in
1020 1433 1119 1479 ſeinen
1138 1432 1346 1480 Buͤchern;
1397 1429 1447 1477 Er
1463 1434 1510 1483 ſey
1527 1438 1583 1476 des
1601 1434 1717 1480 Herrn

812 1483 945 1525 Mund/
955 1490 1007 1522 der
1022 1483 1185 1528 Geſandte
1198 1480 1362 1525 GOttes/
1380 1488 1432 1522 der
1445 1488 1507 1521 das
1519 1483 1717 1529 weſendliche

808 1530 925 1585 Wort
935 1536 1060 1576 Gottes
1068 1535 1153 1582 ſelbſt
1161 1538 1345 1582 geworden/
1364 1541 1417 1575 und
1430 1533 1527 1582 ſolten
1538 1536 1596 1576 alle
1610 1534 1716 1577 Men⸗

809 1583 897 1630 ſchen
927 1585 978 1631 ihn
994 1587 1047 1622 als
1077 1586 1166 1623 einen
1181 1585 1367 1633 gebohrnen
1382 1585 1495 1634 Sohn
1513 1589 1643 1627 Gottes
1651 1591 1716 1624 von

807 1634 953 1685 Himmel
971 1635 1138 1679 erkennen/
1147 1643 1212 1677 und
1223 1640 1305 1678 der/
1337 1637 1369 1685 ſo
1378 1636 1478 1686 ſeiner
1489 1637 1579 1683 Lehre
1585 1634 1715 1671 wieder⸗

809 1682 941 1737 ſpreche/
950 1691 1096 1729 begienge
1107 1689 1174 1728 eine
1186 1687 1316 1723 Suͤnde
1331 1693 1361 1722 in
1373 1684 1501 1721 heiligen
1511 1672 1636 1715 Geiſt/
1650 1672 1725 1710 und

808 1733 883 1769 was
892 1731 1079 1779 dergleichen
1090 1731 1376 1778 Gotteslaͤſteriche
1387 1732 1506 1778 Lehren
1526 1733 1613 1776 mehr
1624 1732 1716 1779 ſeyn/

806 1783 903 1826 dieſer
913 1784 1047 1821 Davidt
1057 1785 1180 1819 Georg
1188 1781 1263 1818 oder
1271 1781 1382 1828 Joris
1394 1782 1479 1828 ſtarb
1496 1777 1551 1826 und
1567 1782 1653 1827 ward
1669 1781 1717 1820 be⸗

806 1831 944 1880 graben
942 1832 980 1886 zu
980 1832 1084 1878 Baſel
1094 1836 1125 1874 in
1136 1826 1208 1876 St.
1232 1833 1415 1878 Leonhards
1429 1826 1578 1883 Kirchen.
1652 1832 1716 1876 Als

809 1893 883 1928 man
886 1882 978 1937 aber
979 1887 1053 1931 nach
1068 1881 1185 1940 ſeinem
1195 1886 1291 1928 Todt
1309 1886 1410 1927 hinter
1425 1883 1501 1933 ſeine
1523 1885 1614 1934 Lehre
1641 1890 1714 1928 und

808 1936 944 1986 Buͤcher
956 1937 1116 1980 kommen/
1129 1936 1185 1984 hat
1205 1943 1259 1978 der
1275 1936 1371 1984 Rath
1401 1933 1558 1983 deſſelben
1581 1934 1713 1986 Coͤrper

807 1989 922 2030 wieder
930 1987 1107 2046 aufgraben
1125 1993 1176 2031 und
1183 1983 1361 2042 folgendes
1370 1987 1492 2037 Urtheil
1501 2002 1545 2031 an
1561 1991 1615 2037 ihn
1624 1999 1713 2026 exe-

806 2041 934 2091 qviren
953 2036 1087 2092 laſſen:
1137 2041 1277 2092 Weilen
1287 2032 1422 2092 Davidt
1438 2033 1532 2092 Joris
1553 2035 1634 2086 oder
1643 2047 1712 2085 Ge⸗

807 2099 867 2136 org
878 2090 968 2138 Lehre
976 2091 1119 2132 Gottlos
1128 2095 1192 2132 und
1214 2090 1374 2138 verletzlich
1392 2102 1433 2131 an
1450 2096 1502 2134 der
1517 2085 1711 2137 Goͤttlichen

805 2142 982 2194 Majeſtaͤt/
991 2142 1022 2191 ſo
1035 2146 1086 2193 ſoll
1097 2145 1223 2194 dieſelbe
1231 2149 1329 2193 mehr/
1339 2150 1426 2188 dann
1440 2139 1495 2195 fuͤr
1510 2144 1711 2195 Ertz⸗Kaͤtze⸗

809 2193 883 2241 riſch
892 2194 1039 2245 gehalten
1050 2198 1213 2238 werden/
1241 2201 1276 2236 es
1287 2195 1382 2235 ſollen
1392 2198 1468 2236 auch
1480 2190 1533 2238 alle
1547 2190 1619 2240 ſeine
1627 2194 1708 2237 Buͤ⸗

805 2242 886 2285 cher/
898 2251 1050 2283 darinnen
1061 2242 1157 2291 ſolche
1170 2233 1318 2294 Kaͤtzerey
1328 2242 1512 2290 befindlich/
1546 2245 1640 2288 durch
1649 2247 1709 2283 den

806 2295 1021 2339 Nachrichter
1033 2289 1182 2343 verbrant
1190 2288 1331 2338 werden.
1382 2292 1503 2338 Ferner
1508 2289 1568 2337 iſt
1568 2288 1706 2329 Davidt

806 2342 942 2387 Georg/
975 2341 1086 2380 weilen
1095 2350 1126 2379 er
1135 2342 1182 2381 ein
1191 2340 1370 2390 Anfaͤnger
1378 2343 1491 2387 ſolcher
1499 2339 1710 2389 ſchaͤndlichen

808 2390 902 2435 Sect
912 2388 961 2439 iſt/
975 2395 1038 2431 und
1047 2391 1211 2438 Verletzer
1221 2393 1272 2429 der
1279 2381 1449 2439 goͤttlichen
1459 2388 1644 2439 Majeſtaͤt/
1658 2397 1710 2433 als

813 2442 848 2478 iſt
861 2445 893 2474 er
902 2438 983 2476 nicht
994 2433 1107 2477 werth/
1119 2435 1181 2480 daß
1187 2445 1220 2474 er
1225 2433 1290 2476 bey
1300 2439 1420 2476 andern
1437 2424 1588 2484 Chriſten
1607 2434 1710 2481 ruhen

806 2492 903 2533 ſoll/
932 2484 995 2532 und
1014 2493 1105 2537 ſollen
1122 2493 1269 2539 deswegen
1291 2491 1370 2540 ſeine
1399 2491 1530 2534 Gebeine
1545 2482 1709 2544 aufgegra⸗

804 2541 877 2587 ben/
885 2550 949 2586 von
960 2547 1027 2584 dem
1041 2543 1254 2589 Nachrichter
1267 2548 1348 2585 vors
1359 2541 1584 2592 Stein⸗Thor
1593 2543 1659 2595 auf
1659 2543 1709 2593 der

805 2586 1041 2646 gewoͤhnlichen
1052 2599 1235 2645 Richtſtadt
1245 2594 1346 2643 ſambt
1360 2598 1457 2646 ſeinen
1469 2596 1626 2647 Buͤchern
1645 2606 1709 2640 und

807 2647 994 2698 Conterfaie
1004 2650 1062 2690 mit
1070 2652 1174 2699 Feuer
1188 2648 1373 2693 verbrennet
1385 2653 1528 2694 werden/
1549 2655 1613 2692 und
1633 2657 1708 2692 end⸗

806 2701 861 2746 lich
872 2701 925 2747 ſoll
934 2704 1010 2742 alles
1018 2702 1113 2747 Guth
1125 2704 1180 2741 des
1193 2692 1452 2751 Ertz⸗Kaͤtzers/ſo
1464 2701 1505 2740 in⸗
1522 2705 1585 2742 oder
1594 2699 1708 2750 auſſer⸗

806 2754 881 2799 halb
891 2757 959 2796 dem
968 2749 1162 2803 Roͤmiſchen
1172 2752 1274 2797 Reich
1284 2755 1477 2796 verhanden/
1489 2758 1556 2794 dem
1573 2753 1709 2799 Richter

805 2800 953 2851 verfallen
963 2801 1045 2849 ſeyn.
1114 2802 1276 2851 Worauf
1294 2809 1341 2843 die
1355 2803 1556 2841 Execution
1572 2803 1710 2847 alſobald

803 2848 1002 2899 vollſtrecket/
1013 2859 1065 2895 der
1075 2849 1194 2898 Sarck
1205 2854 1289 2896 lehne
1299 2853 1425 2902 geſetzet/
1437 2854 1498 2900 daß
1506 2859 1557 2894 der
1581 2852 1709 2899 Coͤrper

806 2908 874 2943 von
883 2902 962 2942 allen
969 2899 1167 2949 Zuſchauern
1186 2903 1262 2947 wohl
1276 2900 1361 2943 konte
1373 2902 1498 2949 geſehen
1508 2904 1651 2942 werden/
1657 2904 1711 2942 der

807 2955 875 2998 Leib
883 2961 954 2994 war
964 2954 1045 3000 noch
1055 2949 1188 2997 ziemlich
1202 2959 1294 3001 gantz/
1304 2962 1355 2996 der
1365 2956 1481 3000 Barth
1496 2954 1566 3001 gelb
1580 2959 1645 2995 und
1657 2959 1710 2996 der

805 3004 923 3054 ſeidene
951 2989 1183 3053 Schlaff⸗Rock
1193 2994 1280 3050 nebſt
1292 3009 1357 3044 dem
1368 3000 1621 3053 Haupt⸗Kuͤſſen
1630 3004 1711 3051 noch

806 3048 942 3108 ziemlich
950 3060 1020 3102 gut;
1043 3054 1141 3103 dieſes
1161 3049 1306 3106 geſchahe
1323 3057 1490 3104 drittehalb
1504 3055 1600 3105 Jahr
1630 3057 1710 3104 nach

808 3107 921 3143 ſeinem
938 3097 1046 3143 Tode.

859 3149 1017 3189 Nucleus
1034 3150 1163 3187 Hiſtor.
1187 3161 1222 3196 p.
1257 3151 1330 3196 576.
1348 3145 1520 3198 Henning
1536 3143 1576 3204 in
1581 3148 1713 3199 Johan-

862 3213 958 3240 nem.
984 3213 1018 3251 p.
1034 3213 1105 3250 372.
1132 3201 1271 3252 Jeſſemi
1288 3202 1480 3253 aufgedeckte
1500 3210 1609 3247 Larve.
1641 3205 1712 3244 Ge-

861 3254 1056 3294 nebrardus
1075 3266 1110 3304 p.
1123 3256 1197 3298 256.

1091 3365 1235 3454 Der
1316 3371 1451 3448 LV.

878 3473 1210 3599 Falſche
1245 3463 1650 3608 Mesſias.

814 3668 922 3802 J

928 3675 1017 3743 M
1047 3672 1285 3762 Anfang
1314 3675 1414 3744 des
1445 3674 1716 3759 16ooſten

926 3754 1122 3803 SECULI
1153 3759 1233 3799 von
1256 3752 1429 3796 CHriſti
1453 3756 1642 3796 Geburth
1659 3756 1716 3799 an

817 3816 999 3859 zurechnen/
1010 3816 1149 3863 ſchlugen
1167 3814 1226 3862 ſich
1247 3814 1421 3862 zuſammen
1444 3826 1495 3861 13.
1508 3812 1576 3865 boͤſe
1588 3817 1716 3862 Buben

815 3879 850 3912 in
860 3873 928 3912 dem
937 3870 1163 3919 Fuͤrſtenthum
1169 3870 1447 3919 Braunſchweig/
1455 3876 1546 3914 deren
1553 3873 1640 3913 einer
1646 3879 1715 3912 mu⸗

1787 707 1827 754 ſte
1836 707 2003 756 Chriſtus/
2014 708 2078 748 und
2090 707 2137 748 die
2147 711 2269 749 andern
2278 718 2328 742 12.
2338 707 2463 754 muſten
2473 698 2574 759 deſſen
2591 709 2679 756 Apo⸗

1783 763 1835 811 ſtel
1844 765 1926 813 ſeyn.
2001 767 2130 809 Wann
2139 776 2205 806 nun
2222 767 2270 806 die
2284 765 2437 809 Buben/
2451 767 2555 809 etwan
2562 765 2617 807 lho
2631 766 2682 805 ein

1781 815 1911 862 ziemlich
1921 816 2006 859 Geld
2013 816 2426 863 vermercketen/ſonderlich
2438 819 2492 865 bey
2501 816 2599 861 denen
2599 816 2681 861 Ein⸗

1780 861 1910 913 faͤltigen
1923 865 2000 915 aufn
2011 868 2127 908 Lande/
2136 866 2309 914 trachteten
2309 866 2354 913 ſie
2372 868 2430 913 auf
2435 869 2554 917 allerley
2563 864 2678 914 Weiſe

1781 908 1898 964 ſolches
1909 917 2108 963 zuerlangen.
2199 919 2332 966 Geſtalt
2337 906 2383 965 ſie
2386 921 2479 958 dann
2493 921 2606 963 ſolches
2621 919 2679 960 mit

1780 968 1867 1009 einen
1894 960 2009 1019 Muͤller
2028 968 2103 1013 wohl
2110 964 2322 1018 praƈticiret/
2336 971 2461 1009 darvon
2472 967 2517 1007 die
2531 967 2679 1016 Hiſtoria

1779 1015 1906 1064 folgend
1906 1015 1978 1064 iſt:
1995 1016 2133 1058 Eskam
2150 1018 2239 1064 dieſer
2258 1018 2362 1066 falſche
2390 1011 2520 1064 Mesſias
2540 1018 2622 1065 nebſt
2631 1018 2680 1064 ſei⸗

1780 1073 1841 1103 nen
1856 1074 1887 1102 12
1904 1064 1992 1118 boͤſen
2020 1063 2161 1113 Juͤngern
2188 1070 2228 1119 zu
2234 1068 2342 1113 einem
2362 1067 2446 1107 alten
2467 1062 2593 1110 Muͤller
2625 1069 2682 1107 ins

1780 1114 1902 1162 Hauß/
1912 1122 1976 1158 und
1987 1119 2086 1164 baten
2090 1119 2142 1165 um
2157 1115 2342 1167 Herberge/
2376 1127 2406 1158 in
2418 1122 2469 1160 der
2479 1116 2596 1166 Nacht
2606 1119 2681 1159 aber

1777 1174 1871 1212 zuvor
1883 1168 1987 1214 hatten
2000 1169 2039 1216 ſie
2051 1171 2109 1207 den
2126 1169 2232 1210 Keller
2251 1168 2462 1215 erbrochen/
2488 1170 2557 1210 und
2574 1171 2682 1210 etwas

1777 1214 1888 1271 Wein
1899 1229 1959 1263 und
1980 1224 2070 1267 Bier
2079 1222 2192 1268 hinein
2206 1223 2439 1274 praƈticiret/
2460 1221 2547 1266 auch
2566 1223 2599 1263 in
2617 1228 2681 1261 den

1777 1273 1875 1322 Teich
1887 1275 1969 1325 Fiſch
1993 1269 2049 1321 mit
2063 1268 2126 1320 dem
2128 1275 2210 1322 Netz
2224 1273 2393 1322 gefangen.
2468 1275 2536 1319 Da
2550 1286 2619 1318 nun
2627 1277 2683 1314 der

1776 1321 1933 1374 einfaͤltige
1947 1321 2078 1371 Muͤller
2088 1326 2160 1372 dieſe
2170 1323 2275 1372 Gaͤſte
2282 1325 2548 1376 aufgenommen/
2557 1326 2680 1376 ſchickte

1775 1377 1831 1414 der
1840 1368 1987 1428 Mesſias
2007 1375 2093 1416 einen
2093 1375 2163 1416 und
2182 1380 2239 1413 den
2254 1379 2374 1416 andern
2390 1381 2456 1415 von
2475 1374 2572 1420 ſeinen
2586 1371 2682 1426 Juͤn⸗

1772 1434 1855 1472 gern
1868 1430 1944 1468 aus/
1960 1426 2075 1478 Fiſche/
2098 1422 2180 1470 Bier
2180 1427 2249 1472 und
2261 1428 2375 1474 Wein
2391 1437 2430 1470 ꝛc.
2446 1426 2584 1478 welches
2589 1423 2636 1479 ſie
2648 1435 2681 1468 uͤ⸗

1775 1473 1830 1513 ber
1843 1483 1928 1522 zuvor
1937 1472 2207 1525 angeſchaffet/uñ
2217 1476 2359 1523 drauſſen
2366 1477 2543 1523 verborgen
2553 1476 2682 1524 gehabt/

1773 1525 1917 1571 zuholen.
1945 1515 2124 1570 Woruͤber
2143 1527 2200 1575 ſich
2215 1518 2272 1571 der
2280 1523 2404 1570 Muͤller
2419 1520 2476 1571 mit
2490 1528 2582 1574 ſeiner
2597 1530 2682 1568 alten

1776 1576 2042 1626 Hauß⸗Frauen
2055 1578 2276 1625 Margrethen
2290 1577 2426 1626 hertzlich
2441 1583 2682 1621 verwunderte.

1774 1622 1839 1670 Als
1841 1621 1892 1676 ſie
1893 1625 1970 1663 aber
1980 1628 2036 1667 des
2044 1620 2219 1671 Morgens
2229 1611 2379 1672 Abſchied
2394 1619 2527 1672 nehmen
2542 1625 2680 1669 wolten/

1768 1668 1875 1716 fragte
1892 1663 2021 1719 Petrus
2031 1676 2122 1712 unter
2133 1668 2225 1715 ihnen
2234 1676 2292 1712 den
2301 1665 2458 1715 Muͤller/
2467 1675 2540 1712 was
2552 1669 2597 1721 ſie
2612 1679 2680 1714 ver⸗

1770 1717 1875 1774 zehret
1883 1717 2015 1773 haͤtten/
2049 1729 2124 1768 oder
2135 1727 2216 1771 was
2221 1718 2266 1777 ſie
2276 1724 2325 1779 fuͤr
2341 1729 2388 1768 die
2399 1727 2564 1776 Herberge
2581 1729 2679 1775 geben

1775 1782 1899 1825 folten?
1926 1781 1992 1823 Als
2000 1791 2066 1822 nun
2077 1786 2128 1822 der
2138 1778 2265 1827 Muͤller
2272 1780 2379 1829 nicht/
2389 1783 2562 1828 verlangte/
2574 1782 2681 1828 ſprach

1771 1834 1829 1871 der
1844 1832 2008 1875 vermeinte
2026 1821 2184 1883 Chriſtus/
2195 1834 2302 1873 weilen
2312 1831 2386 1879 erja
2396 1834 2500 1877 nichts
2509 1843 2574 1872 von
2582 1833 2677 1878 ihnen

1775 1882 1949 1933 begehrete/
1958 1881 2010 1928 Er
2022 1884 2175 1933 hingegen
2186 1885 2275 1932 wohl
2284 1885 2400 1932 wuͤſte/
2416 1887 2478 1934 daß
2489 1891 2542 1929 der
2550 1883 2681 1931 Muͤller

1772 1930 1857 1980 einen
1871 1930 2052 1986 ziemlichen
2058 1939 2178 1978 baaren
2192 1935 2338 1986 Pfennig
2354 1939 2386 1977 in
2399 1937 2561 1984 Vorrath
2577 1936 2679 1986 haͤtte/

1770 1988 1826 2026 als
1836 1986 1909 2034 ſolte
1919 1997 1949 2029 er
1959 1985 2119 2035 denſelben
2129 1982 2243 2035 herfuͤr
2258 1987 2417 2039 langen/
2451 1997 2482 2027 er
2502 1988 2599 2028 wolte
2617 1992 2676 2028 den

1767 2028 1909 2088 Seegen
1922 2032 2056 2080 daruͤber
2074 2038 2243 2086 ſprechen:
2266 2040 2329 2086 daß
2351 2048 2385 2077 er
2392 2036 2458 2085 ſich
2479 2039 2673 2088 verdoppeln

1767 2090 1865 2138 ſolte/
1872 2082 1929 2133 als
1929 2092 1996 2123 nun
2013 2097 2068 2131 der
2083 2083 2338 2141 leichtglaubige
2338 2083 2460 2136 Muͤller
2475 2091 2554 2134 nach
2567 2091 2676 2140 getha⸗

1766 2148 1830 2178 nen
1848 2133 1981 2189 groſſen
2002 2134 2206 2190 Verſprechen
2206 2134 2287 2188 ſein
2292 2143 2380 2184 Geld
2398 2144 2606 2187 darbrachte/
2624 2141 2676 2181 be⸗

1767 2185 1834 2233 fahl
1841 2191 1896 2226 der
1905 2188 2075 2229 dermeinte
2087 2178 2245 2234 Chriſtus
2258 2189 2348 2227 einem
2364 2182 2464 2234 ſeiner
2470 2185 2604 2237 Juͤnger
2616 2188 2675 2227 den

1770 2237 1910 2283 Juda/
1943 2238 2006 2283 daß
2020 2247 2052 2279 er
2063 2239 2136 2285 ſolte
2153 2246 2178 2275 2.
2187 2240 2276 2285 mahl
2283 2233 2348 2278 mit
2360 2234 2423 2282 dem
2440 2241 2538 2281 Gelde
2552 2249 2592 2276 um
2617 2243 2676 2279 das

1772 2284 1874 2330 Hauß
1887 2285 1996 2330 herum
2004 2285 2129 2338 gehen/
2133 2279 2202 2329 und
2207 2283 2430 2334 nachgehends
2457 2280 2524 2331 dem
2534 2287 2675 2336 Wirthe

1773 2336 1887 2377 wieder
1896 2334 2045 2383 zuſtellen.
2094 2334 2148 2377 Es
2158 2336 2211 2385 ſoll
2222 2337 2295 2378 aber
2305 2335 2424 2385 Judas
2434 2343 2492 2380 mit
2501 2343 2569 2379 dem
2580 2337 2675 2381 Beu⸗

1766 2385 1813 2423 tel
1830 2385 1909 2428 noch
1924 2388 2038 2425 wieder
2051 2382 2200 2426 kommen
2216 2391 2281 2424 und
2298 2388 2368 2426 dem
2383 2381 2510 2427 Muͤller
2523 2385 2673 2435 zuſtellen.

1772 2439 1842 2479 Als
1851 2448 1919 2478 nun
1934 2435 2026 2485 dieſer
2046 2439 2214 2482 vermeinte
2238 2438 2393 2489 Chriſtus
2410 2441 2527 2488 ſolches
2557 2443 2676 2485 Hand⸗

1773 2487 1871 2528 werck
1880 2485 2144 2537 fernerzutreiben
2157 2485 2213 2534 ſich
2222 2489 2388 2535 angelegen
2400 2488 2491 2537 ließ/
2524 2489 2579 2537 hat
2595 2498 2671 2530 man

1771 2541 1824 2589 ihn
1834 2540 1951 2585 endlich
1969 2536 2102 2590 daſſelbe
2117 2542 2253 2589 geleget/
2274 2538 2450 2590 gefaͤnglich
2466 2550 2670 2590 genommen/

1765 2597 1835 2634 und
1845 2593 1878 2640 iſt
1888 2603 1919 2636 er
1938 2591 1986 2635 mit
2001 2598 2050 2635 den
2059 2593 2186 2638 meiſten
2196 2593 2290 2640 ſeiner
2298 2589 2430 2644 Juͤnger
2438 2591 2576 2641 getoͤdtet
2586 2604 2671 2635 wor⸗

1765 2639 1843 2690 den/
1859 2649 1889 2686 es
1895 2646 1998 2687 wolte
2009 2649 2098 2694 zwar
2108 2644 2245 2695 Hertzog
2264 2646 2419 2696 Heinrich
2433 2647 2583 2700 Julius/
2611 2652 2671 2688 den

1767 2685 1931 2745 Chriſtum
1947 2695 2107 2745 creutzigen
2121 2689 2229 2744 laſſen/
2238 2706 2314 2737 man
2326 2698 2381 2743 hat
2390 2696 2468 2738 aber
2478 2697 2593 2744 ſolches
2607 2700 2672 2738 aus

1769 2748 1992 2792 bedencklichen
1999 2750 2155 2796 Urſachen
2168 2747 2369 2797 unterlaſſen.
2442 2750 2518 2794 Und
2532 2753 2672 2791 wander

1769 2799 1917 2844 neulichſt
1929 2808 1966 2846 zu
1982 2797 2069 2848 Zelle
2069 2797 2268 2847 juſtificirte
2286 2802 2456 2845 Nicolaus
2476 2802 2532 2846 Liſt
2545 2801 2674 2847 damah⸗

1771 2848 1818 2886 len
1827 2849 1978 2895 gelebet/
2004 2854 2115 2887 wurde
2123 2858 2154 2886 er
2163 2854 2220 2887 mit
2227 2855 2327 2894 ſeinen
2337 2847 2596 2894 Rott⸗Geſellen
2605 2851 2672 2889 eine

1770 2893 1992 2945 gleichmaͤßige
2008 2898 2206 2934 Comœdie
2223 2889 2362 2946 geſpielet
2381 2898 2506 2941 haben/
2524 2898 2671 2944 wiewohl

1770 2947 1807 2986 es
1814 2946 1931 2984 endlich
1943 2954 1995 2989 zur
2006 2937 2204 2992 Tragœdie
2221 2944 2328 2988 wuͤrde
2343 2943 2529 2987 gekommen
2538 2944 2620 2989 ſeyn.

1821 2988 1982 3035 Nucleus
2001 2991 2237 3034 Hiſtoriarum
2255 3007 2288 3044 p.
2302 2991 2377 3042 576.

2034 3112 2175 3199 Der
2256 3121 2414 3182 LVI.

1841 3209 2172 3353 Falſche
2198 3205 2597 3368 Meßias.

1776 3397 1884 3530 J

1884 3404 1971 3472 M
1980 3411 2140 3486 Jahr
2161 3430 2320 3507 1614.
2338 3430 2473 3506 nach
2496 3427 2671 3505 Chri⸗

1883 3501 1930 3550 ſti
1944 3497 2151 3561 Geburth/
2161 3502 2237 3556 ließ
2251 3501 2320 3557 ſich
2328 3512 2374 3559 zu
2384 3501 2545 3563 Langen
2558 3503 2672 3554 Sal⸗

1775 3560 1810 3602 tze
1826 3553 1864 3600 in
1864 3553 2050 3601 Thuͤringen
2060 3557 2107 3596 ein
2115 3559 2211 3599 neuer
2217 3551 2368 3609 Mesſias
2376 3554 2487 3603 hoͤren/
2494 3558 2673 3606 Nahmens

1773 3596 1940 3645 Ezechiel
1968 3606 2084 3648 Meth,
2105 3602 2197 3648 dieſer
2214 3605 2379 3655 lehrete:
2422 3606 2476 3651 Er
2492 3607 2595 3655 wehre
2613 3607 2670 3645 der

1772 3656 1981 3711 Groß⸗Fuͤrſt
1994 3660 2120 3708 Gottes
2128 3661 2294 3709 Michael/
2311 3667 2373 3708 das
2388 3662 2547 3716 lebendige
2555 3662 2671 3707 Wort

1772 3713 1914 3756 Gottes/
1925 3712 2077 3762 Chriſtus
2087 3712 2188 3758 ſelbſt/
2207 3716 2261 3756 als
2270 3714 2399 3760 Gottes
2407 3717 2464 3764 erſt
2478 3706 2672 3760 neugebohr⸗

1770 3764 1827 3803 ner
1836 3760 1950 3810 Sohn
1964 3768 2016 3806 der
2032 3756 2214 3806 Heiligkeit/
2231 3767 2285 3804 der
2299 3766 2386 3805 treue
2399 3760 2505 3813 Zeuge
2520 3766 2578 3802 des
2589 3755 2671 3808 Va⸗

1768 3813 1838 3853 ters
1847 3822 1889 3853 im
1900 3805 2014 3857 Wort
2019 3804 2070 3857 des
2087 3802 2223 3854 Lebens/
2226 3807 2272 3864 im
2283 3812 2337 3860 H.
2349 3813 2456 3860 Geiſt/
2472 3816 2505 3854 in
2517 3808 2594 3856 ihm/
2604 3818 2673 3855 und

1769 3855 2024 3912 Erſtgebohrner
2041 3869 2108 3903 von
2122 3863 2182 3905 den
2192 3860 2377 3908 Todten/
2411 3866 2475 3906 aus
2487 3866 2541 3904 der
2549 3860 2675 3910 Braut
