1445 2151
523 277 741 325 Anhang.

1010 282 1081 317 151

227 365 322 410 Daß
328 364 379 405 die
387 362 579 408 Nachfolge
588 360 714 407 Chriſti
723 358 782 405 ſich
791 358 859 404 auf
867 359 927 399 alle
934 356 1079 399 Wercke

133 416 203 453 und
211 413 375 456 Wunder
380 410 505 457 Chriſti
513 409 600 452 nicht
607 406 801 454 ausdehnen
809 404 894 449 laſſe,
905 405 942 452 iſt
951 405 1080 445 bekant.

132 466 223 506 Wir
232 464 327 506 ſollen
335 471 402 504 von
412 460 546 508 Chriſto
556 461 665 501 lernen
674 456 830 505 hertzliche
838 452 999 497 Demuth
1007 456 1078 496 und

133 511 379 560 Sanfftmuth,
394 510 472 552 aber
489 504 572 554 nicht
601 502 733 554 Zeichen
724 510 793 547 und
801 505 963 548 Wunder
973 502 1080 550 thun;

135 560 251 605 Oder,
268 564 306 601 es
321 563 462 605 wagens
477 557 529 598 die
535 555 669 604 Herren
676 552 852 604 Papiſten,
867 555 939 594 und
953 551 1079 593 bleiben

134 623 200 651 40.
207 609 302 658 Taͤge
312 614 381 653 und
388 608 521 656 Naͤchte
529 608 613 652 ohne
621 606 752 652 Speiſe
760 608 830 646 und
836 605 978 649 Tranck.
1006 605 1079 647 So

133 657 174 700 iſt
183 661 247 698 das
255 657 335 701 auch
344 657 380 697 in
387 655 554 703 Warheit
561 654 631 695 kein
640 650 778 700 Faſten,
792 658 893 692 wenn
901 657 982 691 man
991 647 1080 689 einer

133 706 201 751 Art
209 707 340 755 Speiſe
348 705 409 754 ſich
418 700 563 752 enthaͤlt,
577 705 647 743 und
659 694 703 745 mit
725 703 777 741 der
788 703 913 741 andern
923 699 982 745 ſich
992 698 1081 744 deſto

134 760 228 803 mehr
244 755 381 803 erfuͤllet.
414 756 545 800 Weder
553 756 604 795 die
613 753 768 800 Schrifft
778 753 860 796 noch
867 752 918 792 die
925 747 1081 792 Altvaͤter

136 807 236 855 laſſen
244 810 309 850 das
320 802 375 854 fuͤr
384 806 435 847 ein
445 805 566 852 rechtes
574 801 694 850 Faſten
702 805 822 843 gelten.
855 798 999 848 Paulus
1014 799 1080 843 leh⸗

125 860 207 898 ret,
223 851 289 903 daß
302 851 429 903 ſowohl
445 851 496 895 die
511 848 619 902 Fiſche
632 849 676 893 im
689 838 840 900 Waſſer,
863 846 918 888 als
932 846 1013 893 auch
1029 844 1082 888 die

135 904 259 952 Thiere
272 906 339 955 auf
348 908 422 946 dem
437 903 562 945 Lande,
583 903 655 943 und
668 902 720 945 die
734 898 858 947 Voͤgel
874 898 908 942 in
923 900 981 940 der
995 895 1084 945 Lufft

137 953 260 1002 Fleiſch
271 952 364 1001 ſeyn,
396 945 432 999 1.
424 951 508 997 Cor.
520 950 599 993 XV,
618 961 677 995 39.
727 947 840 1000 Faſtet
848 957 919 987 nun
929 949 986 988 der
1000 944 1083 988 eine,

135 1004 172 1050 ſo
182 1004 273 1055 Fiſch
284 994 364 1055 iſſet,
380 1005 452 1045 und
466 1001 528 1052 ſich
541 1004 598 1044 der
608 998 767 1046 Gethiere
782 1000 861 1040 oder
874 992 999 1044 Voͤgel
1012 999 1084 1038 ent⸗

140 1055 229 1102 haͤlt,
251 1065 288 1102 ey
305 1057 337 1103 ſo
353 1052 448 1103 faſtet
463 1052 545 1100 auch
560 1054 616 1094 der
632 1054 745 1096 ander,
759 1054 815 1092 der
829 1047 890 1097 ſich
902 1050 959 1090 der
973 1046 1083 1098 Fiſche

137 1102 277 1152 enthaͤlt,
291 1105 362 1148 und
368 1105 425 1146 der
432 1101 554 1152 Thiere
562 1102 632 1144 und
640 1096 769 1149 Voͤgel
769 1095 913 1148 geneuſt.

207 1197 336 1255 (IV.)
365 1196 470 1249 Von
490 1199 560 1243 den
577 1190 836 1250 Paͤbſtlichen
849 1188 1003 1244 Ablaß⸗

513 1258 715 1312 Brieffen.

143 1340 222 1386 Hat
230 1348 288 1380 der
296 1342 399 1386 Pabſt
410 1344 494 1384 nicht
501 1336 646 1385 Macht/
654 1339 760 1375 einem
771 1337 867 1378 jeden
879 1337 958 1376 nach
969 1334 1089 1376 ſeinem

142 1393 331 1432 Belieben/
347 1390 445 1432 ſolche
464 1390 576 1430 Ablaß
594 1394 656 1424 der
672 1388 824 1427 Suͤnden
841 1393 883 1427 zu
904 1379 1095 1422 ertheilen/

143 1431 285 1473 dadurch
294 1432 363 1471 ihm
371 1433 455 1471 nicht
462 1429 558 1465 allein
565 1431 620 1464 die
629 1427 771 1470 zeitliche
780 1422 920 1467 Straffe
935 1416 1092 1466 erlaſſen/

219 1473 358 1513 ſondern
371 1473 450 1508 auch
464 1473 520 1504 die
535 1468 738 1511 Vergebung
753 1467 829 1505 nach
845 1469 920 1501 dem
937 1464 1013 1502 Tod

423 1515 646 1557 zugewendet
660 1514 806 1548 werde?

251 1583 341 1625 Das
356 1579 456 1622 bildet
469 1587 550 1619 man
565 1574 626 1624 ſich
640 1582 731 1621 zwar
741 1584 780 1621 zu
794 1572 894 1617 Rom
909 1573 974 1614 ein,
990 1572 1093 1612 allwo

149 1641 231 1674 man
247 1630 384 1678 ſeithero
400 1633 456 1672 der
469 1627 727 1670 Reformation,
751 1634 845 1671 wozu
864 1625 945 1668 dieſe
961 1622 1095 1672 Ablaͤſſe

149 1681 266 1729 Anlaß
275 1679 428 1730 gegeben,
443 1676 532 1727 haͤtte
541 1677 638 1728 ſollen
647 1675 756 1725 kluͤger
765 1680 901 1717 worden
912 1673 1004 1721 ſeyn:
1018 1674 1098 1714 aber

148 1735 229 1774 eben
239 1737 281 1774 da
297 1733 349 1777 hat
372 1739 429 1771 man
446 1730 529 1777 noch
544 1728 638 1768 einen
652 1725 803 1774 gewiſſen
813 1725 1098 1770 Buß⸗ oder Ab⸗

151 1781 310 1830 laß⸗Tax
327 1779 481 1827 geſtellet,
502 1778 609 1821 damit
628 1773 797 1821 jederman
811 1776 916 1824 wiſſe,
938 1774 1001 1812 wie
1018 1773 1098 1819 hoch

149 1839 185 1872 er
194 1829 286 1878 jeden
295 1823 582 1875 Suͤnden⸗Ablaß
591 1822 721 1872 kauffen
729 1827 800 1864 und
809 1823 893 1868 loͤſen
903 1817 1015 1867 muͤſſe,
1030 1823 1101 1861 und

151 1886 223 1920 wer
237 1882 312 1919 dem
327 1875 487 1919 ehrbaren
502 1873 629 1922 Weſen
646 1872 889 1918 widerſpricht,
904 1872 978 1909 dem
995 1867 1101 1919 ſchickt

150 1933 232 1963 man
247 1928 309 1963 den
318 1921 437 1963 Bann
453 1930 491 1963 zu
500 1917 626 1963 Hauſe.
638 1920 777 1959 Concil.
798 1920 888 1958 Trid.
903 1907 986 1959 Seſſ.
985 1928 1042 1963 25.
1053 1916 1098 1952 de

632 1972 665 2013 K
691 1982 715 2014 4

968 1966 1107 2014 Indulg.
