2457 2944
879 385 979 436 400

1223 392 1315 448 Pro
1315 392 1422 448 Feſto
1422 392 1646 448 ſanctiſſimae
1646 392 1857 448 Trinitatis.

701 1014 804 1049 Luc.
810 1021 857 1051 8:30.

698 1374 795 1406 Ezech.
804 1376 852 1411 18:

740 1421 788 1447 32.

698 1479 762 1513 Aƈt.
773 1475 849 1515 2:21.

704 2315 789 2361 Joan.
792 2311 878 2369 14:26

984 466 1122 516 Bekant
1127 466 1173 524 iſt
1177 471 1244 519 von
1265 467 1417 516 Cunone
1434 476 1715 527 Malburgenſi,
1728 484 1890 524 nachdem
1899 477 2043 531 ſelbiger
2061 507 2119 540 40.
2136 494 2235 541 Jahr

885 517 917 555 in
928 522 982 561 der
1002 522 1106 563 Welt
1113 530 1160 567 ein
1171 522 1316 570 freches/
1318 526 1446 568 freyes/
1450 527 1584 569 friſches
1590 528 1697 574 Leben
1717 530 1872 579 gefuͤhrt/
1886 535 1934 577 iſt
1938 533 1970 573 er
1983 538 2110 590 endlich
2125 546 2158 586 in
2168 545 2233 584 das

886 563 1015 607 Cloſter
1052 575 1213 621 gangen/
1243 588 1308 618 und
1350 578 1427 619 nach
1459 575 1683 623 vollbrachtem
1709 582 1746 621 3.
1780 583 1951 630 Jaͤhrigen
1987 588 2141 638 Faſten/
2164 590 2233 633 und

884 612 1090 662 bußfertigen
1107 624 1193 666 Leben
1215 625 1298 666 ſeelig
1318 626 1491 667 geſtorben.
1542 621 1612 666 Als
1623 626 1696 670 aber
1707 629 1863 681 dazumal
1873 633 1924 679 ein
1940 637 2088 685 beſeſſene
2098 644 2231 691 Perſon

881 666 1002 714 zimlich
1018 667 1075 716 ſtill
1095 669 1151 720 ſich
1172 667 1362 718 verhalten/
1382 670 1465 716 nach
1479 671 1554 717 dem
1572 674 1650 720 Tod
1673 679 1831 713 Cunonis
1846 684 1925 722 aber
1954 687 2105 734 vielmehr
2123 683 2233 737 gewuͤ⸗

886 717 965 760 tet/
986 720 1028 758 iſt
1033 725 1090 760 der
1108 720 1239 768 Teuffel
1256 718 1450 763 beſchworen
1465 725 1623 765 worden/
1651 728 1698 764 die
1712 730 1830 779 Ursach
1845 737 1879 774 zu
1890 736 2025 776 ſagen/
2050 749 2182 783 warum
2196 747 2231 781 er

884 763 951 810 jetzt
961 767 1076 815 mehr
1106 768 1149 814 als
1164 777 1259 813 zuvor
1273 776 1391 814 wuͤte;
1418 771 1552 813 worauf
1562 776 1615 809 der
1631 778 1760 820 Teuffel
1777 788 2021 825 geantwortet/
2042 789 2107 836 daß
2117 800 2151 831 er
2169 791 2226 829 da⸗

888 829 996 864 zumal
1010 824 1069 861 mit
1089 828 1219 861 15000.
1247 816 1394 857 Geſellen
1404 814 1438 856 in
1448 820 1505 862 der
1521 813 1589 862 Cell
1598 822 1654 864 des
1668 823 1849 871 ſterbenden
1862 827 2026 876 Cunonis
2040 841 2098 885 ſich
2118 840 2231 887 befun⸗

888 865 977 902 den/
991 864 1070 907 aber
1086 869 1199 902 nichts
1214 871 1431 904 ausgerichtet.
1483 865 1530 907 O
1544 871 1642 911 wann
1656 874 1709 913 die
1735 873 1888 926 Heilige/
1907 883 1976 921 und
2002 888 2234 928 vollkommene

893 912 1048 953 Maͤnner
1052 913 1086 953 in
1098 911 1186 959 ihrer
1206 913 1417 968 Sterbſtund
1424 912 1457 962 ſo
1474 909 1529 964 viel
1553 912 1665 963 muͤſſen
1693 930 1860 962 ausſtehen
1873 925 1948 973 von
1957 932 2022 971 den
2037 940 2232 979 verdamten

894 962 1067 1000 Geiſtern/
1085 967 1144 1000 wie
1150 964 1237 1011 wird
1250 971 1283 997 es
1289 968 1375 1018 mir/
1395 975 1460 1004 und
1475 969 1530 1015 dir
1544 973 1716 1013 ergehen?
1739 975 1771 1017 O
1785 971 1920 1020 suͤndige
1947 977 2066 1030 Seel!
2071 981 2117 1032 ja
2128 994 2231 1029 wann

888 1008 977 1057 jener
991 1009 1135 1055 Teuffel/
1148 1019 1215 1055 aus
1228 1019 1301 1059 dem
1318 1017 1521 1071 Beſeſſenen
1535 1017 1698 1073 gefragt/
1726 1027 1978 1070 geantwortet:
2003 1026 2114 1077 Legio
2143 1036 2233 1075 mihi

884 1062 1020 1107 nomen
1038 1059 1114 1108 eſt,
1130 1060 1196 1105 daß
1214 1070 1255 1111 er
1260 1074 1316 1110 mit
1329 1068 1436 1116 6666.
1438 1069 1545 1116 boͤſen
1549 1071 1717 1113 Geiſteren
1726 1069 1846 1120 in⸗und
1862 1073 1915 1117 bey
1921 1068 2036 1117 dieſem
2051 1086 2234 1132 Menſchen

889 1110 970 1157 Sitz
976 1118 1181 1163 genommen
1190 1122 1256 1162 wie
1266 1124 1327 1162 viel
1332 1127 1431 1168 1000.
1433 1122 1527 1163 dann
1538 1127 1640 1160 werdẽ
1651 1125 1721 1160 dich
1730 1127 1785 1168 auf
1796 1125 1870 1173 dem
1880 1125 2083 1171 Tods⸗Bett
2091 1132 2234 1177 angreif⸗

884 1163 942 1215 fen
957 1166 1055 1213 durch
1071 1162 1222 1213 Zeigung
1227 1170 1303 1211 und
1323 1171 1571 1218 Vormahlung
1576 1177 1685 1214 deiner
1700 1177 1878 1222 Suͤnden/
1886 1177 1956 1218 dich
1968 1179 2026 1218 zur
2034 1182 2232 1232 Verzweiff⸗

885 1218 966 1259 lung
967 1213 1008 1264 zu
1019 1218 1190 1262 bringen?
1208 1222 1298 1271 aber
1300 1223 1383 1264 laſſe
1388 1220 1458 1263 das
1478 1228 1569 1270 Hertz
1576 1223 1628 1264 nit
1632 1220 1789 1270 ſincken/
1805 1223 1898 1274 ſollte
1907 1228 2034 1268 GOtt
2047 1236 2104 1277 der
2114 1234 2232 1279 himm⸗

877 1262 974 1313 liſche
983 1272 1124 1309 Vatter
1131 1264 1193 1313 ſein
1197 1267 1376 1313 Angeſicht
1392 1270 1456 1311 von
1469 1274 1538 1315 dir
1546 1276 1758 1315 abwenden/
1766 1276 1841 1312 non
1859 1272 2028 1321 deſpera,
2053 1286 2136 1331 ruffe
2154 1293 2231 1327 an/

880 1315 1011 1360 ſchreye
1020 1319 1060 1361 an
1067 1311 1132 1359 den
1144 1320 1389 1368 allerheiligſten
1395 1321 1558 1368 Nahmen
1570 1320 1711 1368 JEſu/
1725 1320 1823 1370 dann
1835 1325 1953 1373 JEſus
1960 1325 1996 1374 ſo
2015 1332 2075 1370 viel
2099 1332 2157 1375 iſt/
2178 1337 2232 1375 als

886 1366 1068 1412 Salvator,
1087 1366 1133 1405 ein
1145 1364 1308 1416 Erloͤſer/
1324 1369 1464 1414 welcher
1470 1372 1533 1416 von
1535 1369 1598 1414 ſich
1606 1370 1740 1422 ſelbſten
1744 1374 1855 1422 ſagt:
1863 1376 1969 1420 Nolo
1979 1385 2133 1416 mortem
2153 1392 2235 1431 pec-

878 1417 1038 1458 catoris,
1056 1416 1120 1463 ſed
1128 1421 1172 1459 ut
1185 1424 1300 1455 magis
1324 1417 1583 1467 convertatur,
1596 1420 1640 1461 &
1652 1426 1772 1469 vivat.
1809 1420 1973 1469 Traue/
1991 1433 2053 1473 und
2078 1432 2164 1473 baue
2177 1428 2238 1478 auf

882 1466 1088 1511 dasjenige/
1101 1466 1184 1512 was
1193 1467 1320 1514 ſchreibt
1328 1477 1389 1508 der
1401 1473 1497 1523 Heil.
1503 1473 1636 1523 Lucas:
1651 1471 1811 1520 Omnis,
1829 1471 1902 1524 qui
1919 1470 2147 1513 invocaverit
2169 1488 2236 1514 no-

888 1518 969 1555 men
977 1518 1146 1560 Domini,
1165 1519 1223 1555 hic
1230 1518 1352 1554 ſalvus
1368 1526 1456 1560 erit
1477 1528 1558 1554 wer
1570 1523 1640 1562 den
1660 1516 1835 1568 Nahmen
1845 1526 1910 1563 des
1924 1525 2057 1564 HErrn
2080 1530 2236 1582 anruffen

888 1563 1009 1603 wird/
1018 1564 1084 1608 der
1088 1559 1180 1605 wird
1188 1562 1319 1607 Seelig
1326 1563 1481 1609 werden.

981 1605 1066 1645 Und
1071 1607 1185 1657 ſollteſt
1189 1612 1238 1650 du
1248 1611 1314 1656 dich
1326 1612 1400 1657 auch
1410 1615 1562 1653 foͤrchten
1565 1619 1634 1654 vor
1638 1616 1768 1657 deinem
1765 1612 1905 1656 Erloͤſer
1915 1617 1951 1662 zu
1961 1618 2153 1662 erſcheinen/
2171 1619 2237 1663 den⸗

885 1653 1026 1700 ſelbigen
1033 1656 1088 1693 als
1103 1660 1196 1694 einen
1200 1657 1414 1698 Advocaten
1419 1658 1481 1693 bey
1489 1661 1595 1700 ſeinem
1618 1654 1834 1705 himmliſchen
1864 1660 1990 1708 Vatter
2017 1674 2239 1721 anzuruffen/

888 1702 1019 1745 dieweil
1025 1700 1069 1746 du
1084 1698 1148 1755 ſein
1155 1701 1286 1747 Gebott
1292 1705 1484 1751 verachtet/
1500 1708 1560 1753 ſein
1573 1705 1663 1759 Heil.
1674 1705 1768 1746 Blut
1781 1710 1840 1754 mit
1856 1705 1978 1757 Fuͤſſen
1991 1718 2168 1762 getretten/
2181 1722 2238 1766 ihn

889 1753 970 1800 aufs
981 1749 1047 1802 neu
1057 1753 1152 1807 durch
1159 1757 1244 1802 ſeine
1258 1755 1472 1807 Miſſethaten
1491 1755 1718 1804 gecreutziget/
1727 1750 1779 1806 ja
1783 1758 1858 1811 dich
1868 1759 2051 1801 foͤrchteſt/
2070 1774 2108 1813 es
2124 1767 2237 1821 moͤgte

891 1804 945 1852 dir
953 1807 1126 1855 ergehen/
1151 1807 1207 1856 wie
1212 1806 1323 1856 jenem
1329 1810 1526 1852 verlohrnen
1538 1806 1695 1854 Suͤnder
1703 1812 1753 1854 in
1760 1814 1967 1859 Hiſpanien/
1983 1818 2041 1855 bey
2052 1822 2167 1874 deſſen
2181 1828 2238 1870 Tod

888 1858 1051 1909 Chriſtus
1058 1856 1183 1912 ſelbſten
1196 1864 1416 1909 gegenwaͤrtig
1431 1862 1614 1908 erſchienen
1619 1864 1671 1912 in
1683 1863 1816 1907 Geſtalt
1822 1869 1922 1907 eines
1935 1864 2066 1904 Medici
2083 1875 2144 1917 mit
2165 1876 2239 1916 dem

897 1912 972 1960 Heil
982 1913 1115 1958 Mann
1126 1911 1315 1953 Franciſco
1323 1907 1485 1954 Borgia,
1495 1911 1641 1957 welcher
1647 1919 1849 1957 (gleichwie
1857 1915 1919 1958 das
1931 1916 2060 1966 Leben/
2078 1927 2148 1972 alſo
2157 1925 2238 1970 auch

891 1964 953 2002 der
958 1957 1078 2009 Tod)
1092 1962 1208 2004 weilen
1220 1965 1256 2000 er
1264 1957 1359 2004 allzeit
1368 1958 1489 2000 GOtt
1499 1957 1687 2002 vergeſſend
1699 1966 1840 2010 gelebt/
1853 1969 2004 2009 Gottlos
2014 1972 2137 2016 ſterben
2158 1974 2239 2014 wol⸗

891 2013 972 2053 len/
992 2012 1049 2054 hat
1061 2012 1124 2053 das
1132 2012 1201 2059 von
1212 2010 1406 2050 Franciſco
1423 2014 1558 2054 gezeigte
1576 2015 1730 2057 hoͤltzerne
1753 2014 1901 2062 Crucifix
1914 2015 1998 2058 ſeine
2017 2025 2121 2068 rechte
2131 2025 2238 2073 Hand

895 2066 1073 2106 aufgeloͤſt/
1094 2065 1131 2100 in
1144 2062 1189 2103 die
1204 2061 1325 2102 Bruſt
1339 2065 1549 2104 gegriffen/
1572 2066 1732 2107 ergriffen
1748 2065 1795 2112 ein
1818 2067 1952 2122 Hand
1952 2067 2035 2122 voll
2040 2076 2159 2119 Blut/
2179 2076 2239 2121 ſol⸗

892 2110 961 2147 ches
984 2112 1053 2148 dem
1086 2111 1331 2159 unbußfertigen
1366 2106 1522 2152 Suͤnder
1530 2111 1576 2154 in
1594 2114 1664 2154 das
1670 2114 1840 2164 Angeſicht
1860 2126 2033 2154 geworffen
2057 2124 2118 2165 mit
2135 2123 2239 2170 dieſen

899 2164 1092 2203 Worten:
1111 2160 1169 2200 Sit
1183 2163 1241 2199 tibi
1252 2161 1288 2200 in
1294 2156 1512 2201 interitum,
1530 2155 1615 2204 cùm
1630 2155 1703 2201 tibi
1719 2163 1791 2200 eſſe
1809 2169 1894 2204 non
1903 2164 2014 2208 poſſit
2026 2173 2067 2198 in
2079 2171 2239 2209 ſalutem.

888 2209 970 2252 Laſſe
979 2209 1148 2260 gleichwol
1158 2213 1223 2262 den
1242 2203 1356 2251 Muth
1364 2205 1419 2246 nit
1425 2209 1562 2251 fallen/
1580 2211 1724 2258 obſchon
1741 2211 1788 2256 du
1806 2215 1876 2251 von
1887 2213 1964 2256 dem
1987 2218 2156 2259 Vatter/
2171 2219 2240 2257 und

881 2264 955 2305 dem
973 2258 1087 2301 Sohn
1109 2256 1213 2305 ſotteſt
1230 2259 1420 2301 abgewiſſen
1449 2268 1606 2303 werden/
1624 2266 1697 2305 laſſe
1716 2264 1790 2303 dich
1806 2266 1923 2309 troͤſten
1943 2266 2041 2312 durch
2063 2277 2111 2316 die
2121 2273 2239 2314 Wort

892 2308 953 2349 des
967 2311 1044 2353 Heil.
1058 2311 1278 2353 Johannis:
1308 2316 1507 2345 Paracletus
1519 2321 1647 2352 autem
1668 2312 1806 2355 Spiritus
1822 2313 1851 2353 S.
1863 2317 1928 2351 der
1948 2316 2073 2361 Troͤſter
2086 2315 2163 2355 aber
2182 2311 2243 2360 der

896 2355 979 2405 Heil.
986 2360 1089 2404 Geiſt.
1154 2364 1285 2408 Nehme
1302 2359 1367 2405 dein
1383 2360 1559 2404 Zuverſicht
1578 2364 1620 2402 zu
1627 2363 1865 2420 demſelbigen/
1886 2364 1981 2406 dieſer
2000 2369 2089 2411 wird
2110 2365 2180 2411 dich
2191 2369 2241 2410 nit

892 2408 1011 2454 laſſen.

2138 2421 2242 2471 Drey
