1750 2472
120 415 339 479 Interminatus
360 432 431 462 ſum
448 436 494 469 ²²,
531 447 570 463 ne
596 436 736 466 faceres?
768 439 865 468 Num
883 438 1019 468 veritus?

411 495 509 546 Quid
529 500 649 536 rettulit
661 506 713 534 ²³?

120 526 258 567 Credon'
268 531 325 568 tibi
337 530 400 566 hoc
408 540 546 574 nunc²⁴,
557 534 707 581 peperiſſe
716 535 794 572 hanc
813 539 820 570 è
832 537 1016 586 Pamphilo?

117 585 192 621 DA.
217 587 349 625 Teneo,
366 584 442 632 quid
458 592 583 624 erret²⁵,
595 591 661 630 &,
672 593 751 636 quid
766 601 828 636 ego
842 600 946 637 agam,
956 591 1012 624 ha-

355 646 469 687 beo²⁶.
493 650 542 686 SI.
564 647 657 696 Quid
677 649 778 686 taces?

116 684 193 720 DA.
218 679 314 735 Quid
322 685 496 732 credas²⁷?
514 688 612 745 Quaſi
623 701 688 722 non
699 693 757 725 tibi
766 692 944 726 renunciata
953 690 1013 727 ſint

417 742 485 779 hæc
503 747 549 778 ſic
560 748 680 781 fore²⁸.

114 781 164 815 SI.
185 774 305 817 Mihin'
317 784 552 831 quisquam²⁹?
578 789 655 821 DA.
673 785 745 823 Eho
759 794 807 836 ³⁰:
828 802 866 831 an
878 803 944 834 tute
959 793 1005 842 in-

222 835 339 874 tellexti
357 837 421 875 hoc
432 837 609 876 adſimulari
621 843 665 877 ³¹?
681 846 729 878 SI.
745 842 892 878 Irrideor.

115 877 193 912 DA.
217 877 445 917 Renunciatum
464 887 522 917 eſt:
542 897 615 916 nam
631 893 688 929 quî
708 893 809 918 iſthæc
831 895 888 920 tibi
900 893 1010 922 incidit

419 946 594 996 ſuſpicio
611 953 659 984 ³²?

115 973 166 1011 SI.
191 976 282 1029 Quî?
299 978 390 1029 Quia
402 992 433 1015 te
449 992 562 1018 noram
590 993 634 1038 ³³.
649 985 725 1020 DA.
747 991 848 1034 Quaſi
862 1005 895 1020 tu
908 996 1008 1026 dicas,

286 1038 447 1087 factum
454 1042 495 1078 id
506 1041 639 1079 conſilio
654 1048 782 1081 meo³⁴.

113 1074 169 1111 SI.
187 1072 285 1114 Certè
300 1083 386 1113 enim
399 1085 472 1115 ſcio.
523 1091 601 1129 DA.
620 1088 707 1132 Non
721 1094 793 1135 ſatis
808 1106 860 1139 me
869 1096 1011 1130 pernoſti

316 1127 431 1174 etiam,
449 1137 555 1181 qualis
563 1137 623 1170 ſim
635 1142 686 1179 ³⁵,
703 1141 805 1173 Simo.

114 1167 165 1205 SI.
188 1169 299 1219 Egone
308 1183 339 1217 te
348 1176 398 1210 ³⁶?
416 1182 492 1211 DA.
512 1182 573 1218 Sed,
606 1182 630 1209 ſi
646 1186 725 1222 quid
738 1195 860 1212 narrare
872 1197 1009 1224 occœpi,

433 1235 586 1271 continuo
603 1236 669 1275 dari

111 1239 191 1310 Tibi
203 1264 336 1310 verba³⁷
352 1269 466 1316 cenſes.
491 1280 538 1323 SI.
550 1281 651 1329 Falſo.
679 1288 759 1335 DA.
770 1287 876 1337 ltaque
900 1304 999 1341 hercle

320 1332 399 1371 nihil
417 1337 479 1383 jam
494 1336 610 1374 mutire
625 1332 777 1380 audeo³⁸.

1046 819 1096 847 20

1042 1332 1089 1364 25

115 1462 166 1503 22)
174 1464 373 1506 Interminari,
387 1478 543 1513 bedrohen.
582 1496 636 1532 23)
652 1499 701 1526 Sc.
713 1507 764 1528 me
776 1500 833 1529 tibi
838 1485 1005 1535 interdixiſ-

111 1504 157 1540 ſe,
170 1510 237 1543 was
245 1512 297 1551 hat
304 1519 379 1548 mein
390 1518 508 1548 Verbot
516 1532 664 1555 genutzet?
708 1534 761 1572 24)
774 1536 851 1573 Soll
863 1538 903 1580 ich
911 1539 1005 1575 dieſes

112 1543 173 1585 ietzt
183 1548 314 1586 glauben.
355 1562 408 1589 25)
408 1565 471 1590 i.e.
485 1568 637 1606 intelligo,
652 1568 692 1612 ich
703 1575 765 1614 ſehe
776 1579 877 1620 wohl,
896 1584 1005 1624 woran

112 1596 143 1618 er
148 1581 204 1635 ſich
213 1589 336 1643 ſtoſſet.
341 1602 401 1638 26)
412 1604 466 1629 i.e.
479 1606 565 1630 Scio.
626 1617 678 1657 27)
695 1610 760 1659 Ey!
772 1620 842 1658 was
857 1621 1006 1661 glauben?

111 1617 162 1662 Iſt
175 1634 234 1660 eine
240 1629 354 1669 lronia,
362 1644 431 1681 weil
439 1649 471 1684 er
485 1650 593 1685 vorher
605 1655 711 1693 geſagt,
714 1657 819 1693 hatte?
842 1658 1006 1699 Credone?

115 1666 166 1704 28)
174 1667 230 1703 Als
241 1680 329 1708 wann
343 1681 382 1714 ich
390 1685 456 1720 dirs
470 1690 544 1726 nicht
555 1694 668 1734 vorher
676 1698 777 1740 geſagt
792 1697 892 1740 haͤtte,
902 1703 959 1743 daß
968 1705 1005 1739 es

113 1697 142 1736 ſo
154 1704 273 1743 ergehen
281 1719 387 1761 werde.
427 1730 479 1766 29)
487 1732 535 1766 Sc.
542 1737 728 1771 renunciavit
735 1738 808 1779 hæc.
852 1747 903 1785 30)
910 1746 1002 1786 Inter-

109 1739 203 1783 jectio
217 1749 394 1803 admirantis,
406 1773 455 1810 ach
464 1773 539 1809 mein
547 1772 661 1816 GOtt!
686 1778 739 1820 31)
753 1779 827 1822 Haſt
835 1794 870 1816 du
880 1794 913 1821 es
923 1791 1005 1822 dann

112 1784 228 1826 ſelbſten
242 1791 394 1831 gemerckt,
412 1807 469 1848 daß
480 1816 551 1848 man
564 1816 615 1856 diß
625 1820 682 1855 nur
696 1820 723 1862 ſo
738 1822 888 1862 vorgebe?
914 1827 1004 1866 Q.d.

110 1826 164 1869 biſt
176 1830 214 1864 du
227 1831 303 1866 dann
310 1836 359 1874 fuͤr
370 1843 429 1874 dich
443 1850 558 1877 ſelbſten
571 1862 599 1895 ſo
609 1859 751 1885 geſcheid?
792 1862 846 1901 32)
855 1862 919 1899 Hæc
926 1865 1005 1904 mihi

110 1864 212 1902 incidit
230 1871 371 1915 ſuſpicio,
400 1885 440 1913 ich
457 1894 507 1912 bin
525 1900 575 1933 auf
590 1898 681 1933 dieſen
701 1897 852 1937 Verdacht
868 1906 1006 1946 gefallen.

115 1912 164 1949 33)
178 1913 315 1952 Novite,
328 1919 367 1956 ich
391 1925 477 1965 kenne
499 1939 571 1973 dich
587 1941 636 1972 und
658 1941 738 1977 deine
753 1941 895 1981 Streiche
912 1950 1005 1989 wohl.

115 1951 165 1988 34)
172 1954 262 1995 Cujus
271 1961 393 1991 conſilio
402 1968 513 1994 factum
528 1978 586 2006 eſt?
607 1978 712 2019 Durch
725 1986 790 2016 wen
802 1985 835 2024 iſt
846 1995 881 2025 es
893 1992 1005 2026 veran⸗

114 1991 229 2029 ſtaltet?
271 2000 320 2035 35)
330 2003 384 2028 Du
397 2008 507 2038 kenneſt
520 2017 589 2056 mich
603 2022 673 2059 noch
679 2022 763 2060 nicht
775 2026 871 2064 recht,
886 2031 942 2062 wer
961 2029 1003 2066 ich

113 2016 169 2072 bin.
191 2031 243 2071 36)
253 2033 373 2082 Sc.non
384 2050 509 2090 noſſem.
526 2058 582 2103 37)
597 2059 718 2095 Vid.act.
725 2064 878 2110 l.3.n.15.
885 2068 936 2110 38)
941 2068 1004 2110 Jch
