1780 2802
382 356 599 419 Dreyzehnte
599 356 726 419 Klaſſe.
774 353 872 413 Erſte
872 353 1057 413 Ordnung.

1208 361 1273 402 77

181 450 366 500 lanzetfoͤrmig
388 445 459 496 ſind,
489 460 544 485 und
566 448 779 488 ausgebreiteten
799 446 933 484 Zweigen.
986 439 1136 479 Waͤchſt
1108 438 1143 481 in
1152 438 1272 474 Jtalien

184 508 246 541 wild
263 507 305 546 ♄,
333 503 481 549 ohngefaͤhr
497 502 621 533 6“—8“
641 496 721 537 hoch,
748 497 805 528 und
824 492 894 526 wird
916 492 946 524 in
970 488 1083 524 Gaͤrten
1102 488 1189 521 Dlds.
1216 489 1268 517 un⸗

184 549 349 591 terhalten.
362 547 424 585 Die
436 544 542 587 Zweige
556 542 669 583 endigen
669 538 731 587 ſich
745 537 794 584 mit
806 536 877 568 einer
891 531 1047 575 blaßgelben
1067 525 1270 564 Blumentrau⸗

184 589 225 624 be.
265 591 324 627 Die
340 590 437 627 Kelche
451 589 507 625 ſind
522 585 629 623 borſtig.

267 648 355 682 1407.
399 640 469 678 Ciſt.
485 638 664 673 oelandicus.
703 627 906 675 Oelaͤndiſche
925 627 1047 665 Ciſten;
1075 627 1129 658 mit
1151 623 1273 661 ſtauden⸗

185 690 316 729 artigem,
344 687 630 727 darniederliegendem
652 680 791 715 Stengel,
814 675 881 714 ohne
896 673 1099 712 Blattanſaͤtze,
1122 671 1217 707 gerade
1232 660 1277 703 ge⸗

186 740 238 766 gen
260 730 453 770 einanderuͤber
475 729 631 768 ſtehenden,
661 722 839 763 laͤnglichten,
867 717 920 757 auf
930 718 1030 757 beyden
1043 714 1157 752 Flaͤchen
1170 706 1275 749 glatten

185 762 338 806 Blaͤttern,
359 772 514 805 gefranzten
529 768 725 802 Blattſtielen,
744 765 800 788 und
812 757 1057 789 ausgeſchnittenen
1067 751 1277 782 Blumenblaͤtt⸗

182 808 258 856 chen.
297 810 411 858 Waͤchſt
432 815 461 845 in
483 813 588 847 Crain,
604 805 799 845 Oeſterreich,
825 795 968 839 Schleſien
979 801 1036 830 und
1052 800 1155 828 einigen
1173 797 1278 822 andern

188 853 278 895 Orten
300 859 389 893 Dlds.
412 857 465 893 auf
486 854 627 891 Gebirgen
652 851 690 884 ♄.
734 848 793 880 Die
812 842 937 880 Stengel
951 843 1060 871 werden
1070 838 1222 876 ohngefaͤhr
1239 835 1280 863 6“

187 904 244 936 und
261 900 359 937 druͤber
374 901 450 938 lang.
491 897 551 931 Die
565 893 663 933 gelben
672 889 798 926 Blumen
812 886 899 928 ſtehen
913 892 949 916 an
963 887 1014 915 den
1028 880 1125 915 Enden
1139 884 1183 912 der
1196 876 1281 916 Zwei⸗

189 942 221 981 ge
233 940 418 979 traubenartig
431 944 463 973 zu
479 942 574 969 3—4,
594 936 650 964 und
664 934 720 968 ſind
733 931 830 962 kleiner
847 928 890 957 als
928 924 965 966 am
972 924 1009 955 C.
1027 923 1283 953 Helianthemum.

190 984 243 1019 Bl.
259 987 294 1018 im
320 982 398 1023 Jun.
420 979 488 1025 Jul.
512 976 595 1014 Nach
608 979 710 1008 neuern
724 970 936 1007 Bemerkungen
948 967 1005 1006 ſind
1019 967 1060 997 die
1067 964 1184 998 Blaͤtter
1192 962 1283 994 rauch,

190 1023 312 1069 gefranzt
332 1024 388 1060 und
408 1020 524 1062 ſtumpf,
550 1022 605 1052 und
622 1019 667 1052 die
687 1005 915 1050 Blumenblaͤtter
929 1007 1063 1047 rundlicht
1078 1008 1134 1039 und
1149 1007 1229 1035 kaum
1241 1009 1284 1039 ge⸗

193 1072 276 1108 kerbt.
315 1072 401 1105 Roth
416 1060 554 1102 Tentam.
576 1067 613 1099 T.
626 1057 677 1101 II.
697 1059 768 1098 Ciſt.
793 1056 922 1097 alpeſtris
950 1052 1049 1086 Cranz
1082 1050 1158 1089 lacq.
1173 1046 1285 1081 Krock.

190 1104 278 1151 Scop.
305 1103 464 1155 Vielleicht
477 1102 543 1153 ſind
551 1099 628 1142 mehr
639 1097 685 1132 als
698 1098 759 1144 eine
772 1095 830 1130 Art
843 1091 985 1133 hierunter
1007 1088 1145 1131 begriffen.

296 1194 413 1236 ***
448 1178 761 1252 Staudenartige,
790 1184 857 1232 mit
870 1178 1151 1240 Blattanſaͤtzen.

282 1303 371 1336 1408.
398 1290 483 1339 Ciſt.
492 1289 707 1337 ſerpyllifolius.
751 1280 1006 1329 Quendelartige
1022 1280 1144 1318 Ciſten;
1155 1277 1204 1324 mit
1206 1277 1294 1318 ſtau⸗

198 1318 366 1369 denartigem
390 1334 516 1363 Stengel
534 1335 588 1353 mit
611 1329 838 1377 Blattanſaͤtzen,
874 1325 1034 1348 laͤnglichten
1054 1322 1209 1341 Blaͤttern,
1237 1320 1295 1333 und

199 1371 305 1415 glatten
325 1377 565 1416 Blumenkelchen.
618 1370 780 1410 Waͤchſt
741 1370 791 1410 iſt
800 1370 979 1405 Oeſterreich,
1011 1364 1212 1398 Steyermark,
1237 1363 1295 1383 und

203 1422 346 1464 Schleſien
365 1421 416 1459 auf
432 1419 519 1460 hohen
540 1417 683 1455 Gebirgen
703 1411 742 1454 ♄.
778 1416 838 1446 Die
861 1412 1023 1449 roͤthlichen,
1050 1409 1151 1443 aͤſtigen
1171 1402 1297 1439 Stengel

203 1464 262 1501 ſind
281 1462 403 1501 liegend,
426 1460 484 1502 mit
505 1460 601 1494 gerade
621 1454 706 1492 gegen
721 1454 918 1489 einanderuͤber
933 1453 1072 1485 ſtehenden
1081 1446 1298 1477 dunkelgruͤnen,

200 1506 335 1548 haarigen
354 1502 492 1539 Blaͤttern
507 1501 609 1540 beſetzt.
648 1498 710 1532 Die
723 1497 855 1530 Blumen
868 1495 937 1532 ſind
949 1493 1087 1527 goldgelb,
1109 1496 1164 1518 und
1178 1486 1302 1523 wohlrie⸗

205 1547 296 1583 chend.
333 1547 385 1580 Bl.
403 1545 442 1576 im
455 1542 554 1581 Aug.

294 1595 382 1635 1409.
424 1599 494 1626 Ciſt.
508 1592 705 1629 thymifolius.
745 1574 1014 1621 Thymianartige
1025 1583 1151 1623 Ciſten;
1163 1583 1222 1627 mit
1229 1592 1306 1625 ſtau⸗

203 1639 376 1683 denartigem
389 1633 518 1679 Stengel
518 1632 580 1675 mit
592 1626 818 1673 Blattanſaͤtzen,
836 1631 892 1659 und
902 1630 997 1662 gerade
1008 1632 1095 1659 gegen
1108 1624 1306 1653 einanderuͤber

206 1691 279 1726 dicht
293 1684 460 1728 beyſammen
477 1679 634 1725 ſtehenden,
652 1677 709 1719 ſehr
723 1677 833 1715 kurzen,
856 1674 951 1706 ovalen
969 1673 1032 1703 oder
1045 1668 1205 1707 laͤnglichten
1219 1666 1306 1702 Blaͤt⸗

205 1724 283 1766 tern.
325 1724 435 1769 Waͤchſt
451 1725 484 1761 in
502 1721 638 1766 Spanien
658 1722 717 1754 und
739 1713 900 1759 Frankreich
922 1713 986 1748 wild
1012 1711 1053 1752 ♄.
1099 1711 1159 1744 Die
1176 1711 1306 1742 Blumen

209 1775 269 1816 ſind
283 1776 352 1816 gelb.

300 1839 388 1869 1410.
427 1827 502 1865 Ciſt.
520 1821 638 1871 piloſus.
685 1816 824 1865 Haarige
847 1816 971 1856 Ciſten;
999 1815 1052 1849 mit
1072 1815 1311 1852 ſtaudenartigem,

214 1869 329 1913 ziemlich
341 1866 510 1909 aufrechtem
527 1864 652 1910 Stengel
669 1865 723 1895 mit
734 1860 962 1900 Blattanſaͤtzen,
982 1859 1181 1891 gleichbreiten,
1197 1852 1314 1883 grauen,

211 1916 267 1955 auf
281 1919 332 1952 der
347 1918 452 1950 untern
474 1910 571 1953 Flaͤche
583 1911 641 1943 mit
659 1913 734 1946 zwey
752 1906 874 1944 Furchen
895 1900 1053 1943 verſehenen
1074 1900 1229 1932 Blaͤttern,
1257 1902 1314 1925 und

218 1960 321 1997 glatten
352 1955 591 1999 Blumenkelchen.
649 1950 760 1992 Waͤchſt
789 1951 827 1981 im
851 1947 981 1986 ſuͤdlichen
1004 1945 1164 1982 Frankreich
1188 1945 1253 1971 wild
1276 1942 1316 1974 ♄.

218 2001 279 2037 Die
293 2000 421 2037 Blumen
435 1998 493 2037 ſind
511 1998 598 2034 weiß,
615 1995 709 2033 haben
722 1994 783 2022 bald
796 1995 897 2026 glatte,
924 1991 985 2016 bald
1000 1989 1111 2022 haarige
1125 1987 1238 2019 Kelche,
1260 1987 1317 2008 und

215 2043 336 2089 wachſen
350 2043 381 2077 in
396 2041 501 2082 langen
516 2039 685 2080 Aehren.

307 2109 396 2138 1411.
434 2100 511 2138 Ciſt.
534 2094 794 2133 Helianthemum.
857 2087 1031 2125 Gemeiner
1057 2083 1320 2126 Sonnenguͤnſel,

217 2132 449 2176 Goldroͤslein,
461 2137 686 2172 Zwergciſtus,
699 2133 901 2166 Kirſchyſop.
909 2128 1181 2157 Heidenſchmuck,
1193 2128 1322 2149 Kloſch⸗

217 2181 316 2225 yſop,
338 2180 513 2225 Feldyſop,
529 2179 683 2218 Ciſtroſe,
703 2175 1028 2211 Sonnenbluͤmchen,
1052 2171 1321 2201 Eliſabethbluͤm⸗

220 2224 317 2262 chen,
335 2223 555 2266 Goldguͤnſel;
583 2224 638 2253 mit
656 2219 901 2257 ſtaudenartigem,
925 2217 1214 2245 darniederliegendem
1231 2207 1323 2236 Sten⸗

224 2268 269 2304 gel
281 2268 334 2300 mit
346 2265 568 2307 lanzetfoͤrmigen
581 2261 808 2298 Blattanſaͤtzen,
823 2257 885 2287 und
898 2261 1071 2290 laͤnglichten,
1093 2253 1325 2285 zuruͤckgerollten,

224 2313 316 2347 etwas
330 2310 461 2352 haarigen
467 2309 627 2344 Blaͤttern.
647 2303 776 2344 Waͤchſt
782 2304 818 2332 in
829 2305 899 2337 ganz
910 2304 989 2331 Dld.
996 2302 1050 2332 auf
1065 2302 1219 2331 ſandigten,
1248 2290 1327 2323 trock⸗

1269 2353 1328 2375 nen
