1305 2104
386 191 525 237 Chriſti
525 191 593 237 ins
593 191 730 237 Fleiſch.

961 204 993 236 3

114 247 193 279 JEſus
202 252 245 274 uns
257 252 296 274 das
308 251 380 276 leben,
394 251 443 276 nach
451 250 540 277 ſchmer⸗

115 287 172 306 tzen,
189 282 249 309 angſt
261 286 305 307 und
320 283 387 308 noth,
397 286 446 306 nach
460 285 539 307 ausge⸗

115 302 226 334 ſtandnem
244 308 388 333 leibes ⸗ tod,
405 308 426 331 in
443 307 538 335 ewigkeit

117 337 171 357 wird
194 339 273 360 wieder
293 338 367 363 geben.
406 337 460 362 Wir
475 339 538 362 ſollen

114 361 197 387 leiblich
204 361 333 389 auferſtehn,
343 364 386 386 und
395 362 446 389 ihn,
455 365 491 385 der
497 367 538 385 un⸗

114 391 161 415 ſern
176 395 212 415 tod
228 392 345 420 gerochen,
360 394 404 415 und
420 392 487 418 deſſen
497 392 540 413 ker⸗

115 418 157 442 cker
166 419 357 447 durchgebrochen,
374 418 396 443 in
407 418 541 443 herrlichkeit

114 450 158 469 und
167 451 242 470 vollem
251 448 309 475 lichte
317 448 375 476 ſehn.
403 447 456 474 Das
470 449 494 478 iſt
506 449 541 473 ein

113 470 200 499 theures
208 475 273 495 wort.

144 499 168 519 7.
181 495 234 519 Das
248 497 272 522 iſt
285 495 319 518 ein
327 493 414 519 theures
423 498 494 520 wort,
503 495 542 517 das

116 516 153 541 ſoll
172 523 216 542 uns
237 526 288 546 dazu
304 524 384 546 leiten,
405 523 444 544 daß
460 523 498 541 wir
515 524 542 540 an

121 548 197 577 JEſum
217 551 297 578 Chriſt,
314 555 349 575 der
361 559 402 574 uns
418 555 445 579 zu
458 556 496 573 gut
508 555 543 572 ge⸗

115 577 216 605 kommen
216 577 263 611 iſt,
263 577 300 612 zu
312 577 408 608 glauben
418 578 470 604 uns
470 578 542 603 durch

116 606 155 632 ihn
166 606 288 635 bereiten.
292 606 333 633 So
347 611 400 632 wird
413 611 456 630 uns
472 612 540 629 weder

115 631 251 662 ſuͤnden⸗gift
266 636 316 658 noch
330 635 387 658 einig
401 634 448 657 uͤbel
458 634 539 654 koͤnnen

115 659 220 689 ſchaden,
238 664 288 686 weil
303 658 437 690 JESUS,
456 664 489 682 als
505 666 540 680 der

114 688 195 713 menſch
204 688 225 709 in
233 689 331 717 gnaden,
342 688 382 709 das
390 689 449 710 leben
458 686 540 712 bringt,

117 717 162 738 und
170 720 225 743 ewig
233 718 314 739 frieden
321 715 375 742 ſtift.
402 713 454 740 Das
469 713 493 743 iſt
505 714 539 739 ein

118 746 205 771 theures
212 743 283 768 wort.

117 764 196 793 1Th.2
313 780 346 795 5.
473 777 503 795 v.
519 777 541 793 6.

111 793 166 849 G

166 784 236 825 Ottes
250 795 305 825 Sohn
326 795 360 826 iſt
371 795 482 815 kommen,
496 795 540 813 uns

177 825 228 848 allen
237 828 260 849 zu
273 822 375 853 frommen,
386 822 429 849 hier
441 823 480 849 auf
489 822 541 849 dieſe

119 857 181 876 erden
189 855 212 876 in
221 859 292 878 armen
303 855 412 883 geberden,
423 854 490 881 daß
471 851 497 879 er
498 856 542 879 uns

117 883 161 903 von
171 881 236 906 ſuͤnde
247 881 316 908 freyet
326 878 371 905 und
380 881 489 905 entbinde.

144 912 165 930 2.
180 907 210 932 Er
217 906 297 931 koͤmmt
306 906 350 930 auch
363 907 412 930 noch
420 907 491 933 heute,
498 908 541 928 und

120 922 184 959 lehret
192 933 224 956 die
233 933 298 956 leute,
314 934 342 956 wie
355 932 389 959 ſie
398 932 437 960 ſich
446 936 487 955 von
493 931 546 958 ſuͤn⸗

120 967 158 988 den
171 971 207 992 zur
215 966 256 990 buß
264 967 326 990 ſollen
334 968 436 992 wenden,
450 962 477 991 von
496 966 542 989 irr⸗

120 991 180 1017 thum
196 996 239 1018 und
244 988 349 1026 thorheit
363 990 451 1024 treten
462 998 489 1021 zu
507 994 543 1016 der

115 1019 231 1046 wahrheit.

145 1045 165 1068 3.
185 1044 232 1067 Die
246 1044 284 1071 ſich
299 1044 342 1068 ſein
357 1043 413 1069 nicht
433 1044 543 1070 ſchaͤmen,

119 1077 163 1097 und
168 1072 245 1102 ſein'n
256 1069 332 1104 dienſt
336 1074 468 1102 annehmen,
480 1076 542 1098 durch

120 1101 177 1124 ein'n
188 1103 271 1130 rechten
279 1102 385 1130 glauben,
398 1102 442 1126 mit
449 1103 542 1129 gantzem

114 1131 249 1155 vertrauen,
262 1126 329 1152 denen
337 1126 391 1156 wird
400 1135 424 1153 er
432 1130 483 1152 eben
493 1129 540 1156 ihre

115 1149 169 1177 ſuͤnd
182 1153 293 1183 vergeben.

142 1182 171 1204 4.
180 1178 254 1203 Denn
267 1183 290 1203 er
302 1179 352 1205 thut
364 1179 426 1202 inn'n
436 1177 539 1205 ſchencken

116 1212 141 1234 in
158 1209 206 1238 den
209 1209 356 1242 ſacramenten
370 1212 410 1233 ſich
423 1212 486 1235 ſelber
497 1217 538 1237 zur

116 1235 196 1270 ſpeiſe,
196 1235 253 1270 ſein
255 1233 298 1264 lieb
308 1234 332 1266 zu
338 1238 457 1264 beweiſen,
466 1242 504 1263 daß
512 1238 539 1268 ſie

114 1268 156 1295 ſein
162 1266 302 1300 genieſſen|in
310 1267 376 1292 ihrem
383 1266 497 1295 gewiſſen.

144 1295 164 1317 5.
199 1303 219 1307 Die
225 1296 275 1314 alſo
287 1291 396 1323 bekleiben
403 1293 447 1314 und
458 1292 540 1319 beſtaͤn⸗

116 1318 152 1349 dig
169 1320 265 1347 bleiben,
277 1323 323 1345 dem
338 1320 430 1350 HErren
448 1320 471 1343 in
484 1321 535 1343 allen

117 1348 211 1374 trachten
218 1354 242 1377 zu
250 1349 350 1376 gefallen,
365 1350 397 1373 die
405 1350 488 1373 werden
496 1352 537 1372 mit

114 1375 204 1403 freuden
212 1373 262 1401 auch
269 1381 312 1400 von
320 1376 403 1404 hinnen
411 1377 508 1403 ſcheiden.

142 1404 166 1428 6.
180 1403 249 1429 Denn
258 1402 303 1426 bald
311 1406 354 1427 und
361 1403 450 1427 behende
458 1402 537 1426 koͤmmt

115 1429 148 1456 ihr
163 1431 230 1464 letztes
244 1433 315 1457 ende,
340 1433 366 1454 da
381 1428 434 1462 wird
451 1436 472 1454 er
484 1435 535 1454 vom

116 1459 176 1486 boͤſen
188 1462 229 1485 ibre
239 1460 276 1487 ſeel
286 1458 382 1486 erloͤſen,
398 1463 441 1484 und
457 1459 484 1486 ſie
496 1460 536 1483 mit

114 1487 157 1512 ihm
164 1489 240 1514 fuͤhren
255 1495 279 1512 zu
288 1491 321 1512 der
329 1489 388 1512 engel
397 1487 480 1512 choͤren.

133 1513 156 1534 7.
168 1512 224 1534 Von
241 1513 324 1533 dannen
339 1514 360 1532 er
372 1512 481 1541 kommen,
495 1512 535 1532 wie

112 1541 167 1565 denn
180 1542 232 1566 wird
254 1546 397 1569 vernommen,
412 1547 476 1565 wenn
501 1542 533 1565 die

114 1571 187 1594 todten
198 1573 281 1593 werden
296 1570 376 1596 erſtehn
392 1574 436 1593 von
451 1572 486 1592 der
500 1575 533 1592 er⸗

113 1596 167 1624 den,
181 1599 224 1620 und
228 1601 263 1628 zu
277 1597 345 1623 ſeinen
359 1594 426 1625 fuͤſſen
439 1596 478 1625 ſich
486 1601 533 1621 dar⸗

112 1623 180 1649 ſtellen
188 1623 277 1653 muͤſſen.

138 1649 159 1673 8.
174 1649 214 1672 Da
228 1649 284 1673 wird
297 1653 318 1671 er
334 1649 361 1675 ſte
374 1649 482 1675 ſcheiden,
501 1649 533 1671 die

113 1667 216 1696 frommen
230 1676 266 1701 zur
273 1675 378 1697 freuden,
390 1670 421 1703 die
430 1670 490 1697 boͤſen
498 1677 534 1700 zur

113 1705 195 1736 hoͤllen,
210 1709 231 1731 in
247 1708 348 1735 peinliche
369 1705 450 1734 ſtellen,
467 1709 492 1729 da
506 1706 534 1733 ſie

114 1733 167 1757 ewig
174 1733 255 1757 muͤſſen
264 1734 296 1760 ihr
314 1737 410 1759 untugend
418 1729 507 1758 buͤſſen.

138 1765 160 1786 9.
166 1763 200 1790 Ey
210 1769 260 1790 nun,
274 1762 338 1792 HErre
344 1762 486 1788 JEſu,ſchicke
494 1769 536 1785 un⸗

115 1779 145 1806 ſre
153 1785 229 1811 hertzen
239 1790 278 1809 zu,
293 1784 333 1808 daß
348 1784 389 1805 wir
401 1781 437 1814 alle
445 1782 533 1811 ſtunden

115 1815 168 1841 recht
190 1818 274 1841 werden
290 1817 415 1843 erfunden,
409 1815 533 1844 darinnen

113 1845 242 1875 verſcheiden
251 1846 288 1874 zur
295 1849 377 1873 ewigen
389 1843 485 1876 freuden.

563 263 571 274 1
584 256 643 276 Th.3
766 257 788 277 6.
925 258 955 277 V.
966 258 989 277 6.

560 275 625 305 Mel.
637 265 678 298 Nun
691 273 757 296 komm
757 278 789 304 der
810 272 882 299 heiden
892 271 989 301 Heiland.

565 311 627 329 oder:
644 307 737 331 Himmel,
744 311 795 330 erde,
805 308 846 330 luft
856 310 898 330 und
907 313 972 330 meer.

566 338 616 381 G

616 338 686 362 OTT
699 339 732 361 ſey
748 339 808 357 danck
822 343 843 360 in
857 339 908 360 aller
927 338 987 363 welt,

631 360 664 379 der
685 357 728 379 ſein
741 358 796 376 wort
812 358 916 380 beſtaͤndig
935 358 987 380 haͤlt,

566 392 610 413 und
620 394 655 414 der
667 384 749 414 ſuͤnder
764 384 831 417 Troſt
833 394 876 414 und
890 390 952 418 Rath
964 395 989 417 zu

568 417 610 440 uns
619 417 654 440 her
661 417 756 442 geſendet
766 418 810 443 hat.

594 445 614 462 2.
627 441 686 464 Was
708 441 744 462 der
764 441 821 462 alten
841 437 902 463 vaͤter
926 439 992 467 ſchaar

568 466 660 496 hoͤchſter
681 468 761 494 wunſch
784 471 826 491 und
845 469 921 496 ſehnen
937 473 990 493 war,

569 502 612 522 und
622 500 667 522 was
677 497 704 520 ſie
714 499 876 527 aepropheceyt,
885 499 909 527 iſt
918 499 991 526 erfuͤllt

569 526 618 545 nach
627 525 764 549 herrlichkeit.

596 556 615 575 3.
631 550 698 573 Zions
711 547 760 575 huͤlf
772 552 815 572 und
834 548 906 573 Abrams
925 548 989 576 lohn,

568 571 651 602 Jacobs
662 576 714 601 heil,
724 578 755 598 der
767 574 898 602 Jungfraun
907 576 988 601 Sohn,

567 609 599 627 der
614 606 671 630 wohl
693 609 875 633 zweygeſtammte
884 606 939 634 Held
953 607 989 635 hat

565 632 603 657 ſich
612 634 696 658 treulich
709 633 831 657 eingeſtellt.

593 661 617 683 4.
633 657 686 684 Sey
695 660 857 682 willkommen,o
865 659 920 681 mein
930 658 989 686 Heil,

567 683 600 707 dir
618 684 722 710 Hoſanna!
738 691 749 707 o
757 687 811 708 mein
819 685 906 712 Theil:
925 689 989 710 richte

565 716 593 738 du
602 714 650 742 auch
659 722 704 740 eine
712 717 766 745 bahn
775 720 805 740 dir
815 715 836 740 in
844 722 934 741 meinem
942 717 988 745 her⸗

566 746 605 774 tzen
614 752 648 770 an.

596 775 613 798 5.
627 769 708 797 Zeuch,
724 773 752 794 du
760 770 929 798 Ehren ⸗ Koͤnig,
944 775 989 794 ein,

568 800 590 822 es
599 799 687 827 gehoͤret
701 802 733 824 dir
746 798 815 827 allein:
831 802 888 823 mach
896 804 933 826 es,
949 804 995 825 wie

568 830 596 850 du
605 833 668 854 gerne
677 828 750 857 thuft,
765 834 811 852 rein
822 833 865 852 von
874 830 932 852 allem
941 827 992 855 ſuͤn⸗

567 855 682 882 den⸗wuſt.

595 880 618 902 6.
631 880 681 903 Und
704 880 812 911 gleichwie
834 880 881 902 dein
903 880 991 907 zukunft

567 915 613 934 war
620 913 687 935 voller
701 912 836 936 ſanftmuth,
847 911 889 939 ohn
902 911 992 939 gefahr;

568 938 611 963 alſo
624 940 657 965 ſey
668 939 717 962 auch
737 941 834 968 iederzeit
851 939 909 963 deine
926 940 992 967 ſanft⸗

568 965 630 989 muth
637 966 678 987 mir
686 967 760 989 bereit.

596 996 609 1016 7.
633 987 784 1017 Troͤſte,troͤſte
795 990 878 1013 meinen
886 983 941 1021 finn,
950 989 994 1014 weil

570 1013 599 1038 ich
607 1004 694 1038 ſchwach
711 1017 754 1036 und
770 1015 827 1044 bloͤde
844 1017 883 1044 bin,
900 1019 942 1036 und
957 1020 994 1036 des

568 1048 641 1074 ſatans
663 1049 741 1073 ſchlaue
763 1048 795 1076 lift
813 1048 850 1076 ſich
866 1050 885 1074 ſo
901 1048 950 1075 hoch
965 1054 994 1073 an

568 1076 610 1099 mir
618 1076 722 1099 vermiſſt.

593 1099 616 1123 8.
632 1099 685 1120 Trit
698 1100 736 1119 den
750 1099 932 1124 ſchlangen⸗ kopf
943 1101 992 1120 ent⸗

565 1131 628 1152 zwey,
639 1131 678 1151 daß
689 1129 726 1154 ich,
737 1130 787 1151 aller
795 1127 880 1155 aͤngſten
890 1129 943 1155 frei,
951 1131 986 1152 dir

566 1155 595 1176 im
614 1155 704 1181 glauben
719 1160 755 1179 um
771 1157 814 1178 und
814 1152 840 1186 an
863 1155 912 1184 ſelig
921 1156 988 1179 bleibe

564 1180 677 1209 zugethan.

593 1212 615 1233 9.
634 1204 687 1238 Daß,
699 1212 749 1232 wenn
763 1205 801 1235 du,
800 1205 814 1239 o
821 1207 986 1237 Lebens⸗Fuͤrſt,

567 1235 662 1264 praͤchtig
680 1237 854 1260 wiederkommen
866 1237 939 1265 wirſt,
955 1239 983 1263 ich

565 1266 598 1290 dir
613 1266 662 1291 moͤg
678 1272 780 1293 entgegen
798 1265 867 1295 gehn,
881 1269 924 1290 und
943 1271 983 1292 vor

564 1296 597 1325 dir
608 1291 687 1326 gerecht
697 1292 789 1326 beſtehn.

564 1356 574 1373 2
582 1350 622 1372 Th.
631 1356 648 1372 3.
773 1357 787 1374 7.
922 1352 951 1376 V.
958 1354 983 1375 8.

563 1371 610 1426 H

610 1375 672 1396 Eilig
681 1375 705 1399 iſt
713 1371 781 1396 GOtt
791 1375 829 1395 der
836 1375 924 1397 Vater!
939 1375 984 1395 hei⸗

610 1409 655 1426 lig
665 1406 688 1426 iſt
696 1406 765 1429 GOtt
773 1409 805 1426 der
815 1404 905 1426 Sohn!
917 1406 982 1426 heilig

563 1426 593 1442 iſt
593 1426 665 1443 GOtt
675 1429 707 1448 der
718 1427 794 1452 heilige
804 1428 884 1451 Geiſt!

592 1460 610 1478 2.
624 1454 652 1477 Er
662 1454 685 1481 iſt
694 1457 726 1476 der
741 1454 815 1481 HErre
829 1445 933 1480 Zebaoth,
945 1454 981 1477 alle

562 1472 611 1505 land
619 1480 661 1509 ſind
672 1482 737 1506 ſeiner
744 1482 806 1508 ehren
814 1483 864 1504 voll.
891 1482 983 1509 Hoſian⸗

563 1519 590 1535 na
600 1520 621 1535 in
630 1516 668 1537 der
668 1516 738 1539 hoͤhe!

589 1542 609 1566 3.
624 1536 716 1560 Gelobet
724 1537 771 1564 ſey,
781 1539 814 1560 der
826 1540 850 1560 da
857 1536 937 1560 koͤmmt
950 1538 980 1560 im

561 1573 638 1592 namen
646 1571 682 1593 des
690 1569 785 1600 HErrn,
798 1568 907 1597 Hoſianna
916 1576 937 1595 in
947 1572 981 1593 der

562 1594 631 1617 hoͤhe!

562 1626 618 1646 2Th.
627 1630 653 1648 4.
762 1628 783 1649 8.
915 1628 982 1651 V.7.

562 1648 622 1673 Mel.
635 1649 703 1672 GOtt
710 1648 742 1675 ſey
751 1648 810 1671 danck
822 1648 842 1671 in
851 1649 901 1671 aller
910 1648 967 1670 welt.

562 1682 625 1702 oder:
636 1677 740 1704 Himmel,
751 1681 806 1701 erde,
814 1679 856 1701 luft
865 1682 906 1701 und
916 1684 981 1701 meer.

573 1705 611 1755 H

611 1705 721 1733 Oſianna!
736 1710 797 1729 unſer
803 1707 872 1734 Hort,
888 1709 982 1733 GOttes

620 1733 738 1757 ewigliches
753 1737 832 1756 Wort,
834 1730 932 1759 welches
944 1732 984 1757 alle

564 1762 614 1786 ding
625 1756 706 1786 erhaͤlt,
722 1760 758 1788 hat
773 1767 801 1784 im
819 1761 884 1790 fleiſch
893 1762 930 1788 ſich
938 1765 983 1784 eins

563 1790 650 1817 geſtellt.

589 1816 609 1834 2.
622 1812 688 1837 Der,
704 1814 742 1834 den
760 1812 830 1836 GOtt
845 1812 874 1834 im
887 1811 984 1837 paradis,

563 1842 613 1870 nach
622 1845 667 1867 dem
677 1841 815 1871 ſuͤnden⸗fall,
834 1840 918 1876 verhieß,
931 1846 984 1869 wird,

687 1869 716 1895 A
716 1869 741 1895 2

953 1874 984 1901 zu
