2197 2475
244 308 325 363 ſere
339 301 492 359 teutſche
519 301 789 358 Republiquen
817 296 899 356 mit
914 301 1043 358 freyen
1064 302 1241 349 Staaten
1276 298 1523 357 vergleichen,
1550 303 1601 345 da

242 344 484 418 ausgemacht
511 358 580 410 iſt,
618 359 693 409 daß
721 356 763 409 ſie
792 357 907 409 ihnen
925 358 965 400 in
985 361 1047 400 der
1061 356 1232 411 Macht,
1252 354 1385 408 Geſeze
1405 363 1451 407 zu
1469 353 1602 403 geben,

242 418 357 474 gleich
374 420 576 465 kommen?
594 411 743 474 Daher
750 411 842 469 mus
855 420 915 463 ein
932 411 1035 454 iedes
1053 417 1183 471 Geſez,
1194 419 1269 461 das
1288 419 1347 461 ein
1360 415 1538 470 teutſches
1556 417 1604 466 iſt

243 476 322 516 und
350 476 534 518 entweder
553 473 592 514 in
613 470 735 520 allen;
767 474 854 516 oder
879 470 969 524 doch
1004 469 1172 521 mehrern
1200 461 1470 522 Republiquen
1496 467 1607 518 gielt,

244 531 487 584 nothwendig
508 528 685 584 zwiſchen
723 530 881 584 ſelbigen
909 528 1055 582 allein;
1114 529 1177 574 als
1207 530 1267 574 ein
1298 526 1502 582 Gebrauch
1529 528 1606 570 ein⸗

244 577 416 641 gefuͤhret
435 589 615 637 werden,
636 580 685 635 es
705 595 792 638 mag
811 597 894 630 nun
912 586 1029 639 dieſes
1057 584 1373 641 ſtillſchweigend;
1405 586 1491 628 oder
1512 585 1606 626 aus⸗

196 647 423 702 druͤcklich
441 647 649 702 geſchehen.
704 648 804 694 Von
822 648 938 693 iener
947 650 1036 696 Art,
1053 644 1279 700 Gebraͤuche
1295 648 1336 690 in
1354 644 1606 698 Teutſchland

247 691 509 755 einzufuͤhren,
537 699 655 752 liefert
681 705 760 747 uns
787 697 860 744 das
886 697 1104 751 Alterthum
1139 700 1362 751 genugſame
1390 696 1609 753 Beyſpiele,

246 766 364 803 wann
386 760 456 803 wir
472 757 511 800 in
533 757 711 808 diejenige
732 756 962 813 barbariſche
983 755 1115 807 Zeiten
1135 752 1264 808 zuruͤck
1294 755 1423 808 ſehen,
1441 762 1503 798 wo
1531 754 1608 797 wir

246 815 416 872 zwiſchen
440 801 619 857 teutſchen
637 803 833 852 Voͤlckern
861 810 1223 867 gemeinſchafftliche
1243 813 1384 858 Sitten
1404 808 1606 862 antreffen,

246 874 305 919 die
324 866 411 923 doch
433 869 532 913 keine
553 874 712 924 andere;
737 874 843 915 dann
862 869 1093 922 feindſeelige
1111 858 1465 922 Zuſammenkuͤnfte
1490 869 1608 911 verei⸗

246 918 372 975 nigte.
392 909 541 975 Dieſe
566 920 696 974 treffen
725 921 800 965 wir
817 925 858 964 in
890 923 1009 962 denen
1040 916 1428 971 privatreichsgeſezen
1453 927 1527 968 an,
1566 911 1618 969 ſo

246 983 369 1034 wenig
386 982 480 1036 auch
498 983 679 1037 derſelben
700 982 797 1037 ſeyn.
855 980 1060 1038 Vielleicht
1072 983 1253 1026 wundern
1266 971 1331 1037 ſich
1345 982 1449 1031 viele,
1463 981 1536 1031 daß
1548 981 1605 1035 ich

246 1040 337 1092 auch
355 1040 413 1084 die
432 1042 469 1086 in
491 1040 647 1094 ſelbigen
666 1041 875 1091 enthaltene
899 1039 1210 1089 Verordnungen
1240 1048 1313 1081 nur
1335 1038 1446 1082 allein
1464 1039 1524 1080 als
1547 1037 1605 1091 oͤf⸗

245 1096 395 1150 fentlich
420 1089 605 1150 zwiſchen
617 1102 687 1141 den
711 1092 1006 1150 Reichsſtaͤnden
1031 1092 1262 1146 eingefuͤhrte
1283 1090 1514 1144 Gebraͤuche
1538 1100 1607 1135 an⸗

248 1154 349 1210 ſehe;
380 1153 492 1200 allein
519 1149 571 1204 ich
583 1149 699 1207 hoffe,
721 1157 763 1200 es
784 1154 854 1199 mit
869 1151 1013 1199 Grund
1029 1162 1074 1208 zu
1098 1151 1323 1204 behaupten.
1361 1153 1453 1199 Da
1478 1152 1608 1195 keines

246 1211 517 1267 Reichſtandes
536 1202 797 1261 Unterthanen
817 1210 861 1263 zu
878 1198 995 1252 einem
1012 1208 1142 1259 privat
1157 1206 1396 1262 Reichsgeſez
1414 1198 1607 1260 verpflich⸗

248 1261 303 1312 tet
313 1261 478 1318 werden,
508 1265 600 1320 falls
618 1277 651 1310 er
660 1267 789 1311 darein
809 1256 899 1320 nicht
910 1262 1116 1317 gewilliget
1127 1258 1251 1317 hat*:
1285 1267 1343 1308 ein
1356 1266 1454 1307 ieder
1466 1262 1604 1316 ſolches

246 1321 383 1371 wieder
403 1328 443 1370 in
467 1322 598 1377 ſeinem
626 1322 730 1369 Land
762 1321 852 1379 nach
880 1313 1077 1378 Willkuͤhr
1105 1319 1306 1375 abſchaffen
1339 1322 1474 1366 kan **
1524 1325 1606 1365 und

245 1392 311 1429 der
332 1372 604 1432 Reichsſtaͤnde
631 1388 725 1441 hohe
749 1386 909 1440 Macht,
940 1382 1074 1437 Geſeze
1096 1392 1139 1434 zu
1160 1384 1300 1436 geben,
1320 1383 1396 1439 ſehr
1415 1382 1607 1437 gekraͤnckt

246 1434 401 1490 wuͤrde,
434 1447 494 1480 wo
519 1447 610 1481 man
643 1436 777 1487 hievon
797 1440 877 1480 das
897 1434 1124 1488 Gegentheil
1139 1433 1359 1488 behaupten
1390 1431 1537 1477 wollte:
1568 1431 1612 1484 ſo

247 1495 460 1550 vereinigen
486 1496 552 1551 ſich
586 1506 661 1540 nur
689 1497 747 1541 die
783 1492 1055 1553 Reichsſtaͤnde
1094 1496 1163 1548 bey
1200 1490 1608 1546 privatreichsgeſezen,

246 1548 323 1602 daß
344 1552 402 1595 ein
425 1552 521 1596 ieder
538 1551 585 1595 in
598 1549 729 1604 ſeinem
741 1548 845 1593 Land
867 1550 989 1594 etwas
1008 1545 1283 1601 gleichmaͤſiges
1304 1544 1500 1600 einfuͤhren
1514 1546 1609 1589 wol⸗

1539 1602 1611 1653 len

326 1685 392 1723 als
409 1687 495 1734 freye
511 1689 656 1731 Voͤlcker
673 1691 845 1739 anzuſehen
863 1698 995 1735 waren,
1021 1688 1123 1734 ſagte:
1147 1698 1201 1724 eos
1219 1689 1502 1726 conſuetudinario
1513 1699 1606 1723 more

337 1735 398 1772 eſſe
414 1732 585 1770 connexos
606 1733 688 1771 libr.
703 1737 748 1771 VI.
761 1732 896 1783 capitul.
911 1740 1003 1779 num.
1010 1740 1067 1775 33.
1087 1730 1177 1773 beym
1195 1727 1386 1775 Baluzio,
1418 1729 1532 1780 tom.
1510 1728 1538 1777 I.
1554 1739 1607 1766 ca-

339 1777 470 1816 pitular.
491 1781 551 1816 reg.
560 1773 730 1816 Francor.
730 1773 775 1816 p.
786 1776 883 1816 983.

247 1816 268 1834 *
288 1816 320 1851 ſo
337 1810 436 1841 bliebe
451 1816 513 1850 das
531 1816 770 1860 Sachſerencht
787 1817 846 1867 mit
864 1823 917 1867 der
934 1816 1099 1864 Erbfolge
1116 1811 1168 1850 der
1187 1811 1470 1859 Bruderskinder,
1491 1817 1605 1870 ohner⸗

339 1868 438 1910 achtet
455 1876 494 1908 zu
516 1866 668 1907 Worms
695 1869 727 1905 in
744 1866 785 1907 J.
805 1878 900 1908 1521.
928 1867 978 1903 ein
1007 1865 1178 1907 demſelben
1201 1863 1370 1910 wiedriges
1396 1864 1605 1908 Reichsgeſez

337 1923 482 1958 gemacht
505 1912 634 1945 wurde,
656 1908 731 1944 weil
746 1915 961 1958 Churſachſen
979 1914 1089 1951 darein
1107 1915 1193 1956 nicht
1206 1913 1359 1959 willigte,
1383 1912 1439 1958 R.
1453 1913 1501 1954 A.
1527 1921 1605 1949 vom

328 1947 387 2003 J.
407 1945 504 2000 1521.
520 1948 565 2001 §.
586 1955 679 2000 doch
704 1955 765 2000 hat
788 1956 895 2001 unſer
906 1952 1073 1999 Oheim,
1089 1957 1222 1991 anderer
1246 1951 1438 2008 Beyſpiele,
1468 1956 1530 1991 mit
1553 1959 1610 1990 der

337 2002 440 2049 peinl.
453 2000 754 2048 Halsgerichtsord.
770 2010 801 2037 u.
814 2004 842 2043 d.
857 1999 886 2044 g.
899 2007 930 2045 zu
945 1998 1168 2045 geſchweigen,
1175 1997 1408 2044 Thomaſius
1417 2003 1456 2036 de
1466 2002 1536 2036 ſtat.
1546 2003 1607 2033 im-

321 2056 413 2087 per.
431 2048 588 2095 poteſtate
605 2048 804 2087 legislatoria
821 2048 941 2086 contra
941 2048 1000 2085 ius
1016 2053 1211 2089 commune,
1234 2044 1355 2093 Halle,
1384 2056 1480 2090 1702.

246 2058 285 2115 **
306 2074 538 2140 Thomaſius
556 2090 589 2140 in
607 2084 681 2134 dem
694 2082 780 2135 ang.
803 2088 884 2135 Ort
905 2089 970 2126 und
992 2086 1129 2133 Moſer
1143 2086 1344 2140 Grundriß
1366 2093 1434 2131 der
1448 2089 1611 2145 Staats⸗

334 2146 547 2199 verfaſſung
560 2149 625 2193 des
640 2141 819 2194 teutſchen
837 2142 1004 2192 Reichs,
1026 2144 1073 2185 B.
1088 2157 1122 2191 4.
1140 2143 1234 2190 Cap.
1247 2152 1299 2189 15.
1315 2151 1360 2188 44
1369 2143 1407 2188 §.
