1725 2390
1024 372 1108 408 235

205 436 261 483 Es
276 435 312 485 iſt
329 434 393 479 mir
405 440 492 484 zwar
505 434 594 480 wohl
615 428 778 478 bekandt/
784 423 844 478 daß
862 434 942 469 man
961 427 1019 467 den
1032 428 1109 468 Ort

164 494 195 525 2.
205 487 287 533 Cor.
299 492 333 527 6.
348 486 418 528 und
435 488 551 527 andere
565 482 687 528 Oerter
701 478 807 525 mehr/
833 478 943 525 welche
955 486 1022 519 eine
1036 477 1107 518 Ab⸗

164 527 346 578 ſonderung
372 534 426 570 der
448 535 629 570 F:ommen
651 530 720 570 und
746 523 941 573 Glaubigen
966 531 1030 563 von
1048 524 1108 561 den

167 581 396 632 Unglaubigen
412 592 479 621 und
496 579 699 630 Gottloſen/
727 576 896 625 erheiſchen
910 585 979 619 nun
997 573 1109 618 insge⸗

166 632 249 672 mein
265 638 328 672 nur
345 630 380 671 in
399 628 430 675 ſo
441 628 518 667 weit
533 627 600 666 will
611 626 798 671 verſtanden
811 622 953 667 haben/
991 609 1061 666 daß
1071 617 1109 664 ſie

162 686 246 732 nicht
263 687 325 728 mit
351 684 448 729 ihnen
476 683 510 723 in
538 682 625 728 ihren
652 683 774 727 groben
800 682 869 719 und
905 675 1110 727 offenbahren

165 730 351 783 Suͤnden/
355 733 547 784 Schanden
565 738 634 776 und
651 732 774 781 Laſtern
789 730 888 776 ſolten
909 729 1008 778 Theil
1036 731 1112 767 oder

167 782 416 837 Gemeinſchafft
432 785 589 833 haben/
633 785 719 831 nicht
734 783 808 824 aber
821 782 887 828 daß
903 781 940 830 ſie
956 781 1012 827 ſich
1030 779 1112 823 auch

167 841 230 879 von
246 833 344 883 ihnen
367 846 400 876 in
422 836 525 881 ihrem
540 830 700 881 gottloſen
725 832 794 871 und
818 826 1110 877 unvernuͤnfftigen

169 882 398 933 Gottesdienſt
414 884 592 928 abſondern
608 880 736 928 ſolten/
762 877 867 921 nein/
890 880 955 919 das
967 876 1034 916 will
1048 881 1115 912 nie⸗

169 946 311 981 mand/
347 937 426 984 auch
445 937 473 977 ke
490 945 545 978 ner
566 943 620 979 von
640 939 701 976 den
714 931 932 981 ſogenannten
950 928 1113 978 frommen

169 982 375 1034 Predigern/
389 980 531 1032 geſtehen
547 979 628 1028 noch
641 980 798 1029 zugeben;
827 978 901 1018 aber
917 978 963 1026 ich
978 977 1061 1022 weiß
1080 977 1116 1017 es

166 1034 245 1083 doch
260 1034 385 1083 gewiß/
392 1036 464 1076 und
478 1034 536 1075 bin
552 1035 588 1072 es
605 1034 640 1075 in
651 1030 788 1075 meinem
795 1028 928 1080 Hertzen
940 1022 1114 1074 verſichert/

171 1087 236 1134 daß
256 1086 353 1134 ſolche
369 1087 491 1131 Oerter
512 1082 592 1131 auch
616 1081 830 1130 nothwendig
847 1082 916 1120 und
935 1071 1117 1125 allermeiſt/

168 1135 295 1179 darvon
308 1142 347 1184 zu
355 1132 513 1181 verſtehen
529 1132 622 1182 ſeyn/
648 1132 715 1178 daß
730 1137 810 1171 man
828 1128 887 1178 ſich
906 1122 1036 1177 nemlich
1057 1133 1115 1165 von

169 1183 264 1233 ihnen
283 1186 319 1228 in
334 1184 437 1232 ihrem
455 1181 675 1231 ſogenannten
684 1176 951 1226 Gottesdienſt/
961 1182 1015 1218 der
1033 1175 1113 1222 doch

170 1248 233 1280 nur
245 1239 296 1282 ein
309 1247 401 1288 arger
416 1237 539 1283 Greuel
557 1236 610 1286 fuͤr
626 1238 743 1282 GOtt
758 1236 830 1280 iſt/
871 1233 1047 1280 abſondern
1064 1231 1119 1279 ſoll

171 1294 241 1331 und
258 1284 363 1335 muß/
375 1290 435 1330 wie
449 1292 484 1329 es
495 1290 585 1330 dann
599 1287 710 1334 Pauli
726 1284 858 1329 Worte
877 1293 921 1323 an
933 1280 1119 1330 gedachtem

169 1338 246 1382 Ort
259 1331 332 1385 auch
349 1331 437 1386 gantz
451 1336 516 1375 klar
528 1334 679 1383 geben/
716 1335 759 1372 da
780 1342 810 1370 er
833 1331 906 1378 ſagt
922 1330 1015 1377 ziehet
1033 1328 1120 1372 nicht

172 1397 229 1431 am
241 1389 404 1435 frembden
421 1387 528 1438 Joch
545 1386 608 1429 mit
622 1392 683 1427 den
698 1378 944 1430 Unglaubigen/
957 1388 999 1421 ꝛc.

219 1436 335 1482 Dann
346 1434 411 1483 daß
427 1437 480 1475 der
494 1428 619 1486 Apoſtel
644 1428 731 1482 durch
750 1432 807 1472 das
825 1425 898 1483 Joch
918 1430 978 1470 den
994 1425 1121 1473 aͤuſſern

175 1483 405 1534 Gottesdienſt
420 1480 607 1530 verſtehet/
639 1479 761 1527 erhellet
776 1483 841 1518 aus
856 1477 969 1520 Actor.
977 1484 1023 1519 15
1037 1481 1050 1514 /
1067 1484 1121 1511 10.

178 1543 266 1586 gantz
282 1536 385 1581 klar/
419 1540 452 1577 da
458 1534 591 1580 Petrus
604 1536 666 1576 den
681 1529 969 1579 ceremonialiſchen
978 1528 1122 1572 Gottes⸗

178 1592 278 1637 dienſt
292 1594 344 1635 der
361 1585 483 1635 Juͤden
501 1588 580 1636 auch
596 1589 648 1629 ein
661 1586 771 1637 Joch
788 1590 935 1626 nennet/
957 1584 1017 1624 wie
1032 1584 1124 1621 dann

179 1643 258 1683 auch
271 1624 425 1685 Chriſtus
441 1633 542 1684 ſeinen
557 1631 662 1675 reinen
671 1631 794 1679 Dienſt
811 1635 863 1670 der
873 1621 1061 1676 Seinigen/
1072 1627 1127 1666 als

178 1687 228 1728 die
237 1686 398 1735 Haltung
413 1683 506 1730 ſeiner
519 1683 682 1732 Worte/
692 1682 839 1725 Gebotte
849 1683 918 1721 und
930 1670 1127 1724 Liebes⸗Ge⸗

180 1737 267 1787 ſetze/
291 1739 342 1778 ein
357 1734 467 1790 Joch
483 1733 629 1780 nennet/
644 1736 686 1775 da
702 1745 731 1773 er
747 1732 842 1780 ſagt:
872 1729 1045 1777 Nehmet
1057 1723 1128 1771 auf

181 1788 271 1833 euch
283 1789 382 1831 mein
396 1786 506 1836 Joch
516 1787 596 1827 und
610 1782 723 1825 lernet
736 1791 813 1824 von
827 1781 899 1824 mir
911 1793 956 1821 ꝛc.
1007 1780 1064 1829 Ja
1083 1778 1130 1821 ich

181 1842 267 1889 weiß
284 1839 362 1899 auch
376 1835 512 1888 gewiß/
522 1838 588 1885 daß
604 1840 654 1881 die
668 1837 847 1884 Gottloſen
862 1837 932 1876 und
941 1831 1127 1879 Unglaubi⸗

182 1899 219 1936 ge
235 1895 296 1934 den
310 1890 406 1932 lieben
415 1888 532 1934 GOtt
545 1886 704 1935 nirgends
721 1889 810 1932 mehr
829 1883 1030 1932 beleydigen/
1058 1884 1129 1920 und

181 1933 289 1988 ſeinen
298 1940 388 1990 Zorn
405 1936 483 1980 uͤber
503 1937 560 1986 ſich
575 1933 783 1985 entzuͤnden/
808 1934 862 1974 als
879 1933 937 1979 bey
949 1934 1049 1978 ihrem
1068 1939 1131 1968 un⸗

185 1988 427 2041 vernuͤnfftigen
441 1986 712 2037 Gottesdienſt/
732 1988 804 2029 weil
822 1987 857 2031 ſie
876 1982 931 2031 ihn
949 1985 1054 2025 damit
1071 1990 1133 2020 nur

186 2039 335 2091 ſpotten/
328 2041 396 2091 und
407 2039 505 2087 ſeinen
516 2036 553 2085 H
578 2037 718 2082 Namen
729 2044 800 2082 zum
815 2033 1052 2081 ſchaͤndlichſten
1065 2037 1134 2073 ent⸗

163 2093 325 2141 heiligen
340 2095 411 2135 und
425 2087 669 2139 mißbrauchen/
679 2087 786 2131 indem
804 2088 839 2133 ſie
856 2088 912 2128 ihn
926 2087 958 2127 in
973 2087 1059 2128 ihren
1074 2092 1137 2118 un⸗

189 2140 297 2184 reinen
307 2139 431 2185 Mund
449 2136 606 2185 nehmen/
617 2139 686 2179 und
701 2133 776 2178 uͤber
793 2134 847 2178 alle
862 2135 926 2182 ihre
935 2133 1057 2175 Greuel
1068 2135 1138 2168 und

1035 2185 1126 2226 Boß⸗
