2033 2942
182 448 209 479 4.
231 441 304 482 Daß
333 442 374 484 ich
400 441 495 482 hinein
521 438 587 481 gehe
610 447 674 481 zum
700 440 776 472 altar

148 467 268 514 Gottes,
280 484 315 516 zu
320 483 385 509 dem
390 481 490 511 GOtt,
504 478 573 508 der*
586 476 658 519 meine
681 473 776 512 freude

148 528 195 562 und
202 527 363 568 wonne
312 526 379 573 iſt;
385 530 444 561 und
458 529 517 566 dir,
538 526 643 565 GOtt,
664 526 719 566 auf
728 528 775 559 der

148 559 235 607 harfen
245 570 360 607 dancke,
381 570 456 602 mein
464 568 563 605 GOtt.
606 567 679 611 *Pſ.
688 566 775 606 63,6.

181 622 206 653 5.
226 613 338 657 Was*
338 613 462 655 betruͤbſt
472 615 502 659 du
518 609 593 659 dich,
609 607 684 653 meine
697 611 775 653 ſeele,

148 658 197 692 und
210 659 260 701 biſt
277 654 308 700 ſo
319 657 446 698 unruhig
460 657 491 692 in
507 653 587 691 mir?
613 656 706 699 Harre
725 654 779 695 auf

148 694 242 736 GOtt:
265 702 338 734 denn
352 700 393 740 ich
400 702 491 732 werde
504 699 564 739 ihm
571 697 641 740 noch
649 695 777 731 dancken,

148 737 193 781 daß
200 753 227 778 er
238 744 347 781 meines
354 744 513 786 angeſichts
520 739 615 785 huͤlfe,
637 744 694 776 und
702 740 777 775 mein

149 785 227 828 GOtt
239 793 281 835 iſt.
395 790 467 833 *Pſ.
475 799 526 831 42,
534 789 564 821 6.
572 797 614 823 12.
627 788 674 831 Pſ.
683 786 738 824 116,
745 794 777 825 7.

328 845 396 879 Der
416 853 458 879 44
477 841 589 882 Pſalm.

195 872 336 905 Allgemeiner
348 877 431 903 zuſtand
446 878 488 897 und
501 876 562 903 gebet
575 876 611 898 der
623 873 721 901 heiligen.

182 917 204 942 1.
219 912 292 947 Eine
300 911 506 951 unterweiſung
514 912 560 945 der
568 910 658 945 kinder
665 905 777 947 Korah,

147 954 330 994 vorzuſingen.

147 996 162 1019 2.
179 995 246 1082 G

247 1000 316 1051 Ott,
338 1001 394 1034 wir
406 999 516 1042 habens
523 1001 577 1035 mit
583 999 681 1039 unſern
690 997 777 1038 ohren

246 1042 391 1081 gehoͤret:
402 1042 517 1083 unſere*
517 1039 595 1082 vaͤter
599 1038 709 1080 habens
717 1039 777 1072 uns

150 1087 270 1127 erzehlet,
293 1088 362 1121 was
379 1088 417 1120 du
440 1086 545 1127 gethan
566 1084 625 1125 haſt
646 1091 679 1125 zu
697 1083 777 1124 ihren

149 1127 223 1165 zeiten
236 1137 289 1165 vor
301 1131 401 1164 alters.
497 1133 537 1175 *5
544 1129 623 1168 Moſ.
633 1128 663 1163 6,
670 1136 711 1158 21.
719 1125 775 1167 ſqq.

182 1179 208 1210 3.
230 1176 287 1210 Du
295 1174 354 1214 haſt
363 1175 417 1208 mit
424 1174 516 1208 deiner
525 1173 600 1215 hand
607 1172 674 1206 die*
681 1172 777 1212 heiden

146 1213 308 1253 vertrieben,
330 1219 396 1250 aber
407 1218 442 1258 ſie
449 1217 510 1257 haſt
522 1219 560 1249 du
567 1213 717 1255 eingeſetzt:
740 1214 778 1246 du

147 1253 202 1300 haſt
222 1262 263 1296 die
279 1260 383 1295 voͤlcker
406 1259 563 1296 verderbet,
582 1255 648 1290 aber
665 1257 700 1299 ſie
717 1256 778 1298 haſt

147 1299 182 1336 du
195 1304 391 1348 ausgebreitet.
517 1310 555 1350 *5
563 1304 710 1345 Moſ.7,1.
722 1302 777 1343 ſqq.

186 1356 216 1388 4.
232 1349 322 1385 Denn
330 1348 366 1391 ſie
372 1348 463 1390 haben
471 1350 528 1385 das
534 1348 601 1382 land
608 1346 682 1388 nicht
690 1345 779 1387 einge⸗

148 1392 277 1426 nommen
283 1392 368 1432 durch
376 1393 420 1433 ihr
429 1391 574 1434 ſchwerdt,
596 1390 655 1422 und
663 1387 708 1428 ihr
715 1396 779 1423 arm

147 1433 208 1476 half
224 1437 309 1480 ihnen
329 1437 424 1477 nicht:
450 1438 566 1478 ſondern
584 1434 660 1468 deine
682 1433 778 1474 rechte,

146 1476 207 1513 dein
213 1486 286 1520 arm,
301 1481 359 1514 und
366 1482 424 1515 das
432 1479 496 1522 licht
503 1477 598 1517 deines
605 1475 779 1519 angeſichts;

147 1519 217 1557 denn
229 1526 267 1559 du
282 1523 382 1564 hatteſt
395 1518 590 1564 wohlgefallen
609 1529 649 1555 an
662 1520 755 1561 ihnen.

187 1576 212 1609 5.
236 1570 341 1609 GOtt,
360 1573 418 1607 Du
439 1571 490 1611 biſt
507 1566 619 1610 derſelbe
640 1569 714 1603 mein
735 1567 779 1603 koͤ⸗

148 1610 208 1654 nig,
233 1615 280 1648 der
294 1616 328 1647 du
337 1611 434 1657 Jacob
448 1612 523 1656 huͤlfe
535 1606 734 1654 verheiſſeſt.

186 1657 218 1691 6.
238 1655 340 1699 Durch
351 1658 411 1701 dich
419 1654 523 1693 wollen
528 1653 584 1689 wir
591 1656 684 1698 unſere
692 1655 779 1697 feinde

147 1700 295 1743 zerſtoſſen:
316 1699 346 1735 in
360 1702 468 1736 deinem
487 1704 589 1734 namen
609 1699 711 1735 wollen
726 1698 780 1733 wir

148 1749 330 1789 untertreten,
352 1750 395 1783 die
408 1748 461 1792 ſich
473 1747 573 1782 wieder
586 1749 647 1781 uns
661 1747 749 1787 ſetzen.

185 1797 216 1828 7.
238 1790 328 1828 Denn
340 1786 405 1835 ich*
427 1789 538 1831 verlaſſe
552 1789 624 1830 mich
639 1788 714 1830 nicht
728 1787 782 1828 auf

147 1832 252 1868 meinen
264 1830 370 1872 bogen,
392 1833 450 1867 und
470 1833 545 1868 mein
557 1829 690 1873 ſchwerdt
706 1831 779 1866 kann

148 1878 202 1912 mir
213 1878 287 1921 nicht
302 1880 406 1929 helfen:
611 1879 684 1919 *Pſ.
692 1887 744 1915 20,
751 1882 780 1913 8.

186 1922 213 1954 8.
235 1918 378 1957 Sondern
392 1922 430 1954 du
441 1918 529 1962 hilfeſt
540 1918 602 1953 uns
614 1923 674 1952 von
680 1918 780 1959 unſern

151 1950 272 1997 feinden;
293 1964 353 1993 und
372 1960 490 1998 macheſt
505 1962 540 1996 zu
561 1954 713 1997 ſchanden,
738 1955 782 1989 die

136 1994 205 2040 uns
218 2003 318 2048 haſſen.

187 2055 219 2085 9.
240 2049 307 2085 Wir
328 2047 431 2085 wollen
454 2043 558 2089 taͤglich
580 2041 702 2087 ruͤhmen
720 2053 779 2081 von

147 2080 250 2131 Gott,
271 2094 329 2124 und
338 2094 445 2122 deinem
454 2093 558 2121 namen
570 2087 687 2122 dancken
698 2087 781 2125 ewig⸗

153 2133 214 2180 lich,
235 2140 324 2176 Sela.

180 2185 221 2218 10.
232 2182 360 2218 Warum
367 2178 512 2223 verſtoͤſſeſt
540 2177 571 2223 du
566 2180 626 2214 uns
632 2181 705 2214 denn
711 2186 781 2215 nun,

160 2224 206 2263 und
220 2225 305 2267 laͤſſeſt
317 2226 377 2260 uns
391 2233 426 2268 zu
435 2223 567 2267 ſchanden
575 2225 701 2263 werden,
722 2225 781 2258 und

162 2265 251 2313 zeuchſt
266 2267 340 2308 nicht
352 2270 411 2303 aus
423 2271 506 2304 unter
518 2265 629 2305 unſerm
642 2265 727 2308 heer?

190 2323 226 2347 II.
247 2310 302 2347 Du
296 2307 410 2360 laͤſſeſt
426 2315 475 2351 uns
491 2310 591 2353 fliehen
606 2317 659 2346 vor
672 2311 782 2351 unſerm

155 2344 253 2385 feinde:
273 2351 329 2388 daß
335 2355 396 2383 uns
404 2351 553 2385 berauben,
562 2348 603 2380 die
611 2348 671 2381 uns
682 2347 781 2387 haſſen.

191 2412 234 2435 12.
255 2400 310 2437 Du
322 2401 408 2445 laͤſſeſt
420 2403 481 2437 uns
494 2401 639 2443 auffreſſen
649 2402 701 2436 wie
713 2400 783 2443 ſcha⸗

152 2432 189 2476 fe,
210 2438 269 2468 und
285 2439 435 2477 zerſtreueſt
454 2439 515 2470 uns
527 2438 609 2469 unter
624 2435 666 2471 die
679 2435 782 2476 heiden.

192 2496 232 2526 13.
248 2487 326 2524 Du*
332 2486 491 2530 verkauffeſt
506 2482 566 2526 dein
578 2481 652 2525 volck
665 2486 784 2528 umſonſt,

151 2532 210 2566 und
216 2529 298 2570 nimſt
304 2532 397 2575 nichts
405 2535 500 2567 drum.
549 2529 675 2571 *5Moſ.
682 2532 727 2570 32,
734 2537 785 2568 30.

179 2583 225 2609 14.
232 2574 310 2611 Du*
316 2577 431 2619 macheſt
437 2575 498 2611 uns
503 2580 552 2616 zur
560 2572 680 2617 ſchmach
687 2573 787 2614 unſern

152 2606 312 2655 nachbarn:
332 2621 396 2655 zum
417 2614 493 2654 ſpott
512 2615 574 2650 und
587 2613 670 2657 hohn
690 2614 787 2651 denen,

152 2660 194 2696 die
210 2669 261 2697 um
274 2661 336 2698 uns
349 2662 396 2705 her
410 2662 498 2705 ſind.
618 2658 787 2704 *Pſ.79,4.

854 445 895 476 15.
918 435 973 469 Du
981 436 1098 476 macheſt
1104 438 1165 469 uns
1176 443 1239 477 zum
1247 435 1361 478 beyſpiel
1371 440 1453 468 unter

810 482 865 513 den
887 477 1000 518 heiden,
1023 480 1082 509 und
1101 478 1156 517 daß
1178 479 1221 511 die
1246 479 1380 512 voͤlcker*
1397 480 1454 511 das

811 521 902 562 haupt
914 517 984 555 uͤber
996 523 1059 553 uns
1073 519 1215 560 ſchuͤtteln.
1288 524 1360 563 *Pſ.
1369 524 1453 557 22,8.

853 564 896 595 16.
914 558 1030 602 Taͤglich
1038 562 1070 601 iſt
1078 563 1191 597 meine*
1198 562 1319 602 ſchmach
1327 573 1380 595 vor
1388 571 1454 600 mir,

811 610 870 641 und
886 608 961 642 mein
975 609 1067 649 antlitz
1080 608 1112 646 iſt
1128 609 1216 641 voller
1229 606 1352 648 ſchande.

1055 650 1112 675 *Pſ.
1123 652 1161 677 69,
1170 655 1209 673 20.

855 684 900 716 17.
922 675 994 716 Daß
1009 675 1049 716 ich
1063 675 1129 709 die*
1138 674 1267 716 ſchaͤnder
1276 678 1334 708 und
1344 673 1454 715 laͤſterer

812 716 915 759 hoͤren,
938 720 997 753 und
1018 718 1060 752 die
1079 718 1168 759 feinde
1187 719 1246 751 und
1267 719 1455 757 rachgierigen

811 768 889 808 ſehen
903 767 983 806 muß.
1265 765 1335 807 *Pſ.
1344 774 1396 806 74,
1404 775 1452 798 10.

852 810 892 841 18.
900 805 965 841 Dis
972 806 1045 840 alles
1051 806 1083 847 iſt
1090 802 1158 840 uͤber
1169 805 1230 837 uns
1238 802 1383 837 kommen:
1393 810 1454 840 und

811 849 902 891 haben
914 849 982 892 doch
998 851 1059 883 dein
1068 850 1143 891 nicht
1152 848 1300 890 vergeſſen,
1322 849 1390 889 noch
1399 858 1455 885 un⸗

811 897 926 938 treulich
941 898 971 931 in
984 897 1091 930 deinem
1103 896 1195 930 bunde
1210 893 1367 936 gehandelt.

853 949 897 982 19.
905 936 990 981 Unſer
997 942 1065 982 hertz
1073 941 1106 981 iſt
1112 940 1186 982 nicht
1193 937 1366 981 abgefallen,
1381 941 1452 983 noch

812 983 893 1023 unſer
905 989 982 1023 gang
993 982 1131 1024 gewichen
1148 990 1206 1017 von
1219 982 1325 1016 deinem
1338 988 1430 1021 wege:

853 1040 904 1063 20.
926 1030 998 1068 Daß
1021 1032 1059 1063 du
1079 1032 1140 1064 uns
1137 1023 1171 1072 ſo
1209 1026 1379 1071 zerſchlaͤgeſt
1398 1037 1453 1065 un⸗

812 1076 854 1106 ter
874 1074 925 1106 den
942 1069 1076 1113 drachen,
1098 1072 1157 1105 und
1178 1069 1305 1112 bedeckeſt
1325 1071 1385 1105 uns
1398 1071 1453 1106 mit

812 1116 965 1155 finſterniß.

855 1164 896 1186 21.
906 1155 1002 1189 Wenn
1010 1154 1064 1188 wir
1070 1155 1123 1187 des
1141 1152 1245 1198 namens
1260 1152 1358 1197 unſers
1365 1154 1453 1191 GOt⸗

811 1202 856 1234 tes
875 1200 1011 1241 vergeſſen
1029 1199 1144 1240 haͤtten,
1166 1202 1224 1232 und
1243 1200 1337 1240 unſere
1358 1201 1451 1240 haͤnde

811 1239 987 1281 aufgehaben
996 1249 1060 1282 zum
1069 1240 1195 1280 fremden
1207 1245 1288 1281 gott:

854 1297 902 1320 22.
911 1287 983 1324 Das
990 1285 1095 1330 moͤchte
1121 1281 1188 1328 GOtt
1204 1283 1255 1327 wol
1264 1286 1379 1328 finden;
1390 1295 1452 1323 nun

812 1329 907 1366 kennet
921 1332 971 1367 Er
983 1338 1012 1373 ja
1029 1329 1128 1370 unſers
1143 1328 1265 1371 hertzens
1281 1333 1384 1370 grund.

856 1386 900 1417 23.
923 1377 1044 1413 Denn*
1057 1378 1111 1411 wir
1127 1379 1237 1410 werden
1251 1376 1280 1417 ja
1294 1384 1344 1409 um
1359 1378 1450 1412 deinet

812 1421 906 1456 willen
915 1417 1017 1462 taͤglich
1025 1416 1184 1461 erwuͤrget,
1197 1421 1256 1452 und
1264 1418 1323 1458 ſind
1331 1419 1455 1459 geachtet

811 1471 865 1504 wie
879 1468 1088 1508 ſchlachtſchafe.
1245 1466 1360 1504 *Roͤm.
1369 1468 1452 1506 8,36.

854 1518 904 1549 24.
914 1508 1040 1543 Erwecke
1048 1508 1118 1551 dich,
1147 1508 1222 1551 HErr,
1241 1502 1323 1546 warum
1309 1506 1455 1550 ſchlaͤf⸗

812 1556 861 1595 feſt
877 1553 940 1590 du?
962 1551 1068 1595 Wache
1087 1552 1155 1594 auf,
1177 1554 1235 1585 und
1249 1552 1374 1594 verſtoſſe
1390 1555 1453 1588 uns

813 1596 888 1638 nicht
905 1597 932 1634 ſo
944 1605 1007 1633 gar.
1165 1595 1304 1634 *Matth.
1312 1599 1395 1634 8,24.
1408 1603 1453 1635 25.

856 1645 902 1677 25.
924 1635 1051 1671 Warum
1064 1635 1211 1677 verbirgeſt
1219 1637 1258 1668 du
1272 1636 1334 1669 dein
1348 1638 1453 1678 antlitz,

814 1682 949 1724 vergiſſeſt
963 1684 1063 1724 unſers
1071 1682 1166 1716 elends
1180 1683 1239 1715 und
1253 1681 1389 1724 drangs?

856 1729 907 1762 26.
929 1728 1017 1765 Denn
1025 1728 1118 1768 unſere
1131 1728 1191 1769 ſeele
1199 1726 1255 1767 iſt*
1261 1726 1393 1768 gebeuget
1403 1733 1455 1768 zur

812 1772 909 1811 erden,
940 1771 1019 1812 unſer
1047 1769 1135 1812 bauch
1163 1768 1245 1805 klebet
1273 1777 1323 1803 am
1355 1770 1454 1804 erdbo⸗

812 1823 875 1854 den.
1232 1817 1355 1861 *Richt.
1362 1827 1399 1856 II,
1406 1823 1453 1857 35.

855 1866 906 1898 27.
928 1856 1036 1901 Mache
1051 1855 1110 1901 dich
1131 1856 1201 1900 auf,
1224 1855 1279 1898 hilf
1289 1859 1365 1890 uns:
1393 1862 1454 1892 und

815 1899 896 1942 erloͤſe
911 1901 988 1941 uns,
1011 1908 1061 1934 um
1078 1901 1170 1935 deiner
1186 1898 1251 1941 guͤte
1266 1901 1369 1935 willen.

1004 1953 1072 1986 Der
1092 1962 1127 1988 45
1149 1952 1260 1989 Pſalm.

840 1987 982 2016 Weiſſagung
995 1992 1037 2010 von
1049 1991 1094 2011 dem
1106 1985 1223 2016 braͤutigam
1238 1986 1335 2015 Chriſto,
1355 1989 1397 2010 und
1414 1990 1451 2012 der

814 2011 888 2040 kirche,
898 2013 964 2039 ſeiner
971 2009 1039 2034 braut.

857 2057 880 2082 1.
903 2048 962 2085 Ein
969 2047 1106 2083 brautlied
1121 2049 1179 2082 und
1192 2046 1397 2088 unterweiſung
1404 2049 1453 2082 der

814 2091 907 2128 kinder
919 2090 1038 2132 Korah,
1060 2096 1119 2124 von
1132 2093 1184 2125 den
1198 2089 1291 2131 roſen,
1311 2089 1453 2131 vorzuſin⸗

816 2147 880 2171 gen.

815 2182 844 2206 2.
849 2171 941 2252 M

941 2171 1028 2219 Ein*
1041 2173 1109 2215 hertz
1124 2173 1217 2216 tichtet
1233 2175 1275 2209 ein
1290 2174 1380 2213 feines
1392 2173 1455 2212 lied,

960 2220 1001 2258 ich
1017 2221 1076 2256 will
1093 2220 1187 2261 ſingen
1202 2227 1260 2254 von
1279 2222 1366 2253 einem
1378 2218 1456 2255 koͤni⸗

814 2273 864 2307 ge:
887 2265 977 2299 meine
990 2271 1077 2308 zunge
1097 2263 1130 2305 iſt
1146 2267 1191 2300 ein
1203 2265 1294 2307 griffel
1308 2265 1389 2298 eines
1401 2273 1456 2305 gu⸗

816 2316 862 2347 ten
876 2307 1031 2350 ſchreibers.
1281 2308 1366 2343 *Col.
1373 2317 1399 2348 3,
1409 2309 1454 2342 16.

859 2361 886 2393 3.
909 2351 964 2387 Du
994 2351 1044 2392 biſt
1073 2354 1120 2388 der
1148 2349 1263 2393 ſchoͤnſte
1291 2352 1373 2383 unter
1401 2353 1455 2385 den

818 2395 1087 2436 menſchenkindern,
1120 2398 1138 2418 *
1160 2394 1288 2436 holdſelig
1314 2394 1373 2436 ſind
1399 2398 1454 2431 dei⸗

819 2450 853 2475 ne
885 2438 997 2480 lippen,
1025 2441 1129 2475 darum
1155 2440 1243 2479 ſegnet
1279 2439 1338 2480 dich
1364 2441 1455 2478 GOtt

819 2482 952 2526 ewiglich.
1291 2485 1361 2525 *Eſ.
1370 2494 1418 2526 50,
1424 2492 1456 2523 4.

860 2531 891 2561 4.
915 2518 1011 2557 Guͤrte
1025 2522 1087 2554 dein
1099 2519 1228 2559 ſchwerdt
1241 2527 1280 2554 an
1294 2521 1370 2554 deine
1384 2523 1454 2561 ſeite,

820 2572 860 2606 du
873 2568 949 2611 held,
970 2571 1031 2604 und
1045 2565 1178 2608 ſchmuͤcke
1191 2569 1251 2611 dich
1263 2567 1354 2611 ſchoͤn.

864 2621 889 2654 5.
912 2611 960 2649 Es
982 2611 1067 2652 muͤſſe
1084 2611 1127 2645 dir
1147 2611 1274 2652 gelingen
1295 2611 1326 2645 in
1347 2611 1474 2653 deinem

822 2653 957 2698 ſchmuck:
971 2654 1049 2696 zeuch
1059 2653 1151 2696 einher
1158 2656 1205 2690 der
1211 2652 1354 2695 wahrheit
1357 2656 1385 2700 zu
1394 2656 1457 2694 gut,
