1589 2316
456 303 513 371 46

450 394 522 441 chen
538 398 594 434 des
611 395 757 439 Kreutzes
774 401 941 445 erinnern,
965 395 1024 437 das
1031 401 1089 449 ihr
1112 399 1165 446 fuͤr
1183 406 1244 441 das
1260 404 1364 452 ſicher⸗

443 450 490 494 ſte
506 450 569 485 und
585 440 753 499 bequemſte
778 452 893 492 Mittel
914 456 1009 491 wider
1027 455 1076 490 die
1099 451 1239 499 Hexerey
1264 453 1405 501 allge⸗

444 503 530 538 mein
546 500 782 551 aufgenommen
808 506 892 552 habt.
941 508 1024 547 Das
1038 506 1166 555 Zeichen
1185 512 1240 546 des
1261 504 1362 557 Kreu⸗

443 555 502 600 tzes
520 554 571 600 iſt,
595 556 644 593 als
662 569 711 594 ein
728 557 837 604 bloſſes
859 557 986 604 Zeichen
999 559 1184 606 betrachtet,
1209 563 1257 597 ein
1281 563 1360 601 elen⸗

444 611 500 647 des
514 608 731 656 Ueberbleibſel
741 617 802 648 aus
821 615 890 649 dem
908 612 1102 664 katholiſchen
1118 612 1358 663 Aberglauben,

442 656 509 692 und
532 667 566 695 es
592 659 627 704 iſt
650 661 763 695 darum
780 659 856 704 noch
878 666 967 697 unter
984 663 1056 697 dem
1078 671 1238 708 gemeinen
1265 660 1359 708 Hau⸗

441 710 492 758 fen
509 714 538 759 ſo
563 713 689 757 beliebt,
713 715 780 751 weil
798 724 832 752 es
854 715 935 753 keine
950 715 1055 763 Kunſt
1071 719 1124 765 iſt,
1147 717 1199 764 diß
1221 727 1280 755 vor
1297 719 1355 765 ſich

439 767 476 806 zu
491 758 640 805 machen,
663 764 728 798 und
743 762 799 808 ſich
821 762 918 809 dabey
934 774 969 812 zu
983 764 1131 811 bereden,
1152 769 1214 804 das
1229 766 1359 814 verrich⸗

439 820 470 851 te
485 817 533 851 die
548 813 662 855 Stelle
678 819 735 853 des
751 814 897 863 Gebets;
922 819 964 854 da
979 811 1130 865 hingegen
1146 824 1181 854 es
1195 821 1259 856 eine
1275 821 1359 868 groſ⸗

438 868 465 913 ſe
488 865 593 912 Kunſt
617 868 673 913 iſt,
706 865 762 913 ſich
786 871 840 906 der
872 870 971 907 damit
996 869 1198 917 bezeichneten
1224 870 1359 919 Sache,

437 924 496 957 des
510 917 657 966 Kreutzes
680 918 800 967 JEſu,
823 923 888 959 und
910 922 1004 967 ſeiner
1027 923 1242 971 ſegensvollen
1255 926 1358 973 Kraft

437 974 472 1008 in
490 972 544 1007 der
568 969 729 1020 Ordnung
743 973 798 1008 der
814 972 919 1018 Buſſe
930 981 976 1020 zu
993 974 1158 1020 erinnern,
1181 977 1246 1014 und
1273 975 1358 1026 theil⸗

438 1018 538 1070 haftig
560 1029 598 1066 zu
623 1021 773 1069 machen,
802 1026 868 1061 und
895 1020 1060 1074 andaͤchtig
1083 1036 1128 1074 zu
1137 1024 1243 1073 beten,
1274 1028 1351 1074 dazu

435 1070 678 1122 aberglaͤubiſche
698 1075 871 1123 Menſchen
897 1086 949 1113 am
974 1073 1136 1126 wenigſten
1162 1091 1197 1128 zu
1223 1078 1355 1128 bringen

433 1129 514 1176 ſind.
570 1128 646 1169 Der
670 1129 832 1178 Urſprung
856 1131 951 1179 dieſes
965 1130 1113 1181 Zeichens
1136 1135 1172 1181 iſt
1187 1135 1278 1185 mehr
1300 1136 1352 1173 als

436 1189 478 1227 zu
491 1177 619 1225 loͤblich,
647 1185 714 1217 uns
744 1181 843 1219 damit
868 1192 902 1229 zu
926 1182 1091 1230 erinnern,
1120 1184 1181 1233 daß
1210 1188 1269 1224 wir
1294 1196 1348 1224 am

433 1231 564 1278 Kreutze
578 1240 643 1269 von
652 1232 752 1280 JEſu
767 1233 897 1281 erkauft,
919 1236 984 1273 und
999 1246 1060 1274 nur
1074 1247 1129 1274 um
1143 1238 1239 1286 ſeines
1248 1236 1352 1278 Kreu⸗

432 1285 630 1335 tzes⸗Todes
657 1291 761 1328 willen
789 1292 842 1327 der
867 1292 995 1332 Gnade
1011 1292 1149 1334 GOttes
1170 1292 1349 1344 theilhaftig

431 1336 501 1384 ſind
529 1338 603 1375 oder
627 1338 772 1382 werden;
800 1341 866 1376 und
886 1342 920 1375 in
944 1341 1036 1386 dieſer
1057 1340 1245 1389 Auslegung
1267 1343 1349 1381 wird

434 1394 471 1423 es
488 1383 563 1431 noch
588 1388 621 1423 in
645 1386 756 1436 unſern
780 1387 916 1434 Kirchen
937 1387 1028 1435 beym
1052 1388 1238 1438 oͤffentlichen
1262 1394 1350 1434 Got⸗

429 1441 595 1486 tesdienſte
611 1440 785 1489 gebraucht.
837 1443 961 1492 Allein,
983 1454 1047 1481 wer
1062 1452 1152 1482 unter
1167 1448 1240 1494 euch
1257 1452 1349 1488 denkt

430 1506 474 1532 an
488 1498 566 1540 dieſe
581 1495 793 1543 Auslegung?
815 1498 896 1543 Bey
910 1498 981 1546 euch
998 1500 1032 1549 iſt
1045 1501 1106 1538 das
1122 1499 1225 1549 heilige
1239 1501 1353 1551 Kreutz

431 1543 544 1589 nichts,
562 1546 613 1582 als
624 1549 672 1583 ein
682 1547 797 1587 Mittel
809 1552 904 1585 wider
917 1551 964 1588 die
971 1548 1096 1596 Hexen,
1121 1550 1197 1596 und,
1221 1550 1350 1599 welches

433 1595 516 1643 wohl
532 1606 567 1644 zu
588 1596 728 1644 merken,
753 1608 844 1636 wenn
858 1606 897 1635 es
921 1608 979 1639 vor
996 1603 1071 1649 dieſe
1097 1601 1195 1652 helfen
1218 1603 1291 1652 ſoll,
1317 1605 1348 1651 ſo

432 1648 469 1695 iſt
489 1648 557 1684 eins
575 1645 655 1693 nicht
676 1656 795 1695 genug,
820 1648 868 1685 es
882 1645 997 1699 muͤſſen
1020 1655 1113 1692 deren
1128 1654 1253 1692 allemal
1273 1658 1351 1699 drey

425 1701 502 1749 ſeyn,
545 1704 580 1738 es
596 1699 735 1741 bedeutet
749 1702 811 1749 alſo
825 1700 922 1747 nicht,
942 1705 1005 1751 daß
1019 1708 1076 1755 ihr
1084 1705 1256 1758 Chriſten,
1280 1702 1346 1746 und

430 1753 578 1802 Freunde
604 1757 659 1792 des
682 1755 830 1804 Kreutzes
854 1755 1015 1806 CHriſti,
1035 1761 1185 1806 ſondern,
1209 1761 1272 1806 daß
1297 1762 1347 1808 ihr

428 1815 477 1842 im
498 1800 718 1852 Aberglauben
749 1816 827 1855 ganz
851 1808 975 1854 erſoffen
994 1810 1091 1857 ſeyd.
1136 1813 1228 1852 Was
1251 1813 1346 1858 ſollen

427 1858 510 1906 ſonſt
529 1861 576 1897 die
591 1857 740 1906 Kreutze,
761 1864 808 1899 die
825 1861 873 1910 ihr
890 1862 922 1897 in
936 1864 990 1900 der
1013 1862 1219 1911 Wallpurgis
1232 1864 1346 1914 Nacht

429 1918 475 1948 an
494 1920 563 1948 eure
575 1911 670 1958 Kuh⸗
687 1913 817 1959 Pferde⸗
833 1916 897 1952 und
922 1913 1154 1963 Schaafſtalls⸗
1169 1919 1242 1955 oder
1268 1917 1377 1964 auch

431 1962 603 2014 Vorraths
624 1961 939 2018 Kammer⸗Thuͤren
970 1966 1094 2016 macht,
1134 1971 1199 2008 und
1252 1981 1345 2011 wenn

1292 2032 1345 2084 ihr
