1859 2803
601 389 686 433 392

736 381 832 424 Lib.
857 387 892 435 I.
947 390 1024 431 Tit.
1047 381 1116 432 IX
1122 409 1183 422 —
1211 390 1333 432 XXlI.
1394 389 1429 440 §.
1456 396 1531 439 183.

743 619 884 674 Lib.
912 620 976 675 I.
1027 638 1161 685 Tit.
1207 616 1518 692 IX-XXII.

1108 740 1156 773 de

624 839 952 889 Senatoribus
980 849 1031 886 et
1057 847 1226 890 officio
1256 847 1620 903 Magiſtratuum

961 927 1294 972 Romanorum.

1049 1074 1079 1107 §.
1127 1076 1202 1107 183.

587 1134 683 1171 Kurze
710 1134 929 1175 Bemerkungen
954 1134 1020 1170 uͤber
1040 1139 1083 1172 die
1104 1135 1343 1185 Selbſthuͤlfe
1366 1143 1424 1176 und
1446 1142 1490 1177 die
1512 1142 1656 1187 verſchied⸗

792 1198 894 1230 nen
924 1188 1069 1235 roͤmiſchen
1091 1192 1410 1237 Magiſtratsperſonen.

587 1239 705 1315 Die
724 1274 831 1323 zeither
855 1272 1004 1321 erklaͤrten
1018 1270 1196 1313 Materien,
1225 1272 1289 1308 ſind
1313 1279 1376 1303 von
1393 1266 1450 1303 den
1472 1276 1653 1316 Verfaſſern

591 1331 642 1359 der
663 1331 856 1371 Pandekten,
887 1329 980 1363 wider
1003 1330 1047 1364 die
1072 1331 1230 1374 Ordnung
1256 1334 1312 1369 des
1334 1330 1525 1378 beſtaͤndigen
1540 1337 1654 1374 Edicts

589 1382 827 1420 vorangeſchickt
842 1385 986 1418 worden,
1017 1385 1081 1417 und
1107 1384 1165 1418 mit
1184 1384 1287 1427 dieſem
1305 1382 1553 1430 gegenwaͤrtigen
1568 1388 1654 1427 Titel

590 1434 684 1475 faͤngt
699 1436 753 1475 erſt
775 1439 825 1469 der
838 1429 954 1480 Faden
980 1445 1039 1475 an,
1056 1437 1127 1473 wie
1148 1443 1209 1474 das
1230 1440 1370 1486 roͤmiſche
1388 1441 1485 1483 Recht
1506 1443 1579 1487 nach
1601 1448 1651 1480 der

589 1490 748 1529 Ordnung
763 1491 812 1522 der
830 1489 927 1532 zwoͤlf
941 1491 1074 1536 Tafeln,
1105 1496 1170 1529 und
1191 1497 1246 1532 des
1272 1498 1390 1542 darauf
1406 1495 1563 1540 Ruͤckſicht
1579 1500 1650 1541 neh⸗

585 1545 716 1576 menden
738 1542 929 1584 beſtaͤndigen
956 1542 1086 1583 Edicts,
1115 1549 1321 1588 vorgetragen
1338 1550 1464 1585 worden
1484 1549 1529 1591 iſt.
1586 1552 1651 1589 Die

587 1597 700 1637 Geſetze
715 1599 767 1629 der
785 1595 878 1640 zwoͤlf
891 1598 1004 1640 Tafeln
1023 1599 1186 1642 handelten
1206 1602 1299 1647 zuerſt
1312 1609 1375 1639 von
1393 1606 1444 1640 der
1465 1607 1501 1638 in
1523 1607 1572 1639 ius
1596 1618 1652 1640 vo-

589 1653 687 1688 catio,
719 1649 772 1684 als
797 1655 860 1686 dem
884 1647 1010 1696 Anfang
1036 1656 1092 1689 des
1112 1656 1279 1701 Proceſſes.
1331 1659 1394 1696 Die
1415 1660 1572 1702 Verfaſſer
1598 1664 1650 1698 der

585 1706 763 1744 Pandecten
785 1703 912 1742 mußten
943 1694 1055 1745 daher,
1086 1704 1131 1740 die
1155 1704 1241 1749 Lehre
1261 1712 1326 1741 von
1348 1709 1399 1742 der
1425 1701 1649 1751 Jurisdiction

583 1754 648 1787 und
664 1761 718 1789 den
736 1758 831 1797 dabey
846 1756 1098 1794 vorkommenden
1111 1757 1471 1806 Magiſtratsperſonen,
1496 1763 1649 1807 nunmehr

584 1814 688 1851 folgen
723 1813 826 1852 laſſen.
882 1811 945 1849 Die
976 1812 1186 1856 Verwaltung
1225 1819 1276 1849 der
1304 1815 1566 1862 Gerichtsbarkeit
1595 1818 1646 1857 im

585 1869 709 1897 Staate
726 1863 844 1905 ſchließt
862 1868 912 1898 der
928 1866 1023 1906 Regel
1037 1865 1110 1905 nach
1126 1867 1189 1909 jede
1205 1858 1439 1914 eigenmaͤchtige
1454 1868 1647 1917 Selbſthuͤlfe

585 1922 649 1960 der
649 1921 781 1963 Buͤrger
802 1924 883 1959 aus,
919 1926 983 1957 und
1009 1914 1071 1961 das
1084 1925 1174 1967 Beſte
1194 1924 1248 1959 des
1268 1932 1385 1973 ganzen
1399 1929 1530 1967 Staats
1548 1931 1646 1973 erfor⸗

583 1978 650 2004 dert
664 1979 716 2010 es,
742 1977 802 2013 daß
818 1976 896 2015 jeder
909 1973 1036 2017 Buͤrger
1060 1976 1119 2017 ſein
1134 1974 1339 2023 behauptetes
1353 1980 1449 2019 Recht
1464 1980 1555 2021 durch
1569 1981 1644 2024 rich⸗

582 2029 698 2067 terliche
722 2029 820 2072 Huͤlfe
845 2030 983 2072 wirkſam
1009 2041 1045 2075 zu
1067 2033 1190 2068 machen
1218 2036 1309 2078 ſuche.
1371 2038 1457 2075 Eben
1481 2040 1644 2081 deswegen

582 2085 656 2118 darf
668 2083 699 2111 in
715 2079 793 2114 allen
808 2090 866 2121 gut
878 2083 1109 2125 eingerichteten
1125 2077 1288 2126 Staaten,
1310 2086 1388 2123 keine
1407 2084 1644 2133 eigenmaͤchtige

579 2129 706 2169 Gewalt
731 2137 853 2168 erlaubt
882 2138 951 2174 ſeyn
966 2135 1011 2174 a).
1056 2134 1144 2180 Nach
1166 2139 1215 2173 der
1232 2139 1446 2180 Verordnung
1466 2143 1524 2176 des
1548 2139 1642 2178 roͤmi⸗

579 2189 660 2229 ſchen
677 2187 809 2228 Rechts,
844 2190 901 2224 wie
917 2197 991 2225 man
1012 2192 1076 2224 aus
1098 2194 1126 2232 §.
1140 2202 1172 2234 9.
1197 2193 1272 2226 Inſt.
1289 2196 1332 2228 de
1346 2195 1466 2232 interd.
1481 2201 1533 2232 der
1554 2200 1590 2231 L.
1604 2207 1636 2238 7.

578 2245 614 2265 C.
633 2244 717 2266 vnde
735 2243 766 2264 vi
779 2243 813 2265 L.
823 2243 860 2275 17.
879 2243 919 2266 D.
937 2242 977 2267 ad
1000 2238 1069 2279 Leg.
1088 2243 1149 2273 Iul.
1172 2241 1208 2271 de
1222 2242 1259 2273 vi
1267 2230 1391 2284 priuata
1411 2240 1501 2286 ſieht,
1534 2244 1639 2280 wurde

644 2361 679 2388 a)
694 2350 723 2381 L
743 2361 785 2388 13.
801 2358 828 2390 §.
848 2361 873 2390 3.
898 2355 934 2383 de
952 2356 1032 2386 vſufr.
1055 2357 1088 2388 L.
1110 2350 1156 2393 13.
1175 2359 1213 2390 D.
1233 2360 1308 2398 quod
1329 2367 1421 2392 metus
1442 2363 1522 2393 cauſa
1536 2364 1642 2400 geſtum

574 2424 635 2453 erit.
