1682 2537
631 525 709 571 Und
725 524 762 573 iſt
779 520 900 570 ſolches
918 524 985 561 uns
1009 517 1092 566 auch
1111 511 1341 566 vonnoͤthen;
1363 514 1450 556 denn
1463 519 1535 557 wir

582 581 695 630 haben
705 578 823 627 unſern
834 576 964 623 David
977 577 1044 617 und
1054 572 1265 623 Ephratam,
1281 572 1314 614 in
1325 571 1461 618 welcher
1471 566 1564 610 wir

580 635 635 677 die
645 630 734 681 huͤtte
748 628 861 677 unſers
871 615 1029 675 GOttes
1037 625 1203 678 gefunden
1212 622 1335 672 haben.
1384 622 1438 670 Es
1456 620 1537 665 blei⸗

585 683 651 719 ben
666 678 808 723 einerley
824 679 932 719 dinge,
951 675 1001 714 die
1018 676 1124 712 worte
1144 671 1224 716 ſeyn
1236 677 1300 712 nur
1316 668 1415 709 allein
1435 659 1574 714 geaͤn⸗

587 740 660 780 dert
695 732 851 791 worden.
870 725 986 781 Denn
998 730 1077 773 eben
1087 730 1150 772 wie
1168 729 1208 778 ſie
1220 728 1251 770 in
1272 728 1396 777 beyden
1414 717 1565 777 ſtuͤcken

584 790 704 843 gefahr
715 791 824 840 haben
842 785 1119 840 ausgeſtanden;
1146 785 1225 828 eben
1241 777 1313 836 alſo
1329 782 1454 834 muͤſſen
1474 779 1568 824 wir

590 847 626 890 in
635 847 754 899 gefahr
770 845 909 899 ſtehen;
931 845 1055 887 darum
1071 842 1192 886 wollen
1210 838 1274 886 wir
1288 839 1352 883 mit
1369 837 1439 887 ihm
1455 833 1566 887 recht

590 902 734 957 ſingen:
757 902 991 949 Gedencket.

644 951 715 997 So
724 950 794 991 will
805 947 851 996 ich
861 957 930 988 nun
948 940 1103 996 einfaͤltig
1117 944 1175 985 der
1192 936 1352 992 meinung
1368 940 1429 983 des
1447 934 1543 987 buch⸗

589 1000 731 1045 ſtabens
749 998 979 1040 nachfolgen,
1004 993 1086 1030 eben
1103 990 1169 1029 wie
1183 990 1240 1027 der
1256 988 1367 1033 pſalm
1382 992 1452 1027 von
1466 982 1565 1028 dem

587 1053 684 1097 volck
693 1055 752 1093 des
763 1053 857 1092 alten
874 1048 1070 1097 teſtaments
1080 1045 1119 1095 iſt
1136 1045 1262 1095 gebetet
1278 1038 1439 1093 worden;
1465 1032 1566 1084 dar⸗

590 1111 678 1159 nach
687 1111 725 1161 iſt
733 1114 771 1152 es
780 1101 885 1157 leicht,
894 1103 942 1160 ihn
958 1103 1024 1155 auf
1034 1101 1134 1153 unſere
1150 1094 1248 1154 zeiten
1267 1105 1297 1149 zu
1303 1093 1436 1147 deuten.
1453 1095 1545 1145 Wie

594 1160 677 1198 aber
687 1160 754 1194 das
764 1156 844 1200 reich
853 1151 1031 1201 zweyerley
1041 1156 1130 1197 war,
1154 1147 1282 1192 leiblich
1299 1147 1369 1187 und
1379 1129 1573 1198 geiſtlich;

593 1214 668 1263 alſo
685 1213 774 1256 wird
792 1213 850 1253 der
867 1209 979 1258 pſalm
995 1209 1078 1253 auch
1095 1206 1129 1247 in
1147 1199 1241 1252 zwey
1250 1200 1349 1252 ſtuͤcke
1373 1196 1570 1254 getheilet:

592 1264 712 1307 Denn
722 1269 796 1307 zum
806 1256 908 1309 erſten
919 1255 1013 1299 bittet
1021 1264 1055 1298 er
1062 1250 1118 1304 fuͤr
1129 1253 1179 1296 die
1190 1250 1303 1304 kirche,
1325 1249 1476 1299 darnach
1495 1237 1571 1299 fuͤr

596 1329 650 1371 die
658 1325 800 1376 policey.

599 1383 631 1418 v.
648 1376 670 1417 i.
686 1367 842 1418 Gedencke,
849 1364 959 1411 HErr,
967 1364 1005 1386 an
1014 1363 1134 1414 David,
1142 1362 1187 1395 und
1201 1366 1227 1394 an
1248 1331 1309 1386 ſein
1323 1351 1415 1381 leiden
1427 1347 1552 1386 (elend.)

592 1429 668 1484 Wie
680 1429 718 1469 zu
718 1426 762 1468 be⸗

599 1485 651 1513 ten
667 1479 721 1523 ſey.

802 1421 898 1528 E

898 1421 942 1481 R
950 1430 1036 1476 hebet
1040 1421 1098 1477 das
1115 1415 1209 1478 gebet
1226 1413 1298 1477 ſehr
1307 1411 1375 1462 fein
1391 1421 1461 1461 an,
1484 1406 1553 1454 und

918 1477 1026 1521 weiſet
1050 1475 1132 1509 bald
1150 1474 1198 1507 im
1216 1473 1366 1513 eingang
1383 1468 1434 1503 die
1463 1462 1571 1510 zuſa⸗

602 1538 708 1581 gung.
764 1529 856 1581 Diß
843 1529 893 1584 iſt
907 1532 957 1573 ein
969 1528 1107 1583 nuͤtzlich
1107 1525 1262 1580 exempel,
1284 1522 1364 1573 daß,
1373 1524 1481 1566 wenn
1489 1512 1572 1564 wir

602 1594 708 1633 bitten
718 1591 850 1634 wollen,
868 1593 930 1628 vor
940 1583 1054 1630 GOtt
1070 1582 1127 1624 als
1138 1591 1230 1628 arme
1238 1573 1357 1631 ſuͤnder
1365 1564 1572 1631 erſcheinen,

604 1647 694 1691 nicht
719 1643 785 1689 auf
807 1640 901 1688 unſer
925 1636 1087 1688 verdienſt
1103 1631 1254 1685 pochen,
1299 1630 1439 1683 ſondern
1453 1621 1563 1684 gleich

602 1701 667 1741 mit
676 1693 953 1748 barmhertzigkeit
962 1689 1118 1739 GOttes
1126 1693 1196 1733 und
1204 1686 1304 1737 ſeiner
1311 1684 1480 1740 zuſagung
1494 1678 1590 1724 be⸗

572 1754 722 1789 kleidet
733 1751 829 1789 ſeyn;
860 1745 946 1788 nicht
958 1745 1033 1785 thun
1050 1742 1096 1793 wie
1119 1742 1190 1792 der,
1207 1738 1329 1791 welcher
1346 1736 1477 1789 ſpricht:
1508 1712 1572 1782 Er

605 1807 713 1853 faßte
722 1803 844 1849 zwier
853 1803 893 1838 in
902 1801 968 1838 der
975 1796 1146 1841 wochen
1154 1793 1227 1838 Luc.
1230 1800 1290 1843 18.
1300 1805 1344 1834 12.
1352 1789 1495 1842 ſondern
1504 1781 1566 1830 al⸗

605 1861 656 1899 ſo:
682 1856 854 1902 Gedencke,
881 1852 978 1899 HErr,
991 1856 1039 1884 an
1048 1849 1141 1883 deine
1151 1845 1334 1891 zuſagung.
1380 1838 1496 1886 Denn
1506 1823 1574 1878 die

603 1911 850 1959 verheiſſungen
868 1911 944 1950 ſeyn
962 1903 1070 1952 nichts
1094 1903 1234 1951 anders,
1249 1901 1338 1942 denn
1352 1895 1573 1944 erbarmung

605 1967 674 2005 und
685 1957 976 2012 barmhertzigkeit,
985 1956 1018 2013 ſo
1026 1962 1093 1999 uns
1102 1951 1249 2007 umſonſt
1259 1953 1466 2005 angetragen
1476 1947 1560 2003 wer⸗

602 2028 678 2066 den.

600 2069 733 2104 Warum
741 2067 791 2101 der
800 2061 878 2101 truͤb⸗

602 2124 678 2157 ſalen
710 2121 834 2158 Davids

603 2169 665 2199 hier
678 2166 795 2208 gedacht
806 2164 876 2196 wer⸗

602 2206 706 2245 de?

956 2055 1037 2110 Auf
1051 2055 1134 2104 dieſe
1150 2055 1247 2106 weiſe
1262 2052 1430 2104 gedencket
1455 2062 1489 2095 er
1504 2051 1560 2090 der

895 2113 1026 2172 truͤbſal
1042 2114 1114 2170 auch
1133 2111 1219 2168 nicht
1234 2108 1363 2168 ſchlecht
1386 2113 1451 2151 oder
1470 2106 1560 2153 abge⸗

903 2168 1045 2223 ſondert,
1055 2165 1198 2212 ſondern
1210 2163 1265 2219 auf
1281 2162 1335 2218 ein
1340 2157 1465 2200 anders
1472 2154 1576 2201 gezo⸗
