1711 2438
571 283 655 333 288

580 389 638 427 zen
656 379 843 424 Gedanken
860 381 975 430 fuͤhlen
995 379 1153 428 durften,
1180 379 1340 426 begeben,
1370 381 1440 417 und
1465 377 1601 425 worauf

580 433 753 478 gedachtes
771 429 903 479 Kloſter
916 427 984 471 von
998 430 1119 479 Kaiſer
1136 431 1226 474 Karl
1244 431 1311 468 IV.
1329 430 1445 478 Zeiten
1464 434 1515 470 bis
1535 429 1599 478 auf

582 485 666 531 dieſe
686 483 831 522 Stunde
854 487 899 522 im
916 480 1116 529 kaiſerlichen
1134 481 1257 527 Schutz
1276 481 1439 527 geblieben
1459 481 1495 528 iſt
1517 481 1593 529 (7).

580 529 812 578 Anfuͤrungen
845 543 982 572 mererer
1012 531 1225 579 Stiftungen
1254 530 1397 578 gehoͤren
1434 533 1522 577 nicht
1553 539 1593 575 zu

581 583 725 623 meinem
743 580 892 630 Zwecke;
920 591 1001 621 man
1020 581 1117 630 ſiehet
1134 582 1319 629 hoffentlich
1337 581 1432 628 ſchon
1451 583 1589 630 hieraus

581 642 712 681 genug,
753 637 813 672 wie
836 635 939 683 dieſes
964 633 1098 682 Kloſter
1117 634 1197 681 frei,
1234 637 1303 672 und
1330 637 1437 673 worin
1458 643 1505 679 es
1529 634 1590 679 frei

582 683 722 731 geſtiftet
745 687 881 724 worden
901 683 955 736 iſt,
984 685 1045 725 wie
1059 683 1139 730 auch
1157 691 1256 724 unter
1276 691 1352 723 was
1367 683 1420 731 fuͤr
1437 683 1593 731 Beding⸗

584 744 691 782 niſſen
702 744 779 782 (8).

586 849 670 883 (1)
692 844 790 885 Siehe
807 845 851 879 die
872 838 1025 887 angefuͤrte
1040 841 1221 886 Deduktion,
1242 841 1288 880 S.
1307 850 1378 877 1.2.
1392 849 1422 882 3.

624 912 670 945 (2)
691 906 832 947 Daſelbſt
848 907 893 944 S.
915 913 944 947 4.

622 961 680 1003 (3)
703 962 838 1001 Daſelbſt
860 964 906 997 S.
926 969 955 1001 5.

621 1007 679 1058 (4)
702 1015 838 1058 Daſelbſt
861 1016 906 1053 S.
921 1013 952 1050 6.

621 1072 680 1115 (5)
701 1072 837 1113 Daſelbſt
859 1073 906 1111 S.
919 1079 952 1114 7.

623 1128 670 1166 (6)
693 1127 837 1166 Daſelbſt.

621 1181 669 1219 (7)
691 1177 772 1217 Muß
787 1175 820 1210 es
842 1177 934 1211 einem
948 1175 1026 1215 nicht
1041 1167 1195 1216 laͤcherlich
1207 1173 1411 1211 vorkommen,
1431 1172 1490 1215 daß
1508 1174 1590 1216 Hert

664 1224 696 1258 in
718 1224 782 1256 dem
801 1221 923 1255 mermal
947 1217 1117 1261 angefuͤrten
1132 1220 1257 1257 Traktat
1278 1222 1352 1253 Sect.
1371 1232 1397 1258 3.
1421 1217 1446 1261 §.
1467 1230 1501 1258 13
1533 1222 1593 1255 die⸗

663 1265 708 1307 ſes
725 1263 837 1304 Kloſter
861 1264 999 1304 Engeltal
1021 1266 1051 1298 in
1073 1265 1117 1295 die
1130 1264 1227 1301 Klaſſe
1248 1265 1300 1295 der
1319 1265 1463 1297 mediaten
1479 1263 1593 1301 Kloͤſter

662 1304 771 1343 reihet,
807 1305 895 1347 deſſen
915 1303 1161 1346 Stiftungsbrief
1183 1313 1214 1337 er
1236 1305 1314 1337 nicht
1341 1303 1449 1337 einmal
1467 1305 1592 1342 gekannt

661 1345 739 1391 hat?
782 1347 827 1383 Er
851 1348 974 1386 meinet,
1002 1348 1047 1382 die
1071 1346 1228 1383 kaiſerliche
1251 1345 1340 1385 Burg
1362 1345 1519 1387 Friedberg
1541 1347 1590 1386 ſeie

663 1396 725 1422 von
739 1390 840 1425 dieſem
857 1387 970 1428 Kloſter
988 1388 1046 1423 aus
1062 1387 1173 1426 eigener
1188 1387 1360 1427 Bewegung
1378 1388 1475 1427 zwar,
1496 1384 1589 1429 jedoch

664 1431 724 1464 aus
741 1433 791 1463 der
810 1430 929 1467 Urſache
951 1435 1017 1469 zum
1039 1428 1207 1463 Advokaten
1227 1423 1347 1468 gewaͤlet
1361 1429 1502 1467 worden,
1525 1422 1592 1463 weil

663 1471 699 1506 es
721 1470 898 1511 eingeſehen,
928 1470 999 1507 auch
1021 1469 1190 1512 geſtanden,
1220 1470 1279 1508 daß
1299 1471 1333 1504 es
1354 1469 1380 1510 je
1400 1472 1459 1503 und
1481 1470 1589 1513 allezeit

662 1520 750 1550 unter
773 1517 821 1550 der
840 1513 948 1559 Hoheit
961 1516 1021 1551 der
1044 1510 1132 1554 Burg
1154 1511 1325 1554 geſtanden,
1365 1514 1425 1548 und
1450 1515 1509 1555 daß
1530 1509 1607 1550 aus

661 1563 750 1602 dieſer
774 1562 892 1602 Urſache
916 1561 1017 1602 Kaiſer
1040 1560 1115 1598 Karl
1132 1563 1170 1594 V.
1194 1562 1238 1596 die
1254 1560 1413 1602 Burgiſche
1429 1559 1589 1597 Advokatie

661 1601 833 1645 bekraͤftiget
848 1602 938 1642 habe,
958 1609 1046 1638 unter
1059 1601 1178 1640 welcher
1199 1600 1318 1644 daſſelbe
1334 1604 1412 1637 dann
1427 1604 1498 1641 noch
1519 1599 1590 1639 auch

662 1650 790 1687 wirklich
807 1649 887 1690 ſtehe.
930 1650 977 1685 An
993 1649 1057 1684 dem
1073 1646 1247 1689 angefuͤrten
1260 1647 1339 1685 Orte
1361 1650 1407 1684 S.
1427 1649 1493 1687 189.
1515 1648 1591 1686 fuͤret

662 1700 696 1726 er
713 1693 756 1725 die
772 1686 941 1734 kaiſerliche
960 1685 1075 1730 Urkunde
1088 1700 1137 1724 an.
1167 1691 1262 1725 Allein
1278 1691 1311 1725 es
1326 1690 1360 1731 iſt
1375 1690 1462 1726 dieſes
1477 1691 1589 1730 Kloſter

663 1740 723 1767 von
741 1734 831 1766 einem
847 1733 946 1767 Ritter
961 1730 1084 1773 geſtiftet
1098 1732 1235 1768 worden,
1257 1732 1316 1765 und
1331 1732 1364 1766 es
1378 1730 1467 1772 findet
1481 1733 1534 1771 ſich
1549 1734 1588 1765 im

661 1774 921 1815 Stiftungsbriefe
938 1775 1014 1810 keine
1028 1773 1120 1810 Silbe
1135 1781 1193 1808 von
1211 1775 1261 1807 der
1276 1772 1384 1815 Burg,
1405 1771 1589 1813 vielweniger

661 1826 758 1854 etwas
777 1824 834 1849 von
853 1825 930 1850 einer
952 1810 1177 1848 vorbehaltenen
1192 1810 1368 1846 Advokatie,
1389 1810 1511 1845 vielmer
1531 1802 1587 1844 das

659 1861 751 1897 grade
768 1857 930 1898 Gegenteil,
949 1858 1004 1891 wie
1020 1857 1062 1895 ich
1076 1856 1117 1889 im
1129 1854 1216 1896 Texte
1230 1854 1382 1895 angefuͤret
1398 1857 1478 1895 habe.
1510 1852 1588 1893 Daſ⸗

662 1901 732 1942 ſelbe
749 1901 802 1936 hat
822 1907 902 1939 zwar
918 1897 1056 1937 bekannt,
1079 1896 1136 1937 daß
1152 1899 1184 1933 es
1199 1900 1254 1932 mit
1270 1905 1397 1933 mereren
1416 1896 1505 1937 ſeiner
1522 1894 1587 1935 Guͤ⸗

659 1947 706 1976 ter
728 1947 810 1974 unter
833 1945 883 1975 der
908 1941 1086 1982 Burgiſchen
1113 1938 1268 1980 Obrigkeit
1286 1940 1399 1980 gelegen
1416 1939 1467 1978 ſei;
1499 1932 1587 1979 dieſes

658 1984 842 2025 Geſtaͤndniß
860 1986 960 2026 betrift
983 1987 1053 2020 aber
1070 1982 1144 2018 keine
1167 1986 1217 2019 der
1236 1983 1292 2022 auf
1307 1985 1410 2024 ſeinem
1429 1984 1586 2025 geſtifteten

659 2029 790 2062 Diſtrikt
811 2030 940 2065 gelegene
959 2026 1076 2062 Guͤter,
1105 2026 1224 2060 ſondern
1248 2026 1348 2062 ſolche,
1387 2027 1471 2060 deren
1499 2015 1586 2063 dieſes

655 2074 771 2114 Kloſter
797 2076 826 2108 in
857 2072 1035 2115 Burgiſchen
1057 2072 1167 2108 andern
1195 2071 1384 2114 Ortſchaften
1411 2081 1520 2109 merere
1540 2072 1586 2105 be⸗

657 2117 724 2156 ſitzt.
766 2116 866 2158 Wahr
883 2116 917 2157 iſt
932 2118 966 2150 es
988 2116 1078 2157 auch,
1098 2113 1157 2156 daß
1177 2116 1232 2156 ſich
1254 2115 1345 2152 dieſes
1365 2113 1481 2157 Kloſter
1501 2111 1585 2149 unter

1534 2153 1592 2180 den
