1888 2612
742 470 809 503 Das
821 487 863 508 III.

735 524 873 557 Haupt⸗

732 573 828 599 ſtuͤck.

899 484 946 528 da
965 489 1007 530 es
1022 483 1138 540 weiß,
1174 486 1247 542 daß
1258 491 1322 538 der
1338 490 1447 547 Zorn
1461 494 1635 549 GOttes
1646 512 1713 546 um
1728 497 1763 556 ſo

896 541 965 589 viel
987 540 1150 600 hefftiger
1166 557 1280 602 gegen
1296 548 1504 610 dieſelbigen
1524 554 1608 611 ſeyn
1624 558 1763 606 werde,

894 599 1023 658 welche
1039 603 1167 661 Boͤſes
1180 617 1223 659 zu
1236 607 1333 660 thun
1347 608 1417 665 ſich
1434 613 1552 661 weder
1565 627 1633 663 vor
1646 615 1760 670 ſeinen

897 655 1034 711 Augen
1059 657 1233 716 ſcheuen,
1275 663 1369 719 noch
1394 677 1466 713 vor
1499 668 1629 723 ſeinem
1652 670 1756 726 Zorn

892 708 1074 768 fuͤrchten.
1114 717 1180 764 An
1191 721 1271 767 dem
1287 725 1429 772 andern
1443 723 1552 781 Theil
1565 727 1651 777 aber
1667 728 1757 779 wird

890 771 957 824 ihn
974 775 1034 820 ein
1048 775 1267 833 dergleichen
1276 781 1450 833 Wandel
1464 799 1532 833 vor
1546 789 1678 838 GOtt
1692 798 1753 836 an⸗

889 828 1048 879 treiben,
1060 831 1157 889 deſto
1175 831 1333 892 fleißiger,
1346 838 1573 897 ernſtlicher
1590 838 1647 895 und
1662 844 1752 902 fuͤr⸗

889 881 1050 941 ſichtiger
1063 889 1142 935 dem
1162 888 1322 944 Guten,
1349 896 1426 941 und
1438 894 1677 954 inſonderheit
1697 898 1752 957 ſei⸗

887 955 959 991 nen
987 942 1220 1007 Geſchaͤfften
1256 949 1475 1010 obzuliegen.
1534 959 1657 1007 Denn
1684 959 1752 1008 wir

885 999 1035 1062 duͤrffen
1060 1007 1159 1061 nicht
1182 1008 1423 1064 gedencken,
1444 1012 1516 1069 daß
1543 1020 1602 1067 ein
1627 1020 1749 1073 ſolcher

882 1059 1183 1120 ſtetswaͤhrender
1218 1068 1394 1120 Wandel
1427 1084 1497 1122 vor
1523 1076 1592 1125 den
1618 1076 1749 1132 Augen

882 1116 1059 1171 GOttes
1076 1124 1195 1169 etwas
1203 1122 1452 1181 unmoͤgliches
1471 1124 1549 1183 ſey,
1580 1131 1668 1182 oder
1682 1131 1749 1180 mit

881 1174 952 1220 den
976 1173 1261 1235 nothwendigen
1282 1180 1587 1242 Verrichtungen
1613 1190 1655 1236 in
1669 1194 1746 1238 dem

878 1227 1132 1287 menſchlichen
1162 1232 1277 1285 Leben
1313 1235 1408 1293 nicht
1437 1238 1598 1297 beſtehen
1617 1237 1746 1293 koͤnne.

877 1292 1019 1343 Wenn
1036 1295 1099 1341 ein
1105 1294 1258 1354 Fuͤrſte,
1270 1299 1335 1345 wie
1345 1302 1416 1349 wir
1422 1299 1629 1355 anderswo
1645 1306 1742 1362 ſchon

877 1346 1128 1403 angefuͤhret,
1154 1354 1259 1400 einen
1269 1356 1424 1405 Garten
1440 1358 1635 1415 anlegete,
1661 1366 1741 1413 oder

874 1406 977 1455 einen
996 1408 1153 1468 Pallaſt
1165 1409 1367 1470 auffbauen
1377 1413 1487 1470 ließe,
1496 1423 1573 1469 und
1582 1436 1624 1472 er
1636 1422 1743 1478 ſtelle⸗

872 1472 909 1513 te
924 1462 1161 1527 offtermahls
1172 1470 1212 1518 in
1224 1470 1339 1529 ſeiner
1348 1472 1495 1531 eigenen
1511 1476 1628 1538 hohen
1644 1482 1740 1538 Per⸗

869 1524 934 1581 ſon
948 1526 1025 1575 eine
1043 1524 1309 1589 Beſichtigung
1327 1542 1410 1588 an,
1427 1535 1529 1589 ſelbſt
1538 1539 1581 1588 in
1588 1540 1738 1593 Augen⸗

869 1574 982 1627 ſchein
1011 1586 1054 1627 zu
1079 1579 1266 1630 nehmen,
1304 1583 1375 1627 wie
1398 1584 1455 1631 die
1480 1584 1619 1637 Arbeit
1637 1577 1740 1644 ihren

866 1632 1065 1692 Fortgang
1083 1637 1247 1695 nehme,
1268 1641 1306 1697 ſo
1323 1642 1477 1695 wuͤrden
1493 1650 1549 1697 die
1566 1647 1735 1703 Arbeits⸗

866 1694 1012 1748 Leute
984 1694 1024 1756 ſo
1031 1706 1099 1751 gar
1118 1695 1228 1755 durch
1243 1698 1332 1756 ſeine
1349 1701 1586 1763 Gegenwart
1600 1706 1671 1766 ſich
1687 1709 1733 1754 an

865 1748 963 1799 ihrer
982 1752 1114 1795 Arbeit
1139 1755 1236 1804 nicht
1253 1756 1475 1809 verhindern
1492 1759 1646 1813 laſſen,
1664 1747 1734 1810 daß

863 1807 913 1865 ſie
935 1809 1111 1870 vielmehr
1138 1813 1296 1872 dadurch
1320 1818 1477 1868 wuͤrden
1505 1820 1732 1881 auffgemun⸗

863 1869 938 1904 tert
953 1870 1121 1916 werden,
1148 1870 1188 1912 in
1213 1873 1293 1915 dem
1306 1873 1497 1929 Angeſicht
1514 1877 1622 1931 dieſes
1638 1871 1731 1929 ihres

860 1923 1048 1983 Fuͤrſtens
1065 1932 1135 1977 mit
1152 1929 1249 1989 deſto
1264 1930 1460 1993 groͤſſerem
1476 1940 1602 1998 Fleiß,
1626 1940 1730 1996 Hur⸗

860 1984 985 2041 tigkeit
1003 1991 1079 2035 und
1088 1991 1320 2051 Freudigkeit
1341 1999 1411 2045 das
1425 1995 1529 2054 Jhre
1555 2014 1599 2056 zu
1617 1996 1729 2054 thun,

861 2038 940 2084 und
966 2035 1036 2092 ſich
1061 2040 1259 2097 deſtomehr
1276 2044 1524 2103 fuͤrzuſehen/
1549 2050 1622 2107 daß
1637 2044 1728 2101 nicht

860 2100 979 2144 etwas
995 2098 1260 2167 verabſaͤumet,
1286 2105 1530 2169 unterlaſſen,
1552 2116 1641 2161 oder
1651 2114 1725 2156 ver⸗

823 2154 982 2214 derbet
997 2158 1134 2210 werde;
1159 2163 1206 2215 da
1217 2159 1262 2219 ſie
1278 2160 1448 2226 ſonſten,
1462 2180 1568 2222 wenn
1580 2162 1623 2232 ſie
1650 2157 1731 2221 Nie⸗
