1754 2557
234 453 322 508 tiger
343 446 606 505 Geſinnungen
619 442 685 499 ſey,
701 443 757 488 die
770 438 834 495 ſich
848 430 1091 492 durchgaͤngig

235 517 301 558 und
318 501 514 563 ſtandhaft
542 506 582 548 in
609 502 724 547 einem
750 505 860 556 guten
883 494 1092 548 Verhalten

235 575 346 625 gegen
370 563 496 613 GOtt
521 567 596 606 und
616 556 810 608 Menſchen
833 550 950 608 thaͤtig
973 551 1096 599 bewie⸗

209 628 305 675 ſen,
334 620 373 672 ſo
392 613 517 664 wuͤrde
537 614 671 661 meiner
700 610 889 663 Meinung
912 605 1001 660 nach
1028 608 1098 650 nie⸗

239 676 351 730 mand
388 677 545 727 dagegen
582 673 701 717 etwas
730 665 936 723 auszuſezen
970 663 1101 717 gehabt

241 736 367 785 haben.
422 729 516 786 Hier
539 726 668 782 moͤgen
689 725 776 771 aber
786 734 865 768 nun
881 718 1026 773 manche
1044 728 1100 771 ge⸗

240 788 344 848 dacht
357 791 483 846 haben,
493 789 563 840 daß
577 797 665 832 man
685 787 762 831 eine
774 779 967 837 natuͤrliche
987 780 1101 832 Theo⸗

244 850 334 906 logie
351 843 592 903 aufzurichten
599 842 772 897 vorhabe,
788 839 928 894 obzwar
951 842 1020 883 das
1029 836 1106 883 Ge⸗

241 898 396 955 gentheil
411 898 472 953 hin
489 901 566 943 und
572 895 702 942 wieder
718 890 877 945 bezeuget
891 888 995 933 wird.
1025 872 1119 933 Die

244 961 589 1025 Rechtſchaffenheit
611 963 666 1019 ſey
696 958 787 1015 alſo,
816 967 883 1006 um
919 957 962 1011 ſie
991 959 1109 1001 etwas

245 1015 434 1079 deutlicher
447 1017 697 1078 vorzuſtellen,
718 1017 777 1061 ein
793 1018 867 1060 aus
885 1016 965 1059 dem
983 1010 1111 1059 Evan⸗

247 1083 340 1138 gelio
359 1071 607 1135 entſtandenes
621 1071 860 1128 Bewuſtſeyn
881 1070 1013 1121 deſſen,
1041 1068 1113 1119 daß

248 1143 310 1192 man
344 1132 408 1190 aus
435 1137 541 1184 Liebe
558 1144 601 1189 zu
617 1130 774 1185 Chriſto,
791 1125 946 1182 geſinnet
961 1127 1019 1179 iſt,
1046 1127 1116 1169 wie

251 1200 320 1249 Er,
330 1200 406 1241 und
414 1191 486 1245 daß
498 1200 586 1237 man
602 1186 731 1241 ſolchen
746 1186 860 1242 ſeinen
877 1183 988 1232 Sinn
1007 1182 1115 1235 durch

222 1244 387 1306 Werke
407 1256 466 1296 der
489 1235 737 1300 Gottſeligkeit
762 1250 871 1296 gegen
894 1238 1016 1289 GOtt
1039 1242 1116 1283 und

254 1302 449 1361 Menſchen
463 1291 507 1358 zu
523 1300 691 1347 erkennen
704 1297 811 1352 giebt.
865 1293 996 1343 Wenn
1010 1292 1119 1346 beyde

259 1366 466 1427 Partheien
483 1361 593 1417 dieſen
617 1357 757 1414 Begrif
767 1354 982 1410 annehmen,
990 1353 1024 1407 ſo
1035 1359 1123 1396 wer⸗

255 1433 329 1473 den
372 1423 415 1478 ſie
455 1419 520 1476 ſich
560 1415 719 1472 dadurch
755 1412 978 1470 vereinigen;
1034 1408 1124 1466 ſonſt

259 1485 354 1529 wird
374 1490 466 1527 man
490 1476 556 1534 ſich
582 1474 687 1528 nicht
702 1476 846 1520 trauen.
903 1470 1010 1518 Oder
1036 1465 1128 1521 noch

261 1542 343 1585 eine
353 1526 581 1590 Erklaͤrung:
613 1534 667 1586 *)
685 1531 769 1578 Der
777 1531 817 1581 iſt
834 1530 874 1572 in
891 1524 1017 1577 ſeinem
1032 1522 1125 1577 Her⸗

263 1605 323 1653 zen
338 1587 514 1650 gebeſſert,
533 1597 593 1638 der
616 1587 843 1643 aufrichtiger
865 1583 985 1638 Weiſe
1004 1584 1126 1631 GOtt

265 1662 342 1705 und
359 1654 468 1706 deſſen
475 1646 743 1705 Wohlgefallen
754 1658 830 1691 aus
839 1640 1128 1697 Liebe
986 1635 1033 1696 zu
1053 1640 1128 1695 Jhm

266 1713 392 1764 durch
402 1706 661 1767 Chriſtum
615 1702 657 1763 zu
686 1708 768 1749 dem
784 1701 941 1756 hoͤchſten
969 1704 1046 1748 und
1073 1696 1133 1752 lez⸗

267 1774 329 1815 ten
361 1765 456 1821 Ziele
491 1753 601 1814 ſeines
623 1748 803 1819 thaͤtigen
817 1752 1057 1810 Verlangens
1084 1760 1136 1793 er⸗

263 1825 402 1882 waͤhlet
413 1825 486 1879 hat,
524 1823 574 1868 )ie
593 1823 687 1867 denn
703 1817 809 1867 dieſes
832 1811 911 1874 auch
932 1812 1136 1867 daſelbſt**)

271 1883 346 1938 ſehr
355 1882 457 1939 ſchoͤn
467 1873 704 1934 ausgefuͤhret
714 1874 770 1929 iſt,
779 1881 909 1922 woran
929 1874 999 1918 mit
1008 1868 1139 1917 Grun⸗

273 1941 315 1986 de
328 1936 496 1986 niemand
512 1920 634 1979 etwas
644 1929 712 1974 kan
729 1926 936 1984 auszuſezen
954 1922 1082 1979 haben.

609 1998 788 2050 M3.

1030 1989 1048 2045 §
1072 1987 1141 2035 62.

317 2068 439 2112 *)Herr
449 2058 628 2108 Spalding,
618 2057 747 2106 p.275.
786 2058 882 2100 **)eb
893 2051 950 2102 daſ.
960 2052 1007 2089 bis
1017 2061 1048 2096 p.
1059 2052 1144 2092 283.
