1574 2358
234 390 268 416 er
292 379 382 422 mich,
409 379 508 415 indem
537 386 569 411 er
598 385 654 411 vor
675 375 813 416 Schaam
837 372 999 416 erroͤthete,
1023 370 1124 405 und

224 432 294 473 faſt
307 431 430 474 weinte,
456 437 506 462 um
524 424 631 470 Huͤlfe,
652 426 711 459 und
726 424 803 465 ſagte
827 422 895 461 mir,
923 418 971 469 daß
982 421 1022 469 er
1022 417 1085 468 faſt

213 491 276 516 an
299 484 363 516 dem
386 476 547 515 naͤmlichen
563 474 662 518 Tage,
690 483 729 509 an
745 473 876 510 welchem
899 480 928 504 er
947 474 1003 505 das
1019 470 1085 518 Fie⸗

237 538 288 569 ber
310 534 399 576 zuerſt
416 527 602 571 bekommen,
630 530 702 566 auch
723 535 781 563 von
802 527 869 561 dem
890 524 1017 566 Tripper
1034 527 1085 558 be⸗

238 588 328 629 fallen
345 584 462 619 worden
480 579 577 620 waͤre,
603 581 721 622 welcher
735 581 824 619 durch
842 575 1011 621 Maͤßigkeit
1025 571 1087 611 und

238 637 420 682 abfuͤhrende
442 636 547 673 Mittel
577 634 645 675 noch
672 635 701 668 in
732 636 796 668 dem
811 628 974 673 Entſtehen
998 625 1089 669 waͤre,

238 696 278 726 um
281 677 396 721 vieles
410 682 587 718 vermindert
608 675 746 720 worden;
773 678 860 715 allein
883 676 936 717 auf
956 679 1006 711 der
1015 676 1090 714 Rei⸗

243 749 290 787 ſe,
314 750 370 776 wie
385 752 416 777 er
430 742 487 778 mir
501 741 614 786 klagte,
653 737 734 775 waͤre
749 738 808 773 das
822 738 913 774 Glied
933 736 997 779 ſehr
1020 731 1089 774 auf⸗

241 798 442 845 geſchwollen,
466 799 527 834 und
543 799 573 833 in
584 799 636 833 der
643 793 867 839 Leiſtengegend
892 792 1050 834 empfinde
1050 792 1090 831 er

243 850 325 882 einen
342 845 469 888 heftigen
485 835 649 888 ſtechenden
666 840 837 884 Schmerz.
876 838 934 885 Jch
952 839 1005 879 lieg
1028 836 1091 877 ihm

237 902 307 938 alſo
329 900 398 939 ſein
414 899 505 933 Glied
525 896 579 933 mit
604 883 861 939 Queckſilberſalbe
877 889 1096 936 einſchmieren,

239 956 307 995 und
322 954 377 995 auf
397 954 445 989 die
463 941 656 995 ſchmerzende
671 945 885 993 Leiſtengegend
908 945 955 981 ein
977 945 1031 985 auf
1048 946 1097 981 Le⸗

239 1014 298 1046 der
327 1007 528 1051 geſtrichenes
550 998 684 1054 Pflaſter
707 997 832 1051 legen,
844 1002 901 1039 das
932 1004 991 1036 aus
1023 1002 1095 1041 drey

241 1062 418 1101 Quentchen
442 1068 503 1096 von
512 1055 837 1102 Queckſilberpflaſter
846 1056 912 1092 und
930 1052 1099 1097 Diachylon

247 1119 323 1151 cum
347 1108 478 1146 Gummi:
506 1114 540 1149 zu
559 1105 682 1148 gleichen
703 1104 827 1148 Theilen
847 1094 1101 1145 zuſammengeſezt

199 1170 327 1208 war.
368 1169 450 1206 Den
469 1165 622 1210 folgenden
637 1162 706 1207 Tag
722 1165 783 1205 und
797 1162 841 1197 die
855 1158 988 1205 folgende
998 1159 1100 1200 Nacht

226 1220 339 1264 ſezten
351 1218 401 1255 wir
421 1212 523 1263 unſern
540 1209 646 1261 Marſch
663 1210 751 1261 fort;
760 1210 879 1250 worauf
891 1211 941 1243 der
953 1203 1099 1251 Schmerz

241 1269 313 1300 um
329 1261 366 1297 ſo
371 1256 468 1296 vieles
481 1258 631 1300 zunahm,
644 1257 709 1294 daß
724 1252 755 1290 er
765 1257 855 1288 kaum
877 1257 948 1288 noch
958 1255 1098 1291 hundert

230 1311 409 1358 Schritte,
428 1312 523 1351 ohne
534 1303 762 1353 augenblicklich
762 1304 828 1349 auf
837 1308 883 1341 die
897 1308 979 1342 Erde
991 1308 1033 1346 zu
1042 1297 1101 1343 fal⸗

246 1370 318 1405 len,
343 1356 536 1406 fortſchreiten
552 1360 689 1400 konnte;
703 1358 790 1400 daher
805 1355 906 1399 befahl
922 1354 971 1396 ich
991 1355 1043 1401 ihm
1061 1361 1100 1395 zu

246 1422 357 1459 reiten.
434 1419 538 1461 Durch
559 1417 630 1462 dieſe
653 1418 680 1461 ſo
697 1415 786 1459 ſtarke
810 1413 984 1458 Bewegung
1002 1411 1104 1448 wurde

247 1478 318 1514 eine
335 1484 410 1519 ganz
425 1472 660 1521 ungewoͤhnliche
680 1470 826 1516 Wirkung
842 1466 1107 1514 hervorgebracht;

248 1531 381 1573 naͤmlich
399 1533 453 1567 den
470 1527 622 1575 folgenden
635 1526 767 1570 Morgen
782 1533 817 1568 zu
831 1524 1021 1562 Roermonde
1032 1523 1107 1561 fand

249 1587 317 1630 ich,
341 1586 400 1630 daß
413 1584 470 1628 ſich
492 1579 554 1629 der
566 1578 694 1629 Schmerz
715 1582 775 1618 und
791 1581 836 1616 die
853 1577 1028 1621 Geſchwulſt
1043 1584 1109 1613 ver⸗

249 1632 389 1685 mindert
406 1635 524 1683 hatten,
553 1635 613 1669 und
630 1633 700 1672 nach
718 1632 787 1673 drey
803 1629 904 1672 Tagen
933 1623 1039 1671 verließ
1056 1625 1109 1670 oh⸗

252 1701 295 1725 ne
312 1688 398 1738 allen
415 1685 547 1737 Schmerz
573 1688 617 1723 die
647 1685 821 1729 Geſchwulſt
843 1683 956 1726 ſowohl
980 1685 1024 1718 die
1052 1680 1110 1717 Lei⸗

197 1740 448 1787 ſtengegend,
471 1742 520 1775 als
536 1742 608 1778 auch
619 1739 675 1773 das
694 1734 854 1778 maͤnnliche
868 1735 972 1775 Glied.
1023 1734 1111 1776 Hier⸗

195 1794 316 1834 auf
332 1795 409 1834 fieng
440 1791 490 1825 der
512 1789 644 1831 Tripper
671 1787 778 1822 wieder
802 1794 859 1824 an,
888 1783 962 1829 ſehr
971 1783 1048 1824 ſtark
1072 1787 1108 1821 zu

252 1840 390 1890 fließen,
441 1845 515 1883 auch
534 1843 642 1887 ſtellte
680 1842 733 1885 ſich
772 1842 829 1877 das
868 1840 970 1885 Fieber
999 1838 1111 1877 wieder

254 1898 329 1938 ein;
356 1896 444 1932 allein
473 1892 531 1934 ehe
545 1890 602 1926 wir
625 1889 701 1929 nicht
723 1888 753 1925 in
779 1889 823 1926 die
846 1882 1113 1927 Winterquartiere

254 1944 371 1990 kamen
413 1945 535 1989 welches
549 1943 604 1990 erſt
617 1952 652 1987 zu
667 1944 752 1991 Ende
764 1932 817 1980 des
823 1939 974 1980 Octobers
987 1934 1119 1984 geſchah,
