<PcGts xmlns="http://schema.primaresearch.org/PAGE/gts/pagecontent/2019-07-15" xmlns:xsi="http://www.w3.org/2001/XMLSchema-instance" xsi:schemaLocation="http://schema.primaresearch.org/PAGE/gts/pagecontent/2019-07-15 http://schema.primaresearch.org/PAGE/gts/pagecontent/2019-07-15/pagecontent.xsd" pcGtsId="OCR-D-GT-FULLTEXT-REPAIR-597">
  <Metadata>
    <Creator>OCR-D DFG Phase III</Creator>
    <Created>2024-01-19T13:09:06Z</Created>
    <LastChange>2024-01-19T13:09:06Z</LastChange>
    <Comments>ODEM: OCR-D extension for mass digitization (2021-2024)</Comments>
    <MetadataItem type="processingStep" name="layout/segmentation/region" value="ocrd-segment-repair">
      <Labels externalModel="ocrd-tool" externalId="parameters">
        <Label value="False" type="sanitize"/>
        <Label value="5" type="sanitize_padding"/>
        <Label value="0" type="simplify"/>
        <Label value="False" type="plausibilize"/>
        <Label value="0.9" type="plausibilize_merge_min_overlap"/>
        <Label value="0" type="spread"/>
        <Label value="region" type="spread_level"/>
      </Labels>
      <Labels externalModel="ocrd-tool" externalId="version">
        <Label value="0.1.24" type="ocrd-segment-repair"/>
        <Label value="2.65.0" type="ocrd/core"/>
      </Labels>
    </MetadataItem>
  </Metadata>
  <Page imageFilename="https://opendata.uni-halle.de/retrieve/785cfe4b-bff1-4c25-83c0-2dc15dc1b6d6/00000271.jpg" imageWidth="1681" imageHeight="2500" type="content" primaryLanguage="German">
    <Border>
      <Coords points="65,242 85,2382 1298,2408 1326,250"/>
    </Border>
    <ReadingOrder>
      <OrderedGroup id="ro_1683701120174" caption="Regions reading order">
        <RegionRefIndexed index="0" regionRef="region_1683701073844_135"/>
        <RegionRefIndexed index="2" regionRef="TextRegion_1674460308490_268"/>
        <RegionRefIndexed index="3" regionRef="TextRegion_1674460308490_267"/>
        <RegionRefIndexed index="4" regionRef="region0003"/>
      </OrderedGroup>
    </ReadingOrder>
    <TextRegion id="region_1683701073844_135" custom="readingOrder {index:0;} structure {type:page-number;}" type="page-number">
      <Coords points="1005,354 1005,410 1088,410 1088,354"/>
      <TextLine id="line_1683701073992_138" custom="readingOrder {index:0;}">
        <Coords points="1005,354 1005,410 1088,410 1088,354"/>
        <Word id="word_1683701074067_141" custom="readingOrder {index:0;}">
          <Coords points="1005,354 1088,354 1088,410 1005,410"/>
          <TextEquiv>
            <Unicode>235</Unicode>
          </TextEquiv>
        </Word>
        <TextEquiv>
          <Unicode>235</Unicode>
        </TextEquiv>
      </TextLine>
      <TextEquiv>
        <Unicode>235</Unicode>
      </TextEquiv>
    </TextRegion>
    <TextRegion id="TextRegion_1674460308490_268" custom="readingOrder {index:2;}" orientation="-0.10492395" readingDirection="left-to-right">
      <Coords points="157,425 1103,425 1103,696 1102,750 158,750 157,696"/>
      <TextLine id="region0001_line0001" custom="readingOrder {index:0;}">
        <Coords points="177,425 177,454 181,457 210,458 211,484 225,487 252,487 258,483 270,483 277,487 294,484 390,484 412,489 432,485 443,490 452,490 456,487 489,485 520,488 527,483 585,478 610,482 615,478 627,477 673,480 685,489 692,483 713,484 718,491 728,493 737,492 746,485 759,485 764,488 907,490 915,498 933,497 941,490 948,489 1102,489 1102,443 1092,443 1086,438 1076,438 1065,444 961,444 955,440 947,440 942,444 913,444 875,441 869,435 857,435 845,441 837,441 819,432 787,430 751,431 727,438 722,430 711,429 703,435 695,436 687,426 675,427 665,435 657,427 647,427 640,435 627,435 622,426 603,426 593,436 557,438 529,430 500,429 495,432 449,438 435,436 426,428"/>
        <Baseline points="211,477 596,469 882,480 1102,478"/>
        <Word id="region0001_line0001_word0000" custom="readingOrder {index:0;}">
          <Coords points="301,438 246,437 246,486 253,486 258,483 270,483 276,486 279,486 294,484 301,484"/>
          <TextEquiv conf="0.916501">
            <Unicode>Jn</Unicode>
          </TextEquiv>
        </Word>
        <Word id="region0001_line0001_word0001" custom="readingOrder {index:1;}">
          <Coords points="457,486 457,440 317,440 317,484 390,484 398,486 427,486 432,485 434,486"/>
          <TextEquiv>
            <Unicode>Abſicht,</Unicode>
          </TextEquiv>
        </Word>
        <Word id="region0001_line0001_word0002" custom="readingOrder {index:2;}">
          <Coords points="543,441 473,441 473,485 489,485 499,486 522,486 527,483 543,481"/>
          <TextEquiv conf="0.93101484">
            <Unicode>alſo</Unicode>
          </TextEquiv>
        </Word>
        <Word id="region0001_line0001_word0003" custom="readingOrder {index:3;}">
          <Coords points="618,437 575,437 557,438 556,437 556,480 585,478 610,482 615,478 618,477"/>
          <TextEquiv conf="0.9311065">
            <Unicode>auf</Unicode>
          </TextEquiv>
        </Word>
        <Word id="region0001_line0001_word0004" custom="readingOrder {index:4;}">
          <Coords points="758,439 629,439 629,477 673,480 685,489 692,483 713,484 716,489 740,489 746,485 758,485"/>
          <TextEquiv conf="0.92978317">
            <Unicode>richtige</Unicode>
          </TextEquiv>
        </Word>
        <Word id="region0001_line0001_word0005" custom="readingOrder {index:5;}">
          <Coords points="767,440 767,488 1012,489 1012,444 961,444 956,441 946,441 942,444 913,444 875,441 874,440 846,440 845,441 837,441 836,440"/>
          <TextEquiv conf="0.9230115">
            <Unicode>Denkungsart</Unicode>
          </TextEquiv>
        </Word>
        <Word id="region0001_line0001_word0006" custom="readingOrder {index:6;}">
          <Coords points="1029,444 1096,444 1096,479 1029,479"/>
          <TextEquiv conf="0.93293035">
            <Unicode>und</Unicode>
          </TextEquiv>
        </Word>
        <TextEquiv>
          <Unicode>Jn Abſicht, alſo auf richtige Denkungsart und</Unicode>
        </TextEquiv>
      </TextLine>
      <TextLine id="region0001_line0002" custom="readingOrder {index:1;}">
        <Coords points="187,472 180,476 169,475 157,484 157,532 175,532 184,538 196,538 202,532 240,532 291,536 297,541 305,541 310,537 429,537 465,531 509,533 589,530 771,536 786,538 794,546 805,545 808,541 871,542 896,551 904,551 913,546 945,546 974,540 1076,544 1085,551 1092,551 1102,545 1102,497 1095,497 1089,491 1074,491 1067,496 1062,491 1033,493 1012,489 980,496 896,499 842,496 836,489 798,488 790,493 765,493 759,486 746,486 737,493 728,494 700,492 696,489 685,490 668,480 627,478 615,479 610,483 585,479 573,485 520,489 502,486 443,491 428,486 417,490 400,490 390,485 366,485 355,490 323,491 307,490 302,485 282,489 270,484 258,484 252,488 215,487 205,485 200,473"/>
        <Word id="region0001_line0002_word0000" custom="readingOrder {index:0;}">
          <Coords points="166,479 166,529 234,529 234,487 215,487 205,485 202,479"/>
          <TextEquiv conf="0.86075974">
            <Unicode>ihre</Unicode>
          </TextEquiv>
        </Word>
        <Word id="region0001_line0002_word0001" custom="readingOrder {index:1;}">
          <Coords points="257,484 254,486 254,527 339,528 339,490 323,491 307,490 302,485 282,489 270,484"/>
          <TextEquiv conf="0.9111992">
            <Unicode>aͤchte</Unicode>
          </TextEquiv>
        </Word>
        <Word id="region0001_line0002_word0002" custom="readingOrder {index:2;}">
          <Coords points="363,486 357,489 357,524 485,524 485,487 443,491 428,486 417,490 400,490 392,486"/>
          <TextEquiv conf="0.9270583">
            <Unicode>Kultur</Unicode>
          </TextEquiv>
        </Word>
        <Word id="region0001_line0002_word0003" custom="readingOrder {index:3;}">
          <Coords points="506,523 602,523 602,484 575,484 573,485 520,489 506,486"/>
          <TextEquiv conf="0.9271265">
            <Unicode>durch</Unicode>
          </TextEquiv>
        </Word>
        <Word id="region0001_line0002_word0004" custom="readingOrder {index:4;}">
          <Coords points="619,483 619,530 652,532 931,533 931,497 896,499 842,496 836,489 798,488 790,493 765,493 759,486 746,486 737,493 728,494 700,492 696,489 685,490 673,483"/>
          <TextEquiv>
            <Unicode>Naturforſchung,</Unicode>
          </TextEquiv>
        </Word>
        <Word id="region0001_line0002_word0005" custom="readingOrder {index:5;}">
          <Coords points="960,522 1028,522 1028,492 1012,489 980,496 960,496"/>
          <TextEquiv conf="0.9292532">
            <Unicode>will</Unicode>
          </TextEquiv>
        </Word>
        <Word id="region0001_line0002_word0006" custom="readingOrder {index:6;}">
          <Coords points="1051,532 1099,532 1099,497 1095,497 1089,491 1074,491 1067,496 1062,491 1051,491"/>
          <TextEquiv conf="0.92642236">
            <Unicode>ich</Unicode>
          </TextEquiv>
        </Word>
        <TextEquiv>
          <Unicode>ihre aͤchte Kultur durch Naturforſchung, will ich</Unicode>
        </TextEquiv>
      </TextLine>
      <TextLine id="region0001_line0003" custom="readingOrder {index:2;}">
        <Coords points="577,531 567,535 550,533 546,536 527,538 503,538 485,533 465,532 434,536 418,543 400,545 366,545 361,539 346,539 341,546 315,545 264,539 259,535 249,535 244,539 157,538 157,582 358,588 427,585 467,587 486,582 566,582 570,589 582,590 590,583 605,582 615,586 630,583 672,584 743,591 820,589 825,592 962,594 972,597 988,592 1001,592 1007,596 1038,595 1085,603 1102,600 1102,552 1030,551 1025,550 1023,544 1018,542 1004,544 998,541 974,541 966,544 962,550 896,552 885,548 842,547 839,543 820,542 814,546 794,547 786,539 757,536 707,536 682,540 668,538 663,534 643,537 631,536 626,532 599,534"/>
        <Word id="region0001_line0003_word0000" custom="readingOrder {index:0;}">
          <Coords points="165,547 230,547 230,575 165,575"/>
          <TextEquiv conf="0.9224968">
            <Unicode>nur</Unicode>
          </TextEquiv>
        </Word>
        <Word id="region0001_line0003_word0001" custom="readingOrder {index:1;}">
          <Coords points="252,543 252,577 308,578 308,544 306,543"/>
          <TextEquiv conf="0.9233132">
            <Unicode>den</Unicode>
          </TextEquiv>
        </Word>
        <Word id="region0001_line0003_word0002" custom="readingOrder {index:2;}">
          <Coords points="341,545 341,546 332,545 332,579 420,579 420,545 400,545 366,545"/>
          <TextEquiv conf="0.92070127">
            <Unicode>einen</Unicode>
          </TextEquiv>
        </Word>
        <Word id="region0001_line0003_word0003" custom="readingOrder {index:3;}">
          <Coords points="630,540 446,540 446,585 467,587 486,582 566,582 568,587 585,587 590,583 605,582 615,586 630,583"/>
          <TextEquiv conf="0.92615587">
            <Unicode>Grundſatz</Unicode>
          </TextEquiv>
        </Word>
        <Word id="region0001_line0003_word0004" custom="readingOrder {index:4;}">
          <Coords points="655,544 710,544 710,578 655,578"/>
          <TextEquiv conf="0.9328156">
            <Unicode>des</Unicode>
          </TextEquiv>
        </Word>
        <Word id="region0001_line0003_word0005" custom="readingOrder {index:5;}">
          <Coords points="735,541 735,581 894,582 894,551 885,548 842,547 839,543 820,542 814,546 794,547 788,541"/>
          <TextEquiv conf="0.9289129">
            <Unicode>Denkens</Unicode>
          </TextEquiv>
        </Word>
        <Word id="region0001_line0003_word0006" custom="readingOrder {index:6;}">
          <Coords points="974,541 966,544 962,550 922,551 922,586 1097,586 1097,551 1030,551 1025,550 1023,544 1018,542 1004,544 998,541"/>
          <TextEquiv conf="0.9272358">
            <Unicode>anfuͤhren,</Unicode>
          </TextEquiv>
        </Word>
        <TextEquiv conf="0.92594737">
          <Unicode>nur den einen Grundſatz des Denkens anfuͤhren,</Unicode>
        </TextEquiv>
      </TextLine>
      <TextLine id="region0001_line0004" custom="readingOrder {index:3;}">
        <Coords points="486,583 469,590 442,592 438,587 427,586 417,593 364,596 276,594 261,592 258,587 251,585 234,588 228,584 213,585 207,590 157,590 157,633 175,630 183,634 242,638 247,643 256,643 261,639 401,638 430,632 467,633 474,639 484,640 489,638 491,633 499,632 552,632 568,633 581,640 607,643 652,640 660,643 674,637 752,636 803,643 817,648 825,643 867,644 878,652 892,651 898,646 1102,646 1102,605 1076,601 1039,601 1007,597 1001,593 988,593 972,598 960,596 947,600 943,600 939,595 925,595 920,602 891,603 827,599 826,593 820,590 801,592 797,597 771,597 687,594 682,587 672,585 662,586 655,594 644,594 631,584 615,587 597,583 590,584 585,590 573,591 521,589 517,583"/>
        <Word id="region0001_line0004_word0000" custom="readingOrder {index:0;}">
          <Coords points="165,591 165,632 175,630 181,633 299,634 299,595 276,594 261,592 261,592"/>
          <TextEquiv conf="0.9259782">
            <Unicode>welchen</Unicode>
          </TextEquiv>
        </Word>
        <Word id="region0001_line0004_word0001" custom="readingOrder {index:1;}">
          <Coords points="325,602 401,602 401,630 325,630"/>
          <TextEquiv conf="0.92380804">
            <Unicode>man</Unicode>
          </TextEquiv>
        </Word>
        <Word id="region0001_line0004_word0002" custom="readingOrder {index:2;}">
          <Coords points="424,594 458,594 458,626 424,626"/>
          <TextEquiv conf="0.9319063">
            <Unicode>in</Unicode>
          </TextEquiv>
        </Word>
        <Word id="region0001_line0004_word0003" custom="readingOrder {index:3;}">
          <Coords points="588,636 588,592 475,592 475,636 489,636 491,633 499,632 552,632 568,633 573,636"/>
          <TextEquiv conf="0.9306813">
            <Unicode>ſeinem</Unicode>
          </TextEquiv>
        </Word>
        <Word id="region0001_line0004_word0004" custom="readingOrder {index:4;}">
          <Coords points="604,590 604,637 673,637 674,637 752,636 763,638 909,638 909,602 891,603 827,599 826,593 821,591 813,591 801,592 797,597 771,597 687,594 684,590 658,590 655,594 644,594 639,590"/>
          <TextEquiv conf="0.922223">
            <Unicode>Zuſammenhange</Unicode>
          </TextEquiv>
        </Word>
        <Word id="region0001_line0004_word0005" custom="readingOrder {index:5;}">
          <Coords points="926,628 960,628 960,596 947,600 943,600 939,595 926,595"/>
          <TextEquiv conf="0.92664427">
            <Unicode>in</Unicode>
          </TextEquiv>
        </Word>
        <Word id="region0001_line0004_word0006" custom="readingOrder {index:6;}">
          <Coords points="977,631 1099,631 1099,604 1076,601 1039,601 1007,597 1001,593 988,593 977,596"/>
          <TextEquiv>
            <Unicode>Lam⸗</Unicode>
          </TextEquiv>
        </Word>
        <TextEquiv>
          <Unicode>welchen man in ſeinem Zuſammenhange in Lam⸗</Unicode>
        </TextEquiv>
      </TextLine>
      <TextLine id="region0001_line0005" custom="readingOrder {index:4;}">
        <Coords points="163,631 157,634 157,688 169,689 244,692 465,686 473,693 489,693 503,685 566,684 772,690 776,695 793,695 796,691 908,696 1102,696 1102,655 1037,654 1012,648 968,649 951,653 878,653 867,645 858,646 853,650 817,649 803,644 796,648 779,646 752,637 686,644 680,644 676,638 660,644 607,644 556,640 478,641 464,635 430,633 405,637 388,644 296,648 191,642 184,641 183,635 179,632"/>
        <Word id="region0001_line0005_word0000" custom="readingOrder {index:0;}">
          <Coords points="163,633 163,678 272,678 272,646 191,642 184,641 183,635 180,633"/>
          <TextEquiv conf="0.927273">
            <Unicode>berts</Unicode>
          </TextEquiv>
        </Word>
        <Word id="region0001_line0005_word0001" custom="readingOrder {index:1;}">
          <Coords points="293,650 404,650 404,677 293,677"/>
          <TextEquiv conf="0.9252554">
            <Unicode>neuem</Unicode>
          </TextEquiv>
        </Word>
        <Word id="region0001_line0005_word0002" custom="readingOrder {index:2;}">
          <Coords points="420,637 420,683 583,683 583,642 556,640 478,641 468,637"/>
          <TextEquiv conf="0.9210538">
            <Unicode>Organon</Unicode>
          </TextEquiv>
        </Word>
        <Word id="region0001_line0005_word0003" custom="readingOrder {index:3;}">
          <Coords points="599,650 636,650 636,676 599,676"/>
          <TextEquiv>
            <Unicode>ꝛc.</Unicode>
          </TextEquiv>
        </Word>
        <Word id="region0001_line0005_word0004" custom="readingOrder {index:4;}">
          <Coords points="663,643 663,675 708,675 708,643 695,643 686,644 680,644 679,643"/>
          <TextEquiv conf="0.93201154">
            <Unicode>im</Unicode>
          </TextEquiv>
        </Word>
        <Word id="region0001_line0005_word0005" custom="readingOrder {index:5;}">
          <Coords points="732,639 723,640 723,684 871,685 871,647 867,645 858,646 853,650 817,649 803,644 796,648 779,646 758,639"/>
          <TextEquiv conf="0.9234234">
            <Unicode>Kapittel</Unicode>
          </TextEquiv>
        </Word>
        <Word id="region0001_line0005_word0006" custom="readingOrder {index:6;}">
          <Coords points="890,678 965,678 965,651 959,651 951,653 890,653"/>
          <TextEquiv conf="0.91763526">
            <Unicode>vom</Unicode>
          </TextEquiv>
        </Word>
        <Word id="region0001_line0005_word0007" custom="readingOrder {index:7;}">
          <Coords points="984,678 1098,678 1098,654 1037,654 1012,648 984,648"/>
          <TextEquiv>
            <Unicode>Unter⸗</Unicode>
          </TextEquiv>
        </Word>
        <TextEquiv>
          <Unicode>berts neuem Organon ꝛc. im Kapittel vom Unter⸗</Unicode>
        </TextEquiv>
      </TextLine>
      <TextLine id="region0002_line0001" custom="readingOrder {index:5;}">
        <Coords points="594,684 552,692 466,691 463,682 357,682 340,685 331,693 319,695 302,695 297,691 286,691 281,694 244,691 232,695 226,689 216,689 212,692 206,687 190,690 182,686 171,686 159,689 159,746 163,750 180,750 184,746 189,746 193,750 208,750 214,745 222,744 424,739 430,740 440,750 451,750 459,740 541,739 565,740 593,747 623,750 689,745 694,750 714,750 718,745 792,742 830,745 835,750 872,750 876,746 881,746 906,747 909,750 928,750 931,747 941,747 1014,750 1101,750 1101,709 1096,708 1046,706 1014,702 1008,697 997,697 988,702 931,702 925,693 913,693 903,700 885,698 878,692 865,692 858,697 849,692 836,692 829,697 818,697 702,695 693,687 682,687 677,692 672,692 655,685 631,681"/>
        <Word id="region0002_line0001_word0000" custom="readingOrder {index:0;}">
          <Coords points="165,692 165,743 262,743 264,742 264,692 256,692 241,692 232,695 229,692 212,692"/>
          <TextEquiv conf="0.9199643">
            <Unicode>ſchied</Unicode>
          </TextEquiv>
        </Word>
        <Word id="region0002_line0001_word0001" custom="readingOrder {index:1;}">
          <Coords points="287,699 345,699 345,736 287,736"/>
          <TextEquiv conf="0.93234503">
            <Unicode>des</Unicode>
          </TextEquiv>
        </Word>
        <Word id="region0002_line0001_word0002" custom="readingOrder {index:2;}">
          <Coords points="361,688 361,740 424,739 430,740 434,744 455,744 459,740 513,739 513,691 466,691 465,688"/>
          <TextEquiv conf="0.925056">
            <Unicode>Wahren</Unicode>
          </TextEquiv>
        </Word>
        <Word id="region0002_line0001_word0003" custom="readingOrder {index:3;}">
          <Coords points="529,696 596,696 596,734 529,734"/>
          <TextEquiv conf="0.9328976">
            <Unicode>und</Unicode>
          </TextEquiv>
        </Word>
        <Word id="region0002_line0001_word0004" custom="readingOrder {index:4;}">
          <Coords points="612,689 612,742 756,742 756,695 702,695 695,689 680,689 677,692 672,692 664,689"/>
          <TextEquiv conf="0.92799455">
            <Unicode>Jrrigen</Unicode>
          </TextEquiv>
        </Word>
        <Word id="region0002_line0001_word0005" custom="readingOrder {index:5;}">
          <Coords points="831,695 829,697 818,697 778,696 778,740 970,741 970,702 931,702 926,695 909,695 903,700 885,698 882,695 860,695 858,697 855,695"/>
          <TextEquiv>
            <Unicode>nachſuchen</Unicode>
          </TextEquiv>
        </Word>
        <Word id="region0002_line0001_word0006" custom="readingOrder {index:6;}">
          <Coords points="995,698 991,700 991,740 1098,740 1098,708 1096,708 1046,706 1014,702 1009,698"/>
          <TextEquiv conf="0.9239352">
            <Unicode>kann;</Unicode>
          </TextEquiv>
        </Word>
        <TextEquiv>
          <Unicode>ſchied des Wahren und Jrrigen nachſuchen kann;</Unicode>
        </TextEquiv>
      </TextLine>
      <TextEquiv>
        <Unicode>Jn Abſicht, alſo auf richtige Denkungsart und
ihre aͤchte Kultur durch Naturforſchung, will ich
nur den einen Grundſatz des Denkens anfuͤhren,
welchen man in ſeinem Zuſammenhange in Lam⸗
berts neuem Organon ꝛc. im Kapittel vom Unter⸗
ſchied des Wahren und Jrrigen nachſuchen kann;</Unicode>
      </TextEquiv>
    </TextRegion>
    <TextRegion id="TextRegion_1674460308490_267" custom="readingOrder {index:3;} structure {type:catch-word;}" orientation="-0.10492395" type="catch-word" readingDirection="left-to-right">
      <Coords points="158,750 1102,750 1102,801 159,801"/>
      <TextLine id="region0002_line0002" custom="readingOrder {index:0;}">
        <Coords points="949,756 940,757 935,762 935,795 940,800 1101,801 1101,758"/>
        <Baseline points="935,790 1101,791"/>
        <Word id="region0002_line0002_word0000" custom="readingOrder {index:0;}">
          <Coords points="1010,769 1098,769 1098,800 1010,800"/>
          <TextEquiv>
            <Unicode>nem⸗</Unicode>
          </TextEquiv>
        </Word>
        <TextEquiv>
          <Unicode>nem⸗</Unicode>
        </TextEquiv>
      </TextLine>
      <TextEquiv>
        <Unicode>nem⸗</Unicode>
      </TextEquiv>
    </TextRegion>
    <TextRegion id="region0003" custom="readingOrder {index:4;}" orientation="-0.10492395" readingDirection="left-to-right">
      <Coords points="240,871 1105,871 1105,2178 240,2178"/>
      <TextLine id="region0003_line0001" custom="readingOrder {index:0;}">
        <Coords points="394,872 393,901 402,908 402,915 408,921 512,920 545,923 547,926 559,928 567,924 586,925 588,928 602,928 606,925 676,926 690,924 693,918 702,912 702,884 697,879 640,878 613,874 595,875 591,872 581,872 577,875 566,872"/>
        <Baseline points="402,911 697,915"/>
        <Word id="region0003_line0001_word0000" custom="readingOrder {index:0;}">
          <Coords points="526,886 456,886 456,920 512,920 526,921"/>
          <TextEquiv conf="0.92098546">
            <Unicode>Das</Unicode>
          </TextEquiv>
        </Word>
        <Word id="region0003_line0001_word0001" custom="readingOrder {index:1;}">
          <Coords points="643,886 548,886 548,926 559,928 567,924 586,925 588,928 602,928 606,925 643,925"/>
          <TextEquiv conf="0.9182376">
            <Unicode>heißt:</Unicode>
          </TextEquiv>
        </Word>
        <TextEquiv conf="0.9196116">
          <Unicode>Das heißt:</Unicode>
        </TextEquiv>
      </TextLine>
      <TextLine id="region0003_line0002" custom="readingOrder {index:1;}">
        <Coords points="261,913 241,915 241,966 275,964 351,969 363,972 386,967 398,973 410,969 447,968 462,971 534,970 612,975 627,981 641,976 670,974 707,976 715,980 727,976 868,979 922,976 930,979 983,975 993,979 1023,977 1035,982 1052,976 1105,977 1105,939 1095,938 1088,927 1079,927 1071,934 1033,929 1027,932 1014,931 984,936 942,936 935,928 925,928 916,931 912,936 879,936 871,933 851,934 829,925 770,925 750,933 739,933 727,925 715,925 707,933 694,933 690,925 682,925 670,928 665,934 631,934 622,932 618,926 570,931 547,927 543,932 531,932 502,930 496,925 487,925 482,929 409,926 402,916 390,916 383,925 379,925 373,917 354,919 345,916"/>
        <Baseline points="241,954 599,965 1105,967"/>
        <Word id="region0003_line0002_word0000" custom="readingOrder {index:0;}">
          <Coords points="250,924 323,925 323,962 250,961"/>
          <TextEquiv>
            <Unicode>Soll</Unicode>
          </TextEquiv>
        </Word>
        <Word id="region0003_line0002_word0001" custom="readingOrder {index:1;}">
          <Coords points="339,925 375,925 375,964 339,964"/>
          <TextEquiv conf="0.9292317">
            <Unicode>ich</Unicode>
          </TextEquiv>
        </Word>
        <Word id="region0003_line0002_word0002" custom="readingOrder {index:2;}">
          <Coords points="392,922 392,965 502,965 502,930 496,925 487,925 482,929 409,926 406,922"/>
          <TextEquiv conf="0.9247747">
            <Unicode>jemand</Unicode>
          </TextEquiv>
        </Word>
        <Word id="region0003_line0002_word0003" custom="readingOrder {index:3;}">
          <Coords points="520,957 572,957 572,930 570,931 547,927 543,932 531,932 520,931"/>
          <TextEquiv conf="0.93034804">
            <Unicode>mit</Unicode>
          </TextEquiv>
        </Word>
        <Word id="region0003_line0002_word0004" custom="readingOrder {index:4;}">
          <Coords points="590,966 771,966 771,925 770,925 750,933 739,933 727,925 715,925 707,933 694,933 690,925 682,925 670,928 665,934 631,934 622,932 618,926 590,928"/>
          <TextEquiv conf="0.9263275">
            <Unicode>luͤgenhaften</Unicode>
          </TextEquiv>
        </Word>
        <Word id="region0003_line0002_word0005" custom="readingOrder {index:5;}">
          <Coords points="784,960 904,961 904,936 879,936 871,933 851,934 829,925 784,925"/>
          <TextEquiv conf="0.93095833">
            <Unicode>Worten</Unicode>
          </TextEquiv>
        </Word>
        <Word id="region0003_line0002_word0006" custom="readingOrder {index:6;}">
          <Coords points="921,965 1100,965 1100,938 1095,938 1088,927 1079,927 1071,934 1033,929 1027,932 1014,931 984,936 942,936 935,928 925,928 921,929"/>
          <TextEquiv conf="0.6636543">
            <Unicode>herausſtrei⸗</Unicode>
          </TextEquiv>
        </Word>
        <TextEquiv>
          <Unicode>Soll ich jemand mit luͤgenhaften Worten herausſtrei⸗</Unicode>
        </TextEquiv>
      </TextLine>
      <TextLine id="region0003_line0003" custom="readingOrder {index:2;}">
        <Coords points="260,965 241,968 241,1011 263,1009 269,1013 312,1015 317,1019 415,1012 429,1015 448,1013 465,1019 514,1017 539,1021 574,1018 581,1022 638,1016 652,1023 663,1021 676,1025 683,1018 762,1025 857,1022 893,1027 911,1021 930,1020 965,1021 979,1025 1105,1024 1105,982 1070,982 1065,977 1052,977 1044,982 1030,983 1023,978 993,980 983,976 969,979 954,977 925,980 922,977 893,977 865,981 815,978 789,981 715,981 693,976 670,975 665,978 640,978 627,982 616,978 534,971 476,970 464,975 457,969 447,969 440,974 398,974 386,968 363,973 288,970 275,965"/>
        <Baseline points="241,1001 761,1013 1105,1012"/>
        <Word id="region0003_line0003_word0000" custom="readingOrder {index:0;}">
          <Coords points="331,1013 331,974 250,973 250,1010 263,1009 267,1012"/>
          <TextEquiv conf="0.92461073">
            <Unicode>chen,</Unicode>
          </TextEquiv>
        </Word>
        <Word id="region0003_line0003_word0001" custom="readingOrder {index:1;}">
          <Coords points="355,975 408,975 408,1009 355,1009"/>
          <TextEquiv conf="0.9241911">
            <Unicode>wie</Unicode>
          </TextEquiv>
        </Word>
        <Word id="region0003_line0003_word0002" custom="readingOrder {index:2;}">
          <Coords points="429,975 498,975 498,1011 429,1011"/>
          <TextEquiv conf="0.9309093">
            <Unicode>viele</Unicode>
          </TextEquiv>
        </Word>
        <Word id="region0003_line0003_word0003" custom="readingOrder {index:3;}">
          <Coords points="514,976 514,1012 630,1012 630,981 627,982 616,978 592,976"/>
          <TextEquiv conf="0.9320493">
            <Unicode>Dichter</Unicode>
          </TextEquiv>
        </Word>
        <Word id="region0003_line0003_word0004" custom="readingOrder {index:4;}">
          <Coords points="668,976 665,978 647,978 647,1016 773,1016 773,981 715,981 693,976"/>
          <TextEquiv conf="0.92333335">
            <Unicode>pflegen,</Unicode>
          </TextEquiv>
        </Word>
        <Word id="region0003_line0003_word0005" custom="readingOrder {index:5;}">
          <Coords points="805,979 799,979 799,1008 862,1009 862,980 843,979"/>
          <TextEquiv conf="0.9261771">
            <Unicode>oder</Unicode>
          </TextEquiv>
        </Word>
        <Word id="region0003_line0003_word0006" custom="readingOrder {index:6;}">
          <Coords points="893,977 886,978 886,1014 932,1014 932,979 925,980 922,977"/>
          <TextEquiv conf="0.9236242">
            <Unicode>ſoll</Unicode>
          </TextEquiv>
        </Word>
        <Word id="region0003_line0003_word0007" custom="readingOrder {index:7;}">
          <Coords points="978,977 969,979 956,977 956,1013 993,1013 993,980 985,977"/>
          <TextEquiv conf="0.92743844">
            <Unicode>ich</Unicode>
          </TextEquiv>
        </Word>
        <Word id="region0003_line0003_word0008" custom="readingOrder {index:8;}">
          <Coords points="1052,977 1044,982 1030,983 1023,978 1016,978 1016,1010 1099,1010 1099,982 1070,982 1065,977"/>
          <TextEquiv conf="0.92196333">
            <Unicode>lieber</Unicode>
          </TextEquiv>
        </Word>
        <TextEquiv conf="0.92603296">
          <Unicode>chen, wie viele Dichter pflegen, oder ſoll ich lieber</Unicode>
        </TextEquiv>
      </TextLine>
      <TextLine id="region0003_line0004" custom="readingOrder {index:3;}">
        <Coords points="255,1010 241,1012 241,1052 256,1055 266,1054 271,1050 301,1051 323,1059 342,1057 380,1062 436,1062 445,1065 487,1059 516,1063 563,1060 568,1064 624,1065 654,1065 668,1061 675,1065 705,1065 713,1068 719,1063 750,1066 756,1063 776,1065 817,1061 862,1064 867,1067 898,1065 918,1069 1105,1068 1105,1026 979,1026 965,1022 930,1021 911,1022 893,1028 861,1026 857,1023 845,1023 840,1026 762,1026 683,1019 676,1026 663,1022 652,1024 638,1017 584,1023 574,1019 560,1022 530,1022 514,1018 499,1018 493,1022 485,1022 455,1018 448,1014 429,1016 415,1013 406,1013 396,1019 288,1020 279,1013 269,1014 263,1010"/>
        <Baseline points="241,1042 416,1052 1105,1057"/>
        <Word id="region0003_line0004_word0000" custom="readingOrder {index:0;}">
          <Coords points="248,1018 248,1053 266,1053 271,1050 301,1051 309,1053 315,1054 315,1019 288,1020 286,1018"/>
          <TextEquiv conf="0.83095765">
            <Unicode>(—</Unicode>
          </TextEquiv>
        </Word>
        <Word id="region0003_line0004_word0001" custom="readingOrder {index:1;}">
          <Coords points="399,1017 396,1019 339,1019 339,1056 456,1056 456,1018 455,1018 453,1017"/>
          <TextEquiv conf="0.9099061">
            <Unicode>nemlich</Unicode>
          </TextEquiv>
        </Word>
        <Word id="region0003_line0004_word0002" custom="readingOrder {index:2;}">
          <Coords points="496,1020 493,1022 485,1022 482,1021 482,1052 528,1052 528,1021 522,1020"/>
          <TextEquiv conf="0.93263507">
            <Unicode>als</Unicode>
          </TextEquiv>
        </Word>
        <Word id="region0003_line0004_word0003" custom="readingOrder {index:3;}">
          <Coords points="564,1021 560,1022 552,1022 552,1052 597,1052 597,1021 584,1023 579,1021"/>
          <TextEquiv conf="0.9320557">
            <Unicode>ein</Unicode>
          </TextEquiv>
        </Word>
        <Word id="region0003_line0004_word0004" custom="readingOrder {index:4;}">
          <Coords points="629,1018 616,1019 616,1057 733,1057 733,1023 683,1019 676,1026 663,1022 652,1024 640,1018"/>
          <TextEquiv conf="0.9277587">
            <Unicode>Gedicht</Unicode>
          </TextEquiv>
        </Word>
        <Word id="region0003_line0004_word0005" custom="readingOrder {index:5;}">
          <Coords points="763,1027 818,1027 818,1051 763,1051"/>
          <TextEquiv conf="0.9246229">
            <Unicode>von</Unicode>
          </TextEquiv>
        </Word>
        <Word id="region0003_line0004_word0006" custom="readingOrder {index:6;}">
          <Coords points="847,1023 847,1052 896,1052 896,1027 893,1028 861,1026 857,1023"/>
          <TextEquiv conf="0.924115">
            <Unicode>den</Unicode>
          </TextEquiv>
        </Word>
        <Word id="region0003_line0004_word0007" custom="readingOrder {index:7;}">
          <Coords points="921,1054 1026,1054 1026,1026 979,1026 965,1022 930,1021 921,1021"/>
          <TextEquiv conf="0.9308136">
            <Unicode>Sitten</Unicode>
          </TextEquiv>
        </Word>
        <Word id="region0003_line0004_word0008" custom="readingOrder {index:8;}">
          <Coords points="1051,1053 1099,1053 1099,1026 1051,1026"/>
          <TextEquiv conf="0.93263197">
            <Unicode>der</Unicode>
          </TextEquiv>
        </Word>
        <TextEquiv conf="0.9161663">
          <Unicode>(— nemlich als ein Gedicht von den Sitten der</Unicode>
        </TextEquiv>
      </TextLine>
      <TextLine id="region0003_line0005" custom="readingOrder {index:4;}">
        <Coords points="271,1051 262,1056 241,1053 241,1103 276,1103 293,1101 298,1104 337,1106 362,1102 401,1102 419,1109 463,1108 476,1112 484,1108 547,1108 630,1100 648,1101 650,1107 663,1112 768,1104 802,1106 818,1111 866,1109 881,1115 895,1112 980,1112 985,1109 1022,1112 1050,1112 1058,1109 1073,1112 1105,1111 1105,1073 1086,1071 936,1071 898,1066 882,1066 869,1070 862,1065 827,1062 792,1063 772,1067 767,1064 756,1064 748,1069 736,1069 727,1064 719,1064 713,1069 705,1066 675,1066 662,1062 650,1070 568,1067 563,1061 538,1061 531,1066 487,1060 473,1060 446,1066 395,1065 342,1058 318,1062 309,1053"/>
        <Baseline points="241,1093 1105,1101"/>
        <Word id="region0003_line0005_word0000" custom="readingOrder {index:0;}">
          <Coords points="247,1059 247,1098 402,1099 402,1065 395,1065 354,1059 332,1059 318,1062 315,1059"/>
          <TextEquiv conf="0.6269337">
            <Unicode>Menſchen</Unicode>
          </TextEquiv>
        </Word>
        <Word id="region0003_line0005_word0001" custom="readingOrder {index:1;}">
          <Coords points="418,1068 453,1068 453,1100 418,1100"/>
          <TextEquiv conf="0.92499346">
            <Unicode>zu</Unicode>
          </TextEquiv>
        </Word>
        <Word id="region0003_line0005_word0002" custom="readingOrder {index:2;}">
          <Coords points="469,1061 469,1103 598,1103 600,1102 600,1068 568,1067 563,1061 538,1061 531,1066 494,1061"/>
          <TextEquiv conf="0.9247733">
            <Unicode>ſchreiben</Unicode>
          </TextEquiv>
        </Word>
        <Word id="region0003_line0005_word0003" custom="readingOrder {index:3;}">
          <Coords points="690,1101 690,1066 675,1066 662,1062 650,1070 613,1068 613,1101 619,1101 630,1100 648,1101"/>
          <TextEquiv>
            <Unicode>—)</Unicode>
          </TextEquiv>
        </Word>
        <Word id="region0003_line0005_word0004" custom="readingOrder {index:4;}">
          <Coords points="719,1064 713,1069 705,1066 703,1066 703,1096 743,1096 743,1069 736,1069 727,1064"/>
          <TextEquiv conf="0.9187643">
            <Unicode>die</Unicode>
          </TextEquiv>
        </Word>
        <Word id="region0003_line0005_word0005" custom="readingOrder {index:5;}">
          <Coords points="757,1064 757,1096 786,1096 786,1064 772,1067 767,1064"/>
          <TextEquiv conf="0.9322231">
            <Unicode>in</Unicode>
          </TextEquiv>
        </Word>
        <Word id="region0003_line0005_word0006" custom="readingOrder {index:6;} sic {offset:0; length:8;}">
          <Coords points="798,1101 953,1102 953,1071 936,1071 898,1066 882,1066 869,1070 862,1065 827,1062 798,1062"/>
          <TextEquiv conf="0.9278737">
            <Unicode>Meuſchen</Unicode>
          </TextEquiv>
        </Word>
        <Word id="region0003_line0005_word0007" custom="readingOrder {index:7;}">
          <Coords points="973,1095 1101,1095 1101,1072 1086,1071 973,1071"/>
          <TextEquiv conf="0.74760634">
            <Unicode>verwan⸗</Unicode>
          </TextEquiv>
        </Word>
        <TextEquiv>
          <Unicode>Menſchen zu ſchreiben —) die in Meuſchen verwan⸗</Unicode>
        </TextEquiv>
      </TextLine>
      <TextLine id="region0003_line0006" custom="readingOrder {index:5;}">
        <Coords points="625,1101 547,1109 484,1109 476,1113 463,1109 419,1110 401,1103 362,1103 337,1107 298,1105 293,1102 276,1104 247,1102 241,1104 241,1143 263,1142 297,1149 329,1148 391,1152 436,1148 467,1155 500,1148 534,1149 541,1146 552,1148 574,1145 718,1152 760,1148 771,1151 789,1149 836,1159 844,1156 861,1158 897,1152 938,1150 973,1151 984,1154 1104,1153 1105,1117 1074,1115 1068,1110 1048,1114 985,1110 980,1113 946,1115 881,1116 866,1110 818,1112 802,1107 768,1105 663,1113 640,1103"/>
        <Baseline points="241,1134 1105,1143"/>
        <Word id="region0003_line0006_word0000" custom="readingOrder {index:0;}">
          <Coords points="338,1144 338,1110 247,1109 247,1142 263,1142 269,1143"/>
          <TextEquiv conf="0.9264905">
            <Unicode>delten</Unicode>
          </TextEquiv>
        </Word>
        <Word id="region0003_line0006_word0001" custom="readingOrder {index:1;}">
          <Coords points="352,1108 351,1149 424,1149 436,1148 440,1149 478,1149 478,1111 476,1113 463,1109 419,1110 413,1108"/>
          <TextEquiv conf="0.9231365">
            <Unicode>Goͤtter,</Unicode>
          </TextEquiv>
        </Word>
        <Word id="region0003_line0006_word0002" custom="readingOrder {index:2;}">
          <Coords points="503,1114 566,1114 566,1143 503,1143"/>
          <TextEquiv conf="0.9203936">
            <Unicode>oder</Unicode>
          </TextEquiv>
        </Word>
        <Word id="region0003_line0006_word0003" custom="readingOrder {index:3;}">
          <Coords points="580,1109 580,1144 688,1144 688,1111 663,1113 653,1109"/>
          <TextEquiv conf="0.92823">
            <Unicode>Goͤtter</Unicode>
          </TextEquiv>
        </Word>
        <Word id="region0003_line0006_word0004" custom="readingOrder {index:4;}">
          <Coords points="701,1114 742,1114 742,1144 701,1144"/>
          <TextEquiv conf="0.926496">
            <Unicode>die</Unicode>
          </TextEquiv>
        </Word>
        <Word id="region0003_line0006_word0005" custom="readingOrder {index:5;} sic {offset:0; length:8;}">
          <Coords points="752,1109 751,1148 760,1148 763,1149 786,1149 789,1149 790,1149 904,1150 904,1115 881,1116 866,1110 818,1112 809,1109"/>
          <TextEquiv conf="0.6570382">
            <Unicode>Meuſchen</Unicode>
          </TextEquiv>
        </Word>
        <Word id="region0003_line0006_word0006" custom="readingOrder {index:6;}">
          <Coords points="983,1111 980,1113 946,1115 921,1115 921,1143 1038,1143 1038,1113 1000,1111"/>
          <TextEquiv conf="0.9306462">
            <Unicode>wurden</Unicode>
          </TextEquiv>
        </Word>
        <Word id="region0003_line0006_word0007" custom="readingOrder {index:7;}">
          <Coords points="1063,1111 1057,1112 1057,1142 1100,1142 1100,1116 1074,1115 1069,1111"/>
          <TextEquiv conf="0.693181">
            <Unicode>be⸗</Unicode>
          </TextEquiv>
        </Word>
        <TextEquiv conf="0.8632015">
          <Unicode>delten Goͤtter, oder Goͤtter die Meuſchen wurden be⸗</Unicode>
        </TextEquiv>
      </TextLine>
      <TextLine id="region0003_line0007" custom="readingOrder {index:6;}">
        <Coords points="257,1143 240,1144 240,1191 250,1194 283,1188 303,1191 308,1187 339,1187 350,1193 385,1188 424,1187 455,1190 465,1195 483,1195 494,1200 504,1200 510,1195 531,1194 580,1197 628,1195 641,1199 652,1193 677,1192 738,1196 759,1194 788,1200 797,1196 841,1195 858,1195 873,1199 989,1198 999,1203 1058,1196 1104,1201 1104,1158 1078,1158 1043,1153 993,1156 973,1152 938,1151 897,1153 861,1159 844,1157 836,1160 789,1150 771,1152 760,1149 686,1155 668,1154 658,1149 624,1150 574,1146 552,1149 541,1147 534,1150 500,1149 467,1156 436,1149 391,1153 297,1150"/>
        <Baseline points="240,1180 1104,1190"/>
        <Word id="region0003_line0007_word0000" custom="readingOrder {index:0;}">
          <Coords points="359,1154 247,1153 247,1193 250,1194 283,1188 303,1191 308,1187 339,1187 350,1193 359,1191"/>
          <TextEquiv conf="0.9280046">
            <Unicode>ſingen,</Unicode>
          </TextEquiv>
        </Word>
        <Word id="region0003_line0007_word0001" custom="readingOrder {index:1;}">
          <Coords points="383,1157 442,1157 442,1186 383,1186"/>
          <TextEquiv conf="0.92764544">
            <Unicode>und</Unicode>
          </TextEquiv>
        </Word>
        <Word id="region0003_line0007_word0002" custom="readingOrder {index:2;}">
          <Coords points="509,1195 509,1157 454,1157 454,1189 455,1190 465,1195 483,1195"/>
          <TextEquiv conf="0.9315452">
            <Unicode>auf</Unicode>
          </TextEquiv>
        </Word>
        <Word id="region0003_line0007_word0003" custom="readingOrder {index:3;}">
          <Coords points="522,1155 564,1155 564,1190 522,1190"/>
          <TextEquiv conf="0.92212164">
            <Unicode>die</Unicode>
          </TextEquiv>
        </Word>
        <Word id="region0003_line0007_word0004" custom="readingOrder {index:4;}">
          <Coords points="664,1154 572,1154 572,1195 628,1195 648,1195 652,1193 664,1192"/>
          <TextEquiv conf="0.92212164">
            <Unicode>Weiſe</Unicode>
          </TextEquiv>
        </Word>
        <Word id="region0003_line0007_word0005" custom="readingOrder {index:5;}">
          <Coords points="685,1164 741,1164 741,1188 685,1188"/>
          <TextEquiv conf="0.9309366">
            <Unicode>eure</Unicode>
          </TextEquiv>
        </Word>
        <Word id="region0003_line0007_word0006" custom="readingOrder {index:6;}">
          <Coords points="766,1154 766,1193 847,1194 847,1157 844,1157 836,1160 810,1154"/>
          <TextEquiv conf="0.92243737">
            <Unicode>Ohren</Unicode>
          </TextEquiv>
        </Word>
        <Word id="region0003_line0007_word0007" custom="readingOrder {index:7;}">
          <Coords points="915,1152 897,1153 863,1158 863,1196 873,1199 915,1198"/>
          <TextEquiv conf="0.9313137">
            <Unicode>mit</Unicode>
          </TextEquiv>
        </Word>
        <Word id="region0003_line0007_word0008" custom="readingOrder {index:8;}">
          <Coords points="924,1155 924,1196 1058,1196 1098,1196 1098,1158 1078,1158 1057,1155 1009,1155 993,1156 988,1155"/>
          <TextEquiv conf="0.9221886">
            <Unicode>Klingklang</Unicode>
          </TextEquiv>
        </Word>
        <TextEquiv conf="0.9264794">
          <Unicode>ſingen, und auf die Weiſe eure Ohren mit Klingklang</Unicode>
        </TextEquiv>
      </TextLine>
      <TextLine id="region0003_line0008" custom="readingOrder {index:7;}">
        <Coords points="308,1188 303,1192 283,1189 255,1195 240,1192 240,1226 266,1225 284,1228 291,1236 303,1228 310,1231 324,1230 333,1235 384,1235 389,1238 412,1235 418,1227 465,1231 631,1232 657,1240 664,1237 694,1237 701,1241 736,1241 746,1246 757,1241 774,1246 792,1242 833,1243 843,1247 862,1238 889,1242 892,1246 902,1249 914,1248 921,1242 990,1240 1078,1245 1085,1250 1104,1246 1104,1202 1072,1200 1067,1197 1019,1200 1006,1204 994,1203 989,1199 889,1202 858,1196 797,1197 788,1201 759,1195 738,1197 701,1193 652,1194 641,1200 628,1201 494,1201 465,1199 459,1192 424,1188 373,1190 357,1194 350,1194 339,1188"/>
        <Baseline points="240,1218 391,1223 424,1217 763,1232 1104,1236"/>
        <Word id="region0003_line0008_word0000" custom="readingOrder {index:0;}">
          <Coords points="429,1198 247,1197 247,1225 266,1225 284,1228 290,1235 292,1235 303,1228 310,1231 324,1230 333,1235 384,1235 385,1235 405,1235 412,1235 418,1227 429,1227"/>
          <TextEquiv>
            <Unicode>aufuͤllen?”</Unicode>
          </TextEquiv>
        </Word>
        <Word id="region0003_line0008_word0001" custom="readingOrder {index:1;}">
          <Coords points="451,1215 491,1215 491,1224 451,1224"/>
          <TextEquiv conf="0.91590685">
            <Unicode>—</Unicode>
          </TextEquiv>
        </Word>
        <Word id="region0003_line0008_word0002" custom="readingOrder {index:2;}">
          <Coords points="514,1213 555,1213 555,1222 514,1222"/>
          <TextEquiv conf="0.9174537">
            <Unicode>—</Unicode>
          </TextEquiv>
        </Word>
        <Word id="region0003_line0008_word0003" custom="readingOrder {index:3;}">
          <Coords points="586,1214 628,1214 628,1220 586,1220"/>
          <TextEquiv conf="0.9283911">
            <Unicode>—</Unicode>
          </TextEquiv>
        </Word>
        <Word id="region0003_line0008_word0004" custom="readingOrder {index:4;}">
          <Coords points="674,1197 664,1197 664,1229 690,1237 697,1234 721,1234 721,1195 701,1193 680,1193"/>
          <TextEquiv>
            <Unicode>Er</Unicode>
          </TextEquiv>
        </Word>
        <Word id="region0003_line0008_word0005" custom="readingOrder {index:5;}">
          <Coords points="743,1198 743,1237 804,1237 804,1198 794,1198 788,1201 773,1198"/>
          <TextEquiv conf="0.930147">
            <Unicode>ſagt</Unicode>
          </TextEquiv>
        </Word>
        <Word id="region0003_line0008_word0006" custom="readingOrder {index:6;}">
          <Coords points="839,1198 867,1198 867,1236 839,1236"/>
          <TextEquiv conf="0.92555624">
            <Unicode>ſo</Unicode>
          </TextEquiv>
        </Word>
        <Word id="region0003_line0008_word0007" custom="readingOrder {index:7;}">
          <Coords points="898,1205 949,1205 949,1238 898,1238"/>
          <TextEquiv conf="0.9249047">
            <Unicode>gar</Unicode>
          </TextEquiv>
        </Word>
        <Word id="region0003_line0008_word0008" custom="readingOrder {index:8;}">
          <Coords points="1035,1199 1019,1200 1006,1204 994,1203 989,1199 982,1199 982,1238 1099,1238 1099,1201 1072,1200 1070,1199"/>
          <TextEquiv conf="0.8876711">
            <Unicode>deutlich</Unicode>
          </TextEquiv>
        </Word>
        <TextEquiv>
          <Unicode>aufuͤllen?” — — — Er ſagt ſo gar deutlich</Unicode>
        </TextEquiv>
      </TextLine>
      <TextLine id="region0003_line0009" custom="readingOrder {index:8;}">
        <Coords points="255,1226 240,1227 240,1266 265,1267 286,1279 295,1278 301,1273 482,1279 492,1279 500,1275 516,1279 554,1276 566,1280 626,1281 635,1291 642,1291 653,1282 727,1282 738,1285 785,1283 792,1287 803,1287 810,1281 819,1280 948,1287 1104,1282 1104,1252 1068,1251 1049,1247 1009,1247 1003,1241 987,1242 985,1248 917,1247 902,1250 894,1247 877,1247 876,1242 868,1239 859,1240 854,1246 843,1248 746,1247 703,1245 694,1238 664,1238 658,1244 632,1243 612,1241 606,1233 594,1233 587,1241 544,1241 539,1232 525,1232 518,1240 511,1232 497,1232 491,1240 389,1239 333,1236 324,1231 310,1232 301,1229 291,1237 284,1229"/>
        <Baseline points="240,1259 743,1274 1104,1273"/>
        <Word id="region0003_line0009_word0000" custom="readingOrder {index:0;}">
          <Coords points="246,1230 246,1266 265,1267 274,1272 327,1273 327,1232 324,1231 310,1232 306,1230 298,1230 291,1237 285,1230"/>
          <TextEquiv conf="0.92705107">
            <Unicode>Quid</Unicode>
          </TextEquiv>
        </Word>
        <Word id="region0003_line0009_word0001" custom="readingOrder {index:1;}">
          <Coords points="343,1243 403,1243 403,1264 343,1264"/>
          <TextEquiv conf="0.9234805">
            <Unicode>non</Unicode>
          </TextEquiv>
        </Word>
        <Word id="region0003_line0009_word0002" custom="readingOrder {index:2;}">
          <Coords points="496,1233 491,1240 418,1239 418,1264 538,1264 538,1233 524,1233 518,1240 511,1233"/>
          <TextEquiv conf="0.4880852">
            <Unicode>mentiri</Unicode>
          </TextEquiv>
        </Word>
        <Word id="region0003_line0009_word0003" custom="readingOrder {index:3;}">
          <Coords points="561,1264 605,1264 605,1233 594,1233 587,1241 561,1241"/>
          <TextEquiv conf="0.93024534">
            <Unicode>vel</Unicode>
          </TextEquiv>
        </Word>
        <Word id="region0003_line0009_word0004" custom="readingOrder {index:4;}">
          <Coords points="626,1275 697,1275 697,1240 694,1238 664,1238 658,1244 632,1243 626,1242"/>
          <TextEquiv conf="0.64566374">
            <Unicode>quid</Unicode>
          </TextEquiv>
        </Word>
        <Word id="region0003_line0009_word0005" custom="readingOrder {index:5;}">
          <Coords points="719,1265 777,1265 777,1247 746,1247 719,1245"/>
          <TextEquiv conf="0.913007">
            <Unicode>non</Unicode>
          </TextEquiv>
        </Word>
        <Word id="region0003_line0009_word0006" custom="readingOrder {index:6;}">
          <Coords points="794,1273 926,1274 926,1247 917,1247 902,1250 894,1247 877,1247 876,1242 868,1239 859,1240 854,1246 843,1248 794,1247"/>
          <TextEquiv conf="0.92425567">
            <Unicode>protinus</Unicode>
          </TextEquiv>
        </Word>
        <Word id="region0003_line0009_word0007" custom="readingOrder {index:7;}">
          <Coords points="948,1265 1035,1265 1035,1247 1009,1247 1003,1241 987,1242 985,1248 948,1247"/>
          <TextEquiv conf="0.92529124">
            <Unicode>audet</Unicode>
          </TextEquiv>
        </Word>
        <Word id="region0003_line0009_word0008" custom="readingOrder {index:8;}">
          <Coords points="1057,1250 1057,1258 1100,1258 1100,1251 1068,1251 1063,1250"/>
          <TextEquiv conf="0.9322679">
            <Unicode>—</Unicode>
          </TextEquiv>
        </Word>
        <TextEquiv conf="0.84548306">
          <Unicode>Quid non mentiri vel quid non protinus audet —</Unicode>
        </TextEquiv>
      </TextLine>
      <TextLine id="region0003_line0010" custom="readingOrder {index:9;}">
        <Coords points="240,1267 240,1311 288,1310 297,1312 305,1319 315,1320 346,1312 359,1315 374,1312 380,1315 430,1319 440,1316 455,1319 491,1316 504,1320 558,1320 572,1326 594,1318 663,1325 713,1322 734,1327 777,1327 825,1332 889,1326 914,1327 919,1331 935,1329 963,1332 967,1329 993,1329 996,1334 1007,1337 1018,1333 1049,1332 1055,1329 1104,1332 1104,1288 1088,1288 1084,1283 1071,1283 1061,1289 1039,1291 1032,1286 1017,1286 1008,1292 896,1291 886,1290 881,1285 819,1281 810,1282 803,1288 792,1288 785,1284 763,1287 717,1283 651,1286 642,1292 635,1292 625,1284 562,1283 554,1277 542,1278 537,1283 518,1283 507,1276 496,1277 491,1281 369,1277 298,1277 286,1280 265,1268"/>
        <Baseline points="240,1301 804,1319 1104,1321"/>
        <Word id="region0003_line0010_word0000" custom="readingOrder {index:0;}">
          <Coords points="246,1272 246,1310 288,1310 297,1312 298,1313 339,1313 346,1312 353,1313 364,1313 374,1312 376,1313 376,1277 369,1277 298,1277 286,1280 272,1272"/>
          <TextEquiv conf="0.92542654">
            <Unicode>Fingere</Unicode>
          </TextEquiv>
        </Word>
        <Word id="region0003_line0010_word0001" custom="readingOrder {index:1;} textStyle {offset:0; length:7;italic:true; fontSize:0.0; kerning:0;}">
          <Coords points="393,1307 521,1307 521,1283 518,1283 507,1276 496,1277 491,1281 393,1277"/>
          <TextEquiv conf="0.2547451">
            <Unicode>mortale</Unicode>
          </TextEquiv>
        </Word>
        <Word id="region0003_line0010_word0002" custom="readingOrder {index:2;} textStyle {offset:0; length:8;italic:true; fontSize:0.0; kerning:0;}">
          <Coords points="539,1314 691,1314 691,1284 651,1286 642,1292 635,1292 625,1284 562,1283 554,1277 542,1278 539,1281"/>
          <TextEquiv>
            <Unicode>ingenium</Unicode>
          </TextEquiv>
        </Word>
        <Word id="region0003_line0010_word0003" custom="readingOrder {index:3;}">
          <Coords points="713,1308 765,1308 765,1286 763,1287 717,1283 713,1283"/>
          <TextEquiv conf="0.91912246">
            <Unicode>&amp;c.</Unicode>
          </TextEquiv>
        </Word>
        <Word id="region0003_line0010_word0004" custom="readingOrder {index:4;}">
          <Coords points="815,1314 972,1315 972,1291 896,1291 886,1290 881,1285 819,1281 815,1281"/>
          <TextEquiv conf="0.8973558">
            <Unicode>Palingen.</Unicode>
          </TextEquiv>
        </Word>
        <Word id="region0003_line0010_word0005" custom="readingOrder {index:5;}">
          <Coords points="998,1315 1101,1315 1101,1288 1088,1288 1084,1283 1071,1283 1061,1289 1039,1291 1032,1286 1017,1286 1008,1292 998,1291"/>
          <TextEquiv conf="0.9246551">
            <Unicode>glaubt</Unicode>
          </TextEquiv>
        </Word>
        <TextEquiv>
          <Unicode>Fingere mortale ingenium &amp;c. Palingen. glaubt</Unicode>
        </TextEquiv>
      </TextLine>
      <TextLine id="region0003_line0011" custom="readingOrder {index:10;}">
        <Coords points="265,1310 240,1314 240,1354 258,1355 269,1351 278,1354 348,1354 373,1361 396,1359 405,1362 468,1358 480,1364 522,1357 542,1361 589,1359 597,1362 644,1359 702,1367 721,1364 759,1367 777,1363 792,1368 803,1364 836,1365 886,1372 926,1372 944,1369 951,1375 975,1372 1104,1374 1104,1333 1069,1333 1055,1330 1049,1333 1018,1334 1007,1338 996,1335 993,1330 967,1330 963,1333 935,1330 919,1332 914,1328 889,1327 825,1333 734,1328 713,1323 663,1326 594,1319 572,1327 558,1321 504,1321 491,1317 474,1320 440,1317 430,1320 396,1318 374,1313 359,1316 346,1313 315,1321 305,1320 293,1312"/>
        <Baseline points="240,1344 1104,1363"/>
        <Word id="region0003_line0011_word0000" custom="readingOrder {index:0;}">
          <Coords points="248,1318 248,1354 260,1354 269,1351 278,1354 305,1354 305,1320 303,1318"/>
          <TextEquiv conf="0.9280343">
            <Unicode>alſo</Unicode>
          </TextEquiv>
        </Word>
        <Word id="region0003_line0011_word0001" custom="readingOrder {index:1;}">
          <Coords points="323,1319 323,1354 348,1354 351,1355 414,1355 414,1319 413,1319"/>
          <TextEquiv conf="0.91596025">
            <Unicode>nicht,</Unicode>
          </TextEquiv>
        </Word>
        <Word id="region0003_line0011_word0002" custom="readingOrder {index:2;}">
          <Coords points="439,1320 495,1320 495,1357 439,1357"/>
          <TextEquiv>
            <Unicode>daß</Unicode>
          </TextEquiv>
        </Word>
        <Word id="region0003_line0011_word0003" custom="readingOrder {index:3;}">
          <Coords points="511,1322 557,1322 557,1352 511,1352"/>
          <TextEquiv conf="0.9201665">
            <Unicode>der</Unicode>
          </TextEquiv>
        </Word>
        <Word id="region0003_line0011_word0004" custom="readingOrder {index:4;}">
          <Coords points="591,1320 572,1327 572,1353 675,1353 675,1325 663,1326 603,1320"/>
          <TextEquiv>
            <Unicode>Satan</Unicode>
          </TextEquiv>
        </Word>
        <Word id="region0003_line0011_word0005" custom="readingOrder {index:5;}">
          <Coords points="693,1356 800,1356 800,1331 734,1328 713,1323 693,1324"/>
          <TextEquiv conf="0.9064338">
            <Unicode>Homer</Unicode>
          </TextEquiv>
        </Word>
        <Word id="region0003_line0011_word0006" custom="readingOrder {index:6;}">
          <Coords points="817,1350 874,1351 874,1328 825,1333 817,1332"/>
          <TextEquiv conf="0.9182277">
            <Unicode>und</Unicode>
          </TextEquiv>
        </Word>
        <Word id="region0003_line0011_word0007" custom="readingOrder {index:7;}">
          <Coords points="888,1358 1008,1358 1008,1337 1007,1338 996,1335 993,1330 967,1330 963,1333 935,1330 919,1332 914,1328 889,1327 888,1327"/>
          <TextEquiv conf="0.93141764">
            <Unicode>Virgil,</Unicode>
          </TextEquiv>
        </Word>
        <Word id="region0003_line0011_word0008" custom="readingOrder {index:8;}">
          <Coords points="1034,1353 1100,1353 1100,1333 1069,1333 1055,1330 1049,1333 1034,1333"/>
          <TextEquiv conf="0.9247273">
            <Unicode>oder</Unicode>
          </TextEquiv>
        </Word>
        <TextEquiv>
          <Unicode>alſo nicht, daß der Satan Homer und Virgil, oder</Unicode>
        </TextEquiv>
      </TextLine>
      <TextLine id="region0003_line0012" custom="readingOrder {index:11;}">
        <Coords points="269,1352 240,1360 240,1397 267,1396 281,1400 303,1399 330,1405 347,1402 365,1403 379,1397 387,1397 394,1401 410,1401 425,1396 434,1402 443,1399 460,1402 553,1399 583,1400 587,1403 606,1400 629,1406 660,1403 664,1406 681,1407 714,1406 727,1411 744,1406 795,1406 803,1411 817,1407 832,1412 845,1407 855,1407 931,1415 977,1413 987,1409 1011,1414 1059,1415 1086,1412 1093,1416 1104,1415 1104,1375 975,1373 951,1376 944,1370 926,1373 886,1373 836,1366 803,1365 792,1369 777,1364 759,1368 721,1365 702,1368 644,1360 597,1363 589,1360 542,1362 530,1358 480,1365 468,1359 405,1363 396,1360 373,1362 348,1355 278,1355"/>
        <Baseline points="240,1388 1104,1404"/>
        <Word id="region0003_line0012_word0000" custom="readingOrder {index:0;}">
          <Coords points="300,1397 300,1362 247,1361 247,1396 260,1396 267,1396 268,1396"/>
          <TextEquiv conf="0.9285232">
            <Unicode>alle</Unicode>
          </TextEquiv>
        </Word>
        <Word id="region0003_line0012_word0001" custom="readingOrder {index:1;}">
          <Coords points="319,1361 319,1402 321,1403 341,1403 347,1402 365,1403 379,1397 387,1397 394,1401 410,1401 425,1396 432,1400 432,1361 405,1363 399,1361 384,1361 373,1362 369,1361"/>
          <TextEquiv conf="0.93166524">
            <Unicode>Poeten</Unicode>
          </TextEquiv>
        </Word>
        <Word id="region0003_line0012_word0002" custom="readingOrder {index:2;}">
          <Coords points="457,1363 457,1398 537,1398 537,1363 494,1363 480,1365 476,1363"/>
          <TextEquiv conf="0.9200213">
            <Unicode>durch</Unicode>
          </TextEquiv>
        </Word>
        <Word id="region0003_line0012_word0003" custom="readingOrder {index:3;}">
          <Coords points="567,1364 608,1364 608,1397 567,1397"/>
          <TextEquiv conf="0.89476204">
            <Unicode>die</Unicode>
          </TextEquiv>
        </Word>
        <Word id="region0003_line0012_word0004" custom="readingOrder {index:4;}">
          <Coords points="631,1364 631,1402 736,1402 736,1366 721,1365 702,1368 673,1364"/>
          <TextEquiv conf="0.72353417">
            <Unicode>Bank,</Unicode>
          </TextEquiv>
        </Word>
        <Word id="region0003_line0012_word0005" custom="readingOrder {index:5;}">
          <Coords points="777,1364 766,1366 766,1402 901,1403 901,1373 886,1373 836,1366 803,1365 792,1369 777,1364"/>
          <TextEquiv conf="0.9243502">
            <Unicode>beſeſſen;</Unicode>
          </TextEquiv>
        </Word>
        <Word id="region0003_line0012_word0006" custom="readingOrder {index:6;}">
          <Coords points="930,1401 1044,1401 1044,1374 975,1373 951,1376 944,1370 930,1372"/>
          <TextEquiv conf="0.92571443">
            <Unicode>ſondern</Unicode>
          </TextEquiv>
        </Word>
        <Word id="region0003_line0012_word0007" custom="readingOrder {index:7;}">
          <Coords points="1070,1397 1099,1397 1099,1374 1070,1374"/>
          <TextEquiv conf="0.9277607">
            <Unicode>er</Unicode>
          </TextEquiv>
        </Word>
        <TextEquiv conf="0.8970414">
          <Unicode>alle Poeten durch die Bank, beſeſſen; ſondern er</Unicode>
        </TextEquiv>
      </TextLine>
      <TextLine id="region0003_line0013" custom="readingOrder {index:12;}">
        <Coords points="421,1397 402,1404 394,1404 390,1399 379,1398 369,1404 347,1403 330,1406 303,1400 281,1401 267,1397 240,1398 240,1446 287,1448 326,1440 338,1444 401,1444 414,1448 447,1443 489,1449 507,1446 519,1452 535,1450 545,1444 557,1448 612,1445 633,1454 642,1451 676,1453 688,1448 719,1448 742,1456 751,1455 755,1451 768,1452 777,1449 858,1453 866,1456 888,1456 896,1460 906,1456 942,1458 947,1455 980,1456 985,1460 992,1460 1001,1454 1104,1457 1104,1420 1086,1413 1031,1417 1004,1416 995,1410 987,1410 976,1415 931,1416 855,1408 845,1408 832,1413 820,1408 803,1412 795,1407 744,1407 727,1412 714,1407 699,1409 664,1407 660,1404 629,1407 606,1401 597,1404 553,1400 476,1403 443,1400 434,1403"/>
        <Baseline points="240,1435 1104,1448"/>
        <Word id="region0003_line0013_word0000" custom="readingOrder {index:0;}">
          <Coords points="327,1406 246,1405 246,1445 298,1445 326,1440 327,1440"/>
          <TextEquiv conf="0.92615134">
            <Unicode>ſagt,</Unicode>
          </TextEquiv>
        </Word>
        <Word id="region0003_line0013_word0001" custom="readingOrder {index:1;}">
          <Coords points="350,1407 402,1407 402,1442 350,1442"/>
          <TextEquiv conf="0.9224214">
            <Unicode>wie</Unicode>
          </TextEquiv>
        </Word>
        <Word id="region0003_line0013_word0002" custom="readingOrder {index:2;}">
          <Coords points="490,1445 490,1404 418,1404 418,1445 433,1445 447,1443 461,1445"/>
          <TextEquiv conf="0.906949">
            <Unicode>jeder</Unicode>
          </TextEquiv>
        </Word>
        <Word id="region0003_line0013_word0003" custom="readingOrder {index:3;}">
          <Coords points="503,1407 503,1446 507,1446 515,1450 535,1450 545,1444 557,1448 612,1445 623,1450 680,1450 680,1407 664,1407 629,1407"/>
          <TextEquiv conf="0.91916555">
            <Unicode>Philoſoph,</Unicode>
          </TextEquiv>
        </Word>
        <Word id="region0003_line0013_word0004" custom="readingOrder {index:4;}">
          <Coords points="705,1409 705,1448 719,1448 721,1449 759,1449 759,1409 737,1409 727,1412 719,1409"/>
          <TextEquiv conf="0.9295677">
            <Unicode>daß</Unicode>
          </TextEquiv>
        </Word>
        <Word id="region0003_line0013_word0005" custom="readingOrder {index:5;}">
          <Coords points="774,1410 774,1441 814,1441 814,1410 811,1410 803,1412 799,1410"/>
          <TextEquiv conf="0.93189454">
            <Unicode>die</Unicode>
          </TextEquiv>
        </Word>
        <Word id="region0003_line0013_word0006" custom="readingOrder {index:6;}">
          <Coords points="842,1409 832,1413 832,1448 949,1448 949,1415 931,1416 864,1409"/>
          <TextEquiv conf="0.9289082">
            <Unicode>Dichter</Unicode>
          </TextEquiv>
        </Word>
        <Word id="region0003_line0013_word0007" custom="readingOrder {index:7;}">
          <Coords points="969,1449 1099,1449 1099,1418 1086,1413 1031,1417 1004,1416 995,1410 987,1410 976,1415 969,1415"/>
          <TextEquiv conf="0.84619594">
            <Unicode>ehemali⸗</Unicode>
          </TextEquiv>
        </Word>
        <TextEquiv conf="0.9139067">
          <Unicode>ſagt, wie jeder Philoſoph, daß die Dichter ehemali⸗</Unicode>
        </TextEquiv>
      </TextLine>
      <TextLine id="region0003_line0014" custom="readingOrder {index:13;}">
        <Coords points="323,1441 287,1449 240,1447 240,1489 252,1491 260,1486 283,1484 289,1489 314,1494 355,1489 386,1489 397,1494 409,1486 421,1485 436,1490 514,1492 542,1496 565,1494 571,1498 587,1493 595,1496 661,1494 686,1497 701,1494 757,1493 787,1498 833,1498 844,1502 856,1499 884,1499 907,1503 950,1500 1104,1503 1104,1465 1081,1464 1076,1459 1062,1456 1001,1455 992,1461 947,1456 942,1459 896,1461 888,1457 869,1459 858,1454 804,1450 755,1452 751,1456 742,1457 719,1449 688,1449 676,1454 642,1452 633,1455 612,1446 557,1449 545,1445 535,1451 519,1453 507,1447 489,1450 459,1448 447,1444 414,1449 401,1445 364,1446 361,1443 349,1443 340,1447 335,1443"/>
        <Baseline points="240,1478 1104,1493"/>
        <Word id="region0003_line0014_word0000" custom="readingOrder {index:0;}">
          <Coords points="295,1458 247,1457 247,1490 252,1491 260,1486 283,1484 289,1489 295,1490"/>
          <TextEquiv conf="0.92399246">
            <Unicode>ger</Unicode>
          </TextEquiv>
        </Word>
        <Word id="region0003_line0014_word0001" custom="readingOrder {index:1;}">
          <Coords points="374,1448 310,1448 310,1492 330,1492 355,1489 374,1489"/>
          <TextEquiv conf="0.93262297">
            <Unicode>Zeit</Unicode>
          </TextEquiv>
        </Word>
        <Word id="region0003_line0014_word0002" custom="readingOrder {index:2;}">
          <Coords points="458,1489 458,1454 388,1454 388,1489 404,1489 409,1486 421,1485 433,1489"/>
          <TextEquiv conf="0.9225685">
            <Unicode>(und</Unicode>
          </TextEquiv>
        </Word>
        <Word id="region0003_line0014_word0003" custom="readingOrder {index:3;}">
          <Coords points="475,1452 475,1487 528,1487 528,1452 527,1452 519,1453 517,1452"/>
          <TextEquiv conf="0.9306282">
            <Unicode>wie</Unicode>
          </TextEquiv>
        </Word>
        <Word id="region0003_line0014_word0004" custom="readingOrder {index:4;}">
          <Coords points="542,1448 542,1492 618,1492 618,1448 616,1448 575,1448 557,1449 554,1448"/>
          <TextEquiv conf="0.9289219">
            <Unicode>jetzt)</Unicode>
          </TextEquiv>
        </Word>
        <Word id="region0003_line0014_word0005" custom="readingOrder {index:5;}">
          <Coords points="680,1452 676,1454 642,1452 641,1452 641,1487 738,1487 738,1455 727,1452"/>
          <TextEquiv conf="0.9204537">
            <Unicode>welche</Unicode>
          </TextEquiv>
        </Word>
        <Word id="region0003_line0014_word0006" custom="readingOrder {index:6;}">
          <Coords points="756,1453 796,1453 796,1486 756,1486"/>
          <TextEquiv conf="0.9276631">
            <Unicode>die</Unicode>
          </TextEquiv>
        </Word>
        <Word id="region0003_line0014_word0007" custom="readingOrder {index:7;}">
          <Coords points="812,1451 812,1490 924,1491 924,1459 896,1461 888,1457 869,1459 858,1454 818,1451"/>
          <TextEquiv conf="0.93164843">
            <Unicode>Thaten</Unicode>
          </TextEquiv>
        </Word>
        <Word id="region0003_line0014_word0008" custom="readingOrder {index:8;}">
          <Coords points="948,1488 994,1488 994,1459 992,1461 948,1456"/>
          <TextEquiv conf="0.9219575">
            <Unicode>der</Unicode>
          </TextEquiv>
        </Word>
        <Word id="region0003_line0014_word0009" custom="readingOrder {index:9;}">
          <Coords points="1009,1489 1101,1489 1101,1464 1081,1464 1076,1459 1062,1456 1009,1455"/>
          <TextEquiv conf="0.61489296">
            <Unicode>Men⸗</Unicode>
          </TextEquiv>
        </Word>
        <TextEquiv conf="0.895535">
          <Unicode>ger Zeit (und wie jetzt) welche die Thaten der Men⸗</Unicode>
        </TextEquiv>
      </TextLine>
      <TextLine id="region0003_line0015" custom="readingOrder {index:14;}">
        <Coords points="278,1485 260,1487 252,1492 240,1490 241,1532 251,1535 263,1529 271,1529 276,1535 290,1533 369,1533 388,1541 398,1541 406,1535 460,1533 483,1534 504,1542 519,1537 532,1540 560,1537 582,1541 602,1540 606,1543 642,1539 656,1543 687,1542 709,1546 777,1542 796,1544 805,1549 818,1546 832,1550 837,1546 866,1546 883,1550 1105,1550 1104,1512 1096,1510 1091,1504 1056,1505 1002,1501 965,1504 950,1501 942,1507 921,1507 893,1505 884,1500 856,1500 844,1503 833,1499 803,1498 790,1501 781,1496 757,1494 701,1495 682,1499 669,1499 661,1495 641,1498 595,1497 587,1494 571,1499 514,1493 430,1493 421,1486 409,1487 397,1495 314,1495"/>
        <Baseline points="241,1521 1105,1540"/>
        <Word id="region0003_line0015_word0000" custom="readingOrder {index:0;}">
          <Coords points="323,1496 249,1495 249,1534 251,1535 263,1529 271,1529 276,1535 290,1533 323,1533"/>
          <TextEquiv conf="0.9297943">
            <Unicode>ſchen</Unicode>
          </TextEquiv>
        </Word>
        <Word id="region0003_line0015_word0001" custom="readingOrder {index:1;}">
          <Coords points="400,1493 397,1495 340,1495 340,1533 369,1533 380,1538 402,1538 406,1535 460,1533 483,1534 493,1538 512,1538 512,1493 430,1493"/>
          <TextEquiv conf="0.05733345">
            <Unicode>vergoͤttert,</Unicode>
          </TextEquiv>
        </Word>
        <Word id="region0003_line0015_word0002" custom="readingOrder {index:2;}">
          <Coords points="537,1498 537,1533 633,1533 633,1498 574,1498 571,1499 561,1498"/>
          <TextEquiv conf="0.92932624">
            <Unicode>welche</Unicode>
          </TextEquiv>
        </Word>
        <Word id="region0003_line0015_word0003" custom="readingOrder {index:3;}">
          <Coords points="654,1501 704,1501 704,1533 654,1533"/>
          <TextEquiv conf="0.9325674">
            <Unicode>das</Unicode>
          </TextEquiv>
        </Word>
        <Word id="region0003_line0015_word0004" custom="readingOrder {index:4;}">
          <Coords points="721,1496 721,1538 904,1539 904,1505 893,1505 884,1500 856,1500 844,1503 833,1499 803,1498 790,1501 781,1496"/>
          <TextEquiv conf="0.9282974">
            <Unicode>Menſchliche</Unicode>
          </TextEquiv>
        </Word>
        <Word id="region0003_line0015_word0005" custom="readingOrder {index:5;}">
          <Coords points="921,1534 973,1534 973,1503 965,1504 950,1501 942,1507 921,1507"/>
          <TextEquiv conf="0.92965204">
            <Unicode>mit</Unicode>
          </TextEquiv>
        </Word>
        <Word id="region0003_line0015_word0006" custom="readingOrder {index:6;}">
          <Coords points="988,1535 1100,1535 1100,1511 1096,1510 1091,1504 1056,1505 1002,1501 988,1502"/>
          <TextEquiv>
            <Unicode>Goͤttli⸗</Unicode>
          </TextEquiv>
        </Word>
        <TextEquiv>
          <Unicode>ſchen vergoͤttert, welche das Menſchliche mit Goͤttli⸗</Unicode>
        </TextEquiv>
      </TextLine>
      <TextLine id="region0003_line0016" custom="readingOrder {index:15;}">
        <Coords points="263,1530 254,1536 241,1533 241,1574 294,1575 329,1585 375,1579 401,1579 443,1585 481,1582 503,1587 546,1586 555,1590 566,1586 596,1583 634,1587 664,1585 676,1589 745,1595 799,1595 823,1590 845,1592 847,1595 881,1592 915,1596 926,1594 935,1598 960,1593 987,1597 1105,1596 1105,1554 1100,1551 1087,1551 1082,1555 1067,1555 1058,1551 1005,1551 992,1554 919,1553 883,1551 866,1547 837,1547 832,1551 818,1547 805,1550 796,1545 777,1543 710,1548 687,1543 647,1543 642,1540 631,1540 625,1544 572,1543 560,1538 542,1541 519,1538 504,1543 483,1535 460,1534 406,1536 401,1541 388,1542 369,1534 358,1535 355,1538 276,1536 271,1530"/>
        <Baseline points="241,1565 648,1575 757,1584 1105,1586"/>
        <Word id="region0003_line0016_word0000" custom="readingOrder {index:0;}">
          <Coords points="339,1580 339,1538 248,1537 248,1574 294,1575 310,1579"/>
          <TextEquiv conf="0.9257131">
            <Unicode>chem,</Unicode>
          </TextEquiv>
        </Word>
        <Word id="region0003_line0016_word0001" custom="readingOrder {index:1;}">
          <Coords points="363,1543 414,1543 414,1575 363,1575"/>
          <TextEquiv conf="0.8649907">
            <Unicode>das</Unicode>
          </TextEquiv>
        </Word>
        <Word id="region0003_line0016_word0002" custom="readingOrder {index:2;}">
          <Coords points="436,1539 436,1580 579,1580 579,1543 572,1543 562,1539 554,1539 542,1541 526,1539 516,1539 504,1543 493,1539"/>
          <TextEquiv>
            <Unicode>Goͤttliche</Unicode>
          </TextEquiv>
        </Word>
        <Word id="region0003_line0016_word0003" custom="readingOrder {index:3;}">
          <Coords points="631,1540 625,1544 603,1543 603,1573 656,1573 656,1543 647,1543 642,1540"/>
          <TextEquiv conf="0.9287434">
            <Unicode>mit</Unicode>
          </TextEquiv>
        </Word>
        <Word id="region0003_line0016_word0004" custom="readingOrder {index:4;}">
          <Coords points="680,1545 680,1575 738,1575 738,1545 710,1548 696,1545"/>
          <TextEquiv conf="0.9264895">
            <Unicode>dem</Unicode>
          </TextEquiv>
        </Word>
        <Word id="region0003_line0016_word0005" custom="readingOrder {index:5;}">
          <Coords points="763,1579 939,1580 939,1553 919,1553 883,1551 866,1547 837,1547 832,1551 818,1547 805,1550 796,1545 777,1543 763,1544"/>
          <TextEquiv conf="0.78106123">
            <Unicode>Jrrdiſchen,</Unicode>
          </TextEquiv>
        </Word>
        <Word id="region0003_line0016_word0006" custom="readingOrder {index:6;}">
          <Coords points="965,1575 1022,1575 1022,1551 1005,1551 992,1554 965,1553"/>
          <TextEquiv conf="0.9296535">
            <Unicode>und</Unicode>
          </TextEquiv>
        </Word>
        <Word id="region0003_line0016_word0007" custom="readingOrder {index:7;}">
          <Coords points="1048,1574 1099,1574 1099,1551 1087,1551 1082,1555 1067,1555 1058,1551 1048,1551"/>
          <TextEquiv conf="0.9267407">
            <Unicode>das</Unicode>
          </TextEquiv>
        </Word>
        <TextEquiv>
          <Unicode>chem, das Goͤttliche mit dem Jrrdiſchen, und das</Unicode>
        </TextEquiv>
      </TextLine>
      <TextLine id="region0003_line0017" custom="readingOrder {index:16;}">
        <Coords points="259,1574 241,1575 241,1622 299,1624 316,1629 413,1627 442,1631 481,1628 486,1632 577,1629 599,1633 677,1632 683,1638 719,1633 776,1635 792,1631 834,1638 916,1640 921,1643 931,1643 943,1637 958,1640 1009,1638 1014,1642 1026,1637 1033,1637 1039,1641 1060,1641 1066,1638 1105,1641 1105,1601 976,1600 971,1594 935,1599 926,1595 915,1597 881,1593 847,1596 845,1593 832,1592 799,1596 710,1595 677,1591 664,1586 638,1590 629,1586 606,1584 569,1587 555,1591 526,1589 520,1586 494,1588 481,1583 471,1583 465,1587 413,1585 401,1580 387,1583 382,1580 360,1581 355,1584 329,1586 294,1576"/>
        <Baseline points="241,1613 1105,1631"/>
        <Word id="region0003_line0017_word0000" custom="readingOrder {index:0;}">
          <Coords points="248,1580 248,1622 425,1623 425,1585 413,1585 403,1580 397,1580 387,1583 383,1580 367,1580 360,1581 355,1584 329,1586 309,1580"/>
          <TextEquiv conf="0.9162421">
            <Unicode>Koͤrperliche</Unicode>
          </TextEquiv>
        </Word>
        <Word id="region0003_line0017_word0001" custom="readingOrder {index:1;}">
          <Coords points="469,1584 465,1587 442,1586 442,1619 494,1619 494,1588 483,1584"/>
          <TextEquiv>
            <Unicode>mit</Unicode>
          </TextEquiv>
        </Word>
        <Word id="region0003_line0017_word0002" custom="readingOrder {index:2;}">
          <Coords points="511,1588 511,1618 571,1618 571,1588 565,1588 555,1591 526,1589 524,1588"/>
          <TextEquiv conf="0.92586213">
            <Unicode>dem</Unicode>
          </TextEquiv>
        </Word>
        <Word id="region0003_line0017_word0003" custom="readingOrder {index:3;}">
          <Coords points="589,1624 731,1624 731,1595 710,1595 677,1591 664,1586 638,1590 629,1586 606,1584 589,1585"/>
          <TextEquiv>
            <Unicode>Geiſtigen</Unicode>
          </TextEquiv>
        </Word>
        <Word id="region0003_line0017_word0004" custom="readingOrder {index:4;}">
          <Coords points="745,1618 902,1619 902,1595 881,1593 847,1596 845,1593 832,1592 799,1596 745,1595"/>
          <TextEquiv conf="0.9247853">
            <Unicode>verwikkelt</Unicode>
          </TextEquiv>
        </Word>
        <Word id="region0003_line0017_word0005" custom="readingOrder {index:5;}">
          <Coords points="921,1624 1026,1624 1026,1600 976,1600 971,1594 935,1599 926,1595 921,1595"/>
          <TextEquiv conf="0.9246199">
            <Unicode>haben,</Unicode>
          </TextEquiv>
        </Word>
        <Word id="region0003_line0017_word0006" custom="readingOrder {index:6;}">
          <Coords points="1050,1616 1101,1616 1101,1600 1050,1600"/>
          <TextEquiv conf="0.9277014">
            <Unicode>um</Unicode>
          </TextEquiv>
        </Word>
        <TextEquiv>
          <Unicode>Koͤrperliche mit dem Geiſtigen verwikkelt haben, um</Unicode>
        </TextEquiv>
      </TextLine>
      <TextLine id="region0003_line0018" custom="readingOrder {index:17;}">
        <Coords points="250,1622 241,1623 241,1669 328,1672 373,1682 418,1674 440,1676 504,1672 517,1674 526,1679 589,1673 603,1677 670,1680 740,1676 791,1678 813,1682 831,1678 870,1683 892,1680 903,1684 940,1684 945,1687 1025,1685 1039,1688 1061,1685 1078,1692 1104,1691 1105,1644 1082,1644 1073,1639 1039,1642 1033,1638 1026,1638 1014,1643 1009,1639 958,1641 943,1638 931,1644 921,1644 891,1640 830,1638 787,1632 776,1636 719,1634 683,1639 677,1633 654,1635 643,1632 638,1636 605,1636 594,1635 588,1630 577,1630 516,1635 487,1634 481,1629 462,1633 392,1632 316,1630 299,1625"/>
        <Baseline points="241,1659 1105,1680"/>
        <Word id="region0003_line0018_word0000" custom="readingOrder {index:0;}">
          <Coords points="248,1632 353,1633 353,1668 248,1667"/>
          <TextEquiv conf="0.9293715">
            <Unicode>Bilder</Unicode>
          </TextEquiv>
        </Word>
        <Word id="region0003_line0018_word0001" custom="readingOrder {index:1;}">
          <Coords points="368,1640 403,1640 403,1674 368,1674"/>
          <TextEquiv conf="0.9312395">
            <Unicode>zu</Unicode>
          </TextEquiv>
        </Word>
        <Word id="region0003_line0018_word0002" custom="readingOrder {index:2;}">
          <Coords points="422,1634 422,1672 504,1672 532,1672 532,1634 528,1634 516,1635 487,1634"/>
          <TextEquiv conf="0.9276005">
            <Unicode>malen,</Unicode>
          </TextEquiv>
        </Word>
        <Word id="region0003_line0018_word0003" custom="readingOrder {index:3;}">
          <Coords points="561,1634 561,1665 602,1665 602,1635 594,1635 592,1634"/>
          <TextEquiv conf="0.93043065">
            <Unicode>die</Unicode>
          </TextEquiv>
        </Word>
        <Word id="region0003_line0018_word0004" custom="readingOrder {index:4;}">
          <Coords points="639,1635 638,1636 625,1636 625,1668 697,1668 697,1637 683,1639 679,1635 654,1635"/>
          <TextEquiv conf="0.92347646">
            <Unicode>nicht</Unicode>
          </TextEquiv>
        </Word>
        <Word id="region0003_line0018_word0005" custom="readingOrder {index:5;}">
          <Coords points="785,1632 776,1636 719,1634 717,1634 717,1669 866,1670 866,1639 830,1638 790,1632"/>
          <TextEquiv conf="0.92662513">
            <Unicode>denkbar</Unicode>
          </TextEquiv>
        </Word>
        <Word id="region0003_line0018_word0006" custom="readingOrder {index:6;}">
          <Coords points="891,1671 957,1671 957,1640 943,1638 931,1644 921,1644 891,1640"/>
          <TextEquiv conf="0.6972755">
            <Unicode>noch</Unicode>
          </TextEquiv>
        </Word>
        <Word id="region0003_line0018_word0007" custom="readingOrder {index:7;}">
          <Coords points="979,1676 1099,1676 1099,1644 1082,1644 1073,1639 1039,1642 1033,1638 1026,1638 1014,1643 1009,1639 979,1640"/>
          <TextEquiv conf="0.92083246">
            <Unicode>richtig</Unicode>
          </TextEquiv>
        </Word>
        <TextEquiv conf="0.89835644">
          <Unicode>Bilder zu malen, die nicht denkbar noch richtig</Unicode>
        </TextEquiv>
      </TextLine>
      <TextLine id="region0003_line0019" custom="readingOrder {index:18;}">
        <Coords points="252,1669 241,1670 240,1710 251,1713 261,1709 284,1710 312,1719 322,1718 327,1714 345,1717 357,1713 379,1713 419,1721 512,1723 522,1727 544,1721 572,1724 582,1722 586,1725 665,1721 672,1724 684,1722 696,1726 762,1728 768,1731 785,1730 795,1726 827,1729 834,1726 857,1728 877,1725 888,1728 903,1724 933,1726 947,1730 1044,1726 1104,1730 1104,1692 1078,1693 1061,1686 1039,1689 1025,1686 945,1688 903,1685 892,1681 870,1684 831,1679 813,1683 791,1679 740,1677 649,1682 601,1680 589,1674 572,1679 526,1680 517,1675 504,1673 453,1679 433,1679 428,1675 418,1675 410,1679 373,1683 344,1682 339,1677 326,1673"/>
        <Baseline points="240,1701 729,1717 1104,1718"/>
        <Word id="region0003_line0019_word0000" custom="readingOrder {index:0;}">
          <Coords points="325,1681 249,1680 248,1712 251,1713 261,1709 284,1710 311,1718 313,1718 322,1718 324,1716"/>
          <TextEquiv conf="0.52789235">
            <Unicode>ſind;</Unicode>
          </TextEquiv>
        </Word>
        <Word id="region0003_line0019_word0001" custom="readingOrder {index:1;}">
          <Coords points="349,1695 390,1695 390,1703 349,1703"/>
          <TextEquiv conf="0.9311041">
            <Unicode>—</Unicode>
          </TextEquiv>
        </Word>
        <Word id="region0003_line0019_word0002" custom="readingOrder {index:2;}">
          <Coords points="417,1684 467,1684 466,1714 416,1714"/>
          <TextEquiv conf="0.9317564">
            <Unicode>den</Unicode>
          </TextEquiv>
        </Word>
        <Word id="region0003_line0019_word0003" custom="readingOrder {index:3;}">
          <Coords points="485,1678 484,1720 631,1720 631,1681 601,1680 597,1678 575,1678 572,1679 526,1680 522,1678"/>
          <TextEquiv conf="0.92642784">
            <Unicode>Sprachen</Unicode>
          </TextEquiv>
        </Word>
        <Word id="region0003_line0019_word0004" custom="readingOrder {index:4;}">
          <Coords points="649,1685 705,1685 704,1715 648,1715"/>
          <TextEquiv conf="0.9313114">
            <Unicode>und</Unicode>
          </TextEquiv>
        </Word>
        <Word id="region0003_line0019_word0005" custom="readingOrder {index:5;}">
          <Coords points="715,1679 714,1721 956,1722 956,1687 945,1688 903,1685 892,1681 870,1684 834,1679 828,1679 813,1683 792,1679"/>
          <TextEquiv conf="0.9035814">
            <Unicode>Wiſſenſchaften,</Unicode>
          </TextEquiv>
        </Word>
        <Word id="region0003_line0019_word0006" custom="readingOrder {index:6;}">
          <Coords points="980,1713 1037,1713 1037,1688 1025,1686 980,1687"/>
          <TextEquiv conf="0.93096197">
            <Unicode>und</Unicode>
          </TextEquiv>
        </Word>
        <Word id="region0003_line0019_word0007" custom="readingOrder {index:7;}">
          <Coords points="1053,1713 1098,1713 1098,1692 1078,1693 1061,1686 1053,1686"/>
          <TextEquiv conf="0.9172818">
            <Unicode>der</Unicode>
          </TextEquiv>
        </Word>
        <TextEquiv conf="0.87503964">
          <Unicode>ſind; — den Sprachen und Wiſſenſchaften, und der</Unicode>
        </TextEquiv>
      </TextLine>
      <TextLine id="region0003_line0020" custom="readingOrder {index:19;}">
        <Coords points="261,1710 253,1714 240,1711 240,1752 290,1752 352,1762 373,1762 379,1765 409,1759 443,1761 461,1764 467,1770 487,1764 548,1767 582,1767 598,1764 618,1765 631,1769 687,1770 700,1766 722,1765 742,1767 755,1772 765,1767 789,1770 797,1767 817,1769 843,1767 865,1771 873,1768 902,1769 924,1774 1064,1774 1104,1771 1104,1735 1061,1727 987,1732 958,1729 947,1731 933,1727 903,1725 888,1729 864,1726 857,1729 834,1727 827,1730 810,1728 768,1732 762,1729 696,1727 684,1723 672,1725 665,1722 611,1726 586,1726 582,1723 555,1725 544,1722 522,1728 482,1723 418,1723 413,1719 397,1719 394,1723 389,1723 332,1715 312,1720 290,1713"/>
        <Baseline points="240,1745 468,1756 1104,1761"/>
        <Word id="region0003_line0020_word0000" custom="readingOrder {index:0;}">
          <Coords points="248,1718 248,1752 290,1752 329,1758 477,1759 477,1723 418,1723 413,1719 397,1719 394,1723 389,1723 356,1718 318,1718 312,1720 306,1718"/>
          <TextEquiv>
            <Unicode>Denkungsart,</Unicode>
          </TextEquiv>
        </Word>
        <Word id="region0003_line0020_word0001" custom="readingOrder {index:1;}">
          <Coords points="540,1723 522,1728 502,1725 502,1753 557,1753 557,1724 555,1725 547,1723"/>
          <TextEquiv conf="0.9279211">
            <Unicode>und</Unicode>
          </TextEquiv>
        </Word>
        <Word id="region0003_line0020_word0002" custom="readingOrder {index:2;}">
          <Coords points="576,1724 576,1752 624,1752 624,1725 611,1726 586,1726 583,1724"/>
          <TextEquiv conf="0.92529494">
            <Unicode>den</Unicode>
          </TextEquiv>
        </Word>
        <Word id="region0003_line0020_word0003" custom="readingOrder {index:3;}">
          <Coords points="641,1756 762,1756 762,1729 696,1727 684,1723 672,1725 665,1722 641,1723"/>
          <TextEquiv conf="0.9243996">
            <Unicode>Sitten,</Unicode>
          </TextEquiv>
        </Word>
        <Word id="region0003_line0020_word0004" custom="readingOrder {index:4;}">
          <Coords points="788,1752 845,1753 845,1727 834,1727 827,1730 810,1728 788,1730"/>
          <TextEquiv conf="0.93113863">
            <Unicode>und</Unicode>
          </TextEquiv>
        </Word>
        <Word id="region0003_line0020_word0005" custom="readingOrder {index:5;}">
          <Coords points="863,1760 938,1760 938,1728 933,1727 903,1725 888,1729 864,1726 863,1726"/>
          <TextEquiv conf="0.9235591">
            <Unicode>ſelbſt</Unicode>
          </TextEquiv>
        </Word>
        <Word id="region0003_line0020_word0006" custom="readingOrder {index:6;}">
          <Coords points="962,1754 1021,1754 1021,1729 987,1732 962,1729"/>
          <TextEquiv conf="0.92784286">
            <Unicode>dem</Unicode>
          </TextEquiv>
        </Word>
        <Word id="region0003_line0020_word0007" custom="readingOrder {index:7;}">
          <Coords points="1038,1755 1099,1755 1099,1734 1061,1727 1038,1728"/>
          <TextEquiv conf="0.4711315">
            <Unicode>Ge⸗</Unicode>
          </TextEquiv>
        </Word>
        <TextEquiv>
          <Unicode>Denkungsart, und den Sitten, und ſelbſt dem Ge⸗</Unicode>
        </TextEquiv>
      </TextLine>
      <TextLine id="region0003_line0021" custom="readingOrder {index:20;}">
        <Coords points="270,1751 240,1753 240,1793 265,1791 271,1796 284,1798 302,1796 307,1800 365,1802 390,1809 469,1810 483,1814 494,1809 604,1809 615,1813 636,1810 671,1818 682,1812 697,1816 729,1812 827,1812 843,1819 874,1817 880,1821 899,1820 909,1816 968,1816 999,1818 1013,1823 1027,1818 1054,1818 1063,1822 1087,1818 1104,1819 1104,1776 1095,1775 1057,1778 1051,1773 1037,1773 1032,1778 971,1777 924,1775 913,1771 882,1769 865,1772 854,1768 812,1771 805,1768 789,1771 765,1768 755,1773 742,1768 722,1766 700,1767 671,1773 598,1765 543,1770 487,1765 467,1771 461,1765 443,1762 409,1760 379,1766 373,1763 352,1763 310,1755"/>
        <Baseline points="240,1784 432,1800 1104,1809"/>
        <Word id="region0003_line0021_word0000" custom="readingOrder {index:0;}">
          <Coords points="313,1761 248,1760 248,1792 265,1791 271,1796 284,1798 302,1796 307,1800 313,1800"/>
          <TextEquiv conf="0.39395577">
            <Unicode>fuͤhl</Unicode>
          </TextEquiv>
        </Word>
        <Word id="region0003_line0021_word0001" custom="readingOrder {index:1;}">
          <Coords points="335,1768 381,1768 381,1797 335,1797"/>
          <TextEquiv conf="0.9136347">
            <Unicode>des</Unicode>
          </TextEquiv>
        </Word>
        <Word id="region0003_line0021_word0002" custom="readingOrder {index:2;}">
          <Coords points="402,1763 402,1802 556,1802 556,1768 543,1770 487,1765 467,1771 461,1765 449,1763"/>
          <TextEquiv conf="0.92791563">
            <Unicode>Menſchen</Unicode>
          </TextEquiv>
        </Word>
        <Word id="region0003_line0021_word0003" custom="readingOrder {index:3;}">
          <Coords points="582,1798 639,1798 639,1769 598,1765 582,1766"/>
          <TextEquiv>
            <Unicode>ſehr</Unicode>
          </TextEquiv>
        </Word>
        <Word id="region0003_line0021_word0004" custom="readingOrder {index:4;}">
          <Coords points="663,1803 825,1803 825,1770 812,1771 805,1768 789,1771 765,1768 755,1773 742,1768 722,1766 700,1767 671,1773 663,1772"/>
          <TextEquiv>
            <Unicode>gefaͤhrliche</Unicode>
          </TextEquiv>
        </Word>
        <Word id="region0003_line0021_word0005" custom="readingOrder {index:5;}">
          <Coords points="839,1804 943,1804 943,1775 924,1775 913,1771 882,1769 865,1772 854,1768 839,1769"/>
          <TextEquiv conf="0.92007124">
            <Unicode>Feſſeln</Unicode>
          </TextEquiv>
        </Word>
        <Word id="region0003_line0021_word0006" custom="readingOrder {index:6;}">
          <Coords points="967,1803 1098,1803 1098,1775 1095,1775 1057,1778 1051,1773 1037,1773 1032,1778 971,1777 967,1776"/>
          <TextEquiv conf="0.9280269">
            <Unicode>angelegt</Unicode>
          </TextEquiv>
        </Word>
        <TextEquiv>
          <Unicode>fuͤhl des Menſchen ſehr gefaͤhrliche Feſſeln angelegt</Unicode>
        </TextEquiv>
      </TextLine>
      <TextLine id="region0003_line0022" custom="readingOrder {index:21;}">
        <Coords points="259,1792 250,1795 240,1794 240,1836 264,1838 272,1835 310,1836 354,1843 365,1849 394,1845 436,1853 474,1852 506,1858 553,1857 561,1854 573,1860 579,1857 631,1857 647,1854 708,1859 719,1857 733,1861 748,1855 764,1854 787,1858 796,1855 839,1856 860,1859 899,1857 903,1860 981,1862 1003,1860 1008,1863 1030,1861 1034,1864 1104,1862 1104,1820 1098,1819 1066,1823 1055,1821 1013,1824 1001,1820 968,1817 880,1822 865,1819 843,1820 827,1813 817,1813 809,1817 779,1813 771,1817 731,1819 694,1818 688,1813 682,1813 671,1819 636,1811 615,1814 604,1810 567,1810 541,1814 529,1814 523,1810 494,1810 484,1815 427,1815 389,1813 378,1806 365,1803 307,1801 302,1797 284,1799"/>
        <Baseline points="240,1827 514,1846 1104,1852"/>
        <Word id="region0003_line0022_word0000" custom="readingOrder {index:0;}">
          <Coords points="252,1796 252,1831 340,1832 340,1802 307,1801 302,1797 284,1799 274,1796"/>
          <TextEquiv>
            <Unicode>haben</Unicode>
          </TextEquiv>
        </Word>
        <Word id="region0003_line0022_word0001" custom="readingOrder {index:1;}">
          <Coords points="363,1809 363,1837 424,1837 424,1814 389,1813 382,1809"/>
          <TextEquiv conf="0.927878">
            <Unicode>(—</Unicode>
          </TextEquiv>
        </Word>
        <Word id="region0003_line0022_word0002" custom="readingOrder {index:2;}">
          <Coords points="445,1835 541,1835 541,1814 529,1814 523,1810 494,1810 484,1815 445,1815"/>
          <TextEquiv conf="0.42700753">
            <Unicode>welche</Unicode>
          </TextEquiv>
        </Word>
        <Word id="region0003_line0022_word0003" custom="readingOrder {index:3;}">
          <Coords points="564,1838 611,1838 611,1812 604,1810 567,1810 564,1810"/>
          <TextEquiv conf="0.92896456">
            <Unicode>ſich</Unicode>
          </TextEquiv>
        </Word>
        <Word id="region0003_line0022_word0004" custom="readingOrder {index:4;}">
          <Coords points="628,1831 655,1831 655,1815 636,1811 628,1812"/>
          <TextEquiv conf="0.27745843">
            <Unicode>ſo</Unicode>
          </TextEquiv>
        </Word>
        <Word id="region0003_line0022_word0005" custom="readingOrder {index:5;}">
          <Coords points="679,1837 759,1837 759,1817 731,1819 694,1818 688,1813 682,1813 679,1814"/>
          <TextEquiv conf="0.92621255">
            <Unicode>lange</Unicode>
          </TextEquiv>
        </Word>
        <Word id="region0003_line0022_word0006" custom="readingOrder {index:6;}">
          <Coords points="780,1835 873,1836 873,1820 865,1819 843,1820 827,1813 817,1813 809,1817 780,1813"/>
          <TextEquiv conf="0.925555">
            <Unicode>halten</Unicode>
          </TextEquiv>
        </Word>
        <Word id="region0003_line0022_word0007" custom="readingOrder {index:7;}">
          <Coords points="900,1858 1026,1858 1026,1823 1013,1824 1001,1820 968,1817 900,1820"/>
          <TextEquiv>
            <Unicode>werden,</Unicode>
          </TextEquiv>
        </Word>
        <Word id="region0003_line0022_word0008" custom="readingOrder {index:8;}">
          <Coords points="1053,1853 1100,1853 1098,1819 1066,1823 1055,1821 1051,1821"/>
          <TextEquiv>
            <Unicode>als</Unicode>
          </TextEquiv>
        </Word>
        <TextEquiv>
          <Unicode>haben (— welche ſich ſo lange halten werden, als</Unicode>
        </TextEquiv>
      </TextLine>
      <TextLine id="region0003_line0023" custom="readingOrder {index:22;}">
        <Coords points="272,1836 264,1839 240,1838 240,1878 347,1885 356,1889 393,1886 429,1900 483,1897 508,1903 560,1897 584,1897 619,1902 679,1898 740,1903 751,1901 758,1907 765,1907 793,1902 826,1902 840,1899 846,1902 874,1901 893,1907 963,1902 969,1905 1001,1903 1016,1906 1021,1910 1030,1910 1035,1906 1104,1908 1104,1867 1097,1866 1034,1865 1030,1862 1008,1864 1003,1861 919,1864 904,1863 899,1858 876,1862 839,1857 796,1856 787,1859 764,1855 748,1856 733,1862 695,1860 687,1857 652,1859 647,1855 637,1855 629,1860 573,1861 561,1855 553,1858 506,1859 487,1858 474,1853 460,1857 449,1852 434,1854 365,1850 357,1845 335,1840"/>
        <Baseline points="240,1869 500,1890 1104,1898"/>
        <Word id="region0003_line0023_word0000" custom="readingOrder {index:0;}">
          <Coords points="252,1845 284,1845 284,1874 252,1874"/>
          <TextEquiv conf="0.93202186">
            <Unicode>es</Unicode>
          </TextEquiv>
        </Word>
        <Word id="region0003_line0023_word0001" custom="readingOrder {index:1;}">
          <Coords points="299,1843 299,1877 412,1877 412,1852 365,1850 357,1845 348,1843"/>
          <TextEquiv conf="0.8924304">
            <Unicode>Redner</Unicode>
          </TextEquiv>
        </Word>
        <Word id="region0003_line0023_word0002" custom="readingOrder {index:2;}">
          <Coords points="425,1887 516,1887 516,1858 506,1859 487,1858 474,1853 460,1857 449,1852 434,1854 425,1853"/>
          <TextEquiv conf="0.92723584">
            <Unicode>giebt,</Unicode>
          </TextEquiv>
        </Word>
        <Word id="region0003_line0023_word0003" custom="readingOrder {index:3;}">
          <Coords points="542,1878 581,1878 581,1860 573,1861 561,1855 553,1858 542,1858"/>
          <TextEquiv conf="0.9186545">
            <Unicode>die</Unicode>
          </TextEquiv>
        </Word>
        <Word id="region0003_line0023_word0004" custom="readingOrder {index:4;}">
          <Coords points="606,1880 659,1880 659,1858 652,1859 647,1855 637,1855 629,1860 606,1860"/>
          <TextEquiv conf="0.92234796">
            <Unicode>mit</Unicode>
          </TextEquiv>
        </Word>
        <Word id="region0003_line0023_word0005" custom="readingOrder {index:5;}">
          <Coords points="677,1878 736,1878 736,1860 733,1862 695,1860 687,1857 677,1857"/>
          <TextEquiv conf="0.92495203">
            <Unicode>dem</Unicode>
          </TextEquiv>
        </Word>
        <Word id="region0003_line0023_word0006" custom="readingOrder {index:6;}">
          <Coords points="751,1887 792,1887 792,1857 787,1859 764,1855 751,1855"/>
          <TextEquiv conf="0.9234396">
            <Unicode>P.</Unicode>
          </TextEquiv>
        </Word>
        <Word id="region0003_line0023_word0007" custom="readingOrder {index:7;}">
          <Coords points="811,1892 973,1893 973,1862 919,1864 904,1863 899,1858 876,1862 839,1857 811,1856"/>
          <TextEquiv conf="0.92230797">
            <Unicode>Bonhours</Unicode>
          </TextEquiv>
        </Word>
        <Word id="region0003_line0023_word0008" custom="readingOrder {index:8;}">
          <Coords points="991,1898 1096,1898 1097,1866 1034,1865 1030,1862 1008,1864 1003,1861 992,1861"/>
          <TextEquiv conf="0.92541295">
            <Unicode>lehren,</Unicode>
          </TextEquiv>
        </Word>
        <TextEquiv conf="0.9209781">
          <Unicode>es Redner giebt, die mit dem P. Bonhours lehren,</Unicode>
        </TextEquiv>
      </TextLine>
      <TextLine id="region0003_line0024" custom="readingOrder {index:23;}">
        <Coords points="250,1878 240,1879 240,1921 279,1923 291,1929 318,1925 367,1932 384,1940 417,1943 460,1938 473,1943 491,1945 560,1946 585,1941 625,1939 641,1943 666,1942 677,1946 733,1945 761,1951 770,1950 775,1945 871,1946 918,1952 926,1949 947,1951 968,1946 989,1949 996,1945 1036,1947 1044,1950 1058,1950 1063,1947 1104,1948 1104,1909 1097,1907 1084,1910 1047,1910 1035,1907 1030,1911 1021,1911 1008,1910 1001,1904 988,1904 980,1909 955,1903 945,1906 893,1908 874,1902 846,1903 833,1900 826,1903 793,1903 758,1908 751,1902 740,1905 709,1905 668,1899 660,1903 656,1900 619,1903 584,1898 508,1904 483,1898 429,1901 393,1887 354,1890 347,1886 287,1884"/>
        <Baseline points="240,1913 516,1935 1104,1938"/>
        <Word id="region0003_line0024_word0000" custom="readingOrder {index:0;}">
          <Coords points="307,1924 307,1887 254,1886 254,1921 279,1923 279,1923"/>
          <TextEquiv conf="0.91554105">
            <Unicode>daß</Unicode>
          </TextEquiv>
        </Word>
        <Word id="region0003_line0024_word0001" custom="readingOrder {index:1;}">
          <Coords points="323,1888 323,1919 363,1919 363,1889 354,1890 350,1888"/>
          <TextEquiv conf="0.9305646">
            <Unicode>die</Unicode>
          </TextEquiv>
        </Word>
        <Word id="region0003_line0024_word0002" custom="readingOrder {index:2;}">
          <Coords points="379,1930 539,1930 539,1901 508,1904 483,1898 429,1901 393,1887 379,1888"/>
          <TextEquiv conf="0.9203306">
            <Unicode>figurirte</Unicode>
          </TextEquiv>
        </Word>
        <Word id="region0003_line0024_word0003" custom="readingOrder {index:3;}">
          <Coords points="556,1936 611,1936 611,1901 584,1898 556,1900"/>
          <TextEquiv conf="0.9318265">
            <Unicode>Art</Unicode>
          </TextEquiv>
        </Word>
        <Word id="region0003_line0024_word0004" custom="readingOrder {index:4;}">
          <Coords points="639,1939 685,1939 685,1901 668,1899 660,1903 656,1900 639,1901"/>
          <TextEquiv conf="0.9284614">
            <Unicode>ſich</Unicode>
          </TextEquiv>
        </Word>
        <Word id="region0003_line0024_word0005" custom="readingOrder {index:5;}">
          <Coords points="701,1940 927,1941 927,1906 893,1908 874,1902 846,1903 833,1900 826,1903 793,1903 758,1908 751,1902 740,1905 709,1905 701,1903"/>
          <TextEquiv>
            <Unicode>auszudruͤkken,</Unicode>
          </TextEquiv>
        </Word>
        <Word id="region0003_line0024_word0006" custom="readingOrder {index:6;}">
          <Coords points="951,1942 1096,1942 1097,1907 1084,1910 1047,1910 1035,1907 1030,1911 1021,1911 1008,1910 1001,1904 988,1904 980,1909 955,1903 952,1903"/>
          <TextEquiv conf="0.7962559">
            <Unicode>beſonders</Unicode>
          </TextEquiv>
        </Word>
        <TextEquiv>
          <Unicode>daß die figurirte Art ſich auszudruͤkken, beſonders</Unicode>
        </TextEquiv>
      </TextLine>
      <TextLine id="region0003_line0025" custom="readingOrder {index:24;}">
        <Coords points="254,1924 240,1925 240,1969 300,1968 308,1973 321,1971 364,1976 401,1973 416,1979 462,1978 474,1980 480,1985 511,1985 521,1981 569,1983 575,1986 606,1989 741,1987 746,1990 764,1990 780,1987 790,1992 813,1988 857,1989 870,1993 893,1991 991,1995 1016,1992 1087,1997 1104,1995 1104,1950 1093,1948 1044,1951 1036,1948 996,1946 989,1950 968,1947 947,1952 926,1950 918,1953 893,1948 876,1950 871,1947 839,1948 829,1950 775,1946 770,1951 761,1952 733,1946 677,1947 666,1943 641,1944 636,1941 618,1940 563,1945 557,1952 541,1947 476,1946 470,1941 460,1939 420,1944 384,1941 367,1933 318,1926 291,1930 284,1925"/>
        <Baseline points="240,1961 613,1979 1104,1984"/>
        <Word id="region0003_line0025_word0000" custom="readingOrder {index:0;}">
          <Coords points="288,1937 254,1936 254,1968 270,1968 288,1968"/>
          <TextEquiv conf="0.42069802">
            <Unicode>zu</Unicode>
          </TextEquiv>
        </Word>
        <Word id="region0003_line0025_word0001" custom="readingOrder {index:1;}">
          <Coords points="303,1933 303,1969 434,1969 434,1942 420,1944 384,1941 367,1933"/>
          <TextEquiv>
            <Unicode>ſtudieren</Unicode>
          </TextEquiv>
        </Word>
        <Word id="region0003_line0025_word0002" custom="readingOrder {index:2;}">
          <Coords points="450,1974 510,1974 510,1946 476,1946 470,1941 460,1939 450,1940"/>
          <TextEquiv>
            <Unicode>ſey:</Unicode>
          </TextEquiv>
        </Word>
        <Word id="region0003_line0025_word0003" custom="readingOrder {index:3;}">
          <Coords points="534,1959 566,1959 570,1973 538,1973"/>
          <TextEquiv conf="0.91563016">
            <Unicode>—</Unicode>
          </TextEquiv>
        </Word>
        <Word id="region0003_line0025_word0004" custom="readingOrder {index:4;}">
          <Coords points="598,1978 715,1978 715,1953 677,1954 666,1950 641,1951 636,1948 618,1947 598,1948"/>
          <TextEquiv>
            <Unicode>Moͤchte</Unicode>
          </TextEquiv>
        </Word>
        <Word id="region0003_line0025_word0005" custom="readingOrder {index:5;}">
          <Coords points="731,1978 792,1978 792,1956 776,1955 771,1960 762,1961 734,1955 731,1955"/>
          <TextEquiv conf="0.8728972">
            <Unicode>doch</Unicode>
          </TextEquiv>
        </Word>
        <Word id="region0003_line0025_word0006" custom="readingOrder {index:6;}">
          <Coords points="809,1975 909,1976 909,1957 894,1954 877,1956 872,1953 840,1954 830,1956 809,1954"/>
          <TextEquiv conf="0.92259943">
            <Unicode>endlich</Unicode>
          </TextEquiv>
        </Word>
        <Word id="region0003_line0025_word0007" custom="readingOrder {index:7;}">
          <Coords points="926,1979 970,1979 970,1957 968,1957 947,1962 926,1960"/>
          <TextEquiv conf="0.9270642">
            <Unicode>der</Unicode>
          </TextEquiv>
        </Word>
        <Word id="region0003_line0025_word0008" custom="readingOrder {index:8;}">
          <Coords points="978,1983 1097,1983 1097,1958 1092,1958 1043,1961 1035,1958 995,1956 988,1960 978,1958"/>
          <TextEquiv conf="0.9270642">
            <Unicode>Menſch</Unicode>
          </TextEquiv>
        </Word>
        <TextEquiv>
          <Unicode>zu ſtudieren ſey: — Moͤchte doch endlich der Menſch</Unicode>
        </TextEquiv>
      </TextLine>
      <TextLine id="region0003_line0026" custom="readingOrder {index:25;}">
        <Coords points="252,1968 240,1970 240,2009 265,2011 271,2007 282,2007 329,2016 342,2015 367,2021 378,2019 388,2026 405,2022 454,2031 485,2031 500,2036 517,2034 543,2038 551,2033 564,2035 591,2031 623,2031 633,2036 664,2038 724,2036 733,2041 744,2040 747,2036 765,2036 769,2041 777,2043 788,2040 790,2036 986,2037 991,2041 1014,2035 1066,2037 1080,2034 1084,2038 1104,2037 1104,1996 1087,1998 1045,1994 1022,1996 1006,1993 991,1996 917,1997 910,1993 870,1994 857,1990 846,1994 813,1989 804,1994 790,1993 780,1988 762,1992 746,1992 741,1988 606,1990 575,1987 569,1984 547,1986 521,1982 511,1986 480,1986 474,1981 462,1979 416,1980 401,1974 364,1977 317,1972 308,1974 300,1969"/>
        <Baseline points="240,2000 539,2025 1104,2028"/>
        <Word id="region0003_line0026_word0000" custom="readingOrder {index:0;}">
          <Coords points="306,1979 253,1978 253,2010 265,2011 271,2007 282,2007 306,2011"/>
          <TextEquiv conf="0.76907885">
            <Unicode>das</Unicode>
          </TextEquiv>
        </Word>
        <Word id="region0003_line0026_word0001" custom="readingOrder {index:1;}">
          <Coords points="321,1978 321,2014 329,2016 342,2015 367,2021 378,2019 382,2022 405,2022 427,2022 427,1979 416,1980 411,1978"/>
          <TextEquiv conf="0.92809725">
            <Unicode>große</Unicode>
          </TextEquiv>
        </Word>
        <Word id="region0003_line0026_word0002" custom="readingOrder {index:2;}">
          <Coords points="435,2025 571,2025 571,1985 569,1984 547,1986 521,1982 511,1986 480,1986 474,1981 462,1979 435,1979"/>
          <TextEquiv conf="0.91595626">
            <Unicode>Gefühl</Unicode>
          </TextEquiv>
        </Word>
        <Word id="region0003_line0026_word0003" custom="readingOrder {index:3;}">
          <Coords points="586,2016 644,2016 644,1989 606,1990 586,1988"/>
          <TextEquiv conf="0.9187314">
            <Unicode>der</Unicode>
          </TextEquiv>
        </Word>
        <Word id="region0003_line0026_word0004" custom="readingOrder {index:4;}">
          <Coords points="655,2023 837,2024 837,1992 813,1989 804,1994 790,1993 780,1988 762,1992 746,1992 741,1988 655,1989"/>
          <TextEquiv conf="0.85256857">
            <Unicode>Wahrheit</Unicode>
          </TextEquiv>
        </Word>
        <Word id="region0003_line0026_word0005" custom="readingOrder {index:5;}">
          <Coords points="849,2017 979,2017 979,1996 917,1997 910,1993 870,1994 857,1990 849,1992"/>
          <TextEquiv conf="0.9170071">
            <Unicode>ſublimer</Unicode>
          </TextEquiv>
        </Word>
        <Word id="region0003_line0026_word0006" custom="readingOrder {index:6;}">
          <Coords points="993,2023 1097,2023 1097,1996 1087,1998 1045,1994 1022,1996 1006,1993 993,1995"/>
          <TextEquiv conf="0.9274868">
            <Unicode>finden,</Unicode>
          </TextEquiv>
        </Word>
        <TextEquiv conf="0.8898466">
          <Unicode>das große Gefühl der Wahrheit ſublimer finden,</Unicode>
        </TextEquiv>
      </TextLine>
      <TextLine id="region0003_line0027" custom="readingOrder {index:26;}">
        <Coords points="271,2008 265,2012 240,2013 240,2051 282,2051 326,2058 340,2056 360,2063 392,2063 398,2068 446,2067 470,2075 487,2070 496,2075 517,2072 526,2076 620,2080 628,2084 667,2079 679,2079 684,2083 755,2079 768,2086 777,2086 783,2083 821,2080 939,2082 976,2078 998,2082 1006,2078 1036,2075 1104,2076 1104,2038 1084,2039 1080,2035 1033,2039 1014,2036 996,2042 834,2041 786,2041 777,2044 733,2042 724,2037 716,2040 648,2040 630,2038 623,2032 591,2032 564,2036 551,2034 541,2039 517,2035 500,2037 473,2031 454,2032 405,2023 388,2027 378,2020 367,2022 342,2016 329,2017"/>
        <Baseline points="240,2044 605,2070 1104,2067"/>
        <Word id="region0003_line0027_word0000" custom="readingOrder {index:0;}">
          <Coords points="252,2013 298,2014 298,2047 252,2046"/>
          <TextEquiv conf="0.9307142">
            <Unicode>als</Unicode>
          </TextEquiv>
        </Word>
        <Word id="region0003_line0027_word0001" custom="readingOrder {index:1;}">
          <Coords points="483,2057 483,2033 473,2031 454,2032 405,2023 388,2027 378,2020 367,2022 342,2016 329,2017 315,2014 315,2056 319,2057 333,2057 340,2056 342,2057"/>
          <TextEquiv conf="0.816488">
            <Unicode>Erdichtung</Unicode>
          </TextEquiv>
        </Word>
        <Word id="region0003_line0027_word0002" custom="readingOrder {index:2;}">
          <Coords points="505,2065 562,2065 562,2035 551,2034 541,2039 517,2035 505,2036"/>
          <TextEquiv conf="0.912519">
            <Unicode>und</Unicode>
          </TextEquiv>
        </Word>
        <Word id="region0003_line0027_word0003" custom="readingOrder {index:3;}">
          <Coords points="588,2076 696,2076 695,2040 648,2040 630,2038 623,2032 591,2032 587,2032"/>
          <TextEquiv conf="0.9282014">
            <Unicode>Luͤgen,</Unicode>
          </TextEquiv>
        </Word>
        <Word id="region0003_line0027_word0004" custom="readingOrder {index:4;}">
          <Coords points="720,2078 778,2078 780,2043 777,2044 733,2042 724,2037 722,2037"/>
          <TextEquiv conf="0.928838">
            <Unicode>die,</Unicode>
          </TextEquiv>
        </Word>
        <Word id="region0003_line0027_word0005" custom="readingOrder {index:5;}">
          <Coords points="804,2072 887,2073 886,2041 834,2041 803,2041"/>
          <TextEquiv conf="0.91548735">
            <Unicode>wenn</Unicode>
          </TextEquiv>
        </Word>
        <Word id="region0003_line0027_word0006" custom="readingOrder {index:6;}">
          <Coords points="909,2074 975,2074 973,2041 907,2041"/>
          <TextEquiv conf="0.9273586">
            <Unicode>man</Unicode>
          </TextEquiv>
        </Word>
        <Word id="region0003_line0027_word0007" custom="readingOrder {index:7;}">
          <Coords points="995,2077 1028,2077 1027,2038 1014,2036 996,2042 994,2041"/>
          <TextEquiv conf="0.93217856">
            <Unicode>ſie</Unicode>
          </TextEquiv>
        </Word>
        <Word id="region0003_line0027_word0008" custom="readingOrder {index:8;}">
          <Coords points="1041,2072 1095,2072 1097,2038 1084,2039 1080,2035 1043,2038"/>
          <TextEquiv conf="0.9312572">
            <Unicode>mit</Unicode>
          </TextEquiv>
        </Word>
        <TextEquiv conf="0.9136714">
          <Unicode>als Erdichtung und Luͤgen, die, wenn man ſie mit</Unicode>
        </TextEquiv>
      </TextLine>
      <TextLine id="region0003_line0028" custom="readingOrder {index:27;}">
        <Coords points="240,2052 240,2102 300,2103 309,2107 319,2104 361,2106 376,2108 390,2119 400,2118 406,2113 429,2112 474,2116 486,2108 493,2114 506,2117 524,2116 530,2120 553,2119 567,2124 615,2120 665,2129 711,2123 754,2127 834,2127 854,2123 887,2125 896,2122 907,2126 938,2124 958,2129 968,2126 993,2129 1023,2123 1104,2123 1104,2077 1100,2076 1036,2076 1006,2079 998,2083 967,2079 941,2084 918,2082 913,2085 888,2086 863,2086 858,2082 846,2082 842,2086 768,2087 755,2080 692,2084 667,2080 628,2085 620,2081 579,2081 572,2077 558,2077 555,2080 529,2079 517,2073 496,2076 487,2071 470,2076 446,2068 398,2069 392,2064 358,2065 340,2057 326,2059 282,2052"/>
        <Baseline points="240,2093 660,2116 1104,2113"/>
        <Word id="region0003_line0028_word0000" custom="readingOrder {index:0;}">
          <Coords points="254,2059 254,2102 300,2103 309,2107 319,2104 361,2106 376,2108 379,2110 463,2111 463,2073 446,2068 398,2069 392,2064 358,2065 345,2059"/>
          <TextEquiv conf="0.5986903">
            <Unicode>Beſtaͤndigkeit</Unicode>
          </TextEquiv>
        </Word>
        <Word id="region0003_line0028_word0001" custom="readingOrder {index:1;}">
          <Coords points="476,2107 638,2120 639,2083 628,2085 620,2081 579,2081 572,2077 558,2077 555,2080 529,2079 517,2073 496,2076 487,2071 476,2074"/>
          <TextEquiv conf="0.92808044">
            <Unicode>beleuchtet,</Unicode>
          </TextEquiv>
        </Word>
        <Word id="region0003_line0028_word0002" custom="readingOrder {index:2;}">
          <Coords points="663,2125 690,2125 691,2083 667,2080 664,2080"/>
          <TextEquiv conf="0.9305932">
            <Unicode>ſo</Unicode>
          </TextEquiv>
        </Word>
        <Word id="region0003_line0028_word0003" custom="readingOrder {index:3;}">
          <Coords points="707,2121 775,2121 775,2086 768,2087 755,2080 707,2083"/>
          <TextEquiv conf="0.9299919">
            <Unicode>klein</Unicode>
          </TextEquiv>
        </Word>
        <Word id="region0003_line0028_word0004" custom="readingOrder {index:4;}">
          <Coords points="791,2119 910,2120 910,2085 888,2086 863,2086 858,2082 846,2082 842,2086 791,2086"/>
          <TextEquiv conf="0.9322365">
            <Unicode>werden,</Unicode>
          </TextEquiv>
        </Word>
        <Word id="region0003_line0028_word0005" custom="readingOrder {index:5;}">
          <Coords points="920,2119 973,2119 973,2079 967,2079 941,2084 920,2082"/>
          <TextEquiv conf="0.8621679">
            <Unicode>daß</Unicode>
          </TextEquiv>
        </Word>
        <Word id="region0003_line0028_word0006" custom="readingOrder {index:6;}">
          <Coords points="988,2119 1019,2119 1021,2077 1006,2079 998,2083 990,2081"/>
          <TextEquiv conf="0.6261151">
            <Unicode>ſie</Unicode>
          </TextEquiv>
        </Word>
        <Word id="region0003_line0028_word0007" custom="readingOrder {index:7;}">
          <Coords points="1029,2112 1096,2112 1097,2076 1036,2076 1030,2076"/>
          <TextEquiv>
            <Unicode>Ekel</Unicode>
          </TextEquiv>
        </Word>
        <TextEquiv>
          <Unicode>Beſtaͤndigkeit beleuchtet, ſo klein werden, daß ſie Ekel</Unicode>
        </TextEquiv>
      </TextLine>
      <TextLine id="region0003_line0029" custom="readingOrder {index:28;}">
        <Coords points="255,2105 240,2106 240,2150 299,2151 313,2160 325,2160 332,2153 354,2154 363,2161 372,2161 379,2155 450,2158 509,2164 517,2170 525,2170 531,2166 542,2167 556,2177 567,2177 574,2170 691,2172 705,2174 707,2177 725,2177 728,2173 773,2173 777,2177 799,2177 802,2173 826,2171 843,2172 848,2178 861,2178 867,2172 873,2178 883,2178 890,2171 988,2168 1020,2160 1104,2160 1104,2129 992,2130 968,2127 958,2130 938,2125 907,2127 893,2123 887,2126 854,2124 801,2130 726,2129 720,2124 704,2125 698,2129 665,2130 615,2121 564,2125 553,2120 539,2122 524,2117 506,2118 493,2115 486,2109 474,2117 429,2113 406,2114 400,2119 390,2120 376,2109"/>
        <Baseline points="240,2141 696,2163 1104,2151"/>
        <Word id="region0003_line0029_word0000" custom="readingOrder {index:0;}">
          <Coords points="374,2149 374,2113 251,2112 251,2143 297,2144 303,2148 327,2148 330,2146 352,2147 354,2148"/>
          <TextEquiv>
            <Unicode>erregen,</Unicode>
          </TextEquiv>
        </Word>
        <Word id="region0003_line0029_word0001" custom="readingOrder {index:1;}">
          <Coords points="390,2149 448,2149 448,2117 402,2117 400,2119 390,2120"/>
          <TextEquiv conf="0.92492986">
            <Unicode>und</Unicode>
          </TextEquiv>
        </Word>
        <Word id="region0003_line0029_word0002" custom="readingOrder {index:2;}">
          <Coords points="587,2161 587,2123 564,2125 553,2120 539,2122 524,2117 506,2118 493,2115 486,2109 474,2117 464,2116 464,2159 479,2161"/>
          <TextEquiv conf="0.926652">
            <Unicode>wichtige</Unicode>
          </TextEquiv>
        </Word>
        <Word id="region0003_line0029_word0003" custom="readingOrder {index:3;}">
          <Coords points="602,2158 832,2159 832,2126 801,2130 726,2129 720,2124 704,2125 698,2129 665,2130 615,2121 602,2122"/>
          <TextEquiv conf="0.65631896">
            <Unicode>Betrachtungen</Unicode>
          </TextEquiv>
        </Word>
        <Word id="region0003_line0029_word0004" custom="readingOrder {index:4;}">
          <Coords points="849,2158 994,2158 994,2129 992,2130 968,2127 958,2130 938,2125 907,2127 893,2123 887,2126 854,2124 849,2124"/>
          <TextEquiv conf="0.8773746">
            <Unicode>ſchaͤnden.</Unicode>
          </TextEquiv>
        </Word>
        <Word id="region0003_line0029_word0005" custom="readingOrder {index:5;}">
          <Coords points="1008,2133 1053,2132 1053,2150 1008,2151"/>
          <TextEquiv conf="0.9052185">
            <Unicode>—</Unicode>
          </TextEquiv>
        </Word>
        <TextEquiv>
          <Unicode>erregen, und wichtige Betrachtungen ſchaͤnden. —</Unicode>
        </TextEquiv>
      </TextLine>
      <TextEquiv>
        <Unicode>Das heißt:
Soll ich jemand mit luͤgenhaften Worten herausſtrei⸗
chen, wie viele Dichter pflegen, oder ſoll ich lieber
(— nemlich als ein Gedicht von den Sitten der
Menſchen zu ſchreiben —) die in Meuſchen verwan⸗
delten Goͤtter, oder Goͤtter die Meuſchen wurden be⸗
ſingen, und auf die Weiſe eure Ohren mit Klingklang
aufuͤllen?” — — — Er ſagt ſo gar deutlich
Quid non mentiri vel quid non protinus audet —
Fingere mortale ingenium &amp;c. Palingen. glaubt
alſo nicht, daß der Satan Homer und Virgil, oder
alle Poeten durch die Bank, beſeſſen; ſondern er
ſagt, wie jeder Philoſoph, daß die Dichter ehemali⸗
ger Zeit (und wie jetzt) welche die Thaten der Men⸗
ſchen vergoͤttert, welche das Menſchliche mit Goͤttli⸗
chem, das Goͤttliche mit dem Jrrdiſchen, und das
Koͤrperliche mit dem Geiſtigen verwikkelt haben, um
Bilder zu malen, die nicht denkbar noch richtig
ſind; — den Sprachen und Wiſſenſchaften, und der
Denkungsart, und den Sitten, und ſelbſt dem Ge⸗
fuͤhl des Menſchen ſehr gefaͤhrliche Feſſeln angelegt
haben (— welche ſich ſo lange halten werden, als
es Redner giebt, die mit dem P. Bonhours lehren,
daß die figurirte Art ſich auszudruͤkken, beſonders
zu ſtudieren ſey: — Moͤchte doch endlich der Menſch
das große Gefühl der Wahrheit ſublimer finden,
als Erdichtung und Luͤgen, die, wenn man ſie mit
Beſtaͤndigkeit beleuchtet, ſo klein werden, daß ſie Ekel
erregen, und wichtige Betrachtungen ſchaͤnden. —</Unicode>
      </TextEquiv>
    </TextRegion>
    <GraphicRegion id="Graphic_1674460323601_273" custom="readingOrder {index:1;}">
      <Coords points="510,330 738,330 738,415 510,415"/>
    </GraphicRegion>
  </Page>
</PcGts>
