1746 2672
597 446 680 490 ohne
699 447 873 492 deßwegen
901 448 1005 489 ſeinen
1034 449 1172 489 Namen
1189 459 1225 494 zu
1247 449 1419 487 verlieren.
1480 446 1604 496 Darzu

595 507 721 542 kommt
745 504 844 549 noch,
872 505 936 550 daß
958 509 1014 543 der
1039 504 1232 552 Amethyſt,
1252 515 1346 543 wenn
1365 516 1445 543 man
1459 506 1545 554 nicht
1561 506 1604 547 ei⸗

594 564 670 610 nige
685 565 717 602 in
727 566 776 603 die
787 562 1021 610 Purpurfarbe
1035 566 1188 611 ſpielende
1198 567 1414 607 Rubin⸗und
1426 565 1601 617 Sapphir⸗

596 632 690 659 arten
707 623 838 668 rechnen
855 622 941 671 will,
966 625 1062 670 lange
1078 621 1162 670 nicht
1179 627 1239 663 den
1253 622 1384 673 Glanz,
1403 628 1465 663 das
1482 623 1601 672 Feuer,

593 684 645 722 die
669 682 778 728 Haͤrte
807 690 872 719 und
893 686 943 721 die
966 682 1134 729 ſpecifique
1159 684 1322 726 Schwere
1345 689 1400 723 der
1422 684 1602 735 Sapphire

592 743 660 772 und
688 740 824 772 Rubine
847 738 932 780 hat,
959 737 1027 771 und
1056 734 1089 769 in
1116 736 1198 773 allen
1224 737 1327 779 dieſen
1351 735 1602 784 Eigenſchaften

593 804 654 832 den
677 798 816 838 Kriſtall
830 805 894 833 nur
910 796 1016 841 wenig
1031 784 1197 844 uͤbertrift.
1260 797 1309 835 Er
1328 799 1400 844 laͤßt
1416 798 1472 844 ſich
1489 798 1600 844 feilen,

592 862 661 895 und
681 860 763 899 ſeine
786 859 952 904 ſpecifique
974 859 1137 904 Schwere
1160 864 1197 906 iſt
1216 863 1308 906 ſelbſt
1327 863 1384 907 bey
1411 866 1483 898 dem
1506 861 1602 906 oſtin⸗

592 917 714 964 diſchen
729 921 794 955 und
807 916 1012 964 ſpaniſchen,
1040 915 1154 965 welche
1177 925 1273 957 unter
1287 919 1337 958 die
1354 918 1456 965 beſten
1473 918 1602 966 gezaͤhlt

592 980 743 1027 werden,
773 977 858 1024 nicht
885 973 1004 1025 großer
1019 978 1073 1013 als
1119 985 1208 1030 700
1227 984 1301 1018 oder
1320 980 1440 1021 2600
1460 982 1494 1019 in
1511 979 1598 1021 Ver⸗

593 1038 765 1084 gleichung
795 1039 860 1076 mit
888 1041 945 1077 der
970 1036 1134 1086 Schwere
1157 1042 1214 1080 des
1237 1039 1390 1086 Waſſers
1416 1050 1455 1088 zu
1480 1044 1600 1080 1000

593 1107 796 1146 berechnet.

674 1149 776 1203 Sehr
800 1158 852 1203 oft
877 1156 917 1204 iſt
942 1169 976 1197 er
1002 1155 1102 1202 ſeiner
1130 1166 1253 1205 ganzen
1284 1156 1387 1205 Laͤnge
1412 1158 1491 1206 nach
1515 1162 1640 1206 ganz

592 1216 690 1261 durch
709 1215 742 1251 in
760 1215 810 1252 die
829 1212 946 1254 Quere
968 1214 1029 1253 mit
1045 1212 1170 1262 feinen,
1193 1213 1473 1263 wellenfoͤrmigen
1491 1216 1597 1256 Linien

593 1276 752 1321 geſtreift.
826 1272 875 1312 Er
905 1275 964 1318 hat
994 1273 1217 1323 gemeiniglich
1239 1274 1331 1312 einen
1355 1277 1477 1323 großen
1501 1274 1599 1321 Grad

592 1342 647 1377 der
668 1326 978 1393 Durchſichtigkeit.
1041 1338 1157 1380 Seine
1173 1338 1282 1387 Farbe
1295 1339 1411 1387 ſcheint
1424 1339 1486 1384 auf
1494 1341 1600 1380 einem

592 1394 768 1440 fluͤchtigen
805 1392 1010 1438 Grundſtoff
1039 1403 1078 1441 zu
1109 1394 1277 1444 beruhen,
1312 1393 1389 1434 weil
1417 1404 1450 1434 er
1479 1398 1519 1440 ſie
1550 1398 1598 1434 im

593 1455 700 1501 Feuer
725 1454 888 1499 verliert;
928 1453 1065 1497 indeſſen
1098 1454 1197 1497 laſſen
1225 1455 1301 1501 doch
1322 1455 1404 1497 ſeine
1434 1457 1519 1504 nicht
1542 1457 1601 1500 ſel⸗

593 1519 667 1551 tene
692 1513 899 1561 Gegenwart
929 1515 991 1559 auf
1011 1512 1226 1560 Eiſenerzen,
1263 1516 1331 1552 und
1356 1515 1437 1559 ſeine
1462 1514 1598 1564 haͤufige

594 1573 803 1614 Entſtehung
831 1570 864 1604 in
892 1566 1028 1615 Kugeln
1055 1578 1099 1606 an
1122 1568 1349 1616 eiſenhaltigen
1372 1559 1528 1617 Kieſeln,
1545 1574 1597 1609 de⸗

592 1639 649 1664 ren
676 1626 881 1672 Hohlungen
899 1628 977 1674 noch
1002 1623 1136 1675 uͤberdiß
1153 1616 1304 1681 ſichtbare
1323 1626 1510 1677 Eiſenocher
1527 1633 1596 1668 ent⸗

592 1691 726 1739 halten,
742 1686 959 1735 vermuthen,
986 1689 1051 1735 daß
1070 1693 1132 1728 das
1155 1689 1252 1735 Eiſen
1278 1689 1356 1736 auch
1381 1689 1517 1742 Antheil
1538 1695 1595 1735 da⸗

593 1762 654 1783 ran
683 1750 795 1791 habe;
830 1754 909 1784 man
940 1748 1024 1786 kann
1048 1746 1105 1798 ihn
1134 1735 1212 1795 auch
1243 1753 1307 1785 aus
1333 1746 1456 1797 Eiſen,
1488 1747 1595 1798 Gold,

592 1811 727 1856 Zaffera
751 1811 817 1845 und
842 1807 1073 1854 Braunſtein,
1098 1818 1154 1847 am
1177 1809 1293 1854 beßten
1308 1813 1372 1847 aus
1391 1810 1460 1849 vier
1478 1809 1595 1862 Lothen

590 1872 661 1911 fein
677 1869 896 1914 zerriebenen,
918 1867 1110 1916 roͤthlichten
1124 1866 1273 1917 Kieſels,
1295 1866 1393 1915 zwoͤlf
1407 1867 1523 1920 Lothen
1541 1878 1595 1916 ge⸗

592 1928 714 1966 meiner
727 1928 911 1974 Menninge,
944 1920 1106 1976 ſechzehen
1123 1928 1263 1969 Granen
1279 1928 1509 1978 Braunſtein,
1526 1932 1594 1968 und

591 2001 696 2030 zween
732 1990 805 2022 oder
842 1989 916 2034 drey
945 1984 1086 2026 Granen
1109 1995 1174 2026 von
1208 1986 1337 2035 Saflor
1366 1986 1592 2037 nachmachen.

591 2051 681 2099 Daß
712 2060 745 2089 er
769 2050 851 2092 ſeine
881 2049 988 2097 Farbe
1015 2053 1089 2089 dem
1123 2051 1381 2098 beywohnenden
1412 2052 1524 2092 Golde
1553 2060 1592 2099 zu

592 2114 716 2149 danken
742 2106 843 2153 habe,
869 2109 930 2147 wie
959 2108 1067 2159 Juſti
1089 2109 1271 2160 behaupten
1290 2110 1423 2160 wollte,
1450 2111 1489 2157 iſt
1513 2109 1594 2157 auch

591 2175 765 2210 deßwegen
790 2165 874 2212 nicht
892 2161 1171 2215 wahrſcheinlich,
1201 2161 1274 2203 weil
1296 2171 1330 2204 er
1344 2163 1376 2208 ſo
1393 2151 1520 2215 gemein
1540 2164 1591 2212 iſt,
