1738 2463
582 339 655 378 330

652 425 726 469 Die
734 421 850 479 Stadt
859 420 996 484 Reſchd
1004 432 1085 483 liegt
1095 430 1195 485 voͤllig
1214 437 1287 485 acht
1302 438 1430 482 Meilen
1445 449 1516 481 von

576 484 684 533 Perre
696 486 835 536 Buzor,
862 491 926 536 auf
937 492 1069 542 welcher
1077 496 1213 538 Strecke
1231 499 1291 540 alle
1306 500 1460 542 Waaren
1473 493 1516 549 zu

573 545 671 588 Lande
684 548 903 603 fortgebracht
915 555 1045 597 werden
1057 555 1188 606 muͤſſen.

646 645 716 686 Am
735 655 782 687 21
797 645 933 694 Junius
947 649 1076 701 ſchiften
1094 650 1154 692 wir
1170 653 1264 704 unſre
1271 657 1426 700 Waaren
1443 660 1511 700 und

570 698 714 748 Gepaͤcke
737 710 820 750 aus,
845 708 912 747 und
934 709 1082 759 machten
1106 716 1172 752 uns
1199 712 1298 764 gleich
1321 717 1428 758 damit
1454 722 1518 769 auf

566 762 629 803 den
654 761 744 815 Weg
765 766 845 814 nach
864 766 1007 820 Reſchd,
1034 772 1189 825 nachdem
1209 775 1250 821 ſie
1267 782 1335 816 von
1348 765 1412 819 den
1423 777 1517 829 Zoll⸗

567 823 734 867 bedienten
757 837 871 868 waren
894 832 1078 883 unterſucht
1100 835 1242 877 worden.
1305 838 1376 881 Bei
1397 833 1510 893 unſrer

564 885 712 934 Ankunft
732 901 772 938 zu
795 890 917 942 Reſchd
939 895 1030 933 ward
1054 903 1122 935 uns
1139 898 1232 948 unſer
1248 898 1392 948 Gepaͤcke
1407 904 1510 955 gleich

564 955 681 994 wieder
697 957 852 1007 gegeben,
866 962 961 1003 allein
978 966 1029 1003 die
1044 965 1198 1008 Waaren
1212 969 1350 1017 mußten
1367 971 1413 1011 im
1422 973 1508 1021 Zoll⸗

560 1014 658 1065 hauſe
675 1018 823 1067 bleiben,
857 1030 909 1059 wo
932 1032 1014 1065 man
1036 1025 1079 1072 ſie
1099 1025 1273 1077 innerhalb
1294 1030 1364 1073 drei
1385 1030 1509 1083 Tagen

560 1085 670 1126 genau
692 1081 893 1133 unterſuchte
916 1086 985 1126 und
1006 1084 1133 1139 ſchaͤzte.
1182 1090 1262 1135 Der
1281 1093 1356 1144 Zoll
1374 1091 1512 1148 betraͤgt

559 1131 626 1180 hier
646 1131 727 1182 fuͤnf
742 1144 820 1178 vom
842 1127 992 1186 hundert.
1045 1143 1126 1187 Wir
1150 1144 1302 1188 bekamen
1327 1147 1387 1189 alle
1408 1150 1509 1199 unſre

559 1194 712 1238 Waaren
728 1197 863 1242 wieder,
890 1200 971 1246 ohne
984 1201 1040 1249 ihn
1056 1205 1225 1254 entrichtet
1236 1199 1276 1255 zu
1294 1206 1418 1254 haben,
1434 1212 1503 1251 und

556 1265 639 1295 man
649 1256 794 1307 uͤberließ
814 1267 859 1298 es
876 1268 944 1303 uns
959 1261 1137 1310 vielmehr,
1162 1268 1220 1313 ihn
1231 1270 1316 1316 nach
1331 1271 1508 1318 Bequem⸗

554 1319 676 1370 lichkeit
710 1316 750 1372 zu
743 1321 907 1374 bezahlen.
966 1327 1041 1374 Die
1058 1328 1334 1383 Karavanſeraen
1351 1335 1420 1383 ſind
1433 1337 1507 1386 hier

553 1381 695 1435 ziemlich
716 1387 863 1438 ſchlecht,
891 1390 960 1434 und
980 1391 1041 1432 wir
1063 1394 1201 1445 mußten
1223 1395 1319 1448 unſer
1332 1395 1501 1444 Quartier

553 1439 739 1496 anfaͤnglich
758 1446 793 1486 in
809 1449 914 1492 einem
929 1442 984 1491 der
999 1449 1213 1506 ſchlechteſten
1221 1454 1401 1508 nehmen.
1424 1459 1499 1507 Die

551 1499 700 1550 Zimmer
716 1492 830 1553 hatten
846 1506 918 1546 kein
929 1501 1029 1549 ander
1045 1507 1144 1559 Licht,
1171 1505 1230 1551 als
1237 1508 1315 1553 was
1328 1515 1428 1566 durch
1445 1519 1497 1559 die

549 1566 687 1620 Thuͤren
708 1572 883 1624 hereinfiel.
942 1577 1040 1628 Nach
1061 1590 1149 1620 neun
1171 1577 1294 1633 Tagen
1320 1585 1497 1635 mietheten

548 1627 610 1667 wir
628 1629 704 1669 aber
718 1630 769 1672 ein
785 1628 902 1683 Haus,
917 1634 982 1678 das
994 1636 1166 1687 ehemahls
1178 1631 1234 1679 der
1249 1643 1390 1691 rußiſche
1400 1643 1494 1687 Kon⸗

546 1686 596 1736 ſul
617 1687 767 1736 bewohnt
781 1691 891 1739 hatte,
916 1685 986 1734 und
1001 1692 1110 1745 wofuͤr
1129 1695 1190 1737 wir
1208 1690 1408 1752 monathlich
1427 1713 1493 1745 nur

546 1746 624 1805 fuͤnf
634 1752 748 1796 Rubel
761 1754 910 1807 bezahlen
926 1757 1082 1807 mußten,
1112 1755 1307 1817 ungeachtet
1323 1769 1359 1807 es
1374 1763 1492 1821 geraͤu⸗

543 1816 614 1868 mig
632 1829 704 1858 war
721 1821 789 1864 und
804 1823 874 1866 eine
888 1821 997 1878 ſchoͤne
1012 1825 1090 1882 Lage
1107 1828 1210 1879 hatte.

619 1914 701 1957 Wir
716 1911 828 1956 waͤren
841 1915 906 1963 hier
916 1927 997 1967 gern
1003 1919 1193 1963 unbemerkt
1200 1923 1378 1976 geblieben,
1392 1928 1498 1969 allein

541 1972 663 2025 ſowohl
685 1976 738 2015 die
754 1977 932 2021 Armenier
952 1987 1016 2021 aus
1031 1980 1133 2030 Julfa
1148 1996 1187 2033 zu
1202 1985 1403 2037 Aſtrachan,
1432 1991 1486 2031 als

541 2030 610 2077 die,
636 2033 750 2084 welche
771 2036 804 2075 in
825 2037 899 2077 dem
920 2035 1103 2091 naͤmlichen
1121 2042 1323 2095 Fahrzeuge
1337 2046 1400 2085 mit
1416 2053 1486 2089 uns

539 2087 675 2145 heruͤber
692 2097 883 2148 gekommen
897 2108 1029 2149 waren,
1056 2101 1198 2155 ſchienen
1214 2106 1282 2156 ſehr
1294 2105 1374 2151 uͤber
1389 2110 1484 2158 unſre

1300 2170 1483 2224 Abſich⸗
