1563 2443
510 423 567 471 586

735 429 803 469 Der
808 429 830 470 3
830 429 978 474 Periodus
992 439 1051 470 von
1067 437 1118 472 der
1130 436 1198 482 Zeit

525 496 572 534 A.
590 497 625 536 C

506 960 627 1000 Verfol⸗

520 1006 612 1045 gung.

526 1262 598 1306 nach

531 1322 593 1360 527

641 501 929 550 unterſchiedenen
945 504 1292 560 Kirchengebraͤuche,
1309 515 1392 553 wel⸗

639 557 698 602 he
706 556 867 597 vielmals
877 568 915 606 zu
926 559 1105 611 allerhand
1121 559 1387 619 Wiederſpruch

646 610 759 662 Anlaß
768 616 906 665 gaben,
919 618 1004 668 nicht
1017 628 1054 668 zu
1061 621 1255 669 gedencken.

684 686 793 727 Spanh.
810 695 840 727 p.
848 687 911 728 1236
919 695 950 718 et
961 698 1033 730 1303.
1057 690 1151 731 Lang.
1162 701 1295 738 comp.
1280 699 1298 742 p
1318 693 1382 738 650.

685 730 841 765 Moshem.
858 737 918 762 ſæc.
935 740 962 767 7.
978 743 1052 775 part.
1065 745 1094 769 2.
1109 736 1243 776 ſect.
1199 739 1216 783 1.
1227 742 1247 785 c.
1259 753 1276 772 2.
1293 740 1314 782 §.
1327 752 1344 782 3:
1362 741 1387 783 et

678 774 774 812 ſæc.8.
789 784 863 820 part.
873 789 896 810 2.
908 776 971 824 ſect.
984 793 1008 815 1.
1027 794 1049 818 c.
1066 793 1081 823 3.
1104 781 1122 826 §.
1143 791 1150 825 9
1157 782 1238 827 ſeqq.

946 883 984 936 §.
1027 895 1067 933 4.

676 934 730 975 So
741 937 801 974 wol
809 938 1002 985 einheimiſche
1011 942 1060 979 als
1067 941 1251 991 auswaͤrtige
1258 946 1336 987 Ver⸗

923 994 1091 1037 folgungen.

680 1040 778 1093 Daß
793 1047 831 1084 es
849 1043 909 1094 bey
928 1046 1004 1088 dem
1021 1047 1199 1100 Anwachs
1215 1054 1274 1097 der
1282 1052 1375 1099 Ma⸗

628 1094 902 1148 homedaniſchen
926 1098 1094 1152 Religion
1117 1107 1175 1147 der
1198 1104 1375 1157 Chriſten⸗

625 1150 691 1202 heit
718 1152 806 1200 nicht
856 1158 900 1205 an
909 1157 1119 1210 mancherley
1143 1161 1375 1217 Verfolgung

623 1206 730 1259 fehlen
746 1206 911 1257 koͤnnen,
925 1214 965 1266 iſt
982 1212 1076 1266 leicht
1089 1226 1127 1266 zu
1137 1216 1319 1269 erachten:
1321 1215 1375 1267 die

622 1254 745 1309 Perſer
779 1263 849 1303 und
873 1261 1030 1314 Hunnen
1056 1269 1176 1315 hatten
1204 1269 1373 1320 derſelben

618 1310 717 1360 ſchon
736 1315 858 1363 vorher
871 1325 927 1365 zur
933 1318 1008 1368 Zeit
1021 1317 1215 1365 Iuſtiniani
1225 1337 1238 1364 1
1252 1324 1371 1378 gleich⸗

623 1365 705 1415 falls
721 1367 808 1419 nicht
830 1368 1013 1421 geſchonet.
1064 1375 1175 1421 Allein
1191 1378 1275 1429 dieſe
1293 1384 1364 1426 und

629 1419 745 1464 andere
802 1418 893 1474 ihres
950 1420 1094 1476 gleichen
1142 1437 1265 1473 waren
1324 1438 1364 1477 es

622 1474 707 1526 nicht
729 1473 849 1531 allein,
870 1480 918 1522 die
944 1483 995 1525 das
1015 1490 1084 1530 gute
1097 1485 1263 1536 haſſeten:
1288 1490 1364 1536 ſon⸗

617 1533 697 1573 dern
714 1533 766 1575 die
777 1532 992 1586 Arianiſchen
1001 1536 1139 1589 Koͤnige
1154 1541 1188 1582 in
1204 1541 1364 1595 Jtalien,

617 1579 794 1632 Spanien
835 1587 904 1627 und
950 1587 1070 1638 Africa
1116 1590 1224 1642 lieſſen
1255 1586 1362 1641 ihren

616 1633 759 1680 Grimm
781 1635 945 1681 vielmals
970 1639 1033 1683 mit
1057 1641 1195 1693 gleicher
1216 1640 1357 1698 Heftig⸗

612 1691 674 1732 keit
691 1689 771 1733 uͤber
793 1693 846 1737 die
869 1692 1105 1747 Catholiſchen
1122 1704 1223 1752 aus;
1249 1703 1286 1751 ja
1303 1704 1359 1748 die

613 1739 815 1793 Roͤmiſchen
841 1744 973 1800 Paͤbſte
995 1759 1112 1793 waren
1130 1752 1218 1801 ſamt
1234 1757 1292 1796 der
1305 1754 1357 1806 ih⸗

614 1806 675 1841 nen
709 1796 953 1849 verpflichteten
977 1800 1125 1852 Cleriſey
1142 1814 1216 1852 zum
1246 1803 1357 1857 oͤftern

609 1847 683 1891 wol
713 1850 765 1889 die
798 1854 899 1900 erſten
943 1858 1014 1897 und
1046 1850 1203 1907 aͤrgſten,
1237 1862 1359 1911 welche

608 1902 880 1958 rechtſchaffenen
904 1906 1041 1959 Zeugen
1068 1915 1127 1954 der
1156 1912 1356 1968 Wahrheit

610 1960 695 1999 alles
721 1956 882 2009 gebrante
898 1959 1082 2014 Hertzeleid
1098 1964 1278 2014 anthaten.

649 2031 774 2066 Procop.
794 2034 831 2060 de
846 2034 908 2063 bell
929 2029 1005 2063 Perſ.
1015 2033 1066 2065 l.2.
1085 2033 1112 2070 c.
1109 2033 1169 2062 4et
1182 2027 1227 2059 26.
1244 2025 1360 2070 Euagr.

649 2069 775 2106 ſchol.
759 2070 785 2120 l.
784 2082 818 2119 4.
830 2082 857 2105 c.
864 2084 901 2116 15.
918 2077 1017 2112 Paull.
1024 2079 1121 2114 Diac.
1132 2080 1171 2112 de
1189 2082 1261 2124 geſt.
1270 2085 1359 2118 Lon-

1281 2138 1349 2173 go⸗
