1945 2909
773 592 824 634 te,
854 592 901 625 die
919 591 951 627 in
968 591 1016 629 die
1039 592 1150 645 ſeligen
1173 596 1396 644 Wohnungen
1420 600 1476 638 des
1493 598 1646 650 Friedens
1664 598 1790 649 eingehn

773 648 839 684 und
862 646 896 684 in
914 648 1111 699 ungeſtoͤrter
1129 653 1225 702 Ruhe
1243 657 1289 693 die
1304 656 1450 705 Freuden
1472 661 1528 697 des
1546 659 1663 706 ewigen
1681 660 1786 702 Lebens

769 706 918 751 genießen
934 706 1068 749 koͤnnen.
1126 712 1219 753 Was
1239 714 1275 763 iſt
1291 719 1341 755 ein
1359 713 1448 758 Leben
1465 718 1544 767 ohne
1561 719 1667 764 Liebe?
1695 722 1784 765 Was

768 777 823 812 der
829 773 978 822 Himmel
994 777 1075 821 ohne
1092 779 1162 821 ſie?

854 823 945 863 Alles
961 824 1029 864 dies
1047 827 1085 874 iſt
1100 837 1181 875 ganz
1202 829 1262 870 der
1278 827 1404 874 Natur
1424 836 1488 876 des
1506 833 1694 889 Menſchen
1713 831 1782 878 und

765 887 828 927 der
853 882 1068 939 Erfahrung
1093 888 1220 940 gemaͤß.
1279 893 1380 936 Denk
1395 906 1477 945 nur,
1503 906 1577 940 was
1594 898 1727 949 wuͤrdeſt
1741 902 1782 937 du

763 953 831 986 von
847 950 948 990 einem
966 951 1143 1005 Menſchen
1160 955 1287 1004 halten,
1318 959 1370 995 der
1387 955 1497 1012 ſchoͤn,
1527 961 1637 1013 heilig,
1676 962 1780 1010 bezau⸗

761 999 858 1035 bernd
885 1003 945 1036 wie
970 1004 1022 1038 ein
1039 1004 1131 1056 Engel
1153 1003 1327 1060 ſpraͤche;
1348 1011 1423 1046 aber
1451 1014 1485 1045 in
1509 1014 1622 1063 ſeinem
1640 1004 1779 1055 Wandel

762 1066 812 1102 die
828 1062 962 1113 groͤßten
977 1066 1281 1122 Ungerechtigkeiten
1298 1082 1393 1120 gegen
1408 1078 1467 1118 den
1483 1074 1646 1129 Naͤchſten
1663 1079 1778 1127 begien⸗

761 1123 826 1170 ge?
850 1123 937 1167 Oder
952 1133 1018 1167 von
1033 1128 1134 1168 einem
1152 1131 1291 1181 andern,
1321 1137 1374 1172 der
1397 1135 1445 1174 die
1468 1129 1601 1187 groͤßten
1618 1141 1776 1183 Wunder⸗

758 1177 851 1224 dinge
867 1171 1070 1230 verrichtete;
1111 1194 1154 1224 an
1154 1184 1283 1237 Kunſt,
1314 1187 1455 1240 Einſicht
1471 1196 1538 1231 und
1556 1189 1777 1248 Wiſſenſchaft

759 1237 818 1275 alle
835 1237 914 1290 ſeine
929 1240 1207 1296 Nebenmenſchen
1230 1243 1409 1297 uͤbertraͤfe;
1440 1249 1513 1287 aber
1529 1253 1689 1304 grauſam,
1708 1248 1775 1291 lieb⸗

755 1292 822 1341 los,
843 1296 1083 1345 unbarmherzig
1100 1311 1195 1345 gegen
1204 1303 1375 1349 dieienigen
1389 1303 1488 1353 waͤre,
1507 1310 1558 1346 die
1568 1309 1665 1359 ſeiner
1672 1307 1774 1361 Huͤlfe

755 1350 935 1402 beduͤrfen?
964 1354 1050 1394 Oder
1071 1363 1138 1394 von
1154 1359 1256 1398 einem
1272 1363 1413 1407 dritten,
1449 1367 1503 1399 der
1517 1372 1602 1411 zwar
1618 1362 1773 1418 oͤffentlich

752 1414 801 1451 die
810 1412 1019 1464 praͤchtigſten
1032 1417 1182 1469 Almoſen
1197 1415 1287 1468 gaͤbe,
1303 1424 1400 1470 große
1408 1423 1618 1477 Stiftungen
1632 1426 1799 1477 machte;

753 1473 807 1507 der
827 1472 930 1520 iedoch
946 1474 1004 1512 alle
1020 1475 1096 1525 dieſe
1109 1476 1286 1518 Summen
1294 1480 1391 1528 durch
1405 1482 1454 1519 die
1470 1480 1775 1536 niedertraͤchtigſten

751 1528 874 1571 Mittel
887 1530 1195 1586 zuſammengeraft,
1233 1546 1299 1575 von
1314 1538 1464 1579 Witwen
1481 1544 1549 1581 und
1564 1543 1702 1597 Waiſen
1726 1553 1771 1584 er⸗

749 1582 863 1636 preßt,
900 1592 968 1628 und
982 1591 1023 1640 ſie
1051 1602 1115 1632 nur
1138 1602 1196 1632 um
1219 1594 1319 1647 ſeines
1343 1596 1480 1647 Ruhms
1494 1603 1561 1640 und
1575 1601 1767 1645 Andenkens

747 1648 866 1696 willen,
890 1651 976 1700 nicht
991 1651 1065 1693 aber
1090 1659 1154 1693 aus
1171 1657 1295 1708 wahrer
1311 1656 1575 1715 Menſchenliebe,
1598 1672 1636 1711 zu
1653 1664 1771 1717 ſolchen

746 1704 893 1755 Zwecken
910 1710 1071 1760 beſtimmt
1087 1710 1207 1762 haͤtte?
1226 1730 1289 1746 —
1316 1719 1411 1761 Was
1428 1721 1530 1771 helfen
1545 1721 1664 1774 Kunſt,
1682 1724 1770 1767 Ver⸗

744 1767 837 1815 ſtand
852 1774 918 1810 und
937 1772 1217 1829 Geſchicklichkeit,
1247 1786 1343 1817 wenn
1364 1780 1406 1827 ſie
1428 1782 1515 1829 nicht
1538 1783 1644 1830 durch
1660 1785 1769 1831 Men⸗

744 1817 926 1874 ſchenliebe
942 1826 1061 1872 gelenkt
1078 1830 1145 1866 und
1162 1833 1215 1870 der
1223 1830 1318 1872 Welt
1334 1827 1458 1881 nuzbar
1476 1832 1616 1890 gemacht
1629 1836 1768 1880 werden?

743 1883 839 1926 Leider
853 1887 958 1933 giebts
976 1889 1199 1941 obrigkeitliche
1213 1893 1379 1948 Perſonen
1394 1900 1460 1937 und
1477 1898 1622 1949 Richter,
1638 1902 1686 1941 die
1707 1910 1767 1941 un⸗

742 1941 950 1994 vergleichlich
966 1953 1033 1987 von
1050 1946 1280 2000 Gerechtigkeit
1292 1956 1387 1993 reden
1403 1951 1536 2004 koͤnnen,
1554 1958 1613 1996 alle
1628 1959 1766 2009 Rechts⸗

740 2001 886 2051 kentniſſe
901 2004 974 2045 inne
998 2004 1120 2055 haben,
1157 2012 1224 2049 und
1246 2011 1321 2060 doch
1339 2011 1542 2067 Unſchuldige
1557 2019 1765 2058 verdammen

739 2063 807 2099 und
828 2059 1068 2116 Boͤſewichtern
1098 2066 1169 2106 blos
1202 2076 1266 2107 aus
1289 2068 1459 2120 Eigennuz
1482 2073 1587 2121 Recht
1609 2076 1762 2130 ſprechen.

737 2107 823 2170 Auch
842 2105 965 2171 Lehrer
975 2122 1031 2159 der
1045 2120 1223 2173 Wahrheit
1248 2128 1315 2164 und
1338 2128 1397 2165 des
1412 2127 1677 2180 Chriſtenthums
1693 2134 1761 2180 ſind

738 2177 817 2225 noch
852 2178 1058 2232 vorhanden,
1107 2183 1155 2221 die
1184 2184 1248 2223 mit
1277 2186 1494 2235 hinreißender
1523 2190 1762 2245 Beredſamkeit

737 2229 857 2265 andern
877 2218 1134 2285 Menſchenliebe
1148 2235 1315 2283 predigen,
1344 2239 1411 2274 und
1427 2238 1501 2285 doch
1518 2238 1604 2291 ſelbſt
1621 2242 1664 2279 im
1684 2243 1761 2282 Um⸗

735 2297 836 2334 gange
860 2289 998 2346 ſtoͤrriſch
1016 2298 1081 2333 und
1106 2298 1346 2350 unfreundlich,
1384 2302 1417 2337 in
1444 2303 1530 2351 ihren
1557 2302 1758 2361 Geſpraͤchen

734 2342 992 2404 verlaͤumderiſch
1017 2355 1083 2392 und
1102 2351 1289 2407 luͤgenhaft,
1328 2365 1424 2404 gegen
1448 2357 1569 2402 Elende
1594 2364 1669 2412 hart
1693 2365 1759 2404 und
