3779 4889
1256 404 1569 465 Ruysbroeck.

336 480 387 510 ſuo
399 478 502 518 vulgari
515 488 628 520 quoque
640 481 772 514 idiomate
791 491 848 516 tam
868 485 1049 520 ſubtiliſſimas
1064 487 1197 520 veritates
1214 489 1392 529 conſcripſit,

333 528 365 550 vt
377 521 585 554 excellentiſſimi
598 525 697 554 Sacrae
710 524 866 565 theologiae
881 528 1047 568 profeſſores
1065 530 1197 569 Spiritum
1218 540 1284 570 prae
1302 533 1392 563 admi-

332 558 439 588 ratione
449 559 494 588 vix
505 558 635 595 habeant,
642 561 724 599 ſeque
741 563 886 594 ſententias
901 564 959 594 eius
972 574 1031 595 non
1045 568 1116 605 poſſe
1130 569 1286 607 intelligere
1298 571 1391 601 ediſſe-

330 604 398 628 rant.
435 600 566 635 (Serm.I,
574 601 607 630 de
616 603 733 634 Confeſſ.
740 614 797 634 non
812 604 911 635 Pontif.
927 606 1002 643 beym
1016 606 1155 646 Gottfried
1166 609 1280 645 Arnold,
1293 611 1323 639 in
1337 611 1390 640 Hi-

329 636 393 667 ſtor.
400 636 542 674 Theolog.
551 637 690 673 Myſticae,
697 646 723 675 p.
739 639 787 679 307,
805 647 834 670 wo
848 648 875 671 er
888 641 950 677 auch
964 642 1048 681 ſaget:
1069 650 1096 672 et
1110 644 1177 674 hinc
1190 645 1344 683 Dionyſium
1357 649 1390 678 il-

329 670 387 700 lum
401 672 571 709 nuncupauit
587 673 699 702 alterum
720 675 750 704 ob
771 674 929 705 excellentem
948 678 1001 706 eius
1013 678 1190 717 ſapientiam,
1217 687 1288 709 cuius
1310 684 1389 710 ſolum

330 713 455 746 Spiritum
467 715 493 742 S.
502 714 592 743 habuit
606 715 749 746 Doctorem.
787 719 884 750 Tract.
890 719 927 754 II,
941 720 973 750 de
986 720 1076 750 Donis
1087 721 1157 759 Spir.
1165 724 1190 751 S.
1205 726 1266 753 Art.
1277 716 1314 759 13.
1317 724 1387 758 Ver⸗

329 749 449 785 ſchiedene
460 753 542 782 andre
554 752 737 788 Scribenten,
750 753 833 790 haben
845 762 876 792 zu
889 754 1078 792 ebenderſelben
1092 757 1199 796 Urſache
1207 759 1261 797 ihre
1268 760 1388 800 Zuflucht

327 794 507 824 genommen;
528 789 560 824 ſie
572 789 656 827 haben
669 791 843 828 vorgegeben,
869 796 919 832 daß
932 795 1116 834 Rusbrochius
1128 798 1178 829 alle
1190 799 1254 836 ſeine
1269 799 1388 837 Erleuch⸗

326 831 392 862 tung
410 827 584 858 unmittelbar
602 837 657 860 von
673 831 732 861 dem
750 831 810 865 heil.
824 832 917 867 Geiſte
935 833 1053 871 erhalten
1067 834 1147 873 habe,
1175 838 1230 867 und
1244 837 1275 872 ſie
1289 838 1385 869 bemer⸗

324 864 385 898 ken,
409 864 459 900 daß
474 871 501 895 er
516 864 566 900 alſo
581 865 668 896 davon
681 865 832 904 geurtheilet
844 868 916 905 habe.
952 871 1156 901 Fundamentum
1168 879 1195 901 et
1207 873 1333 912 originem
1346 875 1388 903 ho-

324 906 381 926 rum
395 896 448 924 eius
457 896 623 936 ſcriptorum,
631 894 727 936 Lector,
740 901 789 939 qui
800 900 953 932 illuminatis
966 906 1058 933 mentis
1070 908 1158 941 oculis,
1171 908 1287 945 ſanoque
1302 911 1387 947 Spiri-

324 934 393 963 tuali
408 935 501 974 guſtu,
514 938 551 964 ad
561 937 756 977 diſcernendum
769 941 859 969 bonum
873 952 891 969 a
903 942 969 969 malo
977 944 1095 980 gaudet,
1106 946 1193 981 facile
1203 953 1297 984 purum
1309 955 1334 974 et
1346 949 1387 976 di-

323 972 412 1002 uinum
426 973 562 1011 cognoſcet.
595 975 659 1013 Qua
680 975 755 1013 cauſa
772 985 797 1006 et
812 979 929 1008 Editores
943 979 1085 1020 promiſcue
1093 984 1157 1019 fere
1174 983 1386 1023 inſcriptionibus

323 1010 458 1040 Librorum
467 1010 529 1043 eius,
537 1010 662 1039 eiusmodi
672 1011 815 1052 teſtimonia
827 1015 1019 1052 propoſuerunt.
1057 1018 1118 1047 Hos
1132 1027 1231 1057 nempe
1244 1022 1333 1050 libros
1345 1023 1386 1050 di-

321 1047 437 1077 uinitate
452 1056 479 1078 et
493 1048 697 1080 illuminatione
710 1050 815 1089 plenos,
828 1061 857 1080 ac
880 1062 885 1081 a
903 1059 979 1083 DEO
994 1053 1141 1095 inſpiratos
1153 1060 1214 1089 eſſe.
1254 1061 1286 1088 Et
1299 1062 1328 1088 in
1344 1064 1388 1090 vi-

320 1093 361 1112 tae
374 1087 428 1114 eius
437 1084 553 1123 Hiſtoria
564 1095 700 1120 narratur.
738 1092 804 1128 Cap.
819 1089 872 1132 IIX,
876 1098 903 1128 p.
925 1100 938 1125 4,
952 1093 1021 1128 quod
1032 1104 1049 1121 a
1063 1095 1183 1124 Gerardo
1192 1098 1292 1134 Magno
1304 1098 1385 1126 inter-

319 1129 440 1158 rogatus,
446 1124 488 1157 ſic
501 1124 684 1163 reſponderit:
710 1129 826 1158 Certum
838 1138 869 1157 ac
885 1128 997 1158 firmum
1010 1130 1128 1167 habeto,
1155 1135 1265 1162 nullum
1277 1143 1321 1163 me
1334 1144 1385 1163 vn-

318 1168 402 1195 quam
420 1162 540 1191 verbum
553 1163 657 1199 ſcriptis
670 1164 738 1193 meis
753 1165 909 1202 inſeruiſſe,
933 1166 984 1196 niſi
1000 1171 1029 1206 ex
1035 1169 1173 1205 inſtinctu
1185 1172 1305 1210 Spiritus
1317 1173 1343 1199 S.
1355 1180 1385 1203 et

317 1200 348 1229 in
362 1197 493 1236 ſingulari
509 1199 625 1237 quadam
645 1210 672 1232 et
686 1203 833 1234 dulciſſima
853 1204 1002 1243 praeſentia
1016 1207 1271 1250 ſuperſanctiſſimae
1283 1212 1384 1243 Trini-

316 1235 389 1265 tatis.
427 1237 462 1264 Et
476 1235 597 1273 ſequente
616 1239 680 1275 Cap.
697 1241 752 1274 IX,
768 1245 991 1270 commemoratur;
1018 1244 1086 1279 quod
1100 1246 1251 1282 plerumque
1265 1248 1337 1284 ſolus
1352 1251 1381 1275 in

319 1272 404 1306 ſyluae
416 1273 506 1302 abdita
518 1274 551 1311 ſé
564 1274 676 1311 recipere
689 1276 863 1315 conſueuerit,
888 1286 966 1317 atque
978 1279 1017 1307 ibi
1027 1281 1127 1321 ſummo
1137 1282 1261 1318 ſilentio,
1271 1292 1337 1320 quae
1350 1292 1382 1311 ex

317 1310 373 1340 Dei
378 1310 478 1347 Spiritu
491 1308 621 1348 bauſiſſet,
635 1311 666 1339 in
677 1311 783 1350 ſcripta
798 1314 939 1350 redegerit,
947 1317 1039 1351 hocque
1056 1320 1131 1353 pacto
1147 1322 1234 1347 omnia
1239 1323 1293 1354 ſua
1304 1327 1381 1356 opera

315 1345 503 1384 conſcripſerit,
511 1354 587 1383 atque
593 1347 634 1377 ita
638 1349 745 1378 minime
750 1360 783 1379 ex
790 1351 852 1378 aliis
859 1355 1017 1389 congeſſerit.
1029 1355 1132 1391 Quippe
1146 1357 1217 1383 nulla
1230 1359 1382 1386 litterarum

315 1383 420 1410 cultura
433 1389 554 1418 ornatus,
567 1391 651 1412 artem
663 1386 729 1414 hanc
745 1385 860 1425 neſciuit.
881 1381 1012 1420 Gothofr.
1025 1393 1140 1421 Arnold.
1154 1394 1269 1429 ebendaſ.
1284 1400 1331 1428 310
1337 1397 1381 1427 S.

314 1423 389 1455 Was
401 1423 438 1456 ich
452 1429 502 1455 aus
515 1427 574 1456 dem
587 1425 718 1459 Valerius
725 1426 848 1460 Andreas
860 1426 991 1466 anfuͤhren
1005 1430 1068 1464 will,
1076 1434 1125 1463 das
1133 1432 1199 1463 wird
1213 1434 1279 1465 alles
1301 1436 1381 1472 dieſes

313 1456 446 1491 erlaͤutern
452 1462 506 1491 und
518 1458 683 1499 bekraͤftigen.
690 1463 738 1492 Vir
748 1464 857 1493 diuinae
868 1467 1076 1504 contemplationi
1089 1470 1274 1511 addictiſſimus,
1288 1478 1314 1498 et
1317 1474 1379 1508 ſan-

311 1496 414 1525 ctitatis
428 1496 535 1526 maioris
545 1507 621 1534 quam
633 1500 780 1530 doctrinae;
796 1510 851 1528 cum
864 1509 904 1534 ea,
916 1510 980 1537 quae
994 1503 1111 1542 ſcripſit,
1119 1507 1208 1533 diuino
1210 1508 1311 1543 ſpiritu
1323 1512 1380 1536 edo-

313 1530 367 1559 ctus
379 1532 511 1560 videatur.
533 1534 640 1562 Narrat
645 1535 715 1564 enim
727 1537 858 1565 Henricus
881 1548 887 1565 a
899 1539 1025 1574 Pomerio,
1033 1545 1144 1568 eiusdem
1157 1543 1273 1579 inſtituti
1286 1552 1317 1571 ac
1328 1547 1380 1571 loci

310 1566 463 1608 Religioſus,
474 1570 597 1608 Vitaeque
603 1570 730 1609 Scriptor,
738 1572 808 1610 quod
817 1581 956 1613 antequam
968 1577 1048 1606 libros
1064 1586 1118 1606 ſuos
1131 1580 1253 1616 dictaret,
1260 1584 1378 1610 habuerit

310 1611 357 1648 pro
371 1606 600 1646 conſuetudine,
570 1606 612 1648 vt,
608 1609 675 1639 dum
689 1610 800 1642 diuinae
812 1612 1004 1645 illuſtrationis
1017 1611 1097 1646 radio
1111 1619 1328 1655 immadeſceret,
1337 1622 1379 1649 ſo-

309 1646 355 1673 lus
360 1643 494 1675 ſecederet
503 1646 625 1677 inabdita
633 1648 724 1682 ſiluae,
730 1648 828 1686 ibique
834 1651 955 1681 dictante
962 1653 1065 1690 Spiritu
1079 1655 1173 1684 ſancto
1188 1664 1231 1687 ea,
1241 1663 1312 1691 quae
1325 1660 1377 1687 ſibi

308 1680 503 1717 occurrebant,
509 1683 539 1711 in
552 1682 646 1713 tabula
656 1693 733 1713 cerea
739 1686 841 1722 ſcripto
849 1688 1054 1724 commendans,
1062 1691 1150 1718 ſecum
1157 1693 1268 1728 ſolebat,
1274 1695 1308 1720 ad
1316 1700 1377 1720 mo-

308 1717 458 1750 naſterium
470 1719 595 1754 rediens,
606 1728 767 1759 apportare:
774 1723 863 1760 ſicque
869 1725 1035 1764 interpolatis
1047 1729 1147 1756 vicibus
1159 1732 1268 1769 edidiſſe
1275 1733 1336 1766 ſuos
1341 1735 1376 1760 li-

308 1761 371 1790 bros.
380 1760 534 1793 (Biblioth.
547 1761 620 1797 Belg.
637 1771 660 1798 p.
667 1771 720 1796 555,
727 1766 799 1801 556.)
806 1766 903 1799 Sollte
915 1774 978 1797 man
992 1767 1038 1804 ſich
1052 1769 1116 1804 nach
1129 1769 1219 1806 dieſem
1230 1771 1301 1807 wohl
1315 1770 1377 1803 uͤber

308 1797 348 1828 die
362 1797 449 1832 Klage
464 1797 541 1828 vieler
556 1799 631 1830 Leute
643 1802 833 1834 verwundern,
856 1804 906 1840 daß
919 1803 1075 1839 Rusbrochs
1088 1805 1196 1843 Buͤcher
1210 1807 1265 1845 ſehr
1285 1810 1377 1841 dunkel

307 1836 385 1874 ſind?
404 1837 536 1870 (Arnold.
550 1841 622 1869 Hiſt.
637 1840 745 1871 Theol.
757 1840 897 1876 Myſticae,
910 1850 936 1876 p.
945 1846 1006 1877 311.)
1042 1844 1105 1876 Wie
1119 1846 1208 1882 ſollten
1221 1847 1252 1880 ſie
1266 1853 1294 1878 es
1309 1847 1377 1883 nicht

307 1873 417 1907 ſeyn,
393 1867 420 1904 da
429 1872 461 1907 ſie
475 1881 529 1905 von
544 1875 629 1906 einem
635 1876 748 1908 Manne
762 1876 828 1913 ohne
835 1876 959 1912 Studien
971 1881 1024 1910 und
1040 1879 1102 1912 uͤber
1115 1882 1155 1912 die
1166 1881 1292 1922 myſtiſche
1306 1883 1379 1916 Got⸗

306 1907 507 1945 tesgelahrtheit
519 1910 651 1947 gemachet
660 1913 779 1947 worden,
789 1922 832 1944 wo
844 1921 910 1945 man
923 1915 974 1953 faſt
987 1916 1071 1952 nichts
1082 1916 1208 1958 verſteht,
1219 1924 1301 1951 wenn
1314 1921 1377 1957 auch

307 1946 348 1976 die
361 1944 589 1985 allergelehrteſten
603 1948 703 1985 Federn
717 1951 781 1986 dazu
794 1949 945 1989 gebrauchet
961 1956 1085 1985 werden?

346 2005 412 2042 (B)
431 2005 482 2038 Es
493 2005 574 2043 giebt
585 2006 692 2039 Leute,
707 2008 754 2039 die
765 2008 817 2044 ihn
832 2007 907 2043 hoch
920 2009 1040 2049 halten:
1058 2020 1092 2043 es
1106 2013 1194 2045 loben
1205 2012 1261 2050 ihn
1273 2014 1303 2052 ſo
1317 2020 1375 2053 gar

306 2045 399 2084 einige
412 2047 650 2085 Proteſtanten.]
686 2051 790 2083 Arnold
804 2055 887 2087 (Hiſt.
914 2055 1000 2086 Theol.
1022 2050 1086 2093 Myſt.
1099 2066 1147 2092 307
1162 2056 1215 2094 u.
1205 2052 1232 2095 f.
1226 2058 1282 2094 S.)
1295 2062 1374 2097 zeiget

305 2084 475 2121 verſchiedene
482 2085 594 2118 Stellen
608 2091 651 2117 der
663 2087 830 2126 katholiſchen
837 2089 1005 2123 Scribenten
1020 2099 1063 2126 an,
1081 2089 1161 2133 welche
1173 2097 1222 2125 den
1229 2094 1372 2132 Rusbroch

303 2121 459 2154 bewundert
470 2122 564 2158 haben.
622 2124 662 2155 Er
675 2124 776 2161 vergißt
786 2126 848 2161 auch
861 2130 900 2158 die
912 2127 1070 2163 Lutheraner
1083 2129 1160 2164 nicht,
1172 2131 1265 2166 welche
1277 2132 1322 2169 ihn
1336 2133 1373 2163 lo⸗

305 2156 364 2190 ben,
389 2158 444 2187 und
462 2164 488 2188 er
504 2159 573 2189 redet
585 2158 647 2195 auch
664 2167 716 2191 von
732 2153 909 2197 Calviniſten,
933 2164 972 2194 die
984 2163 1152 2201 vortheilhaft
1166 2172 1217 2197 von
1231 2166 1285 2199 ihm
1298 2173 1371 2205 geur⸗

302 2196 393 2233 theilet
406 2196 508 2234 haben;
529 2198 607 2231 allein
620 2207 646 2229 er
661 2198 735 2236 haͤtte
747 2202 819 2238 (309
828 2202 893 2240 S.)
905 2206 954 2235 den
967 2203 1129 2242 Franciscus
1142 2205 1289 2240 Swertius
1303 2208 1371 2242 nicht

303 2236 333 2262 in
346 2235 407 2270 dieſe
419 2235 484 2271 Zahl
499 2237 572 2271 ſetzen
585 2237 677 2273 ſollen,
696 2238 803 2272 welcher
816 2247 857 2270 ein
870 2245 945 2277 guter
958 2243 1117 2279 papiſtiſcher
1126 2245 1318 2284 Schriftſteller
1331 2248 1370 2285 iſt.

302 2271 489 2310 Vermuthlich
503 2270 535 2311 iſt
546 2282 574 2304 er
588 2274 700 2311 dadurch
712 2275 846 2313 verfuͤhret
856 2280 981 2313 worden,
1003 2280 1053 2318 daß
1065 2288 1093 2311 er
1106 2282 1154 2318 ſich
1166 2287 1239 2313 eines
1251 2283 1371 2319 Buches,

303 2310 429 2340 Athenae
445 2312 580 2347 Batauae,
596 2312 702 2348 betitelt,
716 2319 831 2345 erinnert
845 2316 900 2352 hat,
914 2315 995 2353 deſſen
1009 2318 1124 2355 Urheber
1137 2320 1179 2351 ein
1192 2320 1319 2358 Calviniſt
1332 2328 1372 2358 ge⸗

301 2346 396 2382 weſen,
417 2350 472 2379 und
485 2350 535 2385 daß
547 2358 575 2379 er
589 2350 659 2385 nicht
671 2351 722 2389 auf
736 2354 785 2384 den
797 2352 959 2391 Unterſchied
976 2355 1094 2393 zwiſchen
1107 2357 1198 2392 dieſem
1208 2359 1303 2395 Buche
1316 2361 1372 2391 und

302 2388 348 2417 des
360 2388 507 2420 Swertius
522 2388 637 2418 Athenis
652 2389 767 2428 Belgicis
783 2391 905 2427 Achtung
926 2392 1043 2430 gegeben.
1091 2396 1132 2428 Es
1146 2396 1176 2433 iſt
1189 2396 1239 2432 faſt
1260 2395 1370 2435 unmoͤg⸗

301 2423 365 2459 lich,
377 2425 428 2457 daß
441 2431 507 2455 man
519 2424 588 2459 nicht
599 2427 725 2463 zuweilen
739 2429 767 2458 in
781 2424 936 2466 dergleichen
947 2427 1083 2468 Jrrthum
1096 2433 1176 2470 fallen
1190 2434 1269 2472 ſollte,
1288 2441 1370 2467 wenn

300 2468 366 2492 man
381 2462 427 2499 ſich
445 2462 508 2500 auch
522 2468 572 2493 mit
584 2465 628 2495 der
640 2463 749 2502 groͤßten
762 2467 950 2506 Wachſamkeit
972 2471 1000 2500 in
1011 2470 1078 2507 Acht
1097 2473 1204 2503 nimmt.

337 2521 402 2558 (C)
419 2520 495 2553 Wir
512 2524 636 2555 werden
655 2526 710 2555 den
728 2524 896 2560 Character
913 2525 1003 2563 dieſes
1023 2527 1194 2568 myſtiſchen
1205 2529 1369 2569 Gottesge⸗

299 2553 416 2591 lehrten
431 2564 490 2587 aus
503 2557 691 2595 demjenigen,
699 2566 770 2590 was
785 2567 856 2592 man
868 2562 899 2590 in
914 2565 966 2592 der
978 2564 1169 2603 Anmerkung
1184 2569 1229 2600 (E)
1241 2572 1296 2598 des
1311 2570 1368 2600 Ar⸗

298 2596 385 2629 tikels
397 2595 552 2628 Taulerus
565 2591 683 2635 geſehen
697 2598 759 2635 hat,
773 2603 836 2631 und
850 2609 910 2632 aus
922 2603 1110 2642 demjenigen,
1124 2610 1194 2635 was
1206 2612 1277 2637 man
1292 2607 1368 2642 hier⸗

297 2642 388 2669 unten
401 2638 489 2674 ſieht,
504 2640 639 2673 erkennen
654 2640 792 2680 koͤnnen.]
832 2645 910 2676 Man
923 2645 1054 2680 verſichert
1067 2647 1094 2677 in
1109 2650 1166 2678 dem
1181 2648 1275 2682 Werke,
1306 2650 1367 2681 wel⸗

296 2673 356 2707 ches
369 2678 424 2704 uns
438 2678 483 2706 des
496 2675 630 2709 Taulerus
641 2677 783 2712 Character
797 2679 971 2714 dargebothen
984 2681 1039 2718 hat,
1052 2683 1101 2719 daß
1113 2683 1298 2720 Rusbrochius
1311 2685 1367 2721 ſein

295 2711 477 2750 Zeitgenoß,
503 2716 565 2743 und
584 2713 718 2752 gewiſſer
730 2717 838 2753 maßen
851 2718 908 2755 ſein
919 2717 1038 2755 Lehrer
1050 2721 1105 2763 bey
1118 2721 1194 2755 nahe
1206 2731 1268 2754 von
1283 2724 1365 2755 eben⸗

297 2747 458 2785 demſelben
470 2748 634 2785 Character
648 2751 702 2789 iſt,
729 2755 791 2784 und
804 2754 880 2786 auch
893 2755 1036 2790 zuweilen
1047 2756 1106 2789 viel
1120 2756 1216 2794 hoͤher
1230 2761 1293 2791 und
1306 2766 1367 2791 me⸗

295 2787 463 2823 thodiſcher
476 2787 556 2826 gebt.
614 2791 732 2828 (Lettre
742 2792 877 2824 touehant
887 2793 927 2823 les
940 2797 1061 2825 Auteurs
1074 2797 1237 2836 Myſtiques,
1250 2799 1303 2829 mit
1318 2801 1366 2830 der

296 2824 428 2860 deutſchen
449 2825 590 2862 Theologie
611 2826 742 2865 gedruckt,
767 2840 790 2862 13
810 2830 854 2862 S.
872 2830 1104 2869 amſterdamiſcher
1123 2832 1248 2870 Ausgabe
1268 2838 1365 2871 1700.)

294 2861 361 2898 Zwo
375 2862 479 2894 Seiten
492 2863 600 2898 hernach
614 2865 748 2902 verſichert
759 2874 834 2902 man,
845 2868 897 2903 daß
915 2869 1039 2906 Heinrich
1052 2869 1194 2908 Harphius
1208 2874 1254 2903 des
1266 2873 1363 2906 Taule⸗

296 2902 345 2928 rus
359 2897 503 2934 Character
515 2900 582 2937 nahe
595 2902 705 2932 komme,
719 2903 799 2936 „und
813 2903 862 2939 daß
874 2912 922 2935 vor
937 2904 1001 2938 ihm,
1015 2908 1069 2936 und
1082 2906 1206 2944 vielleicht
1219 2909 1282 2945 nach
1297 2907 1363 2947 ihm,

292 2934 442 2970 „niemand
459 2936 501 2966 als
514 2947 552 2973 er,
560 2939 589 2968 in
603 2940 643 2970 die
648 2939 725 2976 Tiefe
735 2943 781 2971 des
795 2940 951 2978 innerlichen
958 2943 1103 2980 Zuſtandes
1114 2946 1184 2976 einer
1198 2946 1271 2978 Gott
1285 2946 1364 2985 gelaſ⸗

293 2969 390 3008 „ſenen
399 2971 485 3005 Seele
499 2974 691 3012 eingedrungen
705 2975 751 3012 iſt;
792 2984 933 3009 worinnen
948 2986 1013 3009 man
1026 2980 1097 3017 wohl
1109 2981 1300 3019 wahrnimmt,
1314 2984 1363 3021 daß

293 3010 373 3046 „ihm
385 3012 569 3048 Rusbrochius
582 3014 651 3048 nicht
662 3015 749 3050 wenig
761 3015 846 3054 Huͤlfe
857 3018 970 3055 geleiſtet
981 3020 1037 3058 hat.
1076 3021 1153 3054 Sein
1166 3022 1308 3060 Character
1321 3024 1363 3061 iſt,

293 3047 357 3085 „die
370 3046 521 3086 allmaͤhlige
531 3050 723 3088 Auferſtehung
733 3048 779 3084 der
785 3046 914 3091 Zuſtaͤnde
927 3058 971 3086 des
985 3050 1126 3097 geiſtlichen
1143 3056 1224 3089 Lebens
1241 3059 1310 3089 einer
1322 3066 1363 3096 ge⸗

292 3082 442 3122 „laͤuterten
456 3090 510 3117 und
524 3087 674 3124 gepruͤfeten
687 3090 772 3123 Seele
784 3094 965 3128 vorzutragen.
1008 3089 1041 3129 Er
1071 3094 1158 3131 zeiget,
1172 3096 1223 3126 wie
1235 3096 1281 3134 ſich
1297 3097 1360 3135 nach

291 3121 503 3159 „verſchiedenen
514 3123 711 3163 Kraͤnkungen,
721 3125 913 3166 Reinigungen
927 3132 981 3160 und
994 3131 1104 3170 Proben
1118 3134 1162 3163 der
1174 3134 1279 3169 Seele,
1296 3142 1361 3165 neue

292 3158 441 3197 „Zuſtaͤnde
455 3163 500 3191 des
514 3161 650 3199 goͤttlichen
657 3164 761 3198 Lebens,
777 3162 873 3203 erſtlich
889 3164 983 3205 thaͤtig,
995 3170 1049 3199 und
1064 3171 1136 3201 dann
1150 3170 1256 3206 leidend,
1269 3173 1296 3203 in
1310 3174 1360 3204 den

291 3200 413 3230 „untern
421 3196 538 3234 Kraͤften
555 3202 599 3230 der
617 3194 701 3237 Seele,
719 3196 773 3235 nach
784 3202 875 3239 dieſem
887 3203 915 3233 in
929 3207 978 3234 den
991 3205 1072 3236 obern
1084 3209 1159 3244 (dem
1166 3206 1359 3247 Gedaͤchtniſſe,

290 3235 370 3271 „dem
384 3236 532 3270 Verſtande
546 3241 600 3269 und
613 3240 731 3275 Willen)
757 3242 856 3279 darauf
867 3243 894 3273 in
907 3245 964 3274 dem
977 3243 1092 3277 Grunde
1106 3244 1174 3279 ihrer
1185 3246 1291 3284 Eſſenz,
1303 3249 1358 3278 und

289 3273 408 3308 „endlich
419 3272 483 3307 uͤber
496 3276 538 3309 ihr
552 3276 715 3312 Weſen,
678 3272 723 3309 und
728 3280 768 3310 die
780 3279 947 3318 Wirkungen
959 3280 1028 3317 ihrer
1039 3281 1136 3320 Kraͤfte
1150 3284 1228 3318 durch
1240 3285 1280 3316 die
1293 3285 1358 3318 Ein⸗

289 3308 410 3345 „ſetzung
423 3306 557 3348 erwecken,
570 3307 655 3347 welche
669 3316 708 3347 die
721 3318 779 3349 drey
793 3315 930 3355 Perſonen
946 3320 989 3348 der
997 3318 1057 3355 heil.
1065 3319 1262 3359 Dreyeinigkeit
1272 3323 1359 3354 darin⸗

287 3349 364 3378 „nen
374 3337 442 3381 thun,
450 3346 504 3380 die
519 3345 573 3381 ihre
587 3344 869 3388 anbethenswuͤrdigen
877 3351 1042 3389 Wirkungen
1056 3354 1185 3384 darinnen
1197 3355 1356 3392 offenbaren.

289 3386 383 3423 „Dieß
403 3389 433 3418 iſt
453 3389 491 3419 die
510 3389 697 3425 allerſchoͤnſte,
720 3391 973 3432 allerweſentlichſte,
997 3393 1289 3435 allerweitgetriebenſte
1301 3400 1355 3431 und

286 3423 390 3460 „tiefſte
399 3423 611 3463 Lehrverfaſſung
625 3429 668 3458 der
679 3429 826 3464 myſtiſchen
841 3429 1113 3470 Gottesgelahrtheit,
1128 3434 1167 3464 die
1180 3441 1245 3464 man
1259 3434 1354 3472 jemals

287 3460 412 3498 „geſehen
427 3463 513 3499 hat.„
542 3464 644 3497 Arnold
658 3467 741 3499 (Hiſt.
749 3467 855 3501 Theol.
863 3469 942 3505 Myſt.
951 3479 974 3506 p.
984 3470 1049 3506 308)
1062 3468 1151 3508 fuͤhret
1164 3474 1356 3513 Schriftſteller

287 3507 331 3532 an,
344 3496 432 3534 welche
445 3501 607 3537 beobachten,
618 3504 667 3540 daß
680 3504 804 3541 Heinrich
816 3505 958 3542 Harphius
971 3507 1019 3543 faſt
1034 3508 1072 3538 die
1086 3517 1166 3546 ganze
1177 3510 1299 3543 Materie
1311 3513 1354 3543 der

287 3536 505 3573 Beſchaulichkeit
516 3539 544 3569 in
558 3537 651 3572 ſeinem
664 3541 765 3571 andern
776 3544 831 3571 und
853 3542 950 3573 dritten
962 3543 1055 3577 Buche
1073 3548 1124 3575 aus
1138 3548 1195 3577 dem
1211 3546 1353 3585 Rusbroch

286 3574 419 3607 entlehnet
450 3576 522 3611 habe.
576 3577 638 3614 Alſo
655 3578 724 3610 kann
739 3586 803 3612 man
817 3580 862 3616 ſich
877 3582 950 3614 einen
967 3582 1077 3621 Begriff
1105 3593 1158 3616 von
1171 3588 1217 3616 des
1229 3585 1353 3620 Rusbro⸗

286 3610 360 3648 chius
367 3611 460 3650 Geiſte
470 3611 588 3651 machen,
598 3621 679 3646 wenn
691 3622 757 3647 man
769 3618 817 3648 des
822 3616 964 3656 Harphius
977 3617 1117 3658 Character
1132 3619 1229 3660 pruͤfet.

324 3675 375 3709 (D)
397 3673 583 3710 Rusbrochs
597 3676 764 3717 Ergebung
778 3677 810 3708 in
823 3680 938 3713 Gottes
951 3681 1073 3716 Willen,
1096 3683 1150 3715 hat
1163 3684 1220 3722 ſich
1235 3685 1286 3716 bis
1299 3685 1357 3723 auf

287 3712 335 3743 die
345 3711 561 3751 Hoͤllenſtrafen
574 3714 742 3756 erſtrecket.]
779 3718 853 3757 Dieß
866 3719 945 3757 heißt,
969 3719 1020 3757 daß
1034 3729 1060 3751 er
1073 3723 1155 3759 nichts
1167 3722 1211 3760 fuͤr
1223 3723 1298 3762 beſſer
1311 3732 1353 3762 ge⸗

286 3750 378 3785 halten
391 3751 437 3789 hat,
467 3754 509 3784 als
522 3754 599 3786 bereit
611 3762 640 3789 zu
652 3755 720 3793 ſeyn,
743 3755 808 3787 alles
821 3766 852 3795 zu
865 3757 956 3795 leiden,
971 3762 1031 3790 was
1044 3760 1115 3792 Gott
1129 3762 1237 3802 gefallen
1251 3761 1352 3798 wuͤrde,

286 3787 344 3823 ihm
357 3790 539 3826 zuzuſchicken,
561 3795 609 3824 den
622 3793 681 3826 Tod
696 3796 757 3826 oder
769 3798 819 3827 das
832 3796 932 3832 Leben,
957 3799 1011 3828 und
1026 3799 1087 3835 auch
1105 3794 1143 3831 die
1157 3799 1352 3841 Hoͤllenſtrafen

286 3828 367 3865 ſelbſt.
405 3830 444 3862 Er
458 3831 504 3864 hat
518 3831 564 3867 ſich
578 3833 648 3862 eines
662 3833 751 3868 Tages
764 3835 814 3868 alſo
828 3833 933 3871 erklaͤrt,
958 3839 991 3866 da
1005 3845 1070 3868 man
1083 3839 1128 3873 ſich
1142 3837 1276 3877 bemuͤhte,
1294 3840 1351 3875 ihm

285 3864 369 3901 einige
379 3863 476 3901 Furcht
494 3873 543 3898 vor
556 3870 599 3899 der
613 3869 691 3905 Hoͤlle
704 3869 897 3908 beyzubringen.
936 3874 968 3901 In
983 3873 1100 3911 Hiſtoriæ
1114 3874 1180 3904 illius
1194 3877 1256 3913 Cap.
1275 3879 1350 3915 VIII,

286 3898 394 3936 legitur.
432 3899 541 3941 „Quod
547 3904 697 3934 Gerhardus
711 3914 765 3933 cum
779 3908 929 3945 quandoque
941 3907 1073 3948 inſolitam
1085 3910 1113 3937 in
1122 3911 1272 3941 Rusbrochio
1285 3921 1350 3950 erga

283 3937 392 3972 „Deum
408 3939 536 3975 fiduciam,
549 3949 599 3968 non
613 3951 647 3968 ex
659 3942 818 3979 temeritate,
832 3944 947 3973 timorem
963 3946 1042 3982 foras
1054 3945 1182 3985 mittente,
1207 3954 1351 3986 conceptam

283 3967 481 4009 „perſpexiſſet,
494 3975 645 4011 quandoque
657 3976 746 4005 diuini
759 3979 854 4007 iudicii
865 3987 890 4006 et
905 3980 1011 4014 inferni
1022 3988 1115 4009 metum
1127 3985 1151 4009 ei
1164 3992 1278 4022 incutere
1291 3990 1349 4023 mul-

282 4010 340 4044 „tis
353 4011 505 4049 Scripturae
517 4014 741 4043 commemorandis
756 4017 895 4054 ſententiis
906 4020 1115 4055 attentauerit.„
1174 4024 1227 4048 Sed
1245 4028 1348 4059 quando

279 4046 341 4084 plus
352 4048 378 4074 ei
388 4050 517 4084 quandam
530 4051 638 4079 iniicere
650 4052 822 4089 formidinem
837 4055 1027 4091 connitebatur,
1042 4063 1115 4084 tanto
1128 4062 1174 4085 vir
1182 4061 1243 4097 plus
1255 4063 1349 4088 maiori

284 4087 313 4113 in
327 4087 411 4114 Deum
426 4095 511 4114 amore
521 4086 697 4125 ferueſcebat;
727 4097 752 4118 et
765 4092 868 4119 tandem
882 4091 1030 4131 reſpondit:
1063 4095 1192 4132 Magiſter
1206 4099 1347 4127 Gerharde

285 4121 369 4151 ſixum
388 4127 415 4151 et
435 4129 541 4152 certum
560 4124 647 4159 habe,
674 4134 719 4154 me
739 4136 771 4155 ex
789 4127 883 4155 animo
903 4135 1028 4165 paratum
1047 4134 1097 4160 eſſe
1126 4134 1159 4161 ad
1184 4138 1348 4172 perferenda

285 4160 388 4196 omnia,
404 4157 470 4201 quae
486 4162 602 4199 Dominus
620 4164 690 4194 mihi
703 4166 825 4196 accidere
837 4167 923 4204 volet,
932 4167 987 4196 ſiue
1002 4179 1078 4199 mors
1092 4171 1131 4206 ſit,
1145 4172 1200 4200 ſiue
1213 4175 1279 4207 vita,
1292 4176 1349 4202 ſiue

285 4197 368 4227 etiam
388 4199 438 4235 ipſi
456 4199 645 4231 intolerabiles
665 4203 801 4232 cruciatus
822 4204 989 4235 inferorum.
1045 4207 1149 4242 Neque
1173 4212 1248 4237 enim
1273 4215 1348 4248 quic-

285 4244 364 4271 quam
378 4238 448 4266 mihi
462 4239 505 4267 vel
521 4238 685 4277 iucundius,
699 4241 742 4270 vel
757 4242 867 4277 melius,
882 4243 926 4273 vel
941 4244 1076 4276 ſalubrius
1090 4246 1195 4282 iudico,
1208 4255 1258 4275 nec
1272 4251 1348 4284 quie-

283 4281 366 4306 quam
378 4273 454 4303 aliud
465 4274 510 4304 vel
523 4281 607 4312 peto,
627 4277 672 4307 vel
684 4277 825 4314 deſidero,
850 4287 934 4317 quam
947 4285 980 4308 vt
999 4283 1193 4314 amantiſſimus
1208 4287 1346 4316 Dominus

356 4318 403 4347 IV
424 4317 531 4347 Band.

2418 463 2512 499 113

1441 503 1527 533 Deus
1536 511 1614 533 meus
1628 509 1769 544 promtum
1784 515 1828 538 me
1841 507 1948 546 ſemper
1960 513 2042 547 atque
2054 519 2179 548 paratum
2195 515 2327 550 inueniat,
2347 521 2380 544 ad
2394 522 2455 544 ſuae
2467 533 2510 546 ar-

1440 541 1558 573 bitrium
1573 542 1735 576 voluntatis.
1780 548 1836 576 Hoc
1847 548 1959 576 breuiter
1973 556 2052 577 totum
2067 556 2126 578 viri
2139 558 2209 579 huius
2226 562 2389 590 Principium
2402 569 2508 591 detegit.

1439 585 1556 619 (Ebend.
1570 597 1607 620 313
1615 587 1672 623 S.)
1708 587 1821 624 Arnold,
1832 590 1952 627 welchem
1965 592 2001 628 ich
2017 593 2080 623 alles
2094 595 2170 629 dieſes
2183 598 2301 628 abborge,
2315 605 2386 631 hatte
2400 605 2507 634 geſaget,

1439 624 1489 657 daß
1504 624 1549 659 ſich
1556 623 1699 660 Rusbroch
1712 632 1835 662 weniger,
1849 626 1890 656 als
1905 629 1942 658 die
1955 631 2056 659 andern
2070 631 2210 667 Myſtiker,
2224 635 2269 669 bey
2283 641 2325 663 der
2340 641 2506 671 knechtiſchen

1437 657 1534 695 Furcht
1548 661 1602 690 und
1616 661 1659 691 der
1674 663 1772 692 daraus
1785 662 1997 701 entſpringenden
2014 668 2105 702 eignen
2118 670 2282 704 Thaͤtigkeit,
2296 680 2349 698 und
2364 680 2411 700 den
2426 687 2509 717 unru⸗

1438 696 1517 733 higen
1530 698 1674 737 Uebungen
1687 703 1734 732 des
1748 702 1867 739 Geſetzes
1882 703 2003 742 aufhaͤlt,
2021 707 2074 736 und
2088 707 2146 743 bloß
2160 712 2220 743 nach
2234 714 2276 738 der
2289 715 2377 747 freyen
2392 719 2504 745 Tugend

1438 737 1484 766 des
1499 735 1648 774 Evangelii,
1660 741 1713 770 und
1729 741 1772 771 der
1786 741 1964 775 Wirkſamkeit
1979 745 2023 773 des
2038 751 2121 774 neuen
2136 747 2254 778 Bundes
2270 753 2317 782 auf
2329 755 2367 778 die
2381 755 2433 781 Art
2448 758 2504 785 ſtre⸗

1438 771 1489 807 bet,
1503 773 1542 804 wie
1558 773 1589 810 ſie
1602 774 1648 808 ſich
1661 775 1738 811 durch
1752 779 1791 807 die
1805 777 1937 811 Salbung
1949 786 2003 810 von
2016 782 2072 811 dem
2088 783 2176 812 Geiſte
2191 788 2235 813 des
2244 789 2360 820 Sohnes
2375 798 2457 814 einem
2472 802 2504 820 je⸗

1438 811 1486 840 den
1493 809 1648 849 Glaͤubigen
1662 811 1814 850 offenbaret.
1852 813 2003 846 Character
2012 819 2117 852 Myſtici
2130 822 2212 847 huius
2224 827 2356 849 Doctoris
2372 833 2506 856 (Rusbro-

1437 845 1516 885 chii)
1530 847 1560 875 in
1573 848 1667 880 multis
1681 850 1715 879 ad
1728 850 1850 882 Tauleri
1861 853 1940 889 ſupra
1956 859 2113 891 excerptum
2130 863 2256 886 accedere
2269 865 2388 887 videtur.
2429 872 2504 889 Atta-

1436 892 1502 913 men
1521 883 1633 921 iudico,
1656 886 1825 918 Rusbrochii
1844 891 2063 929 propoſitionem
2078 896 2158 928 longe
2172 902 2317 931 puriorem
2336 908 2362 923 et
2378 909 2460 944 viuae
2472 915 2505 945 ac

1438 919 1559 947 fiduciali
1578 925 1639 958 fidei
1651 925 1683 958 in
1697 934 1786 946 nomen
1798 929 1848 947 Ieſu
1863 930 1895 960 in
1910 937 1976 965 nobis
1990 937 2214 969 conformiorem
2226 943 2282 979 eſſe.
2323 949 2397 978 Dum
2411 950 2504 979 minus

1431 963 1468 987 ac
1481 965 1573 984 omnes
1587 962 1641 989 fere
1665 962 1713 991 alii
1737 972 1914 998 antiquorum
1934 977 2116 1004 Myſticorum
2137 982 2346 1014 theologorum,
2371 992 2503 1022 timorem

1433 997 1557 1024 ſeruilem
1576 998 1607 1024 et
1616 999 1681 1023 inde
1699 1008 1832 1038 orientem
1853 1009 1991 1043 propriam
2012 1014 2170 1041 actiuitatem
2186 1025 2218 1046 ac
2233 1022 2339 1055 legales
2356 1034 2497 1061 anxiasque

1432 1044 1635 1066 exercitationes
1661 1043 1791 1069 intendat,
1807 1043 1841 1076 et
1851 1054 1869 1077 e
1884 1051 2026 1082 contrario
2038 1052 2069 1082 ad
2082 1049 2195 1085 liberam
2217 1060 2346 1087 Euangelii
2366 1069 2508 1096 virtutem

1434 1075 1468 1106 et
1476 1072 1626 1108 efficaciam
1641 1081 1716 1107 Noui
1733 1082 1860 1113 Foederis
1880 1082 2075 1118 tantummodo
2086 1087 2181 1123 ducat,
2200 1095 2242 1123 eo
2251 1093 2347 1128 modo,
2362 1106 2417 1134 quo
2432 1100 2506 1135 haec

1427 1113 1468 1133 ſe
1479 1113 1536 1147 per
1553 1108 1714 1147 unctionem
1732 1109 1823 1148 filialis
1842 1121 1973 1158 Spiritus
1991 1123 2144 1155 vnicuique
2162 1131 2232 1163 vere
2253 1129 2367 1162 dredenti
2387 1138 2503 1168 reuelat.

1439 1148 1545 1179 (Ebend.
1559 1154 1598 1180 312
1618 1150 1667 1183 S.)

1470 1190 1621 1231 Beylaͤufig
1633 1193 1729 1226 wollen
1743 1195 1794 1226 wir
1805 1194 1966 1234 beobachten,
1978 1198 2027 1231 daß
2041 1205 2105 1230 man
2122 1201 2169 1231 den
2183 1201 2332 1241 Myſtikern
2348 1208 2396 1240 faſt
2412 1216 2502 1241 wegen

1432 1229 1516 1261 keiner
1529 1230 1605 1267 Lehre
1618 1232 1668 1263 mit
1680 1232 1754 1271 mehr
1767 1232 1963 1272 Ausrufungen
1988 1237 2065 1268 uͤbers
2081 1240 2169 1271 Maul
2187 1244 2273 1277 faͤhrt,
2298 1251 2340 1269 als
2355 1255 2442 1276 wegen
2456 1258 2500 1273 der

1433 1269 1626 1308 Einwilligung
1645 1273 1716 1310 ihrer
1736 1275 1836 1311 ewigen
1846 1275 2055 1314 Verdammniß.
2111 1279 2215 1315 Jurieu
2237 1285 2283 1316 hat
2302 1287 2379 1316 ſeiner
2399 1293 2501 1320 hierbey

1432 1308 1503 1340 nicht
1516 1309 1657 1344 vergeſſen:
1673 1312 1713 1344 (in
1727 1312 1820 1348 ſeinem
1834 1313 1991 1353 hiſtoriſchen
2005 1315 2131 1348 Tractate
2145 1319 2206 1347 uͤber
2221 1323 2258 1349 die
2274 1326 2400 1356 myſtiſche
2416 1328 2500 1353 Theo⸗

1432 1342 1545 1380 logie.
1527 1339 1558 1377 zu
1558 1346 1719 1378 Rotterdam
1732 1350 1795 1383 1699
1809 1349 1950 1386 gedruckt.
1988 1351 2076 1383 Allem
2090 1360 2154 1383 man
2166 1356 2330 1390 beſchuldiget
2343 1363 2396 1390 ihn,
2410 1368 2457 1392 daß
2473 1373 2501 1387 er

1431 1383 1478 1412 des
1491 1383 1652 1417 Franciscus
1664 1393 1717 1416 von
1732 1386 1824 1422 Sales
1837 1387 1932 1420 Worte
1945 1392 2072 1420 ungetreu
2085 1391 2239 1430 angefuͤhret
2253 1396 2324 1429 habe.
2364 1400 2441 1425 Man
2454 1411 2499 1432 zie⸗

1431 1419 1463 1455 he
1472 1419 1592 1452 Arnolds
1606 1420 1723 1459 Hiſtorie
1736 1425 1780 1454 der
1792 1423 1938 1463 myſtiſchen
1952 1420 2093 1464 Theologie
2107 1436 2148 1462 553
2161 1435 2187 1457 u.
2196 1432 2215 1464 f.
2224 1433 2265 1461 S.
2281 1437 2310 1466 zu
2324 1433 2424 1468 Rathe,
2439 1444 2500 1463 wel⸗

1430 1455 1487 1489 cher
1500 1455 1556 1492 ihm
1569 1457 1655 1493 dieſes,
1667 1458 1738 1496 nebſt
1750 1460 1834 1493 vielen
1848 1463 1948 1493 andern
1961 1462 2112 1501 Maͤngeln,
2130 1470 2184 1495 und
2196 1475 2381 1503 vornehmlich,
2408 1480 2458 1503 daß
2471 1485 2499 1501 er

1430 1496 1477 1530 ſich
1490 1496 1670 1532 widerſpricht,
1677 1498 1787 1535 ziemlich
1800 1500 1860 1531 derb
1875 1501 2012 1537 vorwirft;
2031 1498 2109 1533 allein
2123 1512 2150 1534 er
2162 1506 2208 1540 hat
2221 1510 2282 1540 dieſe
2290 1511 2381 1538 Stelle
2395 1517 2443 1544 auf
2453 1519 2497 1539 der

1430 1537 1472 1563 158
1480 1532 1522 1564 S.
1531 1533 1599 1566 nicht
1611 1533 1779 1567 verſtanden:
1800 1535 1874 1571 dieſe
1887 1538 1999 1570 Worte
2013 1540 2067 1568 des
2074 1540 2251 1578 Franciscus
2265 1554 2326 1572 von
2333 1550 2433 1575 Sales
2447 1557 2499 1580 zei⸗

1429 1576 1484 1600 gen
1496 1569 1542 1601 die
1550 1568 1723 1605 Schwaͤche
1736 1580 1796 1604 von
1815 1577 1868 1604 des
1876 1573 2066 1612 Erzbiſchofs
2079 1585 2139 1609 von
2153 1581 2308 1621 Cambray
2317 1586 2498 1619 Theologie:

1428 1594 1471 1633 Er
1482 1600 1613 1639 uͤberſetzet
1625 1602 1656 1639 ſie
1670 1603 1744 1639 alſo:
1771 1604 1837 1633 haec
1850 1611 1937 1634 verba
1950 1613 2104 1647 monſtrant
2116 1620 2197 1651 nobis
2210 1623 2367 1657 Amentiam
2382 1631 2498 1667 Archie-

1427 1638 1538 1682 piſcopi
1549 1639 1751 1687 Cameracenſis;
1774 1656 1801 1676 er
1814 1647 1885 1684 haͤtte
1898 1648 2035 1686 uͤberſetzen
2048 1651 2140 1687 ſollen:
2161 1657 2227 1683 haec
2242 1661 2326 1682 verba
2341 1667 2497 1686 monſtrant

1427 1680 1511 1709 nobis
1531 1680 1624 1711 locum
1639 1682 1760 1714 debilem
1772 1684 1951 1722 Theologiae
1964 1687 2175 1727 Archiepiſcopi
2190 1694 2398 1722 Cameracentis.
2456 1705 2498 1726 Es

1426 1719 1458 1749 iſt
1468 1721 1510 1750 ein
1524 1721 1616 1755 großer
1629 1720 1791 1758 Unterſchied
1811 1728 1888 1755 unter
1908 1726 1952 1755 der
1973 1724 2108 1764 Narrheit
2124 1732 2197 1758 eines
2216 1733 2360 1765 Mannes,
2378 1741 2430 1761 und
2452 1745 2496 1763 der

1426 1749 1576 1795 Schwaͤche
1589 1756 1667 1793 ſeiner
1678 1757 1782 1797 Lehren.

1465 1820 1510 1850 (E)
1531 1820 1621 1852 Man
1633 1818 1710 1853 will,
1717 1821 1780 1856 daß
1795 1830 1826 1853 er
1833 1822 1974 1855 Wunder
1987 1823 2096 1868 gethan
2108 1823 2196 1859 habe,
2208 1831 2270 1857 und
2284 1836 2356 1859 man
2370 1831 2423 1864 hat
2437 1837 2496 1868 ſich

1427 1853 1575 1889 bemuͤhet,
1581 1857 1635 1891 ihn
1646 1858 1699 1894 fuͤr
1713 1857 1780 1895 ſelig
1792 1855 1924 1893 erklaͤren
1938 1869 1974 1897 zu
1987 1862 2098 1899 laſſen.]
2135 1868 2230 1899 Dieſes
2244 1873 2309 1897 wird
2324 1878 2388 1897 man
2404 1883 2431 1898 in
2445 1880 2494 1905 fol⸗

1429 1894 1528 1929 genden
1542 1893 1657 1927 Worten
1670 1896 1779 1932 finden;
1805 1899 1887 1928 Plura
1902 1900 1935 1927 de
1950 1900 2014 1929 Vita
2029 1907 2056 1929 et
2071 1904 2215 1931 Miraculis
2229 1910 2315 1933 ſancti
2331 1913 2414 1933 huius
2427 1918 2493 1940 viri,

1429 1928 1490 1958 poſt
1496 1929 1734 1967 Henr.
1596 1926 1608 1962 a
1621 1930 1734 1967 Pomerio,
1759 1932 1851 1961 Marcus
1869 1931 2019 1974 Maſtelinus,
2028 1938 2151 1964 eiusdem
2168 1943 2223 1966 loci
2231 1946 2391 1976 Religioſus.
2400 1954 2428 1967 in
2444 1955 2493 1970 ſuo

1426 1956 1603 2000 Necrologio
1610 1965 1713 1994 Viridis
1721 1968 1806 1997 Vallis
1820 1968 1868 1997 lib.
1877 1969 1916 2003 II,
1923 1972 2008 2005 cap.
1995 1973 2009 2011 I.
2018 1978 2045 1997 et
2059 1976 2131 2008 ſeqq.
2147 1979 2289 2010 Deſcripſit
2304 1990 2329 2001 et
2344 1987 2404 2005 acta
2412 1991 2495 2006 Vitae

1426 2003 1550 2032 eiusdem
1560 2006 1668 2034 Thomas
1679 2007 1713 2032 de
1718 2004 1785 2041 Ieſu,
1792 2006 1944 2037 Carmelita
1959 2011 2135 2046 excalceatus,
2150 2016 2292 2049 Gregorio
2306 2022 2359 2043 XV
2373 2029 2426 2051 pro
2441 2029 2493 2044 ob-

1423 2038 1538 2069 tinenda
1551 2040 1626 2070 illius
1639 2042 1841 2074 beatificatione
1855 2044 2032 2082 praeſentata.
2069 2050 2129 2077 Val.
2137 2054 2225 2079 Andr.
2238 2057 2308 2079 Bibl.
2316 2058 2389 2088 Belg.
2405 2068 2430 2087 p.
2438 2069 2494 2085 557.

1461 2103 1523 2140 (F)
1542 2103 1605 2142 Jch
1618 2101 1685 2136 will
1697 2109 1749 2137 des
1762 2105 1895 2140 Moreri
1916 2109 1978 2139 und
1998 2110 2054 2140 des
2067 2108 2220 2146 Urhebers
2243 2122 2303 2142 von
2315 2122 2372 2142 den
2385 2122 2492 2152 Verſu⸗

1423 2138 1493 2171 chen
1505 2143 1555 2170 der
1569 2140 1740 2173 Litteratur
1752 2140 1858 2180 Fehler
1873 2145 2034 2183 anzeigen.]
2070 2150 2090 2175 I.
2112 2152 2207 2179 Sollte
2220 2159 2246 2179 er
2260 2161 2329 2185 nicht
2345 2161 2428 2186 ſagen,
2442 2167 2494 2189 daß

1424 2182 1473 2211 das
1487 2180 1565 2214 Dorf
1570 2180 1761 2216 Ruisbroeck
1775 2191 1810 2215 an
1824 2187 1867 2214 der
1876 2185 2016 2218 Sambre
2030 2188 2062 2218 in
2075 2187 2223 2220 Brabant
2236 2195 2304 2227 liegt.
2345 2197 2386 2223 Es
2400 2203 2492 2225 wuͤrde

1421 2217 1477 2253 ſehr
1488 2219 1539 2250 viel
1547 2216 1640 2253 Muͤhe
1652 2221 1788 2257 koſten,
1771 2218 1801 2255 an
1802 2224 1860 2252 dem
1867 2222 1932 2260 Ufer
1945 2226 1988 2255 der
1997 2223 2123 2258 Sambre
2136 2230 2176 2256 ein
2191 2233 2301 2264 einziges
2308 2234 2388 2265 Dorf
2400 2241 2429 2265 zu
2442 2244 2493 2267 fin⸗

1423 2257 1482 2288 den,
1490 2258 1538 2286 das
1552 2265 1582 2292 zu
1591 2257 1721 2290 Brabant
1733 2258 1853 2297 gehoͤrte;
1875 2261 1952 2291 allein
1966 2262 2100 2298 allenfalls
2114 2266 2203 2295 wuͤrde
2215 2270 2292 2302 dieſes
2307 2275 2351 2297 des
2368 2275 2492 2301 Rusbro⸗

1422 2293 1494 2325 chius
1507 2293 1674 2326 Vaterlande
1685 2295 1755 2330 nicht
1767 2297 1929 2335 zukommen.
1965 2299 2007 2331 Es
2020 2301 2050 2337 iſt
2064 2309 2099 2331 an
2112 2303 2170 2332 dem
2185 2305 2250 2339 Ufer
2264 2310 2307 2334 der
2321 2310 2420 2336 Senne
2433 2320 2493 2342 zwi⸗

1422 2332 1490 2366 ſchen
1506 2330 1614 2366 Bruͤſſel
1629 2334 1682 2363 und
1691 2332 1758 2368 Hall
1776 2333 1889 2372 gelegen.
1928 2336 2060 2370 Valerius
2074 2338 2197 2370 Andreas
2212 2346 2265 2371 und
2280 2346 2317 2379 P.
2327 2349 2416 2376 Labbe,
2431 2358 2493 2375 wel⸗

1421 2368 1463 2403 che
1475 2372 1521 2400 des
1533 2369 1643 2402 Moreri
1656 2371 1813 2408 Urſchriften
1826 2380 1854 2403 in
1868 2372 1957 2408 dieſem
1971 2374 2069 2408 Artikel
2084 2379 2196 2414 geweſen
2210 2382 2281 2415 ſind,
2296 2387 2426 2410 bemerken
2442 2394 2493 2413 die⸗

1421 2406 1459 2441 ſes
1474 2407 1523 2437 mit
1537 2405 1676 2444 deutlichen
1690 2408 1813 2442 Worten.
1870 2411 1932 2444 Wie
1947 2411 1992 2449 hat
2005 2420 2032 2442 er
2045 2415 2113 2443 denn
2127 2417 2237 2452 glauben
2251 2421 2368 2448 koͤnnen,
2385 2429 2434 2452 daß
2448 2433 2491 2450 ein

1420 2443 1541 2480 zwiſchen
1554 2444 1634 2480 dieſen
1645 2453 1735 2484 zwoen
1748 2446 1873 2480 Staͤdten
1886 2447 2018 2486 gelegener
2029 2450 2092 2483 Ort,
2106 2460 2141 2482 an
2155 2455 2198 2482 der
2211 2457 2334 2486 Sambre
2349 2462 2407 2490 ſey?
2449 2468 2490 2490 II.

1421 2480 1514 2514 Wenn
1525 2489 1589 2511 man
1603 2482 1679 2518 ſaget,
1688 2485 1737 2520 daß
1745 2483 1930 2521 Rusbrochius
1944 2484 2114 2527 anfaͤnglich
2123 2490 2252 2528 Prieſter
2266 2500 2328 2521 und
2342 2500 2490 2525 Vicarius

1420 2526 1483 2548 von
1494 2522 1547 2549 der
1558 2519 1670 2553 Kirche
1684 2525 1739 2553 der
1751 2522 1821 2557 heil.
1838 2522 1967 2557 Gudula
1980 2527 2136 2565 geweſen;
2173 2536 2196 2571 ſo
2219 2540 2321 2569 wendet
2339 2546 2404 2570 man
2419 2544 2491 2578 nicht

1419 2555 1650 2594 Aufmerkſamkeit
1663 2565 1748 2595 genug
1763 2559 1811 2596 auf
1824 2561 1964 2598 diejenigen
1972 2556 2067 2595 Worte
2080 2565 2124 2593 des
2132 2567 2279 2602 Originals,
2288 2575 2324 2598 die
2337 2579 2401 2598 man
2417 2578 2491 2601 uͤber⸗

1419 2595 1495 2628 ſenen
1526 2595 1596 2628 will,
1619 2596 1673 2626 fuit
1692 2598 1786 2632 primo
1807 2600 1938 2630 Eccleſiae
1958 2603 1991 2632 D.
2005 2602 2122 2633 Gudilae
2143 2606 2269 2633 Vicarius
2288 2614 2315 2634 et
2333 2614 2488 2641 Presbyter.

1419 2620 1563 2666 (Ebendaſ.
1576 2638 1620 2663 555
1633 2630 1697 2666 S.)
1737 2630 1792 2667 Jch
1808 2631 1911 2670 glaube,
1923 2633 1956 2670 ſie
1967 2635 2099 2669 bedeuten,
2113 2642 2163 2671 daß
2174 2646 2201 2666 er
2214 2646 2277 2670 nach
2291 2652 2344 2668 und
2360 2654 2423 2677 nach
2435 2654 2488 2674 Vi⸗

1417 2666 1507 2696 carius
1521 2669 1573 2698 und
1580 2667 1698 2704 Pfarrer
1710 2669 1756 2705 bey
1771 2672 1814 2701 der
1824 2670 1917 2707 Kirche
1929 2674 1973 2702 der
1987 2674 2045 2711 heil.
2054 2677 2167 2706 Gudula
2181 2684 2311 2712 geweſen;
2331 2688 2408 2711 denn,
2422 2694 2487 2715 nach

1417 2707 1531 2736 meinem
1537 2706 1686 2739 Beduͤnken
1697 2707 1769 2739 waͤre
1781 2714 1810 2740 es
1823 2710 1967 2748 unnuͤtzlich
1979 2714 2100 2750 geweſen,
2108 2721 2138 2751 zu
2151 2717 2291 2751 bemerken,
2305 2726 2355 2752 daß
2369 2730 2395 2747 er
2408 2734 2487 2750 unter

1418 2741 1571 2781 waͤhrender
1585 2743 1659 2782 Zeit,
1671 2747 1704 2776 da
1716 2756 1743 2778 er
1756 2747 1886 2781 Vicarius
1901 2749 1970 2781 einer
1983 2749 2205 2789 Parochialkirche
2219 2760 2341 2792 geweſen,
2366 2764 2487 2793 Prieſter

1416 2779 1537 2817 geweſen.
1586 2782 1731 2819 Allenfalls
1743 2785 1790 2818 hat
1803 2787 1913 2820 Moreri
1929 2790 1975 2819 des
1988 2788 2172 2825 Rusbrochius
2188 2799 2274 2827 zween
2287 2799 2358 2823 Titel
2371 2805 2416 2829 zur
2428 2805 2485 2825 Un⸗

1417 2818 1466 2852 zeit
1479 2818 1660 2855 verſetzet,
1629 2815 1675 2855 und
1673 2823 1730 2852 dem
1738 2822 1868 2855 Valerius
1881 2825 2015 2858 Andreas,
2030 2827 2077 2856 den
2090 2834 2117 2855 er
2131 2829 2329 2865 abgeſchrieben,
2343 2841 2402 2866 zum
2417 2841 2486 2863 Tro⸗

1415 2860 1460 2888 tze,
1466 2860 1515 2888 den
1522 2858 1640 2893 Prieſter
1652 2867 1702 2889 vor
1714 2862 1763 2891 den
1769 2861 1900 2894 Vicarius
1912 2862 2010 2898 geſetzet.
2056 2866 2099 2896 III.
2107 2865 2213 2898 Kennet
2223 2873 2289 2897 man
2302 2873 2351 2898 das
2358 2876 2486 2903 Kloſter

1414 2893 1557 2926 Val⸗vert
1568 2896 1595 2925 in
1608 2896 1651 2926 der
1665 2896 1869 2934 Nachbarſchaft
1880 2908 1933 2930 von
1947 2892 2056 2938 Bruͤſſel
2071 2902 2152 2935 nicht:
2178 2906 2323 2941 dasjenige,
2350 2916 2392 2935 wo
2407 2915 2486 2937 Rus⸗

1415 2931 1537 2964 brochius
1547 2933 1633 2967 Prior
1646 2933 1777 2971 geweſen,
1797 2936 1867 2972 heißt
1878 2937 2048 2972 Groendal.
2088 2940 2218 2974 Valerius
2233 2944 2354 2973 Andreas
2367 2953 2433 2979 giebt
2450 2957 2483 2976 es

1415 2968 1552 3002 Lateiniſch
1567 2971 1643 3006 durch
1657 2972 1881 3009 Viridis-Vallis;
1919 2975 1996 3006 allein
2013 2977 2121 3008 Moreri
2136 2978 2207 3014 haͤtte
2221 2983 2298 3014 dieſes
2311 2985 2399 3012 Latein
2414 2992 2483 3018 nicht

1414 3003 1574 3043 Franzoͤſiſch
1587 3007 1684 3043 geben,
1696 3007 1805 3043 ſondern
1818 3012 1866 3040 den
1879 3011 2071 3050 gewoͤhnlichen
2085 3013 2199 3047 Namen
2213 3020 2289 3050 dieſes
2303 3024 2423 3054 Kloſters
2441 3030 2480 3051 be⸗

1414 3044 1504 3079 halten
1517 3045 1593 3078 ſollen
1639 3048 1692 3076 Du
1700 3048 1761 3082 Pin
1774 3047 1819 3084 hat
1833 3050 1922 3081 keinen
1933 3049 2035 3082 Grund
2047 3059 2077 3089 zu
2093 3052 2166 3088 ſagen
2179 3057 2280 3089 gehabt,
2295 3062 2344 3091 daß
2358 3062 2483 3090 Rusbro⸗

1414 3080 1486 3116 chius
1493 3080 1578 3114 Prior
1592 3085 1644 3113 des
1651 3083 1793 3119 Kloſters
1807 3089 1859 3115 der
1874 3082 2031 3124 regulaͤren
2044 3088 2236 3125 Chorherren
2250 3099 2310 3121 von
2319 3099 2436 3124 Wavre
2451 3104 2482 3125 in

1411 3121 1482 3150 dem
1493 3118 1604 3151 Walde
1616 3128 1677 3152 von
1689 3120 1842 3159 Soignies
1853 3123 1993 3161 geweſen.
2031 3126 2179 3163 (Biblioth.
2208 3131 2278 3158 Tom.
2294 3136 2334 3163 XI,
2355 3143 2359 3165 p
2377 3143 2412 3157 m.
2422 3143 2481 3164 84.)

1413 3157 1500 3189 Denn
1515 3157 1616 3189 Wavre
1627 3159 1657 3195 iſt
1670 3160 1738 3193 nicht
1752 3167 1779 3190 in
1793 3161 1882 3197 dieſem
1897 3162 2010 3199 Walde,
2032 3164 2085 3195 und
2107 3167 2162 3196 eine
2174 3166 2480 3207 Benedictinerpriorey:

1411 3196 1467 3225 und
1481 3194 1533 3224 alſo
1548 3198 1579 3231 iſt
1585 3195 1772 3230 Rusbrochius
1783 3205 1815 3234 zu
1829 3198 1979 3234 Groendal,
1991 3202 2046 3231 und
2059 3202 2126 3235 nicht
2141 3210 2171 3240 zu
2184 3206 2285 3235 Wavre
2298 3211 2384 3241 Prior
2398 3218 2479 3242 gewe⸗

1412 3230 1462 3266 ſen.
1499 3232 1578 3264 Man
1590 3234 1654 3268 muß
1668 3241 1704 3264 im
1712 3234 1903 3273 Franzoͤſiſchen
1920 3238 1945 3266 la
1954 3239 2038 3268 Foret
2050 3240 2084 3268 de
2092 3240 2206 3277 Soigne,
2221 3246 2280 3271 oder
2296 3251 2340 3270 des
2353 3251 2479 3280 Soignes,

1409 3272 1465 3300 und
1479 3271 1548 3303 nicht
1563 3273 1594 3301 de
1599 3272 1731 3308 Soignien
1743 3273 1884 3310 ſagen,
1851 3270 1896 3309 wie
1892 3276 2001 3309 Moreri
2014 3277 2109 3315 gethan
2124 3280 2180 3316 hat.
2217 3283 2250 3310 V.
2263 3283 2312 3319 Jſt
2327 3284 2479 3320 Dionyſius

1411 3308 1456 3336 der
1463 3305 1625 3342 Karthaͤuſer
1638 3308 1706 3344 nicht
1719 3311 1745 3340 in
1764 3311 1805 3341 der
1821 3310 1877 3347 Zahl
1890 3312 2043 3349 derjenigen,
2052 3309 2144 3351 welche
2158 3316 2314 3352 Rusbrochs
2322 3324 2416 3350 Werke
2433 3332 2478 3350 ins

1408 3344 1561 3378 Lateiniſche
1575 3344 1706 3382 uͤberſetzet
1719 3348 1808 3383 haben.
1848 3352 1905 3381 VI.
1930 3351 2071 3389 Rusbroch
2084 3352 2115 3389 iſt
2127 3354 2183 3388 acht
2196 3358 2249 3384 und
2263 3360 2357 3391 achtzig
2371 3364 2477 3394 Jahre,

1409 3383 1464 3411 und
1476 3382 1546 3416 nicht
1558 3383 1624 3416 acht
1636 3387 1699 3415 und
1712 3385 1822 3425 vierzig
1835 3385 1937 3425 Jahre
1950 3389 1987 3420 alt
2000 3389 2138 3429 geſtorben.
2183 3393 2275 3428 Dieſer
2289 3397 2381 3432 Fehler
2395 3402 2478 3434 findet

1408 3419 1456 3450 ſich
1469 3420 1495 3447 in
1510 3421 1553 3450 der
1567 3419 1664 3457 pariſer
1677 3420 1802 3459 Ausgabe
1816 3431 1869 3454 von
1884 3424 1965 3460 1699,
1977 3424 2037 3456 aber
2052 3427 2121 3457 nicht
2136 3429 2162 3458 in
2176 3432 2224 3458 den
2238 3434 2474 3466 vorhergehenden.

1407 3460 1473 3490 VII.
1492 3459 1598 3494 Anſtatt
1612 3462 1657 3492 des
1669 3461 1792 3495 Marcus
1805 3463 1938 3500 Maſtelin
1953 3465 1979 3496 in
1988 3466 2082 3496 Necro
2091 3466 2196 3497 Viridis
2205 3470 2289 3499 Vallis
2304 3477 2476 3508 anzufuͤhren,

1407 3492 1480 3527 haͤtte
1493 3503 1519 3525 er
1548 3489 1580 3527 in
1576 3495 1752 3532 Necrologio
1767 3498 1870 3529 Viridis
1884 3500 1969 3530 Vallis
1982 3500 2112 3538 anfuͤhren
2128 3505 2212 3538 ſollen.
2253 3510 2327 3535 VIII.
2349 3515 2433 3542 Haͤtte
2448 3522 2476 3537 er

1406 3535 1452 3563 des
1466 3535 1618 3571 Dionyſius
1633 3539 1678 3565 des
1693 3535 1870 3574 Karthaͤuſers
1885 3541 1911 3571 II
1925 3541 1968 3572 B.
1985 3551 2008 3575 13
2021 3540 2080 3573 Art.
2097 3541 2130 3571 de
2142 3543 2232 3573 Donis
2247 3547 2363 3582 Spiritus
2373 3553 2474 3583 Sancti,

1405 3573 1460 3602 und
1474 3572 1541 3609 nicht
1553 3576 1602 3605 das
1614 3574 1694 3610 IB.3
1702 3574 1761 3607 Art.
1775 3574 1905 3614 anfuͤhren
1918 3576 2004 3614 ſollen.

1441 3618 1506 3651 Der
1519 3618 1715 3658 Ungenannte,
1731 3621 1837 3655 welcher
1851 3622 1886 3653 im
1899 3621 2069 3661 Heumonate
2082 3634 2144 3662 1702
2158 3627 2244 3663 Eſſays
2259 3627 2293 3657 de
2304 3630 2471 3662 Litterature

1404 3664 1478 3685 pour
1489 3655 1515 3684 la
1529 3657 1718 3689 connoiſſance
1731 3660 1777 3690 des
1792 3661 1899 3698 Livres,
1924 3669 1954 3698 zu
1973 3662 2060 3699 Paris
2074 3664 2282 3704 herauszugeben
2297 3676 2472 3704 angefangen,

1404 3683 1453 3725 hat
1466 3695 1514 3723 den
1521 3692 1622 3725 Artikel
1630 3694 1815 3732 Rusbrochius
1830 3703 1857 3725 in
1872 3699 1920 3728 den
1928 3697 2075 3734 Verſuchen
2090 3707 2150 3730 vom
2159 3705 2375 3734 Wintermonate
2388 3715 2470 3741 deſſel⸗

1404 3733 1452 3766 ben
1466 3732 1585 3771 Jahres,
1598 3745 1637 3770 132
1651 3744 1677 3769 u.
1693 3737 1711 3774 f.
1726 3737 1768 3770 S.
1783 3738 1900 3776 gegeben.
1939 3740 1979 3773 Es
1994 3743 2023 3779 iſt
2038 3743 2087 3778 faſt
2099 3743 2191 3779 nichts,
2203 3746 2245 3774 als
2263 3752 2316 3775 eine
2331 3751 2470 3782 Umſchrei⸗

1403 3770 1474 3801 bung
1486 3774 1531 3805 des
1538 3774 1665 3807 Moreri:
1685 3783 1712 3807 er
1725 3775 1755 3812 iſt
1768 3776 1795 3808 in
1810 3778 1848 3806 die
1860 3777 1940 3815 erſten
1957 3779 2021 3814 ſechs
2036 3779 2126 3817 Fehler
2141 3782 2261 3818 gefallen,
2275 3787 2313 3813 die
2325 3790 2359 3818 ich
2375 3790 2470 3815 bemer⸗

1402 3807 1442 3838 ket
1455 3801 1535 3843 habe,
1549 3809 1603 3839 und
1616 3809 1662 3846 hat
1676 3809 1737 3847 noch
1751 3812 1830 3842 andre
1842 3812 1906 3848 dazu
1920 3813 2030 3850 geſetzet,
2044 3817 2082 3845 die
2095 3817 2149 3851 ſehr
2163 3822 2226 3853 grob
2239 3822 2301 3854 ſind.
2339 3828 2359 3850 I.
2379 3829 2418 3851 Er
2433 3829 2469 3855 ſa⸗

1402 3852 1454 3879 get,
1461 3850 1510 3880 daß
1526 3851 1572 3880 des
1578 3850 1762 3887 Rusbrochius
1769 3853 1862 3886 Werke
1871 3848 1930 3887 1552
1934 3855 1986 3885 und
1998 3856 2062 3892 1609
2069 3863 2098 3892 zu
2107 3856 2184 3889 Coͤlln
2197 3860 2223 3889 in
2237 3859 2331 3890 Quart
2345 3867 2469 3897 gedruckt,

1401 3876 1464 3916 ſind.
1503 3882 1579 3919 Dieß
1593 3884 1623 3921 iſt
1636 3892 1688 3915 nur
1700 3892 1753 3915 von
1766 3888 1810 3916 der
1822 3886 1946 3920 Ausgabe
1959 3890 2024 3924 1609
2038 3892 2130 3925 wahr;
2154 3896 2193 3921 die
2207 3899 2286 3922 andre
2300 3899 2329 3929 iſt
2342 3903 2367 3924 in
2381 3901 2466 3930 Folio.

1401 3923 1439 3952 II.
1458 3924 1497 3956 Er
1511 3924 1578 3955 weis
1591 3925 1629 3955 die
1644 3917 1788 3962 coͤllniſche
1803 3921 1905 3966 Ausgabe
1921 3934 1974 3958 von
1988 3930 2048 3964 1692
2064 3930 2139 3967 nicht.
2178 3933 2226 3961 III.
2240 3934 2333 3969 Saget
2347 3941 2381 3966 er,
2396 3946 2467 3965 man

1401 3959 1480 3994 habe
1494 3960 1645 3998 bemerket,
1659 3964 1709 3999 daß
1715 3964 1820 4001 Gerſon
1833 3966 1930 3997 wider
1943 3967 2034 4005 dieſen
2042 3968 2289 4008 Schriftſtellerſo
2302 3975 2467 4009 eingenom⸗

1401 4003 1469 4027 men
1490 3996 1633 4035 geweſen,
1656 4001 1718 4036 daß
1731 4009 1762 4031 er
1775 4002 1853 4033 nicht
1868 4002 1979 4035 einmal
1991 4012 2053 4035 von
2068 4005 2133 4038 ihm
2153 4007 2228 4040 habe
2250 4012 2360 4040 koͤnnen
2378 4018 2466 4040 reden

1401 4033 1506 4067 hoͤren.
1543 4037 1597 4068 Du
1613 4038 1674 4072 Pin
1688 4038 1814 4074 hingegen
1828 4040 1970 4077 verſichert,
1996 4044 2046 4079 daß
2059 4042 2164 4080 Gerſon
2176 4047 2327 4081 folgendes
2340 4052 2465 4079 bekannt

1400 4071 1492 4105 habe,
1508 4081 1578 4105 man
1591 4074 1681 4107 koͤnne
1695 4082 1749 4108 den
1764 4076 1904 4111 Rusbroch
1918 4079 2143 4119 entſchuldigen.
2198 4080 2292 4121 (Bibl.
2306 4087 2394 4116 Tom.
2409 4091 2466 4122 XI,

1400 4120 1428 4144 p.
1436 4115 1490 4146 84.)
1525 4116 1576 4146 IV.
1596 4117 1658 4147 Der
1672 4116 1851 4153 Ungenannte
1863 4119 1936 4153 will,
1949 4121 1998 4156 daß
2011 4129 2052 4152 ein
2064 4115 2180 4158 Johann
2196 4123 2321 4156 Rusbach
2336 4128 2463 4161 geweſen,

1400 4148 1506 4180 welcher
1520 4151 1570 4181 mit
1584 4152 1640 4182 dem
1654 4150 1771 4188 Johann
1784 4154 1925 4189 Rusbroch
1947 4160 2096 4190 vermenget
2116 4159 2229 4188 worden.
2268 4162 2307 4191 Er
2328 4165 2396 4194 giebt
2415 4168 2465 4191 die⸗

1398 4186 1449 4221 ſem
1458 4187 1577 4223 Johann
1584 4187 1711 4225 Rusbach
1724 4190 1841 4227 folgende
1848 4190 1972 4228 Buͤcher:
1994 4189 2144 4224 Tractatus
2159 4194 2192 4223 de
2205 4200 2359 4233 praecipuis
2374 4207 2463 4226 virtu-

1397 4220 1481 4252 tibus.
1519 4222 1605 4252 Liber
1617 4224 1651 4252 de
1662 4224 1717 4254 fide
1730 4232 1756 4253 et
1770 4225 1883 4255 iudicio.
1928 4228 1970 4256 De
1983 4234 2101 4258 quatuor
2117 4234 2323 4260 tentationibus.
2369 4238 2409 4262 De
2424 4242 2461 4262 ſe-

1396 4261 1472 4296 pterm
1487 4261 1623 4293 cuſtodiis.
1666 4264 1709 4293 De
1722 4263 1822 4300 ſeptem
1837 4262 1965 4300 gradibus
1978 4260 2089 4296 amoris.
2149 4269 2190 4296 Deo
2204 4271 2376 4307 perfectione
2392 4276 2461 4302 filio-

1396 4303 1461 4323 rum
1468 4296 1532 4325 Dei,
1568 4298 1696 4330 Regnum
1708 4299 1862 4331 amantium
1869 4302 1970 4332 Deum.
1997 4303 2040 4333 De
2052 4313 2118 4335 vera
2132 4309 2372 4345 contemplatione.
2397 4315 2458 4346 Epi-

1603 4341 1638 4359 P

2377 4356 2460 4387 ſtolae
