1683 2526
503 475 559 509 ler
584 476 641 509 den
669 474 786 509 Grund
812 471 910 514 gelegt
932 474 1028 514 „daß
1056 477 1103 509 die
1122 475 1322 517 Reitzbarkeit
1345 475 1411 512 eine
1439 482 1493 510 ur⸗

503 523 698 566 ſpruͤngliche
729 523 881 566 thieriſche
906 527 1084 564 bewegende
1107 525 1205 568 Kraft
1232 525 1316 569 ſeye,
1360 528 1408 563 die
1433 530 1488 563 der

502 579 717 623 Muskelfaſer
729 584 815 622 eigen
834 580 926 617 waͤre.

528 633 693 668 Wenn
713 639 785 666 man
808 630 947 673 erweiſen
969 633 1049 669 will,
1071 634 1130 674 daß
1146 636 1193 670 die
1211 633 1420 674 Muskelfaſer
1435 636 1490 677 fuͤr

500 696 561 740 ſich
588 697 653 731 eine
670 697 866 739 angebohrne
886 697 1038 737 thieriſche
1055 698 1235 740 bewegende
1256 697 1353 739 Kraft
1372 700 1490 742 beſitze,

502 752 533 791 ſo
552 750 623 792 muß
642 761 714 786 man
732 753 879 794 darthun,
897 754 957 794 daß
971 755 1009 797 ſie
1027 752 1151 796 dieſelbe
1169 756 1247 796 ohne
1265 754 1342 790 alles
1361 753 1490 797 Zuthun

503 815 567 846 und
595 813 673 853 ohne
701 814 780 848 allen
807 814 964 856 Beyſtand
988 819 1100 849 andrer
1122 815 1291 856 thieriſcher
1305 815 1515 858 Maſchinen

501 869 566 899 und
587 863 700 907 Kraͤfte
726 863 759 900 in
780 866 933 905 Wirkung
960 864 1046 907 ſetzen
1069 867 1175 902 koͤnne.
1241 869 1322 902 Eine
1342 864 1490 910 moͤgliche

490 917 562 957 Art
579 921 644 956 dies
665 928 701 962 zu
720 919 861 959 erweiſen
881 920 983 969 waͤre,
1007 923 1067 959 daß
1083 931 1156 957 man
1174 921 1262 958 einen
1279 923 1409 961 Muskel
1425 930 1490 959 von

499 977 582 1012 allen
598 977 723 1013 Nerven
742 980 887 1012 trennte,
933 981 997 1011 und
1011 976 1100 1010 dann
1116 980 1187 1018 doch
1204 981 1279 1017 noch
1298 982 1363 1012 eine
1381 979 1489 1020 thieri⸗

500 1028 561 1067 ſche
584 1027 765 1066 bewegende
783 1023 881 1069 Kraft
904 1026 939 1060 in
961 1025 1026 1067 ihm
1050 1026 1156 1068 zeigte.
1213 1017 1255 1062 Da
1302 1027 1377 1062 aber
1405 1029 1489 1071 jeder

499 1086 631 1119 Muskel
649 1086 727 1121 ſeine
744 1084 872 1118 Nerven
891 1082 967 1123 hat,
991 1084 1037 1117 die
1064 1084 1096 1117 in
1113 1080 1167 1124 ihn
1184 1082 1394 1125 eindringen,
1420 1085 1487 1119 und

499 1145 554 1182 ſich
576 1143 652 1178 aufs
674 1141 831 1178 innigſte,
875 1141 907 1181 ja
939 1135 1098 1181 dergeſtalt
1127 1140 1185 1175 mit
1204 1141 1267 1184 ihm
1291 1131 1486 1181 vereinigen,

496 1194 558 1241 daß
583 1202 656 1240 noch
680 1204 825 1236 niemand
845 1203 909 1245 ihre
933 1204 1132 1246 Zertheilung
1154 1205 1198 1240 im
1223 1207 1354 1242 Muskel
1370 1204 1422 1241 bis
1442 1212 1487 1241 an

498 1263 547 1303 ihr
565 1262 651 1298 Ende
666 1261 721 1301 hat
738 1260 895 1303 verfolgen
915 1261 1058 1298 koͤnnen,
1104 1260 1251 1303 vielmehr
1279 1262 1358 1310 jene
1374 1262 1426 1306 ſich
1451 1263 1487 1299 in

499 1316 609 1365 dieſem
630 1314 764 1359 gaͤnzlich
787 1319 955 1354 verlieren,
1000 1322 1064 1352 und
1087 1319 1245 1360 gleichſam
1267 1321 1326 1354 mit
1347 1321 1413 1360 ihm
1433 1321 1487 1356 ein

489 1374 629 1413 Ganzes
648 1377 789 1408 werden;
806 1367 848 1417 ſo
890 1375 925 1412 iſt
949 1376 984 1406 es
1005 1375 1271 1412 natuͤrlicherweis
1294 1373 1485 1415 unmoͤglich,

489 1424 549 1448 die
572 1420 806 1453 Muskelfaſern
828 1425 890 1447 von
913 1419 1000 1452 ihren
1015 1413 1245 1453 Nervenfaſern
1272 1422 1306 1457 zu
1335 1422 1486 1453 trennen,

500 1467 565 1513 und
585 1478 645 1519 auf
660 1479 753 1521 ſolche
772 1481 872 1518 Weiſe
890 1484 945 1514 den
963 1480 1092 1516 Beweis
1109 1489 1144 1524 zu
1167 1478 1291 1523 fuͤhren.
1379 1482 1486 1521 Wenn

498 1544 573 1569 man
590 1534 652 1574 alſo
668 1533 775 1576 ſaget,
821 1536 856 1571 es
883 1535 1002 1578 behalte
1019 1537 1066 1571 ein
1088 1532 1221 1575 Muskel
1237 1538 1314 1578 ſeine
1330 1527 1485 1579 thieriſche

496 1594 595 1629 Kraft
615 1593 689 1631 auch
706 1591 778 1629 noch
798 1594 857 1632 da,
892 1599 982 1626 wenn
1000 1591 1061 1633 ſein
1078 1593 1182 1631 Nerve
1197 1588 1262 1630 von
1282 1594 1346 1634 ihm
1361 1596 1483 1634 getren⸗

496 1655 550 1682 net
567 1652 719 1684 worden,
764 1648 795 1685 ſo
813 1647 914 1687 muͤßte
934 1658 1005 1682 man
1027 1649 1227 1692 nothwendig
1247 1650 1301 1689 erſt
1318 1647 1483 1689 anzeigen,

498 1709 559 1745 auf
581 1709 654 1741 was
678 1708 736 1745 Art
764 1711 828 1741 und
853 1707 952 1751 Weiſe
978 1717 1052 1743 man
1072 1708 1146 1749 dieſe
1164 1710 1335 1757 Trennung
1356 1707 1484 1748 bewerk⸗

499 1769 625 1812 ſtelliget
639 1767 726 1804 habe.

540 1810 668 1850 Man
681 1815 734 1852 hat
752 1815 808 1846 den
818 1815 965 1854 Nerven,
990 1815 1042 1849 der
1059 1816 1092 1848 in
1113 1817 1201 1850 einen
1210 1815 1341 1851 Muskel
1360 1814 1481 1858 hinein⸗

496 1875 623 1913 dringt,
647 1874 709 1905 und
733 1871 786 1913 ſich
808 1872 960 1908 darinnen
977 1874 1121 1910 verliert,
1149 1871 1391 1915 abgeſchnitten,
1415 1875 1481 1908 und

496 1933 549 1959 der
575 1925 705 1962 Muskel
728 1925 764 1964 iſt
787 1926 920 1964 dennoch
947 1929 1037 1966 durch
1061 1928 1148 1962 einen
1162 1920 1287 1969 aͤuſſern
1303 1926 1387 1969 Reitz
1404 1922 1481 1966 thie⸗

496 1987 566 2022 riſch
587 1986 704 2024 bewegt
721 1987 857 2019 worden.
929 1986 1036 2026 Dieſer
1050 1981 1182 2025 Verſuch
1201 1987 1277 2029 kann
1295 1985 1396 2020 keinen
1416 1984 1481 2021 Be⸗

495 2044 574 2076 weis
598 2041 648 2082 fuͤr
673 2044 719 2075 die
748 2043 996 2084 Halleriſche
1018 2042 1153 2083 Theorie
1181 2041 1379 2085 abgeben—
1400 2046 1482 2079 denn

494 2097 555 2134 daß
577 2097 623 2129 die
648 2094 877 2136 Muskelfaſern
905 2095 958 2138 ſich
983 2093 1056 2130 auch
1078 2096 1151 2136 noch
1170 2097 1243 2138 nach
1261 2099 1328 2132 dem
1349 2093 1482 2136 anſchei⸗

494 2157 612 2188 nenden
635 2153 720 2191 Tode
740 2156 796 2190 des
815 2153 952 2196 Thiers,
997 2154 1069 2198 nach
1089 2154 1141 2193 der
1155 2153 1327 2196 Trennung
1341 2159 1405 2193 von
1421 2156 1479 2193 den
