1613 2300
583 433 758 474 Anton.

261 491 379 535 (Tritt
389 486 527 535 zuruͤcke,
551 486 624 533 ſieht
637 487 693 533 ihn
706 483 948 528 verwundernd,
975 483 1062 518 dann
1073 484 1136 517 mit

313 535 439 578 finſtrer
446 538 561 578 Stirne
568 547 622 580 an,
649 540 715 573 und
711 530 827 578 ſpricht
841 533 968 576 hitzig:)

260 585 357 632 Herr,
381 587 440 621 das
447 582 505 629 ſoll
505 582 552 628 ich
560 580 666 629 thun?
696 584 756 618 das
763 578 950 631 unterſtehen
951 579 998 622 ſie
1005 576 1060 619 ſich
1073 578 1136 613 mir

210 641 426 687 anzutragen?
464 640 551 681 Soll
565 640 611 683 ich
623 639 706 686 ihres
720 636 850 682 gleichen
865 634 1008 673 werden?
1046 633 1135 679 Jch?

209 693 275 740 Jch
283 693 335 740 ſoll
343 693 426 728 eines
433 689 584 729 Mannes
592 688 777 733 Untergang
790 684 969 730 befoͤrdern,
994 687 1044 718 der
1056 681 1136 725 mich

210 737 408 784 unterrichtet
416 737 490 786 hat,
514 741 564 775 der
569 735 649 780 mich
656 735 719 783 aus
722 740 793 771 dem
803 731 936 779 Staube
943 730 1013 784 zog,
1041 733 1090 767 der
1104 735 1136 766 es

211 792 242 839 ſo
251 792 358 834 redlich
382 793 426 827 mit
444 789 495 825 mir
502 793 654 833 gemeynt,
674 791 726 823 der
736 789 779 822 die
791 784 867 824 Liebe
874 788 955 822 eines
963 784 1087 824 Vaters
1094 791 1136 818 an

210 844 293 887 mich
312 840 480 890 bewieſen?
509 840 589 878 Den
607 841 660 886 ſoll
678 841 723 884 ich
737 838 959 886 hintergehen?
989 837 1039 877 Er
1053 834 1137 882 haͤtte

212 891 277 926 mir
290 880 406 925 darum
420 889 467 923 die
478 884 658 930 Handlung
674 885 703 927 ſo
715 884 875 926 gruͤndlich
889 881 1011 927 gelehrt,
1038 881 1140 915 damit

212 938 260 982 ich
274 938 338 983 auf
345 938 445 984 ſeinen
456 937 556 974 Ruin
568 938 654 971 mein
666 934 770 973 Gluͤck
786 929 882 976 bauen
893 933 1030 969 koͤnnte?
1051 933 1139 968 Waͤr

213 995 274 1029 das
280 989 364 1037 mein
373 984 502 1036 Danck,
530 983 590 1027 daß
599 994 629 1022 er
636 990 700 1023 mir
708 983 908 1031 Gelegenheit
915 983 1040 1026 ſchafte,
1065 986 1139 1017 aus⸗

209 1026 344 1080 waͤrtige
350 1024 568 1079 Handlungen
580 1041 619 1076 zu
632 1029 790 1074 beſuchen,
814 1028 871 1066 um
884 1028 960 1064 alles
977 1037 1011 1072 zu
1012 1027 1141 1069 lernen,

215 1086 282 1122 und
290 1092 359 1119 nun
372 1082 477 1119 wollte
489 1072 537 1125 ich
548 1082 632 1117 mein
645 1074 766 1124 Wiſſen
781 1079 877 1112 wider
890 1075 945 1122 ihn
958 1075 1142 1119 anwenden,

215 1138 273 1187 ihn
287 1130 448 1182 verlaſſen,
482 1138 547 1170 und
563 1133 648 1180 wohl
658 1143 715 1177 gar
725 1131 799 1174 ſeine
812 1131 990 1177 Handlung
1005 1138 1048 1164 an
1062 1129 1141 1173 mich

216 1187 370 1234 bringen?
397 1182 468 1234 Sie
474 1185 576 1231 ſollten
583 1186 637 1230 ſich
646 1182 782 1232 ſchaͤmen
791 1190 853 1217 mir
860 1183 946 1218 einen
954 1179 1067 1225 ſolchen
1074 1179 1142 1219 An⸗

218 1245 289 1284 trag
295 1248 332 1286 zu
342 1237 433 1285 thun.
467 1238 585 1282 Nichts
594 1237 631 1281 iſt
639 1232 911 1280 niedertraͤchtiger,
925 1232 975 1268 als
984 1237 1041 1269 das
1048 1233 1144 1278 Laſter

216 1294 270 1329 der
275 1286 553 1331 Undanckbarkeit.
594 1286 662 1327 Sie
669 1284 778 1322 waͤren
783 1284 892 1331 werth,
905 1283 969 1328 daß
976 1282 1020 1322 ich
1028 1283 1065 1326 ſie
1071 1289 1144 1327 zum

217 1340 315 1382 Laden
324 1340 447 1389 hinaus
452 1335 552 1382 ſtieſſe,
578 1343 643 1376 und
652 1337 720 1373 blos
729 1338 774 1372 die
782 1332 1003 1381 Hochachtung
1012 1332 1064 1379 fuͤr
1072 1333 1144 1368 mei⸗

220 1400 281 1429 nen
287 1389 394 1437 Herrn
402 1388 471 1438 haͤlt
477 1388 554 1432 mich
564 1389 668 1425 davon
675 1382 728 1420 ab.
765 1383 833 1430 Jtzt
846 1382 959 1420 wollen
968 1384 1003 1430 ſie
1010 1379 1090 1423 mich
1098 1390 1143 1425 ge⸗

220 1442 374 1488 brauchen
386 1443 450 1490 ihre
463 1439 571 1482 Rache
583 1449 622 1487 zu
636 1437 763 1486 kuͤhlen,
794 1440 861 1473 und
877 1439 964 1473 dann
977 1435 1092 1477 lachten
1106 1435 1144 1480 ſie

220 1498 298 1538 mich
307 1496 382 1536 noch
390 1496 485 1539 darzu
492 1497 567 1531 aus.
605 1492 686 1532 Wer
694 1492 757 1528 eine
765 1483 913 1539 Boßheit
917 1481 1052 1538 begehet,
1056 1480 1100 1537 iſt
1112 1493 1144 1530 zu

223 1549 305 1586 allen
312 1543 415 1594 faͤhig.

558 1600 826 1657 Reichhart.

273 1649 339 1702 Jch
346 1650 424 1701 habe
430 1658 463 1688 es
474 1653 560 1700 nicht
568 1656 601 1702 ſo
608 1655 675 1695 boͤſe
687 1658 847 1705 gemeynt,
870 1660 916 1699 ich
922 1650 999 1694 habe
1005 1658 1069 1690 nur
1075 1649 1149 1688 pruͤ⸗

225 1711 275 1759 fen
283 1710 407 1753 wollen,
433 1708 491 1743 wie
500 1716 530 1742 er
536 1716 628 1753 gegen
637 1706 736 1752 ſeinen
744 1706 850 1750 Herrn
858 1706 976 1750 geſinnt
983 1704 1030 1747 iſt.
1068 1703 1146 1739 Und

225 1763 271 1807 ich
290 1763 355 1802 will
374 1766 408 1798 es
424 1759 491 1808 ihm
512 1769 576 1797 nur
594 1758 702 1805 ſagen,
727 1757 787 1803 ſein
801 1758 884 1804 Herr
904 1758 940 1802 iſt
961 1757 1043 1791 mein
1057 1760 1148 1798 guter

224 1809 370 1857 Freund,
395 1824 427 1851 er
440 1812 495 1860 hat
508 1813 587 1856 mich
600 1813 684 1859 ſelbſt
696 1812 863 1857 angeſtellt.
913 1810 964 1849 Es
978 1808 1033 1854 hat
1047 1808 1149 1848 nichts

226 1874 265 1911 zu
273 1860 428 1902 bedeuten.
455 1861 520 1909 Jch
528 1865 625 1898 werde
633 1862 743 1908 ſeinem
751 1860 854 1899 Herrn
864 1861 910 1894 die
917 1854 1022 1902 groͤßte
1030 1855 1150 1901 Freude

225 1923 289 1953 von
296 1920 348 1953 der
367 1905 444 1957 Welt
449 1906 585 1965 machen,
604 1919 698 1948 wenn
706 1909 750 1952 ich
757 1903 823 1956 ihm
832 1905 955 1960 erzaͤhle,
973 1906 1033 1943 wie
1042 1901 1089 1958 ich
1093 1908 1150 1949 an⸗

225 1961 403 2009 gekommen
418 1961 526 2003 bin.
