1537 2315
294 682 345 717 Pr.
365 681 420 720 Pr.
448 679 536 722 Euer
561 677 605 720 ꝛc.
638 678 757 731 haben,
785 693 848 724 aus
868 675 1071 736 Gelegenheit

182 711 244 760 des
257 719 360 766 wegen
381 728 436 762 des
453 728 685 778 Bahrdtiſchen
712 730 1075 773 Glaubensbekenntniſ⸗

178 779 223 826 ſes
244 790 285 818 an
303 781 349 819 die
367 780 721 833 Reichsverſammlung
739 796 930 835 ergangenen
939 790 1073 835 Kayſer⸗

179 830 277 878 lichen
293 833 662 885 Commißionsdecrets,
699 842 790 877 durch
817 832 866 879 ein
890 841 1072 890 gnaͤdigſtes

174 884 297 934 Decret
312 899 385 931 vom
405 907 433 930 2.
437 888 543 942 Jan.
559 899 642 944 diſes
657 896 789 945 Jahres
802 908 887 944 uns,
913 901 1073 950 unterthaͤ⸗

173 938 522 990 nigſt ⸗ Subſignirten
532 941 720 991 Hoͤchſtdero
732 939 1071 994 geiſt⸗ und weltlichen

173 983 325 1036 Raͤthen,
341 985 543 1047 aufzugeben
559 991 710 1045 geruhet,
729 984 785 1031 ein
817 998 918 1046 wohl⸗
936 998 1069 1045 erwoge⸗

173 1036 234 1081 nes
243 1037 438 1092 gruͤndlich⸗
450 1043 513 1091 und
525 1036 772 1101 hinlaͤngliches,
799 1055 872 1093 doch
898 1054 1070 1102 moͤchlichſt

127 1085 304 1149 kurzes,
318 1086 566 1158 pflichtmaͤßig⸗
584 1103 855 1160 unpartheyiſches
886 1108 1069 1154 Gutachten

169 1150 302 1207 daruͤber
315 1162 352 1201 zu
369 1153 532 1201 erſtatten:

170 1194 249 1252 1.
276 1204 419 1249 Worinn
431 1196 490 1248 die
494 1198 671 1258 dermalige
687 1207 921 1260 Bewegungen
937 1215 968 1251 in
979 1215 1071 1257 Reli⸗

241 1248 491 1305 gionsſachen,
518 1248 681 1306 beſonders
700 1260 734 1299 in
750 1250 801 1300 der
822 1251 1067 1312 Evangeliſchen

236 1297 403 1355 Kirche,
391 1302 597 1361 beſtehen?

177 1349 255 1402 2.
289 1355 346 1400 Was
389 1355 469 1389 man
479 1355 630 1391 neuerlich
651 1367 691 1390 an
710 1361 761 1392 der
780 1359 958 1404 bisherigen
983 1362 1066 1405 Lehr⸗

264 1412 324 1451 art
324 1412 383 1452 der
401 1410 584 1459 chriſtlichen
597 1414 769 1460 Religion,
799 1417 959 1462 beſonders
971 1421 1001 1456 in
1013 1424 1064 1456 der

221 1460 508 1512 Evangeliſchen
526 1466 662 1513 Kirche,
687 1469 872 1518 auszuſezen
896 1474 1002 1514 finde?

159 1511 242 1561 3.
268 1513 348 1557 Wie
363 1504 423 1570 diſe
436 1504 617 1570 Vormuͤrfe
644 1522 715 1557 oder
741 1519 870 1568 Klagen
893 1524 1062 1573 anzuſehen

265 1575 380 1622 ſeyen?

212 1613 255 1668 4.
255 1613 414 1670 Worinn
414 1598 474 1666 die
492 1613 598 1664 Lehren
616 1618 722 1661 derer,
750 1616 780 1659 ſo
802 1617 862 1653 mit
880 1620 960 1664 jener
976 1619 1061 1668 Lehr⸗

259 1680 310 1714 art
328 1672 409 1720 nicht
426 1676 563 1724 zufriden
581 1672 701 1727 ſeynd,
718 1679 881 1731 beſtehen?

210 1736 239 1774 5.
265 1726 357 1778 Was
357 1728 417 1783 auf
422 1727 507 1776 diſe
523 1739 631 1768 neuere
656 1730 791 1782 Lehrſaͤze
807 1743 843 1779 zu
856 1735 958 1783 halten
972 1737 1062 1784 ſeye?

210 1784 241 1814 6.
268 1781 327 1819 wie
343 1783 392 1823 die
405 1772 519 1826 Sache
540 1782 615 1829 nach
633 1787 729 1824 denen
754 1785 1059 1837 Reichsgrundgeſe⸗

255 1844 309 1882 zen
331 1836 498 1887 anzuſehen
514 1839 605 1887 ſeye?

207 1896 240 1929 7.
267 1884 361 1927 Was
360 1886 425 1942 fuͤr
430 1886 562 1936 Folgen
581 1880 645 1928 von
661 1893 742 1940 diſen
758 1891 991 1941 Bewegungen
1020 1904 1059 1942 zu

257 1942 415 1975 erwarten
424 1944 495 1980 oder
509 1947 546 1987 zu
566 1938 739 1988 befuͤrchten
756 1942 866 1989 ſeyen?

206 1990 237 2020 8.
264 1989 339 2028 Ob,
366 1994 424 2021 wie
442 1993 529 2033 fern,
558 1996 638 2020 und
655 1990 736 2031 wie,
772 1997 806 2023 es
835 1989 967 2038 moͤglich
993 1982 1058 2029 und

254 2042 384 2093 raͤthlich
397 2046 489 2100 ſeye,
516 2049 612 2087 denen
636 2048 730 2090 uͤblen
757 2046 878 2099 Folgen
901 2051 1059 2102 vorzubie⸗

203 2101 338 2149 gen?
347 2094 415 2153 und
431 2093 556 2151 endlich

565 2158 610 2195 A
610 2158 649 2195 2

1008 2168 1055 2208 9.
