1506 2252
238 413 421 457 Geſellſchaft
439 418 497 450 und
525 421 588 452 dem
614 418 876 462 Tumultuariſchen
903 427 952 458 der
977 427 1035 462 Ge⸗

208 462 336 505 ſchaͤfte
356 467 478 508 weniger
504 468 639 511 betaͤubt,
671 479 754 506 wenn
785 480 813 504 er
839 476 905 514 auch
932 481 1033 517 unauf⸗

234 522 338 562 hoͤrlich
358 528 386 558 in
409 530 472 562 dem
483 527 575 567 Kreiſe
596 531 695 571 beyder
715 532 899 573 umherlaͤuft.
936 537 1033 571 Wenn

233 590 263 614 er
284 591 364 619 einen
384 586 523 629 ſchaͤrfern
542 591 624 625 Blick
644 592 715 632 hat,
748 594 791 626 die
811 594 911 634 Dinge
938 602 971 634 zu
991 598 1035 629 be⸗

236 631 387 674 obachten:
423 637 450 675 ſo
470 638 576 672 koͤnnen
603 640 662 679 ihm
690 642 846 680 Menſchen
875 647 931 677 und
958 647 1035 681 Vor⸗

233 687 316 728 faͤlle,
342 692 444 732 welche
469 693 516 733 fuͤr
543 697 628 728 andre
648 705 719 735 ganz
746 701 937 732 unbedeutend
965 705 1034 741 ſind,

233 747 312 779 einen
338 749 442 788 reichen
470 751 562 793 Stoff
585 757 634 789 des
659 755 836 794 Unterrichts
866 760 1032 799 darreichen.

230 803 328 838 Wenn
361 814 393 838 er
417 807 478 838 eine
509 809 680 850 vorzuͤgliche
707 811 852 853 Faͤhigkeit
883 823 933 856 zur
959 817 1031 851 Ver⸗

228 857 374 897 knuͤpfung
396 863 444 893 der
454 861 553 900 Jdeen
575 864 676 904 beſitzt:
700 866 725 902 ſo
747 869 820 899 kann
841 877 869 900 er
890 873 954 908 eher
974 880 1029 903 aus

228 913 281 944 den
310 914 476 954 zerſtreuten
502 916 731 959 Belehrungen,
765 924 864 958 welche
892 928 938 957 der
964 928 1029 958 Um⸗

227 973 306 1003 gang
326 968 380 999 mit
395 973 444 1002 der
457 971 539 1007 Welt
556 972 641 1010 giebt,
663 975 707 1007 ein
725 975 910 1016 brauchbares
927 982 1030 1017 Ganze

228 1022 353 1059 machen.
407 1024 478 1056 Und
501 1026 588 1066 daher
614 1026 692 1068 ſehen
723 1029 777 1064 wir
801 1032 867 1069 auch
895 1035 1029 1068 Maͤnner

227 1071 300 1111 ohne
312 1073 364 1107 alle
373 1074 494 1118 gelehrte
504 1078 648 1119 Bildung,
666 1087 748 1114 wenn
762 1083 803 1117 die
815 1084 916 1119 Natur
929 1090 962 1127 ſie
976 1099 1029 1120 mit

226 1131 307 1172 ihren
334 1134 440 1170 Gaben
469 1135 678 1180 ungewoͤhnlich
707 1139 846 1183 freygebig
874 1151 1028 1186 ausgeſtat⸗

226 1196 282 1230 tet,
304 1196 360 1227 und
383 1197 435 1228 das
458 1197 549 1233 Gluͤck
574 1199 607 1239 ſie
633 1198 687 1239 auf
715 1200 794 1235 einen
814 1203 898 1243 Platz
926 1209 1028 1246 geſtellt

224 1240 298 1281 hat,
336 1252 382 1277 wo
415 1245 449 1285 ſie
467 1247 527 1280 als
561 1248 713 1290 Zuſchauer
746 1257 775 1284 in
806 1258 880 1286 einer
905 1264 1027 1295 groͤßern

223 1300 312 1338 Naͤhe
332 1304 386 1335 das
403 1301 575 1343 Schauſpiel
592 1310 642 1337 des
654 1308 906 1350 geſellſchaftlichen
922 1318 1027 1348 Lebens

222 1351 364 1391 anſehen,
385 1354 451 1386 oder
471 1355 518 1388 als
537 1356 695 1398 handelnde
711 1362 861 1400 Perſonen
881 1370 956 1406 ſelbſt
984 1377 1027 1401 die

220 1407 361 1448 Auftritte
382 1411 475 1444 davon
495 1413 547 1445 mit
566 1412 715 1454 auffuͤhren
735 1418 844 1458 helſen,
864 1429 898 1456 zu
918 1430 1023 1458 großen

220 1466 402 1509 moraliſchen
423 1471 481 1504 und
507 1472 665 1515 politiſchen
693 1475 849 1520 Einſichten
875 1484 1023 1521 gelangen.

218 1525 269 1564 Ja
270 1521 303 1567 es
342 1530 374 1568 iſt
394 1529 466 1570 nicht
486 1537 518 1572 zu
541 1530 676 1575 leugnen,
712 1534 766 1574 daß
795 1537 863 1577 dieſe
890 1539 945 1574 Art
975 1547 1022 1577 der

217 1581 375 1621 Weisheit,
408 1582 507 1624 welche
527 1593 597 1626 ganz
627 1589 680 1628 auf
711 1594 770 1622 dem
793 1596 890 1630 eignen
913 1602 1020 1630 Boden

217 1638 268 1668 des
288 1638 465 1680 Menſchen,
496 1642 640 1683 gleichſam
668 1655 696 1677 in
724 1651 816 1686 freyer
843 1656 923 1689 Luft,
955 1661 1019 1690 bloß

215 1699 300 1728 unter
320 1698 381 1729 dem
396 1698 537 1739 Einfluſſe
564 1705 610 1735 der
630 1704 732 1740 Natur
757 1714 815 1738 und
846 1715 892 1739 der
914 1717 1019 1748 Geſell⸗

216 1748 303 1789 ſchaft
323 1750 476 1791 erwachſen
502 1756 551 1793 iſt,
585 1759 666 1788 einen
694 1767 822 1797 gewiſſen
848 1771 1017 1802 eigenthuͤm⸗

214 1803 298 1844 lichen
331 1805 506 1849 Character,
536 1824 574 1835 —
615 1818 758 1852 gleichſam
789 1825 870 1849 einen
910 1827 1016 1856 hoͤhern
