2874 3719
437 600 804 659 Allwiſſenheit
850 604 1081 651 GOttes.

1443 594 1823 649 Allwiſſenheit
1865 599 2097 644 GOttes.

2217 604 2266 641 39

265 670 396 709 bringet
415 669 490 707 her,
514 674 648 710 worauf
661 675 714 709 ihr
731 674 847 711 ſtehet,
864 673 979 712 ſpricht
995 677 1050 703 der
1065 672 1180 712 Koͤnig
1209 680 1241 702 in

265 710 384 747 Jacob.
424 714 530 753 Laſſet
548 718 587 751 ſie
606 719 697 747 herzu
712 721 823 751 treten,
841 719 906 745 und
922 715 1153 753 verkuͤndigen,
1169 723 1240 746 was

264 750 404 794 kuͤnfftig
427 757 477 793 iſt.
520 758 744 794 Verkuͤndiget
770 763 851 791 uns,
877 758 944 786 und
963 746 1122 794 weiſſaget
1138 762 1241 787 etwas

262 801 382 833 zuvor,
415 795 503 836 laſſet
528 806 591 829 uns
621 805 681 828 mit
706 800 819 836 unſern
838 797 969 835 Hertzen
989 799 1112 835 darauf
1124 800 1243 836 achten,

263 841 330 867 und
358 837 508 875 mercken,
541 842 601 869 wie
627 846 660 868 es
686 838 819 876 hernach
838 838 940 878 gehen
960 840 1038 879 ſoll,
1061 844 1138 871 oder
1155 842 1242 880 laſſet

263 887 326 912 uns
345 884 421 919 doch
441 879 552 918 hoͤren,
569 890 640 913 was
656 877 835 922 zukuͤnfftig
860 884 910 921 iſt.
927 883 1150 922 Verkuͤndiget
1168 892 1242 918 uns,

260 922 331 946 was
358 917 492 957 hernach
517 922 663 949 kommen
689 921 792 956 wird,
821 923 851 958 ſo
874 918 993 952 wollen
1014 921 1075 950 wir
1098 917 1243 953 mercken,

259 964 327 1001 daß
344 965 377 1001 ihr
382 963 525 996 Goͤtter
542 966 611 1003 ſeyd
629 972 668 994 ꝛc.
688 962 740 994 Ieſ.
752 972 798 1002 43.
819 974 845 993 v.
858 973 895 993 12.
938 967 1001 1006 Jch
1021 966 1104 1002 habe
1121 975 1154 998 es
1173 974 1242 997 ver⸗

260 1000 435 1043 kuͤndiget,
453 1008 519 1035 und
539 1004 623 1038 habe
638 1003 710 1040 euch
728 1004 909 1046 geholffen,
926 1010 993 1037 und
1016 1006 1099 1043 habe
1118 1014 1150 1038 es
1171 1006 1242 1043 euch

260 1042 351 1082 ſagen
378 1045 495 1084 laſſen,
522 1048 588 1077 und
618 1046 657 1085 iſt
683 1045 751 1078 kein
769 1048 906 1085 fremder
922 1048 1025 1080 GOtt
1049 1052 1143 1081 unter
1161 1047 1243 1085 euch.

258 1087 328 1124 Jhr
345 1090 414 1128 ſeyd
435 1094 535 1120 meine
553 1089 693 1130 Zeugen,
717 1090 830 1130 ſpricht
851 1093 907 1121 der
925 1090 1046 1129 HErr,
1070 1092 1101 1130 ſo
1121 1092 1177 1123 bin
1198 1091 1242 1130 ich

262 1144 406 1172 GOTT.

301 1171 410 1201 Weiß
432 1167 476 1195 ein
500 1169 686 1192 Aſtronomus
715 1168 804 1201 zuvor
826 1162 872 1195 die
888 1162 1071 1197 Soun⸗und
1096 1162 1247 1197 Monden⸗

257 1206 477 1250 Finſternuͤſſen,
493 1212 596 1249 welche
613 1210 685 1249 nach
699 1210 791 1243 vielen
798 1209 916 1249 Jahren
932 1212 1032 1252 folgen
1046 1213 1174 1249 werden,
1185 1212 1244 1248 alſo

258 1251 316 1288 daß
335 1261 364 1284 er
380 1254 415 1292 ſie
434 1253 597 1291 beſchreibet
616 1255 686 1291 nach
706 1252 793 1286 threr
810 1253 885 1289 Zeit,
901 1254 938 1285 da
956 1253 992 1292 ſie
1008 1253 1093 1292 ſollen
1105 1252 1245 1291 erfolgen,

257 1294 318 1322 und
338 1296 408 1333 nach
425 1297 511 1328 ihrer
529 1294 647 1338 Groͤße,
662 1291 760 1338 welche
777 1291 812 1333 ſie
828 1292 922 1333 haben
940 1296 1072 1331 werden;
1094 1293 1179 1333 Weiß
1200 1295 1246 1327 ein

259 1333 398 1374 Gaͤrtner,
414 1339 484 1369 was
495 1338 539 1370 die
548 1336 684 1375 Zwiebel,
700 1335 801 1376 welche
811 1346 839 1370 er
851 1338 881 1370 in
892 1338 936 1372 die
945 1338 1020 1372 Erde
1031 1336 1118 1378 ſteckt,
1135 1338 1189 1371 mit
1199 1340 1243 1370 der

257 1374 321 1413 Zeit
339 1383 392 1409 vor
409 1380 469 1409 eine
487 1380 596 1417 Frucht
612 1379 732 1417 bringen
748 1380 863 1414 werde;
891 1379 960 1413 Wie
976 1379 1043 1419 ſolte
1059 1382 1137 1413 denn
1145 1380 1245 1414 GOtt,

254 1418 345 1458 deſſen
357 1421 466 1459 Wiſſen
488 1419 637 1457 unendlich
657 1419 875 1453 vollkommener
896 1419 941 1459 iſt,
970 1419 1051 1459 nicht
1066 1426 1156 1462 zuvor
1181 1422 1247 1457 wiſ⸗

256 1457 320 1493 ſen,
337 1465 405 1488 was
421 1464 492 1496 noch
508 1462 665 1499 zukuͤnfftig
680 1460 737 1496 iſt?
761 1463 822 1496 wo,
838 1458 895 1490 wie
911 1459 970 1493 und
986 1464 1073 1491 wenn
1091 1459 1124 1490 es
1143 1457 1248 1497 geſche⸗

256 1504 310 1543 hen
325 1509 444 1541 werde?

325 1542 352 1570 §.
366 1546 391 1571 5.
411 1539 591 1576 Sonderlich
623 1537 696 1577 weiß
719 1538 779 1570 und
801 1537 896 1573 kennet
912 1537 1002 1573 GOtt
1034 1543 1084 1571 die
1101 1538 1243 1574 Seinen,

254 1582 299 1615 die
315 1579 366 1622 ihn
392 1584 541 1624 fuͤrchten,
567 1587 625 1616 und
646 1585 747 1618 lieben.
792 1584 859 1624 Diß
888 1583 1034 1625 beſtaͤtiget
1057 1587 1105 1618 der
1128 1584 1243 1623 Apoſtel

254 1632 282 1652 2.
301 1625 434 1655 Timoth.
453 1635 479 1654 2.
502 1634 529 1653 v.
548 1632 592 1662 I9.
614 1631 701 1659 wenn
718 1635 747 1659 er
764 1625 914 1666 ſchreibet:
945 1629 1011 1662 Der
1026 1628 1101 1667 feſte
1119 1629 1242 1660 Grund

254 1664 393 1698 GOttes
410 1668 569 1706 beſtehet,
592 1670 658 1699 und
687 1668 747 1706 hat
763 1668 865 1705 dieſen
882 1665 1021 1709 Siegel:
1050 1669 1118 1703 Der
1140 1667 1243 1706 HErr

254 1710 368 1745 kennet
386 1715 437 1745 die
455 1713 594 1747 Seinen.

336 1749 397 1776 Sie
412 1750 473 1782 ſind
493 1754 524 1777 in
543 1753 599 1784 ſein
608 1744 693 1781 Buch
708 1732 900 1784 geſchrieben:
917 1744 1087 1785 Gleichwie,
1108 1742 1242 1785 ſchreibet

253 1792 302 1822 der
316 1791 395 1830 ſelige
420 1797 452 1821 Io.
477 1797 529 1823 Ben.
539 1796 677 1832 Carpzov.
691 1794 764 1823 Conc.
779 1794 837 1831 fun.
853 1794 884 1824 P.
897 1794 948 1825 III.
959 1802 987 1834 p.
996 1804 1046 1832 701.
1066 1795 1111 1827 ein
1120 1792 1245 1832 Kriegs⸗

251 1831 384 1873 Oberſter
400 1834 470 1874 ſeine
484 1835 572 1869 Rolle
588 1835 658 1874 hat,
688 1835 832 1868 darinnen
846 1836 891 1868 die
910 1833 1061 1871 Soldaten
1080 1836 1170 1875 ſeines
1184 1836 1243 1870 Re⸗

252 1873 382 1911 giments
399 1877 452 1909 alle
469 1880 523 1909 mit
539 1878 677 1917 Nahmen
693 1875 807 1916 ſtehen;
829 1876 990 1918 Gleichwie
1006 1879 1054 1911 ein
1062 1880 1169 1909 Rector
1187 1879 1247 1917 auf

252 1920 301 1949 der
318 1919 496 1960 Vniverſitaͤt
513 1920 585 1955 ſeine
602 1917 735 1948 Matricul
753 1917 824 1957 hat,
843 1918 987 1952 darinnen
1004 1919 1050 1954 die
1070 1918 1242 1955 Studenten

254 1959 314 1988 und
325 1958 379 1990 alle
387 1960 490 1992 andere
500 1957 912 1993 Vniverlitaͤts⸗Verwandten
922 1958 1149 1993 immatriculiret
1163 1960 1244 1999 ſeyn;

252 2000 409 2040 Gleichwie
429 2002 475 2034 ein
491 2002 575 2035 Rath
593 2003 626 2035 in
640 2002 718 2034 einer
735 2000 838 2036 Stadt
855 2004 912 2041 ſein
928 2004 1058 2043 gewiſſes
1078 2002 1163 2040 Buch
1179 2004 1243 2038 hat,

251 2042 396 2071 darinnen
422 2039 492 2072 aller
518 2037 637 2079 Buͤrger
657 2038 796 2078 Nahmen
825 2040 1044 2079 eingeſchrieben
1070 2040 1156 2079 ſeyn,
1184 2040 1242 2076 daß

249 2086 322 2113 man
344 2080 389 2120 ſie
408 2079 494 2121 gleich
517 2081 570 2115 alle
594 2082 652 2122 auf
671 2084 736 2115 dem
751 2076 956 2123 Rath ⸗ Hauß
969 2082 1068 2119 wiſſen
1083 2082 1152 2115 kan:
1174 2085 1243 2118 Alſo

251 2123 312 2160 ſind
332 2120 402 2159 auch
418 2120 489 2160 alle,
515 2122 560 2154 die
576 2124 629 2154 den
644 2121 757 2162 HErrn
784 2120 932 2162 fuͤrchten,
958 2125 989 2155 in
1011 2124 1134 2158 GOttes
1156 2123 1241 2158 Buch

249 2166 303 2193 mit
320 2163 456 2200 Nahmen
476 2161 713 2201 eingeſchrieben,
738 2160 798 2199 daß
820 2169 850 2194 er
873 2160 909 2200 ſie
937 2162 994 2201 auf
1012 2162 1071 2196 das
1095 2159 1242 2200 genaueſte

246 2210 345 2246 kennet
361 2215 419 2247 und
438 2211 527 2252 weiß.

320 2249 383 2273 Der
399 2246 499 2281 Koͤnig
516 2249 546 2273 in
560 2239 677 2282 Perſien
693 2241 799 2277 Cyrus,
822 2241 880 2274 wie
903 2239 976 2282 auch
996 2244 1045 2276 der
1058 2239 1162 2283 Koͤnig
1180 2243 1237 2273 Mi-

248 2284 383 2313 thridates
405 2293 435 2317 in
452 2288 563 2316 Ponto,
580 2289 637 2316 und
659 2289 707 2318 der
724 2285 781 2319 edle
796 2283 906 2319 Roͤmer
921 2286 1053 2324 Scipio,
1066 2288 1182 2319 werden
1209 2288 1238 2319 in

250 2330 304 2358 den
321 2330 468 2367 Hiſtorien
485 2329 651 2369 geruͤhmet,
676 2327 735 2367 daß
751 2327 787 2367 ſie
801 2329 832 2362 in
856 2326 946 2368 ihrem
967 2330 1082 2368 gantzen
1098 2326 1239 2364 Krieges⸗

248 2372 325 2406 Heer
340 2374 393 2402 alle
403 2374 554 2402 Soldaten
568 2371 708 2408 gekennet,
718 2371 779 2403 und
793 2370 872 2403 einen
888 2370 966 2403 ieden
981 2371 1030 2408 bey
1039 2371 1140 2409 ſeinem
1152 2370 1238 2410 Nah⸗

247 2419 313 2442 men
333 2420 366 2454 zu
381 2421 493 2444 nennen
507 2415 625 2451 gewuſt.
668 2411 841 2452 Jngleichen
853 2413 934 2447 kante
948 2417 995 2448 der
1013 2412 1098 2456 Fuͤrſt
1111 2416 1236 2447 Themi-

248 2457 349 2484 ſtocles
375 2459 430 2489 alle
449 2456 567 2494 Buͤrger
594 2462 628 2494 zu
647 2453 769 2495 Athen,
801 2455 862 2487 und
882 2454 971 2495 wuſte
994 2456 1073 2490 eines
1100 2454 1236 2495 ieglichen

249 2497 400 2535 Nahmen.
443 2502 541 2533 Wenn
564 2498 672 2536 Kayſer
689 2500 851 2530 Fridericus
868 2500 922 2531 III.
953 2506 1010 2532 nur
1031 2498 1158 2537 einmahl
1182 2500 1238 2533 mit

232 2544 339 2571 einem
352 2543 509 2577 Menſchen
533 2543 649 2576 geredt,
675 2540 736 2572 und
760 2540 812 2579 ihn
834 2538 905 2578 nach
929 2541 1030 2579 langer
1046 2540 1111 2580 Zeit
1129 2541 1235 2573 wieder

249 2584 282 2610 in
305 2585 363 2616 ſein
383 2585 512 2621 Geſichte
533 2585 713 2617 bekommen,
741 2581 793 2618 hat
816 2589 845 2613 er
867 2578 917 2618 ihn
943 2572 1021 2620 nicht
1040 2581 1143 2615 alleine
1162 2579 1233 2620 noch

248 2624 384 2660 erkannt,
407 2628 526 2660 ſondern
546 2624 616 2663 auch
631 2623 724 2663 ſeinen
749 2622 966 2664 Tauffnahmen
989 2624 1106 2663 gewuſt.
1136 2624 1234 2657 Valer.

248 2665 403 2706 Maximus
402 2668 456 2696 l.8.
479 2671 538 2700 c.7.
558 2665 732 2703 Xenophon.
753 2664 772 2691 I.
787 2671 804 2700 5.
820 2663 926 2702 expedit.
942 2655 1002 2694 Cic.
1019 2665 1037 2694 l.
1055 2674 1070 2694 2.
1088 2664 1117 2694 de
1131 2661 1235 2702 finibus.

248 2710 341 2737 Abbas
356 2710 446 2737 Verb.
466 2700 531 2737 vide
547 2706 692 2743 Zwinger.
709 2707 809 2740 Theatr.
833 2708 891 2739 Vol.
914 2703 946 2746 1.
966 2709 1052 2749 Unſer
1063 2707 1153 2744 GOtt
1167 2707 1235 2743 aber

227 2749 395 2794 uͤbertrifft
415 2753 531 2793 hierinn
548 2752 618 2792 dieſe
637 2751 705 2787 alle.
739 2753 782 2789 Er
799 2753 833 2795 iſt
849 2753 883 2787 es
907 2751 1013 2792 allein,
1037 2751 1155 2790 welcher
1179 2755 1235 2790 alle

245 2793 414 2832 Frommen,
433 2797 460 2831 ſo
477 2797 535 2834 auf
544 2797 592 2827 der
607 2795 722 2834 gantzen
738 2795 819 2831 Welt
836 2794 934 2834 leben,
950 2793 1048 2829 kennet
1063 2805 1091 2826 2.
1109 2794 1190 2827 Tim.
1202 2806 1231 2826 2.

247 2845 277 2867 v.
288 2847 327 2876 19.
348 2842 408 2872 und
427 2840 461 2876 ſie
474 2841 529 2874 alle
548 2841 604 2873 mit
618 2838 757 2879 Nahmen
774 2842 878 2873 nennet,
914 2838 966 2870 leſ.
977 2849 1022 2876 43.
1039 2848 1067 2868 v.
1078 2847 1100 2868 1.

318 2882 344 2911 §.
361 2882 392 2907 6.
423 2881 502 2908 Weil
517 2884 545 2907 er
564 2878 701 2914 denmach
717 2879 792 2909 alles
808 2876 892 2916 ſiehet
907 2876 967 2909 und
983 2876 1080 2916 weiß,
1103 2872 1154 2915 ſo,
1174 2875 1232 2917 daß

246 2917 309 2959 ihm
332 2923 430 2960 nichts
458 2923 635 2960 verborgen,
660 2921 690 2958 ſo
711 2920 830 2962 muͤſſen
849 2922 910 2955 wir
928 2922 1095 2963 denſelben
1114 2920 1235 2960 allezeit

247 2968 315 2993 und
333 2965 456 2995 uͤberall
474 2968 615 3004 fuͤrchten
633 2967 699 2995 und
719 2964 863 3004 ſcheuen,
885 2967 954 2996 und
980 2970 1043 3000 das
1060 2963 1150 3005 Boͤſe
1163 2972 1233 2998 ver⸗

247 3007 388 3044 meiden,
410 3009 569 3047 hergegen
587 3010 658 3040 dem
678 3008 791 3041 Guten
809 3005 991 3048 nachjagen.
1031 3007 1140 3048 Dieſes
1170 3009 1233 3044 will

245 3048 360 3089 Petrus
376 3060 396 3079 1.
415 3058 495 3088 cp.
476 3061 506 3095 3.
513 3058 582 3081 v.
559 3056 598 3095 11.
604 3060 643 3081 12.
668 3049 718 3084 Er
735 3055 845 3084 wende
865 3051 922 3091 ſich
940 3060 1017 3085 vom
1037 3050 1146 3090 Boͤſen
1166 3058 1233 3085 und

246 3092 325 3127 thue
339 3094 465 3128 Gutes,
485 3103 516 3126 er
536 3093 621 3133 ſuche
632 3092 756 3131 Friede,
778 3096 845 3125 und
864 3092 934 3133 jage
950 3095 1020 3131 ihm
1039 3096 1126 3134 nach.
1138 3097 1231 3130 Denn

245 3137 297 3169 die
313 3134 430 3175 Augen
453 3139 509 3169 des
527 3137 651 3174 HErrn
677 3137 766 3177 ſehen
798 3138 860 3177 auf
873 3141 925 3171 die
946 3137 1139 3178 Gerechten,
1164 3143 1232 3172 und

245 3179 326 3217 ſeine
343 3178 459 3215 Ohren
476 3182 540 3217 auf
551 3183 605 3217 ihr
623 3182 741 3215 Gebet.
781 3182 855 3216 Das
876 3179 1050 3222 Angeſicht
1072 3182 1148 3215 aber
1174 3185 1231 3214 des

245 3218 370 3256 HErrn
389 3218 485 3259 ſiehet
506 3222 566 3260 auf
580 3225 651 3259 die,
672 3224 723 3254 die
742 3227 782 3255 da
803 3221 895 3264 boͤſes
917 3224 1010 3260 thun.
1052 3221 1162 3264 Dahin
1181 3221 1233 3266 zie⸗

244 3264 290 3297 len
312 3266 357 3299 die
373 3265 477 3301 Worte
500 3266 552 3297 des
570 3264 721 3306 Freundes
739 3265 862 3306 Hiobs,
892 3267 945 3301 des
967 3267 1071 3303 Elihu,
1098 3266 1160 3297 lob.
1183 3275 1228 3301 34.

245 3313 273 3337 v.
285 3315 327 3338 21.
342 3316 390 3340 22.
433 3306 538 3347 Seine
555 3304 673 3352 Augen
690 3308 781 3354 ſehen
805 3308 867 3349 auf
877 3309 964 3348 eines
987 3307 1139 3353 ieglichen
1155 3309 1229 3350 We⸗

1276 671 1329 695 ge,
1353 669 1419 691 und
1439 670 1471 689 er
1489 666 1611 698 ſchauet
1629 663 1690 692 alle
1709 665 1778 696 ihre
1796 667 1926 696 Gaͤnge.
1970 664 2022 694 Es
2046 670 2084 703 iſt
2103 661 2170 694 kein
2186 662 2267 699 Fin⸗

1275 703 1405 748 ſternuͤß
1421 710 1497 746 noch
1519 709 1678 744 Dunckel,
1699 711 1765 750 daß
1785 712 1842 747 ſich
1862 703 1902 742 da
1920 709 2061 749 moͤchten
2091 713 2266 748 verbergen

1275 751 1325 776 die
1333 749 1531 783 Ubelthaͤter.
1573 750 1637 778 Und
1657 754 1690 787 zu
1701 754 1770 779 was
1781 751 1847 792 Ende
1859 748 2001 788 ſchreibet
2014 748 2083 782 doch
2103 750 2152 781 der
2160 740 2269 787 Hauß⸗

1273 794 1332 825 und
1352 792 1571 831 Sitten⸗Lehrer
1593 792 1706 831 Sirach
1737 805 1761 822 c.
1779 802 1824 828 23.
1846 803 1873 822 v.
1894 802 1935 826 25.
1970 800 2018 825 26.
2061 798 2127 828 Ein
2142 796 2269 830 Mann,

1274 836 1329 862 der
1345 833 1424 869 ſeine
1444 832 1518 867 Ehe
1534 834 1655 868 bricht,
1674 833 1798 865 dencket
1818 835 1875 873 bey
1895 834 1951 871 ſich
1969 835 2071 873 ſelbſt,
2092 843 2156 866 wer
2172 833 2269 872 ſiehet

1274 874 1366 912 mich.
1410 874 1461 904 Es
1483 876 1522 912 iſt
1540 877 1648 912 finſter
1667 883 1722 905 um
1740 876 1838 911 mich,
1855 881 1921 907 und
1939 881 1987 907 die
2014 871 2122 915 Waͤnde
2139 878 2268 909 verber⸗

1276 919 1335 954 gen
1351 916 1440 953 mich.
1482 917 1624 954 Solcher
1642 917 1760 955 ſcheuet
1773 917 1870 949 allein
1888 922 1943 949 der
1952 918 2124 957 Menſchen
2136 918 2269 955 Augen,

1274 957 1340 984 und
1359 949 1481 984 dencket
1499 953 1598 989 nicht,
1617 954 1682 992 daß
1701 958 1751 984 die
1764 955 1882 993 Augen
1903 958 1960 985 des
1974 955 2098 991 HErrn
2121 955 2182 988 viel
2193 950 2267 992 hel⸗

1273 994 1318 1028 ler
1333 997 1419 1037 ſind,
1444 1000 1527 1028 denn
1545 1002 1595 1028 die
1617 998 1756 1033 Sonne,
1783 1003 1849 1029 und
1870 999 1960 1037 ſehen
1986 999 2085 1037 alles,
2114 1007 2185 1031 was
2212 1002 2264 1031 die

1272 1037 1445 1075 Menſchen
1469 1036 1569 1074 thun,
1594 1041 1660 1068 und
1685 1037 1815 1077 ſchauen
1841 1039 1918 1076 auch
1947 1040 1980 1069 in
2002 1043 2052 1072 die
2077 1037 2266 1079 heimlichen

1275 1089 1428 1123 Winckel.

1341 1118 1475 1161 Fuͤrchtet
1492 1121 1551 1152 und
1565 1118 1668 1160 ſcheuet
1686 1126 1755 1152 man
1777 1119 1831 1160 ſich
1852 1120 1944 1159 doch,
1959 1118 2009 1162 fuͤr
2028 1124 2092 1155 dem
2111 1119 2266 1161 Angeſicht

1273 1162 1354 1195 eines
1371 1162 1510 1201 ehrlichen
1529 1166 1588 1196 und
1609 1163 1804 1203 anſehnlichen
1820 1166 1977 1202 Mannes,
2002 1168 2061 1204 daß
2079 1173 2149 1197 man
2166 1166 2266 1201 nichts

1274 1203 1355 1243 boͤſes
1375 1208 1435 1236 und
1454 1202 1646 1243 ſchaͤndliches
1661 1205 1727 1241 thut
1742 1207 1802 1237 und
1820 1202 1955 1242 veruͤbet;
1988 1207 2197 1244 Wievielmehr
2210 1208 2265 1244 ſoll

1272 1250 1341 1275 man
1357 1243 1491 1282 fuͤrchten
1511 1246 1570 1276 und
1585 1243 1716 1283 ſcheuen,
1738 1247 1792 1277 den
1812 1242 1924 1277 uͤberall
1944 1244 2178 1285 gegenwaͤrtigen
2202 1249 2264 1278 und

1272 1287 1466 1324 allwiſſenden
1485 1285 1591 1324 GOtt,
1607 1289 1667 1319 dem
1683 1285 1796 1325 gottloß
1806 1288 1908 1326 Weſen
1919 1277 1996 1326 nicht
2005 1288 2118 1328 gefaͤllt,
2131 1289 2190 1321 und
2203 1293 2265 1322 wer

1274 1332 1335 1377 boͤſe
1358 1336 1407 1376 iſt,
1432 1335 1509 1376 nicht
1531 1333 1578 1376 fuͤr
1594 1337 1653 1375 ihm
1674 1336 1795 1371 bleibet,
1823 1337 1861 1368 Pſ.
1874 1347 1896 1373 5.
1914 1345 1973 1371 v.
1952 1331 1976 1373 5.

1355 1372 1419 1405 Ipſe
1444 1370 1587 1394 timendus
1607 1370 1644 1395 eſt
1662 1368 1691 1394 in
1710 1368 1849 1405 publico,
1867 1365 1925 1406 ipſe
1946 1367 1975 1396 in
1991 1367 2112 1398 ſecreto.
2155 1369 2263 1398 Proce-

1274 1405 1336 1442 dis,
1365 1411 1484 1437 videris.
1528 1411 1655 1437 Lucerna
1685 1408 1782 1442 ardet,
1807 1409 1886 1439 videt
1908 1415 1948 1439 te.
1991 1412 2120 1440 Lucerna
2137 1410 2261 1440 extincta

1273 1455 1321 1484 eſt,
1341 1453 1419 1477 videt
1435 1456 1473 1477 te.
1516 1452 1546 1478 In
1564 1449 1658 1479 cubile
1677 1451 1782 1485 intras,
1804 1451 1882 1479 videt
1898 1457 1936 1479 te.
1978 1454 2010 1480 In
2024 1453 2112 1481 corde
2131 1450 2263 1485 verſaris,

1271 1495 1350 1520 videt
1367 1497 1405 1519 te.
1449 1490 1543 1530 Ipſum
1559 1492 1648 1522 time,
1675 1490 1778 1522 illum,
1806 1493 1852 1519 cui
1872 1501 1946 1519 curæ
1964 1494 2022 1527 eſt,
2051 1501 2081 1522 ut
2101 1492 2196 1521 videat
2222 1500 2262 1527 te,

1272 1534 1299 1561 &
1317 1533 1364 1560 vel
1381 1531 1510 1561 timendo
1525 1533 1616 1565 caſtus
1633 1532 1703 1563 eſto.
1748 1529 1803 1563 Aut
1822 1533 1840 1562 ſi
1859 1541 1979 1572 peccare
1999 1533 2061 1567 vis,
2076 1541 2192 1572 quære,
2208 1535 2263 1564 ubi

1273 1580 1300 1600 te
1319 1580 1376 1599 non
1394 1573 1499 1602 videat,
1520 1573 1546 1600 &
1563 1571 1625 1603 ſac,
1642 1570 1720 1609 quod
1740 1573 1799 1604 vis;
1819 1573 1847 1611 ſo
1866 1571 2037 1610 vermahnet
2059 1577 2108 1606 der
2124 1571 2266 1615 Kirchen⸗

1268 1617 1366 1655 Lehrer
1389 1614 1559 1654 Auguſtinus
1580 1615 1658 1654 ſerm.
1677 1613 1722 1653 46.
1747 1617 1775 1646 de
1802 1617 1869 1648 verh.
1907 1617 2021 1649 Domini.
2064 1617 2153 1651 Man
2179 1617 2263 1658 muß

1269 1661 1373 1693 GOtt
1393 1657 1556 1699 fuͤrchten,
1575 1660 1603 1697 ſo
1620 1656 1708 1697 wohl
1726 1667 1765 1692 an
1782 1656 2005 1701 oͤffentlichen,
2023 1658 2076 1692 als
2092 1659 2261 1701 geheimen

1271 1703 1349 1735 Ort.
1392 1702 1447 1734 Du
1466 1700 1573 1741 geheſt
1591 1708 1675 1737 aus,
1702 1704 1777 1733 oder
1796 1704 1862 1739 ein,
1898 1703 1929 1740 ſo
1950 1703 2038 1740 wirſt
2055 1708 2099 1735 du
2116 1703 2262 1742 geſehen.

1268 1743 1401 1776 Brennt
1417 1746 1478 1773 das
1495 1741 1603 1782 Licht,
1627 1751 1658 1774 er
1679 1743 1774 1781 ſiehet
1793 1745 1874 1781 dich.
1916 1744 1972 1784 Jſt
1992 1754 2026 1775 es
2044 1743 2261 1783 ausgeloͤſcht,

1271 1792 1303 1815 er
1322 1786 1416 1821 ſiehet
1436 1785 1518 1823 dich.
1546 1785 1648 1824 Tritſt
1666 1788 1710 1815 du
1727 1787 1760 1817 in
1775 1788 1826 1817 die
1834 1787 2002 1823 Kammer,
2017 1793 2050 1817 er
2066 1787 2162 1825 ſiehet
2176 1787 2261 1825 dich.

1269 1827 1441 1863 Wandelſt
1458 1827 1502 1855 du
1536 1827 1569 1856 in
1597 1828 1723 1857 deinem
1739 1824 1859 1862 Herzen
1887 1824 2087 1866 verborgen,
2108 1833 2141 1856 er
2163 1827 2262 1865 ſiehet

1270 1873 1349 1905 dich.
1372 1867 1507 1906 Furchte
1521 1872 1604 1905 den,
1626 1866 1756 1907 welcher
1774 1869 1898 1908 darauf
1909 1868 2046 1910 achtung
2063 1868 2181 1908 giebet,
2191 1869 2261 1907 daß

1269 1919 1302 1942 er
1317 1914 1385 1950 dich
1417 1911 1503 1948 ſehe,
1524 1914 1590 1942 und
1611 1912 1658 1951 ſey
1681 1918 1744 1944 aus
1759 1911 1878 1952 Furcht
1902 1912 2019 1953 keuſch.
2064 1913 2157 1946 Oder
2185 1913 2261 1948 wilt

1269 1957 1313 1985 du
1335 1956 1362 1982 ie
1380 1952 1558 1992 ſuͤndigen,
1581 1952 1611 1990 ſo
1630 1951 1717 1990 ſuche
1744 1955 1877 1992 irgends
1901 1961 1953 1986 wo
1980 1957 2029 1987 ein
2049 1953 2197 1992 Ecklein,
2216 1959 2261 1987 da

1270 1999 1303 2022 er
1325 1995 1393 2029 dich
1424 1994 1507 2030 nicht
1530 1994 1618 2030 ſehe,
1648 1996 1714 2023 und
1737 1992 1876 2025 alsdenn
1901 1994 1980 2029 thue
2004 2002 2075 2026 was
2100 1998 2146 2025 du
2164 1994 2261 2033 wilſt.

1271 2035 1380 2069 Alleine
1394 2035 1439 2068 ein
1453 2033 1558 2074 ſolches
1576 2035 1707 2073 Ecklein,
1732 2036 1809 2069 wird
1824 2038 1872 2070 dir
1885 2038 1981 2071 weder
1996 2039 2042 2071 die
2060 2036 2154 2073 Erde;
2184 2035 2260 2076 noch

1266 2082 1325 2117 das
1351 2077 1466 2116 Meer,
1495 2080 1590 2112 weder
1609 2082 1661 2113 der
1680 2072 1833 2122 Himmel,
1862 2079 1936 2121 noch
1963 2082 2011 2115 die
2032 2079 2123 2122 Hoͤlle
2136 2081 2260 2122 ſchaffen

1268 2122 1393 2158 koͤnnen.

1342 2157 1369 2191 §.
1385 2159 1420 2191 7.
1443 2152 1489 2192 Ja
1512 2154 1579 2187 weil
1600 2163 1629 2187 er
1652 2155 1729 2187 alles
1754 2156 1838 2195 ſiehet
1854 2158 1914 2188 und
1928 2157 2029 2194 weiß,
2057 2159 2085 2194 ſo
2104 2156 2165 2195 daß
2181 2157 2260 2195 ihme

1270 2195 1358 2237 nichts
1371 2198 1526 2230 verborgen
1544 2198 1593 2236 iſt,
1615 2199 1645 2237 ſo
1659 2195 1768 2232 koͤnnen
1782 2199 1839 2231 wir
1859 2201 1890 2231 in
1909 2200 2018 2238 unſerer
2032 2202 2139 2237 Noth,
2158 2200 2260 2235 Man⸗

1261 2239 1305 2277 gel
1332 2240 1391 2271 und
1406 2231 1553 2279 Truͤbſaal
1578 2238 1681 2278 getroſt
1705 2242 1766 2273 und
1788 2238 1938 2279 verſichert
1966 2240 2049 2280 ſeyn,
2075 2240 2133 2278 daß
2148 2249 2177 2274 er
2193 2243 2260 2276 uns

1274 2288 1293 2312 in
1308 2279 1413 2318 ſolchen
1434 2279 1512 2318 nicht
1527 2281 1663 2319 verlaſſen
1679 2279 1751 2318 noch
1764 2278 1931 2319 verſaͤumen
1945 2282 2050 2319 werde,
2057 2282 2179 2321 ſondern
2193 2284 2258 2317 uns

1259 2324 1330 2363 ſeine
1351 2321 1453 2365 Huͤlffe
1471 2325 1576 2358 wieder
1589 2325 1691 2366 fahren
1703 2324 1786 2365 laſſen
1798 2326 1870 2366 nach
1889 2325 1989 2362 ſeinem
1998 2327 2101 2361 Wort.

1331 2363 1412 2399 Weil
1436 2361 1525 2399 GOtt
1551 2363 1597 2397 die
1620 2361 1793 2403 Drangſaal
1816 2364 1864 2397 der
1884 2361 2043 2404 Jſraeliten
2067 2364 2097 2398 in
2116 2361 2259 2406 Egypten

1259 2405 1338 2447 nicht
1352 2405 1509 2444 verborgen
1526 2411 1603 2447 war,
1624 2413 1724 2441 waren
1740 2408 1775 2449 ſie
1792 2408 1822 2441 in
1831 2406 1932 2449 ſolcher
1947 2407 2061 2449 getroſt,
2079 2411 2138 2443 und
2147 2415 2259 2444 erwar⸗

1264 2452 1339 2485 teten
1355 2450 1432 2489 ſeine
1446 2442 1550 2493 Huͤlffe
1570 2454 1631 2486 und
1650 2449 1826 2490 Errettung.
1849 2450 1939 2482 Exod.
1951 2462 1981 2488 4.
1999 2462 2029 2482 v.
2045 2459 2083 2488 31.

1330 2489 1411 2522 Weil
1425 2490 1537 2523 David
1552 2489 1700 2528 verſichert
1714 2493 1796 2525 war,
1827 2489 1886 2529 daß
1901 2491 1950 2524 der
1969 2489 2060 2530 HErr
2082 2490 2154 2530 ſeine
2167 2489 2259 2531 Noth

1271 2535 1321 2568 und
1338 2533 1513 2574 Drangſaal
1529 2535 1592 2575 ſahe
1611 2537 1671 2569 und
1684 2534 1791 2574 wuſte,
1821 2541 1888 2568 war
1902 2544 1932 2567 er
1947 2535 2054 2575 getroſt
2071 2538 2134 2568 und
2152 2543 2260 2571 unver⸗

1262 2581 1345 2617 zagt,
1365 2579 1424 2612 und
1439 2577 1553 2618 harrete
1569 2581 1621 2614 des
1638 2579 1763 2621 HErrn.
1784 2581 1869 2611 Pſalm
1887 2589 1934 2612 27.
1953 2590 1979 2609 v.
1992 2589 2034 2612 14.

1340 2617 1390 2652 Jſt
1404 2617 1449 2647 ein
1463 2615 1545 2646 Kind
1560 2615 1731 2653 verſichert,
1747 2614 1804 2653 daß
1820 2617 1868 2648 der
1888 2614 1983 2648 Vater
2002 2618 2071 2656 ſeine
2084 2615 2171 2654 Noth
2191 2620 2257 2650 und

1260 2656 1402 2700 Anliegen
1423 2659 1518 2698 wiſſe,
1547 2660 1573 2700 ſo
1596 2660 1630 2699 iſt
1651 2658 1770 2701 daſſelbe
1786 2659 1890 2699 getroſt
1908 2659 1938 2693 in
1957 2660 2115 2702 derſelben,
2135 2661 2204 2695 weil
2220 2662 2257 2696 es

1259 2703 1317 2735 das
1342 2700 1477 2741 kindliche
1492 2700 1659 2735 Vertrauen
1682 2700 1752 2739 hat,
1774 2703 1823 2735 der
1853 2702 1924 2737 liebe
1943 2700 2038 2738 Vater
2052 2703 2147 2737 werde
2162 2701 2196 2736 es
2224 2705 2259 2738 in

1258 2745 1362 2786 ſolcher
1382 2744 1461 2785 nicht
1487 2744 1589 2786 ſtecken
1605 2745 1712 2786 laſſen,
1751 2747 1871 2787 ſondern
1891 2743 1968 2786 ihme
1988 2747 2087 2788 gewiß
2109 2744 2259 2788 beyſtehen

1262 2799 1323 2833 und
1328 2794 1442 2836 helffen
1457 2805 1502 2832 ꝛc.

1328 2831 1395 2857 Und
1413 2827 1491 2861 weiß
1506 2825 1551 2856 ein
1567 2819 1781 2863 Unterthaner,
1799 2824 1859 2865 daß
1876 2824 1978 2865 ſeinem
1994 2822 2141 2865 gnaͤdigen
2151 2821 2258 2863 Koͤnig

1260 2870 1327 2902 oder
1343 2869 1461 2909 Fuͤrſien
1477 2869 1532 2908 ſein
1552 2868 1692 2907 Anliegen
1705 2868 1799 2906 kund,
1822 2869 1849 2906 ſo
1871 2873 2004 2911 verzaget
2018 2878 2047 2902 er
2066 2867 2162 2910 nicht,
2186 2862 2258 2905 weil

1261 2924 1288 2950 er
1302 2915 1354 2950 kan
1369 2913 1414 2949 die
1427 2912 1591 2956 Zuverſicht
1610 2907 1722 2955 haben,
1746 2915 1804 2957 daß
1823 2914 1865 2950 Er
1884 2915 1936 2956 ihn
1952 2915 2032 2956 nicht
2046 2918 2141 2952 werde
2155 2913 2257 2958 Huͤlff⸗

1261 2964 1311 3009 loß
1332 2967 1431 3003 laſſen.

1343 2999 1433 3035 GOtt
1454 2995 1488 3035 iſt
1509 2999 1592 3039 unſer
1619 2995 1783 3040 liebreicher
1796 2996 1910 3036 Vater,
1927 2994 2069 3038 gnaͤdiger
2085 2998 2178 3039 HErr
2190 2999 2255 3034 und

1259 3037 1369 3090 Koͤnig,
1383 3040 1491 3081 welcher
1513 3043 1547 3083 iſt
1559 3045 1727 3087 allwiſſend,
1742 3045 1801 3086 daß
1822 3045 1883 3085 ihm
1901 3046 1982 3086 unſre
1999 3040 2084 3086 Noth
2101 3044 2178 3082 nicht
2190 3052 2256 3078 ver⸗

1260 3086 1367 3115 borgen
1377 3085 1444 3115 ſeyn
1461 3082 1533 3115 kan;
1556 3084 1614 3110 wie
1629 3083 1717 3115 ſolten
1733 3086 1809 3112 denn
1820 3084 1878 3111 wir
1890 3083 1968 3118 nicht
1983 3084 2015 3111 in
2033 3079 2134 3118 ſolcher
2148 3074 2263 3118 getroſt

1268 3132 1331 3165 ſeyn,
1348 3127 1406 3161 und
1426 3124 1481 3165 auf
1494 3126 1564 3167 ſeine
1578 3125 1701 3167 gnaͤdige
1715 3127 1775 3161 und
1794 3124 1939 3168 maͤchtige
1953 3126 2056 3171 Huͤlffe
2071 3126 2193 3170 hoffen?

1670 3231 1840 3278 Altar.

1339 3298 1367 3330 §.
1381 3297 1408 3331 1.
1436 3294 1497 3329 Ein
1514 3293 1615 3330 Altar
1640 3291 1675 3332 iſt
1693 3293 1741 3329 ein
1760 3297 1821 3328 von
1839 3293 1889 3330 der
1908 3290 2007 3332 Erden
2025 3290 2175 3333 erhoͤhetes
2192 3292 2254 3326 Ge⸗

2145 3329 2251 3365 baͤude/
