3288 4685
305 590 413 636 daher
429 593 468 632 es
482 588 569 629 denn
588 577 723 635 noͤthig,
747 577 890 631 welchen
903 588 940 630 zu
957 575 1065 625 haben
1082 576 1140 618 der
1153 572 1219 625 auf
1232 576 1293 616 den

300 644 440 694 vorigen
460 642 560 689 folge.

420 727 542 776 Was
565 725 621 768 im
645 713 985 776 Kuͤchengarten
1010 707 1182 772 waͤchſt.

356 816 435 861 Die
447 811 622 864 Sproſſen
641 820 720 853 vom
736 806 914 855 Broccoli,
923 804 1016 853 Kohl
1032 805 1102 846 und
1114 800 1303 849 Savoyer⸗

309 869 384 915 kohl
404 866 470 913 ſind
491 866 573 903 nun
573 865 656 901 recht
672 865 746 906 gut,
757 866 854 896 wenn
871 864 950 895 man
969 852 1009 901 ſie
1026 848 1240 901 einſammlet,
1252 844 1305 899 ehe

311 917 428 966 ſelbige
469 906 515 964 in
504 904 674 959 Saamen
693 909 848 961 ſchieſſen.
898 909 973 950 Die
991 907 1115 954 jungen
1131 901 1304 951 Schoſſen

316 972 373 1012 der
400 962 620 1010 Steckruͤben
649 972 715 1002 und
739 965 787 1001 die
814 955 1087 1005 Hopfenkeime;
1116 957 1177 994 alle
1199 952 1310 996 Arten

313 1014 433 1061 junger
451 1005 729 1052 Salatkraͤuter,
745 989 914 1049 Spinat,
937 998 1097 1047 Rettige,
1117 992 1311 1044 Spargel,

316 1064 483 1111 gemeiner
507 1067 611 1108 Kohl,
628 1052 839 1108 Peterſilie,
844 1053 1143 1102 Smyrnenkraut,
1159 1050 1313 1096 Carden,

317 1116 532 1166 Manggold,
543 1108 702 1159 Sellery,
720 1105 904 1150 Endivien,
922 1102 1200 1150 Sauerampfer,
1210 1101 1315 1143 Pim⸗

316 1161 477 1214 pinellen,
491 1158 691 1206 Thymian,
708 1156 867 1204 Yſopen,
885 1149 1187 1201 Winterſaturen,
1203 1140 1313 1195 Koch⸗

316 1212 497 1259 majoran,
530 1205 822 1256 Ringelblumen,
858 1201 1006 1243 brauner
1032 1195 1314 1249 Hollaͤndiſcher

319 1261 390 1306 und
409 1258 591 1307 Kopfſalat
617 1258 649 1296 in
669 1261 828 1297 warmen
849 1249 1059 1298 Rabatten,
1080 1252 1191 1289 etwas
1209 1244 1319 1293 Koch⸗

319 1314 425 1362 ſalat,
450 1307 595 1356 Koͤrbel,
624 1316 724 1355 junge
740 1303 930 1354 Zwiebeln,
959 1301 1088 1349 Lauch,
1112 1297 1320 1346 Borretſch,

319 1362 482 1410 Salbey,
495 1355 713 1407 Rosmarin,
728 1361 810 1395 auch
829 1361 940 1395 etwas
951 1348 1116 1400 Paſtinak
1134 1353 1202 1391 und
1211 1342 1320 1393 Moͤh⸗

321 1419 394 1457 ren,
420 1415 502 1449 wenn
515 1416 594 1449 man
611 1405 650 1453 ſie
667 1404 700 1444 in
713 1404 828 1448 Sand
839 1403 1028 1444 verwaͤhret
1048 1399 1131 1444 hat:
1153 1398 1239 1438 denn
1249 1395 1318 1443 ſind

321 1463 365 1512 ſie
383 1462 430 1504 im
448 1457 581 1504 Boden
598 1454 739 1505 gelaſſen
757 1454 920 1496 worden,
948 1451 979 1492 ſo
994 1448 1101 1490 haben
1120 1449 1159 1493 ſie
1179 1442 1321 1493 Sproſ⸗

320 1511 377 1561 ſen
391 1506 588 1559 getrieben,
614 1507 683 1547 und
700 1503 821 1552 ſodenn
841 1501 974 1541 werden
992 1500 1042 1539 die
1058 1495 1230 1544 Wurzeln
1252 1492 1322 1536 hol⸗

320 1560 373 1610 zig
390 1560 458 1600 und
479 1551 569 1607 zaͤhe.
609 1554 735 1607 Junge
752 1547 924 1599 Moͤhren,
954 1548 984 1593 ſo
1004 1547 1048 1588 im
1071 1547 1196 1596 Herbſt
1211 1541 1322 1592 geſaͤet

321 1607 491 1654 worden,
515 1604 586 1652 ſind
606 1613 677 1645 nun
702 1610 761 1641 am
781 1597 911 1646 beſten,
937 1593 1001 1635 wie
1026 1596 1111 1642 auch
1137 1591 1188 1634 die
1208 1596 1320 1641 zarten

321 1657 498 1707 Schoſſen
524 1656 582 1697 der
604 1650 843 1704 Haberwurz;
870 1646 987 1693 welche
1013 1654 1082 1687 von
1102 1642 1229 1691 einigen
1247 1643 1322 1682 dem

323 1705 496 1757 Spargel
513 1710 719 1753 vorgezogen
740 1701 890 1740 werden.
923 1697 982 1745 Jn
1007 1696 1211 1744 Miſtbeeten
1231 1692 1322 1739 giebt

319 1763 359 1800 es
377 1756 553 1801 Gurcken,
568 1751 714 1798 Erbſen,
725 1745 889 1797 Faſeoln,
906 1749 975 1787 und
992 1740 1186 1794 Portulac,
1205 1741 1275 1779 und
1286 1748 1323 1783 zu

319 1805 420 1851 Ende
436 1809 497 1847 des
514 1801 694 1848 Monats,
722 1799 805 1843 habt
830 1796 881 1843 ihr
907 1796 941 1835 in
964 1799 1119 1837 warmen
1140 1788 1322 1836 Rabatten

324 1855 455 1906 Erbſen
472 1855 542 1895 und
559 1856 672 1893 etwas
686 1845 884 1897 Kopfſalat.

386 1942 510 1991 Was
528 1940 585 1983 im
602 1930 916 1993 Fruchtgarten
932 1924 1261 1983 vorzunehmen.

374 2031 429 2069 Zu
449 2023 591 2073 Anfang
607 2020 711 2071 dieſes
721 2017 915 2069 Monates,
928 2012 1048 2058 koͤnnet
1067 2013 1119 2061 ihr
1135 2011 1241 2059 einige
1258 2007 1331 2057 ſpa⸗

329 2084 362 2121 te
375 2075 614 2125 Fruchtſorten
633 2071 814 2121 pfropfen,
833 2078 931 2110 wenn
950 2068 998 2106 die
1015 2071 1096 2112 gute
1113 2062 1328 2109 Witterung

327 2123 402 2183 ſich
409 2126 486 2178 fruͤh
510 2125 692 2176 einſtellet;
718 2122 846 2164 kommt
863 2122 941 2162 aber
965 2122 1021 2159 der
1040 2113 1211 2167 Fruͤhling
1228 2112 1325 2161 bald,

331 2183 365 2235 ſo
384 2183 422 2233 iſt
441 2188 477 2224 es
494 2178 608 2231 zuſpat
627 2175 749 2226 ſolches
766 2172 1022 2221 vorzunehmen.

378 2237 503 2282 Sehet
526 2226 708 2277 ſorgfaͤltig
734 2223 815 2271 nach
841 2227 940 2261 euern
963 2219 1088 2268 jungen
1113 2208 1333 2266 Fruchtbaͤu⸗

329 2301 426 2335 men,
442 2294 511 2332 und
528 2287 676 2337 begieſſet
692 2287 731 2335 ſie
748 2286 808 2333 bey
826 2279 1008 2324 trockenem
1020 2276 1188 2325 Wetter;
1203 2274 1334 2317 bemer⸗

330 2346 397 2387 cket
415 2343 495 2390 ihr,
522 2332 588 2397 daß
603 2339 672 2383 ihre
697 2331 845 2382 Blaͤtter
872 2331 931 2377 ſich
955 2326 1145 2377 zuſammen
1170 2336 1205 2373 zu
1223 2324 1331 2372 ziehen

324 2394 529 2438 anfangen,
557 2395 588 2424 ſo
614 2383 700 2433 muͤſt
720 2385 773 2430 ihr
788 2384 827 2431 ſie
845 2375 926 2421 uͤber
943 2383 1012 2418 und
1032 2377 1113 2416 uͤber
1129 2377 1259 2423 gelinde
1277 2371 1333 2413 be⸗

330 2441 463 2499 gieſſen.
495 2440 548 2484 Es
563 2437 627 2481 kan
643 2434 745 2483 dieſes
762 2434 844 2479 auch
865 2439 938 2479 zum
954 2426 1082 2475 groſſen
1095 2424 1232 2473 Nutzen
1247 2425 1333 2467 alter

331 2493 484 2532 Baͤume
499 2487 765 2529 vorgenommen
786 2480 940 2524 werden,
955 2481 1057 2515 wenn
1076 2474 1127 2522 ihr
1143 2469 1258 2520 findet,
1269 2468 1335 2516 daß

333 2540 396 2587 ſich
415 2539 486 2585 ihre
504 2533 654 2579 Blaͤtter
669 2527 855 2579 einziehen;
873 2529 951 2574 doch
969 2523 1025 2572 ſoll
1043 2522 1166 2572 ſolches
1176 2521 1265 2566 nicht
1277 2527 1337 2560 am

333 2589 421 2635 Tag
442 2583 611 2642 geſchehen
628 2590 729 2624 wenn
745 2587 783 2621 es
808 2587 920 2620 warm
937 2575 1005 2624 iſt;
1033 2575 1112 2617 weil
1136 2575 1188 2616 die
1200 2569 1338 2616 Sonne

334 2641 388 2685 die
403 2635 555 2685 Blaͤtter
572 2630 749 2679 verſengen
767 2622 903 2675 moͤgte,
933 2630 1015 2667 auch
1036 2621 1122 2667 nicht
1138 2632 1196 2663 am
1219 2621 1338 2661 Abend

336 2697 403 2732 gar
419 2693 456 2730 zu
474 2685 569 2731 ſpat,
582 2678 761 2728 ſonderlich
780 2685 879 2718 wenn
894 2676 982 2717 kalte
990 2667 1132 2717 Naͤchte
1150 2671 1230 2717 ſind.
1257 2668 1338 2712 Be⸗

337 2740 493 2778 obachtet
509 2733 584 2780 ihr,
613 2729 680 2778 daß
696 2726 747 2768 die
763 2718 1017 2776 Fruchtbaͤume
1033 2720 1135 2765 ſtarck
1151 2720 1214 2761 mit
1229 2714 1340 2765 Jnſe⸗

338 2793 411 2824 cten
427 2788 554 2831 beſetzet
571 2780 667 2827 ſind,
692 2774 762 2825 ſollt
781 2775 831 2824 ihr
852 2772 920 2813 eine
936 2778 1014 2820 gute
1032 2770 1164 2814 Menge
1178 2762 1339 2811 Toback⸗

339 2835 463 2884 ſtengel
488 2837 522 2872 in
546 2828 693 2882 Waſſer
721 2822 916 2872 einweichen
945 2824 1013 2863 und
1039 2819 1101 2861 mit
1126 2817 1264 2867 ſolchem
1288 2816 1340 2859 die

340 2883 492 2932 Baͤume
506 2884 681 2929 waſchen;
694 2883 793 2917 wenn
802 2871 904 2920 dieſes
915 2862 1094 2918 ſorgfaͤltig
1105 2863 1229 2916 gethan
1237 2863 1342 2911 wird,

341 2933 478 2976 werden
496 2928 645 2975 dadurch
654 2929 709 2968 die
717 2922 881 2976 Jnſecten
896 2918 1052 2969 vertilgt,
1068 2922 1138 2959 und
1154 2919 1217 2959 den
1229 2910 1342 2960 Baͤu⸗

343 2993 421 3026 men
436 2981 474 3028 iſt
492 2984 528 3022 es
544 2975 631 3022 nicht
648 2973 874 3023 nachtheilig;
894 2971 972 3013 oder
987 2978 1087 3010 wenn
1102 2976 1185 3009 man
1201 2964 1252 3006 die
1267 2974 1342 3006 ver⸗

342 3027 569 3081 ſchrumpften
587 3021 739 3073 Blaͤtter
761 3023 933 3064 abnimmt
948 3023 1019 3062 und
1037 3022 1148 3060 etwas
1166 3013 1345 3063 gepulver⸗

341 3088 398 3125 ten
415 3079 560 3127 Toback
571 3077 638 3125 auf
651 3075 702 3117 die
718 3071 854 3124 Zweige
870 3072 1014 3118 ſtreuet,
1038 3067 1198 3111 vertreibt
1220 3063 1343 3115 ſolches

341 3134 395 3177 die
410 3129 571 3182 Jnſecte,
595 3128 665 3168 und
684 3124 777 3167 einen
796 3125 875 3162 oder
892 3128 981 3169 zwey
998 3117 1101 3164 Tage
1118 3117 1260 3165 hernach
1277 3112 1342 3160 kan

345 3189 429 3224 man
446 3178 488 3229 ſie
507 3175 631 3218 wieder
645 3169 856 3221 abwaſchen.

393 3233 602 3287 Diejenigen
614 3220 868 3283 Fruchtbaͤume
878 3227 911 3276 ſo
922 3227 968 3269 im
985 3219 1211 3271 verwichenen
1222 3219 1346 3274 Som⸗

343 3301 418 3335 mer
434 3285 554 3334 oculirt
571 3288 732 3329 worden,
722 3285 807 3329 und
823 3278 1061 3330 angeſchlagen
1081 3276 1206 3323 haben,
1218 3271 1349 3318 koͤnnen

346 3356 417 3381 nun
428 3350 486 3383 am
502 3339 655 3382 Stamm
668 3333 722 3374 bis
739 3331 801 3381 auf
818 3333 897 3377 drey
915 3334 992 3370 oder
1009 3326 1078 3369 vier
1090 3325 1163 3375 Zoll
1177 3322 1257 3367 uͤber
1271 3326 1348 3365 dem

347 3395 429 3434 Aug
445 3389 689 3438 abgeſchnitten
707 3383 859 3429 werden,
872 3387 970 3420 wenn
988 3384 1025 3420 es
1040 3376 1125 3423 nicht
1143 3372 1191 3414 im
1207 3372 1348 3421 vorigen

345 3439 484 3486 Monat
505 3438 706 3486 geſchehen:
729 3433 816 3474 denn
841 3439 913 3472 nun
933 3430 1067 3470 werden
1093 3426 1144 3467 die
1166 3422 1291 3472 Augen
1308 3430 1347 3470 zu

351 3500 477 3545 treiben
496 3497 683 3544 anfangen.

404 3566 455 3613 Zu
470 3547 567 3592 Ende
584 3550 687 3594 dieſes
703 3545 897 3591 Monates,
911 3536 995 3589 muͤſt
1004 3530 1057 3588 ihr
1070 3534 1244 3585 anfangen
1259 3542 1353 3576 euere

355 3616 402 3650 an
426 3602 587 3647 Mauern
613 3605 682 3639 und
705 3596 905 3646 Spalieren
928 3593 1075 3642 ſtehende
1099 3584 1355 3634 Fruchtbaͤume

351 3648 616 3703 durchzuſehen,
641 3648 710 3687 und
736 3648 787 3689 die
807 3646 916 3693 feinen
941 3633 1194 3689 regelmaͤſſigen
1218 3633 1356 3686 Zweige

351 3702 563 3747 anzulegen,
587 3697 650 3736 alle
667 3699 845 3736 vorwarts
867 3687 1057 3739 wachſende
1070 3679 1139 3728 und
1156 3684 1259 3732 freche
1274 3683 1357 3726 aber

348 3747 634 3798 wegzunehmen,
659 3753 716 3783 wo
747 3746 867 3787 welche
894 3735 1217 3789 hervorgewachſen.
1257 3732 1356 3778 Nun

353 3805 420 3851 kan
437 3809 519 3840 man
535 3797 618 3845 auch
634 3799 685 3839 die
701 3789 935 3841 uͤberfluͤſſigen
954 3783 1155 3841 Apricoſen,
1174 3794 1230 3827 wo
1246 3782 1287 3832 ſie
1300 3792 1356 3831 zu⸗

352 3853 443 3898 dicke
468 3847 606 3897 ſtehen,
601 3839 846 3895 wegnehmen:
868 3843 955 3884 denn
975 3842 1003 3886 je
1020 3838 1158 3888 ehender
1181 3832 1284 3882 dieſes
1300 3841 1357 3882 ge⸗

356 3901 514 3954 ſchiehet,
539 3907 567 3944 je
583 3886 683 3947 beſſer
704 3891 853 3942 wachſen
873 3887 1074 3940 diejenigen,
1100 3884 1133 3936 ſo
1149 3883 1284 3932 hangen
1301 3889 1359 3930 ge⸗

357 3965 500 4011 blieben.

351 4011 491 4062 Legt
516 4002 762 4055 Schnittlinge
797 4009 864 4044 von
893 3996 1110 4044 Weinreben
1133 4005 1180 4039 an
1212 3991 1360 4043 denjeni⸗

358 4070 425 4110 gen
439 4062 556 4106 Orten
574 4055 645 4107 ein,
662 4065 718 4099 wo
734 4055 776 4106 ſie
793 4052 922 4098 bleiben
940 4046 1061 4102 ſollen,
1077 4053 1147 4093 und
1165 4043 1360 4096 beobachtet

1360 574 1495 624 dabey,
1530 571 1599 622 daß
1622 575 1725 614 unten
1748 578 1794 611 an
1820 566 1924 615 jedem
1951 564 2003 608 ein
2029 562 2145 607 Knote
2168 570 2246 605 vom
2271 559 2366 602 alten

1358 629 1452 681 Holz
1466 627 1606 678 gelaſſen
1625 631 1746 670 werde.
1774 624 1910 669 Grabet
1927 623 2009 663 auch
2023 620 2103 666 dieſel
2120 623 2181 662 ben
2194 617 2224 663 ſo
2247 616 2280 658 in
2300 618 2363 660 den

1361 675 1495 720 Boden
1514 670 1584 711 ein,
1603 669 1670 718 daß
1687 672 1752 709 das
1770 667 1891 714 oberſte
1908 664 1977 712 Aug
2000 652 2069 706 mit
2088 666 2143 702 der
2162 653 2365 702 Oberfaͤche

1363 735 1425 772 des
1442 727 1597 773 Bodens
1612 725 1714 773 gleich
1731 723 1825 768 ſtehe.
1851 721 1966 766 Wird
1989 717 2091 764 dieſes
2114 711 2250 757 gehoͤrig
2273 714 2372 754 beob⸗

1365 775 1492 823 achtet,
1506 775 1563 820 hat
1583 781 1664 814 man
1681 770 1766 818 nicht
1783 778 1820 816 zu
1839 762 2043 814 befuͤrchten,
2062 753 2127 811 daß
2145 763 2185 811 ſie
2202 754 2289 809 nicht
2307 768 2371 803 an⸗

1367 829 1515 881 ſchlagen
1539 826 1663 876 ſollten.

1421 887 1542 935 Sehet
1560 888 1610 927 die
1628 879 1846 932 Weinſtoͤcke
1859 882 1959 924 durch
1980 881 2012 925 ſo
2030 871 2075 924 an
2091 876 2248 919 Mauern
2268 872 2377 918 ſtehen

1375 944 1444 982 und
1472 941 1587 985 nehmt
1614 940 1674 977 alle
1706 930 1884 977 vorwaͤrts
1911 932 2058 980 ſtehende
2086 927 2257 977 Schoſſen
2281 933 2378 972 weg,

1376 990 1496 1036 welche
1514 998 1583 1028 nun
1595 997 1631 1035 zu
1649 984 1771 1026 treiben
1785 981 1979 1029 anfangen,
2001 976 2066 1026 und
2070 987 2122 1017 wo
2141 986 2224 1026 zwer
2240 975 2379 1025 Schoſ⸗

1378 1041 1430 1089 ſen
1448 1047 1514 1080 aus
1533 1037 1636 1078 einem
1657 1033 1737 1081 Aug
1754 1032 1928 1077 wachſen,
1956 1031 2011 1071 ſoll
2036 1039 2116 1070 man
2137 1031 2197 1069 den
2218 1021 2381 1068 ſchwaͤch⸗

1378 1091 1444 1139 ſten
1462 1087 1669 1134 abbrechen,
1697 1085 1805 1125 damit
1822 1084 1872 1123 die
1892 1078 2031 1122 uͤbrigen
2050 1077 2183 1127 Zweige
2202 1087 2258 1116 um
2279 1072 2381 1119 ſoviel

1379 1146 1474 1186 mehr
1490 1137 1634 1186 Fruͤchte
1652 1135 1804 1180 bringen.
1840 1133 1891 1181 Zu
1909 1132 2011 1177 dieſer
2028 1130 2099 1182 Zeit
2117 1131 2179 1169 kan
2196 1137 2276 1168 man
2297 1127 2381 1169 viele

1381 1184 1519 1235 Stoͤcke
1539 1188 1572 1229 in
1589 1186 1698 1232 kurzer
1718 1181 1790 1232 Zeit
1809 1179 2041 1226 durchgehen,
2068 1178 2136 1215 und
2162 1174 2243 1215 viele
2266 1171 2382 1217 Muͤhe

1383 1230 1590 1280 erſpahren,
1614 1229 1664 1269 die
1680 1237 1761 1268 man
1787 1225 1873 1271 ſonſt
1890 1216 1997 1265 haben
2017 1218 2152 1268 wuͤrde,
2179 1226 2278 1258 wenn
2299 1225 2383 1257 man

1384 1290 1464 1331 dieſe
1481 1287 1654 1334 Schoſſen
1671 1288 1720 1325 ein
1740 1285 1874 1327 Monat
1894 1276 2012 1327 laͤnger
2029 1281 2137 1318 daran
2154 1276 2259 1325 lieſſe;
2282 1275 2383 1323 durch

1385 1339 1486 1383 dieſes
1516 1336 1649 1383 baldige
1677 1331 1920 1380 Wegnehmen
1960 1326 2146 1374 derſelben,
2174 1327 2307 1366 werden
2334 1323 2387 1364 die

1385 1385 1614 1436 Fruchtreben
1640 1386 1710 1431 ſehr
1731 1376 1935 1432 geſtaͤrcket,
1964 1380 2014 1420 die
2039 1376 2165 1428 Frucht
2191 1376 2282 1423 ſelbſt
2305 1377 2388 1416 aber

1386 1439 1474 1480 wird
1498 1439 1599 1480 durch
1625 1432 1808 1479 Anlegung
1835 1435 1890 1470 der
1910 1430 2031 1472 Reben
2058 1428 2125 1468 und
2149 1420 2390 1474 Hinwegneh⸗

1387 1490 1493 1528 mung
1509 1480 1565 1518 der
1581 1469 1739 1524 unnuͤtzen
1754 1474 1934 1521 getrieben.

1436 1537 1515 1584 Die
1532 1535 1792 1582 Erdbeerbeeten
1813 1528 1937 1581 muͤſſen
1951 1542 2020 1571 nun
2032 1522 2238 1575 ſorgfaͤltigſt
2252 1520 2390 1572 gejaͤttet

1387 1594 1542 1635 werden,
1570 1593 1637 1630 und
1654 1596 1751 1629 wenn
1773 1584 1842 1629 ſehr
1861 1584 2029 1627 tockenes
2048 1570 2195 1626 Wetter
2210 1575 2305 1620 waͤre,
2351 1577 2391 1623 iſt

1389 1651 1425 1679 es
1441 1632 1561 1685 noͤthig
1578 1637 1619 1686 ſie
1634 1644 1670 1684 zu
1695 1631 1864 1682 begieſſen,
1888 1625 1975 1683 ſonſt
1977 1629 2119 1677 bringen
2135 1626 2176 1676 ſie
2196 1635 2253 1668 nur
2277 1626 2390 1671 wenig

1387 1689 1544 1744 Fruͤchte.

1438 1745 1565 1797 Haltet
1576 1755 1668 1788 euere
1678 1741 1872 1789 Rabatten,
1879 1737 2058 1781 worinnen
2067 1729 2323 1786 Fruchtbaͤume
2332 1734 2394 1778 ſte⸗

1390 1802 1472 1847 hen,
1484 1805 1564 1840 vom
1583 1796 1738 1840 Unkraut
1756 1792 1846 1839 rein,
1857 1795 1926 1832 und
1944 1789 2034 1840 laſſet
2054 1789 2141 1829 keine
2154 1786 2255 1834 groſſe
2264 1785 2397 1837 Pflan⸗

1390 1858 1446 1895 zen
1463 1846 1629 1888 darinnen
1649 1841 1820 1892 wachſen;
1845 1839 1924 1881 weil
1941 1841 2054 1882 davon
2072 1840 2134 1877 den
2152 1828 2325 1881 Baͤumen
2346 1836 2399 1876 die

1391 1896 1580 1945 Nahrung
1598 1894 1798 1935 benommen
1815 1894 1914 1931 wird.
1941 1890 2021 1931 Und
2041 1896 2139 1928 wenn
2160 1885 2219 1930 ſich
2237 1887 2294 1925 der
2312 1885 2400 1929 Bo⸗

1396 1950 1459 1986 den
1484 1954 1582 1993 gerne
1609 1940 1798 1991 zuſammen
1814 1938 1897 1986 ſetzet
1914 1941 1982 1978 und
2002 1939 2079 1982 hart
2096 1935 2210 1984 wird,
2234 1935 2289 1976 ſoll
2315 1941 2401 1972 man

1397 1994 1454 2043 ihn
1472 1994 1535 2034 mit
1551 1992 1640 2035 einer
1657 1987 1846 2039 Miſtgabel
1864 1986 2081 2030 auflockern;
2109 1991 2207 2022 wenn
2224 1992 2305 2021 man
2326 1985 2402 2020 her⸗

1397 2043 1479 2091 nach
1497 2046 1558 2085 den
1577 2041 1707 2088 Boden
1727 2040 1789 2080 mit
1807 2044 1918 2079 etwas
1933 2035 2056 2080 Streu
2074 2033 2238 2081 bedecket,
2260 2034 2329 2071 und
2341 2033 2402 2076 bey

1395 2093 1466 2142 ſehr
1479 2092 1663 2136 trockenem
1674 2090 1822 2135 Wetter
1841 2089 1891 2128 die
1903 2086 2041 2132 Woche
2057 2085 2217 2130 zweymal
2238 2082 2402 2128 begieſſet,

1396 2145 1484 2186 wird
1503 2153 1540 2186 es
1557 2147 1619 2184 den
1639 2137 1809 2187 Baͤumen
1829 2136 1899 2186 ſehr
1919 2134 2049 2179 nutzlich
2070 2133 2156 2180 ſeyn.
2209 2134 2303 2173 Auch
2329 2132 2403 2173 ſollt

1399 2191 1450 2236 ihr
1467 2190 1530 2230 den
1549 2185 1679 2232 Boden
1696 2183 1850 2233 zwiſchen
1864 2185 1927 2223 den
1940 2180 2075 2223 Reihen
2093 2188 2202 2219 euerer
2215 2165 2337 2219 Reben
2355 2181 2406 2215 im

1398 2243 1599 2292 Weinberg
1625 2240 1695 2284 rein
1722 2237 1861 2285 halten,
1884 2239 1923 2284 ſie
1948 2232 2103 2283 ſtaͤbeln,
2127 2236 2194 2274 und
2215 2234 2257 2274 die
2279 2230 2406 2276 Reben

1398 2290 1573 2342 anheſten,
1584 2290 1726 2334 welches
1745 2288 1842 2336 beſſer
1861 2287 1923 2333 iſt,
1944 2282 2003 2331 als
2007 2294 2095 2325 wenn
2112 2292 2191 2323 man
2205 2282 2256 2323 die
2272 2281 2409 2331 Pfaͤhle

1399 2344 1463 2384 den
1488 2350 1612 2390 ganzen
1636 2338 1787 2382 Winter
1806 2335 1965 2385 hindurch
1985 2336 2044 2382 bey
2064 2331 2162 2373 ihnen
2185 2332 2290 2376 ſtehen
2313 2329 2410 2371 laͤßt:

1399 2396 1478 2435 weil
1503 2395 1543 2441 ſie
1570 2393 1617 2434 im
1644 2390 1791 2432 Winter
1817 2388 1909 2433 mehr
1936 2382 2109 2431 Schaden
2128 2382 2253 2427 leiden,
2281 2382 2338 2419 als
2358 2380 2407 2419 im

1400 2437 1604 2486 Sommer;
1620 2440 1690 2477 und
1707 2441 1744 2478 es
1761 2427 1928 2480 unnoͤthig
1944 2430 2001 2479 iſt,
2019 2432 2069 2474 die
2085 2430 2207 2473 Reben
2226 2428 2272 2468 im
2291 2428 2411 2470 Win⸗

1401 2494 1452 2531 ter
1468 2491 1532 2532 mit
1549 2482 1706 2540 Pfaͤhlen
1723 2495 1759 2532 zu
1778 2481 1929 2530 verſehen.

1450 2545 1521 2587 Um
1543 2545 1594 2586 die
1617 2541 1728 2587 Mitte
1747 2543 1806 2582 des
1822 2537 2015 2584 Monates,
2041 2532 2130 2583 muͤſt
2153 2533 2205 2579 ihr
2223 2529 2409 2579 diejenigen

1403 2585 1682 2644 Feigenbaͤume,
1709 2586 1761 2628 die
1777 2587 1822 2629 im
1844 2584 1995 2630 Winter
2014 2589 2118 2630 gegen
2138 2583 2199 2620 den
2218 2582 2320 2631 Froſt
2336 2590 2412 2619 ver⸗

1404 2647 1535 2692 wahret
1555 2645 1721 2691 worden,
1746 2648 1831 2688 ganz
1844 2636 2047 2686 aufdecken,
2074 2637 2153 2677 doch
2180 2644 2260 2675 mus
2289 2635 2414 2679 ſolches

1405 2696 1488 2745 nach
1507 2697 1574 2736 und
1594 2694 1677 2735 nach
1693 2689 1887 2739 geſchehen:
1904 2690 1989 2729 denn
2010 2685 2093 2733 ſonſt
2111 2682 2227 2727 wuͤrde
2245 2685 2295 2723 die
2311 2687 2414 2728 junge

1405 2748 1533 2797 Frucht
1552 2744 1691 2792 Gefahr
1711 2740 1857 2791 lauffen,
1883 2747 1983 2781 wenn
2002 2738 2042 2787 ſie
2061 2734 2126 2784 auf
2145 2735 2272 2777 einmal
2298 2744 2343 2775 an
2362 2730 2414 2774 die

1406 2801 1494 2849 freye
1512 2796 1587 2845 Luft
1602 2791 1708 2838 kaͤme.

1454 2854 1532 2900 Die
1556 2844 1812 2902 Fruchtbaͤume
1837 2856 1881 2887 an
1909 2845 1970 2887 den
2003 2842 2259 2889 Treibmauern
2287 2839 2413 2889 muͤſſen

1407 2920 1478 2950 nun
1506 2908 1570 2950 viel
1593 2906 1705 2954 friſche
1729 2905 1804 2952 Luft
1829 2901 1964 2949 haben,
1994 2899 2151 2942 nachdem
2177 2895 2322 2938 naͤmlich
2348 2900 2416 2937 das

1407 2960 1553 3005 Wetter
1577 2964 1689 2996 warm
1717 2953 1782 3004 iſt;
1806 2953 1887 2996 auch
1916 2949 2011 2994 ſollen
2036 2949 2104 2993 ihre
2132 2947 2266 2991 Zweige
2292 2944 2417 2992 oͤffters

1410 3011 1472 3052 mit
1485 3005 1629 3052 Waſſer
1647 3001 1839 3050 beſprenget
1853 2996 1983 3046 werden,
2008 3000 2111 3045 dieſes
2127 2988 2215 3039 wird
2234 2998 2293 3037 den
2306 2995 2418 3040 Baͤu⸗

1410 3067 1486 3098 men
1505 3054 1642 3099 dienlich
1663 3052 1736 3100 ſeyn
1765 3054 1834 3092 und
1856 3052 1906 3092 die
1925 3043 2126 3095 Schoͤnheit
2144 3050 2201 3088 der
2217 3045 2344 3093 Frucht
2362 3047 2419 3083 be⸗

1409 3101 1580 3156 foͤrdern;
1606 3103 1676 3142 und
1703 3107 1803 3141 wenn
1828 3106 1909 3140 man
1930 3096 2013 3138 auch
2039 3096 2109 3137 ihre
2126 3095 2300 3138 Wurzeln
2323 3097 2419 3130 dann

1409 3157 1481 3196 und
1498 3162 1605 3196 wann
1623 3148 1794 3200 begieſſet,
1811 3146 1899 3190 wird
1915 3155 1951 3188 es
1971 3145 2070 3189 ihnen
2088 3145 2157 3190 ſehr
2174 3145 2267 3183 wohl
2284 3144 2421 3183 bekom⸗

1412 3212 1510 3250 men,
1528 3189 1727 3251 ſonderlich,
1740 3202 1846 3239 wann
1861 3193 1902 3244 ſie
1920 3193 1954 3235 in
1974 3195 2079 3234 einem
2095 3193 2266 3234 trockenen
2283 3191 2420 3233 Boden

1412 3261 1535 3308 ſtehen.

1442 3313 1641 3373 Fruͤchte,
1656 3312 1700 3368 ſo
1719 3325 1805 3359 nun
1829 3323 1896 3355 am
1918 3308 2088 3364 beſten,
2105 3308 2204 3351 oder
2222 3308 2324 3356 noch
2342 3311 2394 3353 zu

1787 3371 1928 3419 haben
1953 3371 2058 3419 ſind.

1462 3436 1636 3481 Birnen:
1654 3430 1897 3480 Franc-real,
1907 3425 2128 3474 Bergamot,
2144 3422 2270 3471 Bugi,
2293 3421 2424 3465 Saint⸗

1416 3489 1603 3535 Martial,
1638 3485 1724 3528 Lord
1751 3485 1914 3528 Cheines
1941 3471 2226 3528 Wintergruͤn,
2246 3476 2357 3526 Beſſy
2383 3475 2425 3517 de

1419 3539 1701 3586 Chaumontelle,
1719 3535 1927 3579 Carmelite,
1944 3533 2012 3572 und
2032 3521 2109 3578 zum
2124 3529 2277 3576 Kochen,
2302 3526 2427 3570 Cadil⸗

1421 3583 1484 3634 lac,
1495 3584 1732 3634 Parkinſons
1749 3581 1939 3630 Warden,
1944 3576 2008 3627 und
2026 3578 2206 3625 engliſche
2216 3576 2402 3620 Warden.

1468 3640 1629 3690 Aepfel:
1652 3633 1951 3686 Golden⸗ruſſet,
1978 3618 2087 3686 Piles
2110 3632 2260 3683 Ruſſet,
2282 3630 2430 3671 Whee⸗

1420 3700 1498 3737 lers
1514 3693 1654 3742 Ruſſet,
1669 3689 1894 3738 Nonpareil,
1906 3682 2166 3735 John⸗apple,
2185 3679 2430 3735 Stone⸗Pip⸗

1420 3744 1500 3794 pin,
1516 3746 1586 3784 und
1604 3739 1709 3789 einige
1728 3740 1864 3783 andere.

1471 3805 1531 3845 An
1540 3803 1602 3842 den
1612 3794 1867 3843 Treibmauern
1872 3785 2049 3843 Kirſchen,
2068 3782 2428 3843 Apricoſenmaͤnnlein,

1423 3851 1530 3902 einige
1545 3847 1757 3901 Pflaumen,
1776 3847 1845 3885 und
1862 3845 1908 3887 im
1926 3842 2111 3894 Miſtbeet,
2128 3840 2335 3886 Erdbeeren.

1531 3917 1654 3966 Was
1673 3916 1717 3960 in
1735 3916 1810 3959 der
1832 3906 2118 3966 Baumſchule
2135 3918 2184 3960 zu
2209 3905 2331 3958 thun.

1473 3990 1527 4038 Zu
1547 3986 1691 4037 Anfang
1708 3982 1811 4030 dieſes
1826 3982 2008 4028 Monates
2023 3975 2145 4023 koͤnnet
2163 3980 2216 4025 ihr
2230 3978 2281 4017 die
2298 3973 2434 4021 meiſten

1426 4037 1576 4089 Sorten
1593 4028 1841 4084 immergruͤner
1851 4028 2001 4078 Baͤume
2014 4031 2186 4079 verſetzen,
2195 4028 2252 4069 als
2269 4022 2432 4074 naͤmlich:
