1507 2430
482 541 544 577 den
555 536 690 588 heiligen
699 533 878 577 Maͤnnern
890 534 1018 576 Gottes
1035 533 1154 582 ſelbſt/
1177 537 1242 572 und
1251 534 1318 572 mit

482 592 579 632 ihren
599 588 785 638 Schrifften
811 587 943 637 zugleich
977 587 1049 632 ſeyn
1084 582 1314 632 entſprungen.

482 628 575 683 Nun
585 632 687 691 haben
704 643 778 678 aber
798 627 853 676 die
864 631 1014 685 Chriſten
1033 635 1114 683 nicht
1137 634 1231 687 allein
1253 627 1320 689 ſich

485 692 564 745 nicht
582 692 710 749 allezeit
714 706 755 735 an
771 699 818 734 die
829 692 982 733 Lection
998 698 1063 733 und
1080 692 1248 742 Critiqve
1264 695 1319 731 der

485 740 639 791 Maſoræ
645 749 844 792 gebunden/
871 743 1005 790 ſondern
1015 754 1050 782 es
1065 744 1131 794 ſind
1141 744 1189 782 die
1198 738 1317 790 Juden

486 801 576 853 ſelbſt
588 804 646 848 offt
654 807 759 840 davon
769 796 1016 853 abgewichen/,ja
1029 799 1111 837 viele
1119 795 1221 848 haben
1230 795 1321 845 wohl

486 865 549 903 gar
557 854 651 906 ſolche
659 853 840 904 veraͤchtlich
850 850 1031 904 gehalten/
1046 858 1112 892 und
1121 855 1226 889 davon
1238 842 1321 901 nicht

488 917 547 956 zum
564 908 672 957 beſten
685 914 842 949 geredet/
869 911 958 944 derer
965 903 1041 954 auch
1057 911 1110 943 der
1118 902 1322 942 Commen-

488 963 593 995 tator
612 960 670 995 des
685 944 812 1004 Buchs
832 952 938 990 Coſri
953 957 1016 991 aus
1036 956 1110 990 dem
1132 949 1322 1002 Ephodæo

485 1017 662 1060 Meldung
676 1013 786 1056 thut/
810 1013 910 1063 deſſen
922 1013 1046 1054 Worte
1061 1009 1322 1060 Höttingerus,

482 1066 665 1109 Theſaur.
678 1054 860 1112 Philolog.
877 1059 949 1104 L.1.
964 1068 1041 1107 cap.
1051 1066 1080 1105 3.
1096 1071 1132 1107 p.
1147 1062 1245 1109 408.
1262 1056 1326 1107 fol⸗

487 1123 609 1165 gender
623 1115 742 1167 maſſen
762 1115 967 1168 anfuͤhret/
998 1114 1103 1153 multi
1130 1112 1325 1164 ſapientes,

488 1182 588 1220 qvos
599 1171 684 1213 vidi,
697 1169 728 1209 &
747 1169 879 1211 audivi,
889 1167 1096 1211 traducunt,
1114 1164 1326 1216 deſpiciunt,

460 1217 534 1261 &
565 1227 809 1260 contemnunt
844 1216 997 1263 ſtudium
1015 1217 1091 1261 hoc
1116 1217 1328 1262 ſcribarum,

489 1275 843 1325 (moſoretharum.)
895 1273 992 1325 Qvin
1014 1273 1051 1312 &
1065 1271 1203 1323 ſapiens
1219 1272 1327 1310 Aben

489 1333 576 1372 Eſra
584 1329 747 1371 aſſimilat
755 1340 843 1370 eos,
869 1324 1074 1371 numeranti
1082 1325 1170 1364 folia
1179 1323 1218 1363 &
1226 1323 1326 1376 pagi-

489 1394 558 1420 nas
600 1381 776 1420 librorum
803 1378 1096 1420 medicinalium,
1123 1387 1235 1426 qvare
1251 1386 1327 1412 non

489 1434 637 1473 ſanatur
644 1433 755 1471 ullum
779 1430 917 1475 ulcus,
957 1440 996 1467 at
1018 1440 1094 1467 non
1107 1429 1266 1478 attendit
1279 1430 1326 1467 ad

489 1490 545 1532 id,
573 1488 674 1538 qvod
694 1487 878 1538 propheta
896 1485 1082 1535 redarguit
1104 1495 1208 1522 vanos
1226 1483 1328 1523 hoſce

493 1548 789 1597 contemptores.
797 1547 874 1596 Jer.
890 1549 985 1588 VIII.
1001 1551 1038 1591 8.
1072 1543 1168 1587 Eben
1188 1541 1328 1585 daruͤber

493 1596 600 1644 klaget
617 1595 692 1643 auch
717 1595 743 1636 R.
751 1593 866 1642 Jacob
887 1589 1119 1640 Benchajim,
1146 1589 1283 1641 præfat.
1293 1589 1332 1641 in

493 1650 628 1689 Biblia:
663 1646 762 1687 Cum
779 1645 939 1685 vidiſſem
961 1643 1131 1698 multos,
1151 1653 1198 1680 ex
1221 1641 1330 1693 plebe

493 1701 634 1751 pariter
648 1702 685 1740 &
708 1699 923 1751 ſapientibus
948 1697 1103 1741 noſtris,
1130 1697 1192 1748 qvi
1213 1695 1329 1734 hodie

495 1750 572 1802 ipſa
583 1750 653 1788 hac
660 1758 764 1788 ætate
774 1748 959 1787 nobiſcum
968 1750 1109 1790 vivunt,
1117 1759 1193 1784 non
1202 1755 1329 1782 curare

494 1806 705 1847 Maſoram,
727 1814 845 1853 neqve
854 1802 960 1840 ullam
976 1801 1052 1851 ejus
1068 1803 1204 1840 habere
1220 1800 1329 1837 ratio-

494 1871 607 1902 nem,
626 1858 805 1898 dicentes:
834 1856 965 1908 Ecqvæ
977 1856 1072 1893 hinc
1072 1853 1209 1892 utilitas
1219 1861 1330 1905 atqve

496 1914 545 1954 ſic
562 1910 745 1953 Maſoram
765 1911 841 1947 fere
870 1908 1047 1950 oblivioni
1071 1905 1237 1945 traditam
1267 1916 1330 1956 pe-

493 1961 604 2018 riiſſe,
604 1959 757 2016 excuſſi
755 1966 941 2002 brachium
958 1973 1092 2005 meum.
1106 1960 1177 2002 &c.
1209 1962 1332 2015 Wenn

497 2033 571 2065 nun
581 2025 629 2064 die
640 2020 803 2064 Maſora,
832 2025 897 2061 und
908 2019 1056 2069 folgends
1064 2020 1112 2060 die
1122 2015 1253 2069 punƈte
1262 2022 1329 2057 und

495 2087 689 2124 accentus,
702 2076 734 2130 ſo
743 2077 808 2125 alt/
832 2081 898 2119 und
905 2074 1039 2130 zugleich
1047 2079 1108 2120 mit
1116 2082 1191 2117 dem
1202 2073 1331 2126 Geſetze
