1728 2264
644 242 726 294 640

788 238 970 292 Heitmann
970 238 1019 292 de
1019 238 1179 292 auſtrægis
1179 238 1415 292 ganerbiorum.

655 322 705 361 ein
716 320 818 367 jeder,
842 318 874 368 ſo
874 318 943 367 offt
955 329 989 360 er.
989 329 1035 360 ꝛc.
1084 321 1215 356 Similis
1230 321 1298 357 fere
1313 317 1489 369 diſpoſitio
1503 320 1559 356 de-

652 370 877 415 prehenditur
894 372 927 403 in
941 369 1200 405 confirmatione
1215 368 1375 406 Caeſarea
1393 371 1451 409 des
1464 365 1557 416 Tan⸗

653 422 779 467 niſchen
790 420 1092 467 Burg⸗Friedens,
1108 421 1266 467 aliisque.

1025 482 1056 512 §.
1080 483 1199 512 XXII.

704 516 847 554 Effectus
860 526 902 551 ex
920 513 1109 550 neceſſitate
1128 516 1211 560 pacti
1223 514 1286 549 rite
1299 512 1482 550 electorum
1512 514 1530 550 &
1540 522 1559 549 a

653 569 815 604 Caeſarea
826 566 1001 603 Maieſtate
1019 566 1297 602 confirmatorum
1315 564 1560 611 Auſtrægarum

655 615 975 651 conuentionalium
998 615 1182 650 Nobilium
1205 611 1484 649 immediatorum
1502 614 1558 650 hic

654 666 723 710 eſt,
739 678 776 702 vt
788 666 1005 711 ſuſpendatur
1014 665 1200 701 iurisdictio
1211 664 1459 700 ordinariorum
1470 663 1559 700 iudi-

655 726 755 750 cum,
775 716 829 748 cui
840 714 921 750 alias
951 714 1078 750 Nobiles
1103 708 1265 758 immediati
1287 714 1321 748 in
1331 713 1489 759 quolibet
1496 714 1558 748 cir-

656 767 735 801 culo
753 767 783 800 ſe
801 765 996 801 ſubmittere
1014 765 1167 807 debent,
1202 767 1238 800 &
1252 764 1294 800 de
1310 763 1436 810 quibus
1453 767 1483 804 §.
1501 771 1560 802 13.

656 814 802 857 dictum,
826 814 871 847 ita
888 824 923 847 vt
938 814 1101 848 Ganerbii
1116 814 1175 848 lite
1193 813 1279 847 inter
1294 811 1371 847 illos
1384 820 1457 846 orta
1467 821 1559 856 prae-

654 863 720 896 ciſe
738 872 914 897 teneautur
930 861 993 896 hos
1010 861 1119 899 adire,
1133 861 1181 895 vti
1196 860 1259 894 hoc
1269 870 1409 907 quoque
1417 863 1509 905 pacta
1518 861 1556 896 il-

654 913 768 948 lorum
781 912 887 948 iurata
905 910 1089 957 poſtulant,
1115 922 1201 958 quae
1219 912 1319 946 etiam
1338 923 1355 947 a
1370 911 1500 946 iudicio
1516 913 1560 947 E-

652 964 776 1011 queſtri
793 963 963 1000 obſeruari
980 963 1132 1006 debent,
1167 964 1239 1000 vid.
1257 960 1559 1008 Austrags⸗Ord⸗

653 1019 762 1055 nung.
787 1004 901 1057 Atque
913 1009 933 1044 ſi
944 1011 976 1045 in
991 1011 1057 1046 hoc
1067 1010 1197 1046 iudicio
1208 1009 1384 1058 Equeſtri,
1390 1010 1447 1048 vel
1456 1011 1559 1045 etiam

656 1061 799 1095 ſummis
808 1058 968 1105 imperii,
980 1059 1057 1106 quis
1067 1058 1319 1094 Ganerbiorum
1328 1058 1561 1097 conueniatur,

654 1109 859 1154 exceptione
874 1109 938 1145 fori
955 1108 1175 1145 declinatoria
1189 1108 1220 1143 ſe
1228 1111 1314 1145 tueri
1325 1109 1361 1144 &
1368 1119 1406 1143 vt
1415 1108 1510 1143 cauſa
1517 1106 1559 1143 ad

653 1160 771 1195 forum
795 1157 1039 1205 Auſtrægarum
1071 1159 1264 1193 remittatur
1293 1167 1408 1204 petere
1432 1155 1560 1203 poteſt,

653 1218 745 1254 quae
761 1209 921 1253 exceptio
939 1208 1043 1243 etiam
1058 1207 1094 1242 in
1110 1208 1250 1243 ſummis
1266 1206 1402 1253 imperii
1414 1206 1563 1243 Dicaſte-

656 1259 716 1293 riis
732 1255 934 1294 attenditur,
948 1267 1050 1302 prout
1059 1254 1126 1293 hoc
1138 1268 1181 1292 ex
1189 1256 1363 1292 Concluſo
1372 1256 1494 1292 Aulico
1506 1255 1561 1292 die

656 1319 693 1352 4.
705 1306 900 1344 Nouembr.
916 1310 1019 1343 1660.
1032 1307 1067 1342 in
1084 1309 1180 1344 cauſa
1189 1302 1393 1353 Wuͤrtzburg
1408 1308 1442 1342 &
1456 1307 1563 1344 Conſ.

655 1368 773 1393 contra
793 1366 860 1396 von
882 1361 933 1396 der
964 1356 1065 1403 Thann
1082 1357 1356 1403 Appellationis,
1371 1366 1481 1402 patet,
1500 1356 1562 1390 hu-

655 1412 710 1447 ius
726 1411 881 1448 tenoris:
920 1410 978 1458 Jn
995 1410 1141 1456 Sachen
1156 1410 1309 1456 weyland
1325 1408 1438 1456 Herrn
1455 1408 1562 1451 Hart⸗

655 1465 783 1499 manns
794 1458 1166 1507 Johanniter⸗Ordens
1183 1460 1216 1499 in
1223 1458 1444 1504 Teutſchland
1453 1459 1561 1501 Obri⸗

655 1510 901 1557 ſten⸗Meiſters
910 1510 1040 1552 Erben,
1055 1513 1214 1556 entgegen
1227 1513 1295 1549 und
1306 1508 1427 1549 wieder
1434 1508 1563 1556 Friede⸗

655 1557 761 1602 richen
771 1566 834 1596 von
845 1560 898 1598 der
906 1556 1022 1600 Tann,
1032 1561 1160 1596 werden
1171 1553 1312 1604 Klaͤgere
1322 1556 1384 1598 mit
1392 1555 1493 1604 ihrem
1501 1564 1562 1595 un⸗

655 1610 741 1644 term
752 1605 960 1652 praeſentato
970 1609 1031 1643 den
1045 1618 1100 1641 15.
1116 1600 1232 1650 Octobr.
1251 1596 1416 1655 naͤchſthin
1419 1605 1477 1651 bey
1488 1608 1561 1642 dem

655 1659 756 1706 Kayſ.
768 1657 1117 1706 Reichs⸗Hof⸗Rath,
1131 1658 1235 1697 wider
1241 1658 1417 1698 ermeldten
1432 1656 1562 1705 Friede⸗

656 1709 763 1751 richen
773 1717 836 1746 von
848 1709 903 1748 der
912 1707 1015 1749 Tann
1025 1704 1248 1751 uͤbergebenen
1257 1705 1451 1751 Anbringen
1461 1716 1505 1744 an
1514 1705 1564 1745 die

654 1757 839 1803 Tanniſche
850 1757 1019 1801 Erkohrne
1029 1757 1208 1797 remittirt,
1232 1759 1301 1795 und
1317 1756 1402 1794 wird
1420 1755 1563 1794 beneben

655 1807 780 1852 beyden
788 1804 926 1855 Theilen
935 1798 1043 1860 hiemit
1059 1797 1231 1859 auferlegt,
1244 1804 1310 1854 daß
1319 1806 1357 1855 ſie
1366 1807 1447 1855 dieſe
1455 1804 1561 1851 Sach

1437 1862 1559 1898 alldort
