2424 2646
255 379 381 433 jenige
391 375 627 434 holdſelige
635 376 822 438 Fuͤrſtin
833 382 1047 442 geſtorben,
1063 385 1202 441 welche
1217 392 1276 435 die
1293 385 1428 446 Jahre
1441 388 1603 448 Hannaͤ

255 445 305 492 zu
315 436 480 491 erleben,
499 440 643 493 unſern
659 441 898 493 Gedancken
909 443 1020 498 nach,
1033 444 1161 498 werth
1172 448 1342 502 geweſen
1353 449 1475 496 waͤre.

361 491 559 552 Klage/
565 492 663 551 Ach
685 502 778 551 und
792 497 944 555 Wehe
968 502 1194 557 empfinden
1212 510 1254 550 in
1278 508 1395 553 Dero
1415 511 1496 555 ſehr
1516 520 1602 551 ver⸗

252 549 466 591 wundeten
485 548 647 603 Hertzen
663 550 730 594 der
750 547 1024 608 hinterlaſſene
1047 551 1174 610 hoͤchſt
1192 556 1430 609 ſchmertzlich
1446 558 1601 606 betruͤb⸗

252 601 339 657 teſte
356 600 778 663 Durchlauchtigſte
795 602 1065 660 Wittwer,
1088 611 1204 663 unſer
1224 604 1452 668 gnaͤdigſter
1478 616 1599 667 Fuͤrſt

249 660 335 702 und
351 658 484 711 Herr,
512 657 581 706 als
599 658 761 712 welcher
782 663 862 710 mit
881 661 1052 721 Ezechiel
1111 659 1160 720 an
1157 666 1275 717 Dero
1295 665 1601 723 angenehmen

246 718 537 789 Frideriquen
553 727 636 773 eine
645 727 788 782 rechte
795 726 1134 791 Augen⸗Luſt/
1159 722 1231 792 cap.
1272 724 1391 788 XXIV,
1405 726 1447 781 16.
1466 742 1507 791 ja
1520 744 1603 781 eine

246 784 361 837 ſolche
385 781 608 847 Fuͤrſtliche
588 780 839 840 Gemahlin
848 787 1007 846 gehabt,
1027 792 1105 838 mit
1114 792 1275 847 welcher
1285 794 1369 843 Sie
1386 797 1454 843 ein
1465 792 1600 850 Hertz

248 843 339 884 und
355 849 443 886 eine
455 838 606 890 Seele
618 843 806 905 geweſen.
861 844 1024 895 Sieben
1035 845 1172 903 Jahre
1184 847 1313 902 haben
1325 851 1409 901 Sie
1428 843 1503 899 mit
1516 855 1600 901 De⸗

243 896 415 953 roſelben
427 900 470 945 in
481 897 598 949 Dero
617 897 856 961 Fuͤrſtlichen
867 904 1090 960 Eheſtande
1099 906 1257 962 gelebet,
1266 914 1350 957 und
1366 917 1408 957 es
1418 912 1494 964 gilt
1505 914 1600 962 hier,

245 957 339 997 was
355 955 412 999 im
423 954 545 1009 erſten
560 955 681 1008 Buch
700 956 841 1007 Moſis
854 968 924 1006 am
944 962 988 1018 29.
992 959 1152 1017 ſtehet:
1179 965 1271 1013 Die
1289 960 1424 1018 ſieben
1440 964 1597 1019 Jahre

241 1007 463 1057 dauchten
472 1005 614 1067 Jhm/
625 1009 702 1056 als
712 1002 873 1058 waͤren
885 1019 935 1057 es
945 1019 1033 1059 nur
1048 1014 1212 1069 eintzele
1228 1013 1363 1071 Tage
1381 1012 1592 1073 geweſen,

241 1063 289 1116 ſo
302 1063 384 1111 lieb
397 1063 527 1119 hatte
589 1062 627 1118 Er
641 1066 762 1120 Sie.
812 1073 929 1120 Was
946 1072 1101 1127 hertzet,
1117 1078 1197 1122 das
1214 1074 1436 1129 ſchmertzet.
1489 1080 1595 1125 Das

241 1119 454 1183 Fuͤrſtliche
470 1120 769 1178 Liebes ⸗ Band
787 1129 898 1183 hatte
913 1123 1044 1181 GOtt
1060 1132 1288 1188 zuſammen
1313 1134 1498 1188 gefuͤget;
1524 1142 1593 1176 der

240 1178 314 1224 hat
329 1178 372 1216 es
393 1177 490 1223 auch
510 1175 800 1228 hinwiederum
818 1178 1038 1233 getrennet.
1098 1177 1340 1238 Prinzeßin
1360 1177 1593 1241 Friderica

234 1237 372 1280 haben
386 1239 463 1283 den
468 1238 644 1289 Anfang
668 1241 883 1287 gemachet;
901 1233 973 1292 Sie
990 1233 1062 1284 ſind
1086 1241 1211 1277 voran
1230 1250 1456 1287 gegangen;
1472 1238 1590 1279 Fuͤrſt

244 1289 451 1339 Johann
457 1293 630 1337 Auguſt
653 1297 820 1343 werden
833 1300 1077 1341 nachfolgen.
1140 1291 1258 1339 Gebe
1277 1293 1360 1335 aber
1387 1300 1454 1342 der
1469 1288 1595 1334 from⸗

239 1352 305 1391 me
319 1339 468 1400 GOtt,
482 1338 564 1402 daß
572 1351 615 1393 es
626 1344 686 1394 alt
696 1349 780 1397 und
796 1348 947 1399 Lebens
957 1349 1034 1406 ſatt
1056 1342 1254 1413 geſchehe.
1281 1352 1346 1411 Je
1361 1351 1530 1414 ſpaͤter,
1552 1354 1591 1409 je

234 1413 391 1469 beſſer!

343 1461 429 1517 Die
443 1454 870 1526 Durchlauchtigſte
886 1460 1290 1531 Hoch⸗Fuͤrſtliche
1314 1475 1488 1527 Eltern
1510 1487 1588 1523 em⸗

237 1514 401 1578 pfinden
424 1520 467 1568 in
477 1520 591 1576 ihren
601 1516 764 1579 Hertzen
774 1526 873 1577 auch
882 1528 963 1573 das
971 1524 1135 1587 Jhrige,
1145 1528 1297 1586 maſſen
1307 1534 1393 1582 Sie
1405 1544 1461 1580 an
1471 1536 1589 1583 dieſer

237 1567 641 1637 Durchlauchtigſten
671 1576 909 1640 Printzeßin
925 1587 1008 1633 eine
1029 1584 1146 1639 ſolche
1165 1589 1588 1645 Schwieger⸗Tochter

238 1634 397 1685 hatten,
425 1630 564 1685 welche
582 1636 661 1681 mit
688 1635 795 1691 ihrer
811 1636 1076 1693 ſonderbaren
1091 1639 1202 1690 Liebe
1218 1644 1302 1689 und
1318 1645 1587 1696 ungemeinen

238 1679 543 1748 Freundlichkeit
551 1687 699 1751 Jhnen
712 1686 810 1750 recht
828 1685 1035 1754 Fuͤrſtlich
1036 1708 1084 1753 zu
1097 1699 1298 1755 begegnen
1307 1695 1443 1754 wuſte.
1463 1704 1586 1748 Ohne

238 1740 462 1797 Wehmuth
480 1745 641 1792 werden
659 1744 745 1794 Sie
758 1748 893 1792 daran
904 1749 1014 1802 nicht
1030 1743 1252 1807 gedencken.
1309 1755 1370 1803 Es
1384 1745 1495 1811 gehet
1516 1756 1588 1810 Jh⸗

237 1802 342 1843 nen,
341 1797 436 1845 wie
451 1803 520 1847 der
538 1797 665 1849 lieben
681 1797 861 1858 Rachel,
879 1805 965 1856 Sie
983 1810 1139 1855 weinen
1156 1806 1255 1857 uͤber
1270 1812 1332 1857 ein
1350 1812 1479 1863 Kind,
1497 1817 1584 1859 und

236 1852 381 1900 wollen
404 1850 474 1906 ſich
491 1855 598 1908 nicht
614 1846 764 1913 troͤſten
787 1853 922 1914 laſſen.
972 1862 1059 1913 Sie
1075 1863 1263 1913 erkennen
1282 1865 1403 1920 wohl,
1419 1867 1502 1917 daß
1522 1872 1583 1911 ein

235 1905 394 1965 ſchoͤnes
401 1904 606 1960 Kleinod
616 1915 699 1959 aus
707 1916 799 1961 dem
812 1907 1087 1974 Fuͤrſten⸗Hut
1088 1911 1276 1975 gefallen,
1299 1921 1384 1968 und
1394 1924 1455 1969 ein
1467 1922 1582 1974 heller

234 1964 402 2020 Stern
411 1969 453 2014 in
467 1967 556 2016 dem
570 1967 847 2030 Hoch⸗Fuͤrſtl.
862 1965 1287 2032 Anhalt⸗Zerbſtiſchen
1303 1980 1437 2033 Hauſe
1448 1985 1582 2025 unter⸗

234 2023 411 2073 gangen.
466 2015 585 2071 Was
598 2024 807 2081 Wunder,
824 2021 906 2082 daß
928 2032 963 2076 es
978 2028 1277 2087 allenthalben,
1295 2037 1361 2079 wo
1387 2027 1451 2083 man
1480 2034 1578 2086 hin⸗

232 2078 415 2137 koͤmmet,
434 2081 471 2138 ſo
480 2078 610 2140 finſter
627 2078 843 2140 ausſiehet!

336 2138 421 2192 Die
437 2130 848 2207 Hoch⸗Fůͤrſtliche
839 2134 1130 2205 Geſchwiſter
1151 2146 1243 2201 und
1257 2146 1416 2208 uͤbrige
1435 2145 1575 2207 Hohe
