2391 2853
454 499 468 514 *
484 498 548 530 Von
556 496 631 532 dieſer
637 497 800 532 gedoppelten
808 500 849 529 art
856 498 904 530 den
910 497 1018 533 glauben
1026 504 1054 532 zu
1062 499 1212 536 betrachten,
1222 500 1332 537 handeln
1340 501 1411 537 unſre
1418 500 1644 538 Gottesgelehrten
1659 508 1723 536 zwar
1737 502 1781 539 hin
1790 503 1845 536 und

394 530 502 563 wieder:
519 532 577 567 doch
586 534 626 568 hat
635 532 769 569 ſonderlich
777 536 819 564 der
828 534 916 570 ſelige
914 535 943 570 D.
952 535 1103 563 Schomerus
1116 537 1153 565 die
1164 541 1239 569 gantze
1251 537 1315 572 ſache
1324 538 1350 567 in
1361 539 1437 573 ſeiner
1450 538 1560 573 theolog.
1582 541 1672 564 moral.
1688 547 1744 573 cap.
1755 545 1776 568 7.
1792 539 1804 570 §.
1822 547 1844 572 3.

393 579 421 607 p.
432 574 487 607 246.
496 576 554 609 aufs
562 573 724 611 gruͤndlichſte
732 583 784 606 und
792 577 930 613 deutlichſte
938 576 1051 609 erklaͤret.
1092 579 1128 609 Er
1136 572 1238 614 ſpricht:
1258 579 1353 613 dieſer
1360 578 1473 617 glaube
1481 583 1565 611 wird
1578 578 1651 614 nach
1661 586 1758 610 einem
1765 582 1843 616 dop⸗

392 614 495 650 pelten
510 615 635 653 abſehen
650 616 823 654 betrachtet,
838 618 974 654 einmahl
988 618 1049 649 wie
1065 626 1097 650 er
1106 620 1158 658 bey
1165 622 1221 650 der
1235 619 1473 659 rechtfertigung
1492 624 1541 652 des
1550 620 1701 658 menſchen
1702 617 1762 665 iſt,
1767 625 1842 654 oder

392 656 443 686 die
451 661 547 692 gnade
562 659 689 693 Gottes,
704 662 768 690 und
778 662 826 691 die
840 658 941 696 frucht
954 662 1011 689 des
1017 657 1199 697 gehorſams
1207 665 1271 694 und
1287 665 1341 691 der
1347 662 1558 701 gerechtigkeit
1567 661 1683 700 Chriſti
1683 662 1843 702 ergreifft;

390 704 456 731 und
471 704 559 737 denn,
570 703 632 733 wie
641 709 673 733 er
688 704 745 733 den
759 702 911 739 menſchen
926 704 983 734 mit
996 710 1094 734 einem
1111 704 1222 735 wercke
1234 710 1309 738 oder
1324 704 1479 744 fertigkeit
1493 707 1556 742 (aƈtu
1568 710 1607 735 vel
1622 708 1716 741 habita)
1726 711 1780 738 des
1795 712 1844 744 ge⸗

391 737 530 775 horſams
538 743 601 773 und
609 744 662 771 der
672 743 785 778 tugend
793 739 964 777 ausruͤſtet:
990 741 1022 770 in
1032 740 1114 776 jener
1123 742 1235 777 abſicht
1241 739 1365 781 gehoͤret
1372 750 1405 774 er
1413 751 1482 779 zum
1489 744 1656 784 evangelio,
1666 745 1740 778 Gal.
1752 749 1795 777 III,
1805 755 1843 776 12.

390 789 419 815 u.
428 784 447 821 f.
457 786 485 815 in
494 784 587 822 dieſer
594 786 793 824 betrachtung
799 788 874 818 aber
883 794 949 821 zum
958 785 1064 825 geſetze
1073 790 1194 825 Matth.
1207 793 1294 820 XXIII,
1304 797 1341 822 23.
1378 792 1416 821 Es
1431 790 1527 827 verhaͤlt
1540 791 1584 826 ſich
1599 791 1721 829 nehmlich
1731 792 1777 823 wie
1792 791 1843 823 mit

393 826 477 860 einem
490 829 628 866 menſchen,
641 831 698 861 dem
711 835 790 861 etwas
803 831 936 868 geſchenckt
952 832 1030 863 wird:
1049 832 1093 868 bey
1108 833 1246 868 demſelben
1263 835 1343 870 findet
1356 834 1400 869 ſich
1415 835 1459 870 erſt
1473 836 1526 866 eine
1535 835 1648 869 begierde
1658 830 1697 876 das
1707 836 1843 873 geſchencke

391 868 572 903 anzunehmen,
581 867 667 908 welche
676 871 720 905 ihn
727 871 822 904 bewegt
829 870 868 900 die
875 871 941 906 hand
949 871 1136 905 auszuſtrecken.
1174 874 1261 903 Wenn
1276 879 1303 903 er
1316 879 1370 902 nun
1385 876 1432 902 das
1444 875 1579 909 geſchencke
1595 875 1744 909 empfangen
1757 875 1810 909 hat,
1818 874 1841 911 ſo

389 904 470 940 findet
483 905 527 942 ſich
542 907 623 941 ferner
637 908 681 939 bey
697 908 749 942 ihm
766 908 820 938 eine
832 906 965 941 bewegung
981 909 1023 937 der
1038 907 1235 943 ehrerbietigkeit
1250 911 1301 940 und
1313 910 1461 941 danckbaren
1470 912 1584 947 hertzens,
1594 912 1700 947 dadurch
1710 921 1734 943 er
1744 913 1781 943 die
1799 919 1843 943 em⸗

389 943 513 978 pfangene
527 945 650 980 wohlthat
664 944 827 980 hochſchaͤtzet,
843 946 895 977 und
909 940 958 982 ſich
962 945 1143 982 hinwiederum
1157 944 1311 981 demjenigen
1322 944 1351 980 zu
1362 948 1431 982 ehren
1448 952 1548 983 widmet,
1566 956 1607 979 von
1618 951 1662 979 dem
1683 958 1707 979 er
1716 950 1754 980 die
1763 951 1842 986 wohl⸗

389 979 449 1013 that
462 979 606 1011 bekommen
616 980 675 1015 hat.
715 981 790 1015 Dieſe
805 982 967 1017 handlungen
982 981 1041 1011 oder
1055 981 1222 1015 bewegungen
1236 983 1280 1013 des
1293 981 1414 1019 gemuͤths
1431 983 1481 1019 ſind
1494 991 1553 1018 zwar
1567 990 1615 1013 von
1627 985 1744 1015 einander
1759 989 1842 1016 unter⸗

390 1013 507 1056 ſchieden,
521 1015 573 1057 doch
588 1019 615 1049 in
631 1020 673 1048 der
690 1020 745 1053 that
762 1017 832 1056 genau
845 1019 998 1054 verbunden,
1012 1020 1070 1051 weil
1086 1024 1112 1050 es
1128 1019 1271 1057 unmoͤglich
1287 1021 1314 1055 iſt
1331 1024 1378 1057 daß
1391 1023 1442 1057 der,
1456 1024 1478 1058 ſo
1494 1023 1549 1052 eine
1563 1024 1687 1059 wohlthat
1697 1026 1732 1054 im
1743 1024 1842 1060 rechten

390 1056 468 1090 ernſte
475 1057 612 1090 verlanget,
626 1055 694 1091 nicht
708 1058 769 1093 ſolte
782 1063 856 1088 einen
864 1057 1004 1094 hertzlichen
1019 1058 1118 1090 antrieb
1126 1060 1268 1096 empfinden
1277 1059 1325 1095 ſein
1335 1060 1482 1092 danckbares
1488 1058 1607 1097 gemuͤthe
1616 1067 1643 1094 zu
1652 1061 1770 1096 bezeigen,
1778 1062 1841 1098 nach

388 1096 452 1125 dem
452 1096 480 1125 er
490 1095 528 1126 die
537 1095 596 1130 gabe
610 1095 718 1131 erhalten
730 1097 779 1132 hat.
804 1091 892 1134 beſiehe
909 1092 960 1134 auch
971 1100 1024 1127 was
1036 1097 1078 1128 wir
1091 1099 1178 1129 droben
1193 1098 1229 1129 im
1247 1108 1272 1130 I.
1277 1095 1376 1134 theil,
1379 1095 1398 1133 5.
1397 1099 1479 1130 cap.
1482 1097 1498 1135 7.
1517 1103 1537 1132 §.
1553 1099 1634 1134 geſagt
1651 1101 1739 1136 haben.
1778 1102 1841 1134 Wir

389 1125 533 1158 betrachten
546 1128 589 1154 den
600 1126 696 1159 glauben
718 1128 771 1160 hier
784 1131 847 1158 zwar
863 1129 904 1155 als
919 1129 974 1157 eine
988 1129 1092 1160 tugend,
1106 1130 1164 1160 doch
1177 1131 1283 1162 zugleich
1297 1130 1357 1161 auch
1366 1131 1400 1157 als
1414 1135 1466 1159 eine
1481 1129 1558 1164 quelle
1568 1130 1628 1160 aller
1636 1132 1772 1163 tugenden,
1781 1130 1806 1159 in
1816 1132 1840 1166 ſo

389 1170 444 1204 fern
454 1170 517 1204 ohne
524 1171 633 1205 glauben
641 1169 701 1207 auch
710 1171 777 1203 keine
785 1174 880 1207 tugend
888 1173 957 1205 Gott
964 1173 1103 1207 angeuehm
1112 1176 1164 1204 und
1172 1174 1272 1211 gefaͤllig
1282 1175 1336 1209 ſeyn
1344 1174 1405 1206 kan:
1422 1174 1544 1210 gleichwie
1558 1177 1596 1208 wir
1604 1170 1671 1212 ſelbſt
1679 1179 1754 1210 allein
1763 1176 1841 1213 durch

389 1210 438 1240 den
453 1211 567 1244 glauben,
582 1213 626 1243 der
639 1211 732 1247 Chriſti
746 1211 867 1245 verdienſt
882 1213 1004 1248 ergreifft,
1021 1208 1090 1238 Gott
1106 1210 1280 1244 wohlgefallen
1292 1215 1397 1249 koͤnnen,
1413 1215 1515 1248 welches
1529 1217 1591 1247 oben
1605 1216 1715 1252 gelehret
1729 1219 1841 1249 worden.

388 1248 446 1277 Und
455 1246 531 1282 dieſes
538 1247 652 1284 erweiſen
660 1247 700 1280 die
708 1248 874 1284 urſachen
834 1246 876 1283 zur
880 1246 971 1283 gnuͤge,
979 1248 1068 1282 welche
1080 1250 1127 1280 wir
1135 1251 1240 1285 hernach
1252 1249 1385 1286 anfuͤhren.
1404 1257 1494 1282 wovon
1509 1252 1570 1287 auch
1585 1252 1657 1286 unſer
1670 1253 1709 1288 ſel.
1731 1256 1756 1282 D.
1762 1254 1841 1282 Baier

390 1283 418 1316 in
433 1284 509 1320 ſeiner
522 1283 661 1320 theologia
676 1284 770 1312 morali
786 1291 856 1319 part.
863 1283 887 1319 3.
896 1294 951 1321 cap.
959 1294 984 1318 7.
998 1286 1057 1315 ſeƈt.
1068 1297 1087 1319 3.
1103 1287 1301 1322 nachzuſchlagen
1318 1288 1401 1323 ſtehet.
1438 1291 1489 1325 Jm
1505 1289 1609 1324 uͤbrigen
1622 1291 1720 1323 handelt
1728 1291 1784 1326 auch
1796 1292 1839 1322 der

391 1316 454 1346 oben
464 1317 513 1349 mit
520 1318 594 1353 ruhm
603 1316 730 1354 erwaͤhnte
740 1320 774 1346 D.
784 1320 931 1348 Schomerus
939 1318 1100 1355 weitlaͤufftig
1116 1323 1167 1350 und
1176 1319 1332 1356 ausfuͤhrlich
1339 1328 1388 1351 von
1397 1322 1453 1352 dem
1463 1323 1568 1354 glauben,
1591 1328 1665 1352 wenn
1674 1329 1734 1354 man
1748 1323 1791 1358 ihn
1801 1325 1842 1354 als

389 1353 444 1386 eine
458 1355 551 1391 tugend
566 1356 691 1392 anſiehet;
710 1357 758 1388 wie
772 1364 797 1387 er
811 1358 877 1389 denn
885 1359 945 1394 auch
952 1364 1001 1388 von
1010 1360 1066 1389 dem
1074 1358 1346 1395 glaubens⸗gehorſam,
1355 1361 1378 1393 ſo
1384 1362 1450 1396 wohl
1458 1363 1500 1392 der
1507 1369 1552 1392 vor
1559 1363 1602 1391 der
1610 1361 1749 1398 bekehrung
1758 1363 1797 1392 als
1807 1368 1841 1392 ei⸗

389 1397 421 1421 ne
430 1392 597 1428 handleitung
606 1391 776 1430 vorhergehet,
776 1389 817 1430 als
824 1399 873 1425 von
882 1397 938 1425 dem
945 1393 1081 1430 geiſtlichen
1091 1397 1134 1428 bey
1144 1397 1190 1426 den
1201 1394 1434 1431 wiedergebohrnen
1448 1398 1523 1432 (tum
1532 1396 1698 1432 pædagogica
1713 1406 1773 1425 tum
1788 1398 1842 1432 ſpi-

388 1429 493 1467 rituali)
508 1432 560 1462 und
575 1435 629 1463 was
643 1430 683 1462 die
684 1429 759 1470 letzte
774 1428 869 1470 gattung
885 1433 989 1469 betrifft,
998 1432 1133 1465 wiederum
1142 1440 1187 1465 wie
1201 1435 1244 1464 der
1251 1435 1379 1470 gehorſam
1388 1436 1513 1467 entweder
1520 1436 1603 1471 thaͤtig
1612 1435 1645 1470 iſt,
1654 1438 1712 1467 oder
1722 1438 1763 1468 der
1770 1436 1842 1472 goͤtt⸗

389 1467 469 1502 lichen
477 1466 608 1503 wuͤrckung
618 1467 661 1503 ſich
678 1464 738 1508 nicht
744 1468 906 1508 wiederſetzet
916 1465 976 1508 (vel
981 1463 1065 1504 aƈtiva
1073 1472 1118 1500 vel
1127 1470 1235 1507 pasſiva)
1245 1472 1305 1505 nach
1313 1472 1378 1503 allen
1387 1470 1477 1507 ſtuͤcken
1495 1476 1538 1504 des
1552 1473 1674 1507 glaubens
1688 1476 1730 1504 der
1746 1475 1840 1511 wiſſen⸗

382 1503 478 1547 ſchafft,
493 1504 576 1547 beyfall
590 1509 632 1539 und
645 1507 790 1544 zuverſicht
783 1503 803 1542 §.
816 1513 835 1537 5.
844 1503 915 1546 ſeqq.
925 1513 949 1544 p.
957 1511 1002 1536 250.
1019 1508 1081 1546 ſeqq.
1098 1505 1221 1544 deutliche
1226 1505 1352 1545 nachricht
1357 1504 1431 1542 giebt
1455 1512 1505 1536 wer
1522 1513 1560 1543 die
1569 1511 1709 1550 angezeigte
1718 1513 1780 1550 ſtelle
1788 1513 1839 1551 mit

386 1544 534 1583 nachſinnen
542 1546 606 1583 leſen
616 1544 687 1581 wird,
696 1547 744 1582 deu
751 1546 813 1579 wird
821 1545 965 1585 hoffentlich
974 1545 1012 1579 die
1020 1547 1099 1584 drauf
1109 1549 1241 1584 gewandte
1251 1542 1320 1589 muͤhe
1334 1542 1399 1589 nicht
1408 1555 1513 1586 gereuen
1527 1547 1635 1588 duͤrffen.

983 1602 1017 1635 §.
1068 1595 1244 1635 LXXVI.

487 1643 558 1685 Und
567 1653 604 1692 zu
613 1643 717 1693 dieſem
726 1643 888 1695 beſondern
906 1643 1051 1692 glauben,
1061 1649 1118 1684 den
1128 1645 1213 1693 man
1213 1645 1328 1694 ſolcher
1341 1646 1448 1696 geſtalt
1463 1648 1637 1696 betrachtet,
1653 1651 1689 1697 iſt
1703 1658 1770 1688 nun
1786 1652 1837 1688 der

386 1696 504 1743 menſch
518 1692 703 1743 verbunden,
713 1700 770 1735 wie
778 1702 840 1735 aus
849 1696 970 1744 unſerm
987 1698 1081 1746 erſten
1097 1699 1268 1748 grundſatze
1287 1702 1341 1736 des
1356 1699 1519 1748 goͤttlichen
1534 1702 1632 1744 rechts
1649 1710 1837 1748 ungezwun⸗

384 1753 444 1794 gen
454 1745 560 1794 folget.
611 1745 713 1788 Denn
724 1750 754 1794 es
764 1748 800 1794 iſt
808 1748 840 1792 ja
848 1750 900 1785 der
913 1746 1024 1796 glaube
1039 1751 1097 1786 das
1113 1741 1348 1798 hauptſaͤchliche
1362 1754 1424 1788 und
1438 1750 1656 1790 unmittelbare
1671 1752 1773 1791 mittel
1786 1757 1838 1791 der

386 1804 588 1850 vereinigung
597 1805 657 1841 mit
667 1804 762 1850 Gott,
779 1802 887 1855 Joh.
896 1803 953 1844 III,
968 1801 1024 1836 16.
1047 1797 1191 1843 Epheſ.
1211 1804 1263 1843 III,
1278 1810 1336 1848 17.
1352 1808 1379 1850 ſo
1396 1806 1456 1853 daß
1470 1811 1529 1846 wir
1544 1808 1619 1852 auch
1634 1801 1838 1851 inſonderheit

386 1851 478 1896 durch
488 1855 544 1889 den
553 1849 685 1898 glauben
694 1852 857 1900 geiſtlicher
864 1853 946 1901 weiſe
955 1853 1048 1900 leben,
1058 1844 1167 1895 Gal.
1169 1848 1204 1891 Il,
1219 1863 1277 1887 20.
1296 1853 1355 1891 III,
1367 1861 1427 1894 11.
1444 1855 1550 1897 Ebr.
1560 1859 1601 1897 X,
1616 1862 1670 1901 38.
1687 1861 1750 1895 und
1768 1861 1837 1902 das,

385 1905 455 1936 was
464 1905 528 1938 uns
536 1907 599 1937 von
609 1898 696 1939 Gott
703 1906 831 1941 trennen
839 1899 934 1948 koͤnte,
943 1900 1150 1948 uͤberwinden,
1166 1916 1178 1939 1
1190 1899 1309 1951 Joh.
1309 1896 1345 1950 V,
1351 1912 1391 1946 4.
1403 1914 1439 1949 5.
1490 1903 1583 1949 Doch
1593 1905 1721 1952 uͤberdiß
1728 1905 1835 1944 wuͤrde

384 1951 462 1989 alles
471 1954 575 1996 andre,
585 1949 614 1998 ſo
623 1959 675 1997 zur
683 1953 883 2000 vereinigung
893 1955 954 1991 mit
962 1951 1049 1992 Gott
1056 1957 1119 1991 und
1127 1964 1183 2001 zur
1190 1955 1363 1994 erneurung
1374 1959 1427 1993 des
1434 1956 1599 2003 goͤttlichen
1615 1956 1785 1996 ebenbildes
1802 1961 1835 1997 in

384 2008 457 2046 uns,
468 2002 557 2044 leitet,
579 2001 731 2047 vergebens
747 2007 989 2048 vorgenommen
1002 2004 1131 2048 werden,
1140 2010 1230 2040 wenn
1238 2003 1296 2040 wir
1304 2001 1380 2049 ohne
1394 2002 1528 2050 glauben
1544 2005 1661 2051 waͤren,
1671 2004 1748 2053 ohne
1762 2005 1834 2043 wel⸗

386 2056 458 2100 chen
467 2054 553 2095 Gott
561 2054 660 2098 nichts
668 2054 796 2104 gefallen
805 2056 872 2104 kan,
880 2055 981 2099 Ebr.
994 2058 1041 2098 XI,
1053 2059 1089 2096 6.
1103 2057 1224 2107 Zudem
1233 2056 1288 2095 kan
1296 2058 1328 2102 ja
1336 2059 1480 2098 niemand
1489 2059 1575 2100 Gott
1582 2059 1687 2106 lieben,
1697 2064 1768 2099 oder
1779 2059 1835 2108 ihn

385 2106 509 2153 kindlich
519 2103 669 2156 fuͤrchten,
678 2115 709 2142 er
717 2105 795 2154 muß
804 2110 883 2145 denn
897 2105 999 2155 gewiß
1011 2107 1088 2157 ſeyn,
1106 2109 1167 2158 daß
1181 2108 1267 2149 Gott
1283 2111 1342 2146 mit
1356 2108 1420 2156 ihm
1436 2109 1577 2159 verſoͤhnt
1592 2113 1655 2150 und
1670 2109 1734 2159 ihm
1755 2111 1834 2158 gnaͤ⸗

385 2160 437 2204 dig
446 2158 511 2206 ſey;
539 2158 632 2206 deſſen
642 2157 712 2197 aber
722 2158 778 2198 kan
791 2160 847 2209 ſich
864 2161 1009 2199 niemand
1028 2158 1106 2208 ohne
1122 2164 1181 2202 den
1198 2159 1329 2209 glauben
1345 2161 1376 2199 in
1392 2160 1552 2210 goͤttlicher
1566 2161 1730 2212 gewißheit
1745 2164 1833 2215 verſi⸗

386 2221 484 2269 chern,
498 2218 602 2270 Ebr.
617 2208 772 2266 X,22.

966 2270 1002 2307 §.
1054 2264 1252 2301 LXXVII.

487 2314 577 2356 Eben
586 2313 678 2363 dieſes
690 2313 758 2363 laͤßt
765 2315 820 2364 ſich
830 2320 892 2354 aus
902 2319 970 2354 dem
979 2316 1073 2365 erſten
1090 2315 1216 2364 gebothe
1230 2316 1337 2364 richtig
1351 2315 1510 2367 ſchlieſſen.
1561 2319 1639 2360 Mit
1651 2327 1732 2359 wem
1747 2320 1835 2362 Gott

385 2363 469 2411 nicht
477 2364 625 2412 verſoͤhnet
641 2362 687 2413 iſt,
696 2364 747 2399 der
756 2362 812 2400 kan
825 2360 911 2401 Gott
926 2363 1007 2407 nicht
1023 2361 1073 2400 als
1093 2351 1196 2415 ſeinen
1217 2362 1286 2402 Gott
1300 2362 1484 2410 annehmen.
1534 2363 1726 2414 Weßwegen
1747 2364 1834 2406 Gott

387 2419 444 2453 den
453 2415 618 2464 glaͤubigen
627 2419 679 2455 des
690 2426 787 2456 neuen
799 2412 979 2465 teſtaments
988 2419 1060 2466 dieſe
1068 2414 1255 2467 verheiſſung
1264 2418 1364 2466 giebt:
1388 2420 1431 2464 ich
1441 2421 1503 2459 will
1511 2421 1558 2471 ihr
1568 2421 1654 2464 Gott
1662 2423 1739 2470 ſeyn,
1755 2420 1834 2473 Je⸗

384 2476 479 2511 rem.
491 2471 623 2514 XXXII,
636 2474 693 2519 38.
744 2468 858 2519 Hierzu
868 2469 1006 2511 kommen
1018 2470 1092 2519 noch
1101 2476 1193 2511 andre
1204 2470 1323 2518 ſpruͤche
1333 2474 1385 2511 der
1393 2471 1522 2523 heiligen
1537 2472 1659 2525 ſchrifft,
1670 2478 1833 2516 worinnen
