1704 2643
256 527 375 578 denen,
397 523 445 569 die
465 531 526 569 den
544 528 664 580 bloſſen
682 528 825 573 Namen
843 530 1002 575 derſelben
1018 538 1087 572 tra⸗

253 589 345 629 gen,
371 585 448 632 euch
464 587 703 635 unterſcheiden
719 585 848 638 muͤſſet.
900 585 1033 643 Zeiget
1032 588 1091 638 vor

255 638 312 676 der
330 638 459 684 Welt,
502 636 570 686 daß
593 638 645 686 ihr
677 642 757 681 was
782 637 1088 686 hoͤheres
936 635 991 692 im
1008 638 1088 686 Auge

251 683 354 737 habt,
379 686 452 729 und
464 682 528 729 alle
552 688 620 737 ihre
641 684 841 743 glaͤntzende
860 686 1009 735 Schatten
1035 697 1088 739 ge⸗

253 740 332 785 ring
347 741 469 787 achtet.
520 741 614 788 Eure
646 742 843 795 Begierden
872 736 953 792 ſind
968 744 1029 786 viel
1045 752 1087 793 zu

252 792 339 838 edel,
356 792 413 833 als
431 791 500 841 daß
533 794 587 842 ihr
602 792 642 842 ſie
658 794 722 835 den
744 793 959 842 Schlangen
983 795 1086 843 gleich

254 846 319 887 mit
342 844 482 892 Staub
499 843 644 896 ſaͤttigen
661 847 769 897 ſoltet.
821 847 899 899 Jhr
917 849 989 896 ſeyd
1011 848 1087 890 Koͤ⸗

255 892 355 943 niges
390 893 550 945 Kinder,
577 895 694 940 Erben
734 899 825 939 eines
856 901 1087 947 himmliſchen

252 954 327 990 und
371 954 588 997 unendlichen
631 955 762 1002 Reichs
777 958 831 998 der
847 951 1087 1007 Herrlichkeit,

245 1004 327 1043 und
349 1004 477 1046 darum
498 1001 538 1047 iſt
550 1006 587 1045 es
607 1002 684 1049 euch
699 1002 933 1055 unanſtaͤndig
951 1010 1014 1046 mit
1024 1010 1089 1048 den

248 1052 409 1097 Kindern
430 1054 487 1094 der
503 1052 612 1099 Welt
636 1061 710 1096 euer
725 1053 947 1104 Vergnuͤgen
971 1061 1007 1096 in
1030 1062 1088 1100 der

248 1102 404 1149 Eitelkeit
418 1112 458 1155 zu
478 1101 608 1165 ſuchen.
682 1099 777 1151 Euer
799 1102 895 1157 Hertz
925 1112 1009 1156 muß
1024 1114 1088 1152 all⸗

249 1156 312 1202 zeit
344 1153 406 1204 ſich
426 1153 513 1205 nach
535 1154 763 1207 himmliſchen
778 1158 929 1210 Dingen
945 1163 1088 1211 ſehnen,

247 1208 325 1248 und
345 1208 401 1252 da
422 1201 525 1261 ſeyn,
549 1213 618 1252 wo
632 1216 716 1250 euer
732 1210 886 1258 Schatz
898 1213 947 1261 iſt
962 1217 1092 1256 Matt.

249 1257 317 1304 Vl,
331 1265 388 1296 21.
414 1254 548 1308 ſuchen
555 1267 650 1301 was
657 1261 800 1301 droben
815 1266 879 1308 iſt,
887 1270 968 1301 und
977 1273 1088 1308 nicht

247 1320 345 1358 was
357 1314 563 1369 hierunten
578 1317 661 1371 auf
674 1317 814 1364 Erden
830 1318 879 1380 iſt
906 1317 1001 1364 Coll.
1025 1328 1087 1371 III,

243 1374 287 1408 2.
341 1370 478 1416 Wann
518 1370 573 1421 ihr
594 1382 668 1416 eure
691 1372 893 1417 Gedancken
919 1377 992 1416 und
1009 1377 1089 1421 Be⸗

247 1418 384 1471 gierden
400 1415 572 1465 aufwerts
579 1418 788 1472 ſchwinget,
818 1426 890 1464 und
917 1427 1086 1468 bedencket

239 1460 307 1512 die
326 1460 530 1523 himmliſche
562 1462 799 1524 Suͤßigkeiten,
819 1478 936 1517 welche
956 1481 1000 1525 ihr
1002 1482 1087 1527 ein⸗

242 1524 323 1565 mal
348 1524 387 1567 in
402 1517 611 1574 Abrahams
636 1516 795 1573 Schooß
813 1533 979 1584 genieſſen
996 1536 1085 1584 ſolt,

247 1568 285 1620 ſo
301 1568 429 1624 muͤſſen
445 1574 523 1622 euch
530 1572 597 1618 alle
605 1573 800 1623 Welt⸗und
815 1584 1083 1632 Fleiſches⸗Luͤſte

242 1622 475 1674 nothwendig
515 1623 729 1678 anſtincken,
766 1631 801 1679 ſo
828 1630 910 1670 koͤnt
938 1636 990 1671 ihr
1017 1640 1084 1674 mit

236 1682 378 1725 Paulo
406 1671 474 1726 alle
490 1679 710 1735 Herrlichkeit
726 1686 782 1727 der
802 1682 909 1729 Welt
932 1688 1085 1734 dagegen

242 1719 307 1781 fuͤr
320 1728 423 1783 Koth
447 1732 520 1775 und
536 1727 651 1778 Dreck
663 1733 793 1780 achten.
846 1735 974 1789 Suchet
998 1748 1082 1789 aber

246 1790 333 1835 auch
369 1793 427 1835 als
450 1790 583 1837 Kinder
614 1795 673 1834 des
698 1789 828 1842 Reichs
850 1793 912 1835 den
927 1795 1084 1839 Willen

246 1840 345 1882 eures
378 1834 540 1893 Koͤniges
567 1838 635 1891 auf
656 1840 770 1887 Erden
786 1846 850 1883 mit
869 1845 1085 1894 Freudigkeit

247 1886 288 1931 zu
306 1888 534 1942 vollbringen,
553 1894 696 1938 trachtet
710 1900 809 1933 euren
837 1898 978 1936 Willen
989 1906 1084 1941 mehr

248 1935 323 1978 und
348 1942 440 2001 mehr
456 1939 560 1988 unter
583 1949 680 1984 eures
702 1949 863 1995 Koͤniges
893 1954 1017 1993 Geſetze
1041 1965 1083 1996 zu

248 1983 397 2039 beugen,
411 1998 485 2036 und
499 2001 572 2036 von
589 1998 661 2041 ihm
679 2002 714 2033 in
730 2004 829 2033 allem
847 2005 1081 2048 abzuhangen,

246 2039 361 2087 damit
403 2046 455 2094 ihr
495 2051 533 2100 ſo
572 2057 637 2090 vor
677 2053 733 2089 der
758 2056 867 2093 Welt
883 2060 1085 2099 offenbaren

248 2097 388 2155 moͤget,
412 2100 482 2155 daß
496 2105 550 2159 ihr
563 2106 655 2158 nicht
671 2108 773 2154 allein
794 2113 857 2150 den
870 2111 1015 2152 Namen
1027 2125 1085 2153 der
