2459 3927
412 442 451 504 2

901 412 1334 478 Hertz⸗ſtaͤrckender
1334 412 1572 478 Balſam

190 556 331 609 Spate
352 550 400 593 im

185 612 393 649 Schatten⸗

187 654 311 715 Riß
311 653 390 712 der

190 706 316 759 Welt.

200 1710 250 1765 D.
255 1694 413 1761 Michael

201 1759 418 1822 Schreibers

203 1824 347 1872 Som̃er
367 1815 417 1855 im

204 1878 367 1925 Winter.

214 2621 431 2670 Gen.XLVII,

298 2691 331 2726 9.

413 557 595 608 Worten
611 543 883 602 beſchrieben:
914 537 1030 599 Wir
1048 532 1202 606 haben
1212 528 1481 603 einsmahls
1498 528 1547 587 in
1557 531 1644 587 den
1652 523 1875 588 Wolcken
1894 508 2119 591 gereißet/

417 622 582 695 welche
596 615 712 688 mich
725 622 822 679 und
832 618 977 677 meine
994 606 1275 683 Gefehrten/
1281 614 1330 671 in
1343 612 1422 669 der
1427 605 1621 672 Mitten
1637 605 1763 664 eines
1785 604 1936 673 hohen
1945 597 2121 656 Bergs

421 694 474 749 in
492 682 732 758 Spanien
746 679 987 752 ergriffen/
999 684 1096 737 und
1117 676 1163 743 ſo
1187 673 1278 734 dick
1296 670 1539 745 geweſen/
1550 667 1644 738 daß
1661 666 1754 724 wir
1770 666 1988 725 einander
2000 656 2118 729 auch

417 768 476 826 in
497 768 578 824 der
591 760 739 834 Naͤhe
762 756 885 827 nicht
909 753 1127 816 erkennen
1144 747 1344 811 konten/
1359 753 1456 807 und
1480 749 1643 806 davon
1664 741 1865 813 ſaͤmtlich
1887 735 2124 812 pfuͤtz⸗naß

409 836 635 894 worden.
677 826 743 901 Es
802 824 959 897 haben
976 824 1090 892 auch
1112 823 1224 881 eben
1239 813 1485 893 dieſelben/
1497 816 1579 877 als
1598 815 1691 875 wir
1704 809 1763 886 ſie
1770 810 1911 875 kaum
1911 805 2122 877 uͤberſtie⸗

420 912 538 976 gen/
556 907 633 967 mit
645 902 859 965 Donner
875 904 971 960 und
987 896 1199 966 Blitzen/
1209 891 1324 961 auch
1344 888 1541 963 Regen/
1555 890 1606 949 in
1620 889 1765 949 denen
1786 886 1922 944 unter
1939 878 2042 940 uns
2042 877 2125 937 lie⸗

419 983 601 1052 genden
616 975 828 1051 Thaͤlern
841 973 926 1047 ſich
944 967 1187 1042 dergeſtalt
1196 965 1330 1039 luſtig
1348 956 1598 1036 gemacht /
1601 963 1697 1028 daß
1722 960 1815 1019 wir
1832 960 1919 1024 auf
1936 960 2008 1014 die
2029 958 2124 1012 Ge⸗

419 1047 621 1110 dancken
644 1040 916 1115 gerathen/
921 1042 1018 1101 wir
1039 1036 1275 1105 wuͤrden/
1291 1025 1435 1096 wenn
1463 1037 1564 1091 uns
1589 1034 1685 1091 das
1705 1026 1944 1090 Gewitter
1973 1025 2021 1083 in
2036 1026 2127 1081 den

417 1121 648 1192 Wolcken
665 1118 874 1194 ergriffen
882 1110 1036 1190 haͤtte/
1050 1111 1184 1179 durch
1193 1113 1266 1173 die
1283 1105 1571 1179 ſchweflichte
1586 1102 1909 1173 Entzuͤndung
1925 1099 2127 1164 ſaͤmtlich

423 1189 617 1264 erſticket
626 1192 820 1250 worden
838 1185 962 1258 ſeyn.
1003 1176 1161 1252 Solche
1192 1172 1378 1243 Wolcken
1400 1176 1514 1235 aber
1536 1171 1653 1237 waren
1679 1165 1870 1235 nichts/
1881 1166 1962 1225 als
1971 1166 2044 1224 ein
2053 1177 2126 1232 ge⸗

422 1258 611 1331 meiner/
633 1251 778 1327 dicker
782 1259 879 1315 und
901 1253 999 1326 ſehr
1014 1246 1304 1322 fruchtbarer
1321 1231 1496 1310 Nebel.
1562 1239 1749 1315 Jedoch
1762 1236 1916 1307 haben
1929 1235 2020 1293 wir
2039 1232 2125 1299 auf

420 1337 503 1392 der
523 1329 692 1401 halben
707 1328 849 1398 Hoͤhe
865 1329 952 1385 des
968 1315 1193 1392 Berges/
1199 1321 1392 1378 etwann
1410 1302 1510 1377 eine
1542 1311 1662 1385 halbe
1697 1296 1829 1376 Meile
1842 1318 1940 1366 von
1949 1313 2027 1363 der
2037 1307 2127 1362 Er⸗

421 1406 535 1476 den/
560 1406 634 1465 den
652 1394 936 1469 herrlichſten
955 1386 1342 1461 Sonnenſchein/
1352 1389 1448 1448 und
1465 1383 1690 1453 ziemliche
1702 1378 1906 1445 Waͤrme
1918 1374 2130 1446 empfun⸗

424 1471 554 1541 den/
566 1469 734 1528 konten
751 1466 866 1532 auch
893 1465 1026 1523 einen
1043 1455 1411 1529 volllommenen
1425 1443 1796 1524 Regen⸗Bogen
1809 1448 1948 1508 unter
1964 1448 2062 1506 uns
2079 1443 2130 1503 in

424 1547 515 1605 den
537 1539 749 1602 Thaͤlern
766 1533 989 1607 erſehen.
1028 1541 1123 1599 Biß
1125 1523 1254 1589 hieher
1274 1526 1372 1586 dieſe
1386 1529 1708 1583 Beſchreibung.

542 1608 690 1661 Kaum
706 1614 810 1666 mag
827 1607 893 1653 ein
901 1599 1109 1666 Tropffen
1120 1598 1287 1660 Waſſer
1304 1602 1396 1647 dem
1408 1587 1588 1650 andern/
1599 1598 1662 1642 ein
1672 1590 1738 1646 Ey
1752 1594 1844 1640 dem
1861 1590 2018 1640 andern
2028 1581 2130 1642 aͤhn⸗

425 1666 545 1728 licher
557 1667 670 1735 ſeyn/
704 1664 767 1727 als
768 1676 852 1721 das
874 1655 1164 1732 gegenwaͤrtige
1191 1651 1307 1717 Leben
1319 1661 1467 1722 dieſem
1484 1655 1848 1721 Wunder⸗Berge.
1911 1644 2040 1704 Denn
2033 1654 2133 1704 hier

429 1737 471 1777 in
489 1734 630 1789 dieſem
642 1731 774 1784 Leben
787 1729 915 1787 findet
930 1728 1003 1787 ſich
1017 1728 1118 1781 auch
1148 1710 1242 1786 eine
1222 1707 1619 1782 Zuſammenkunfft
1636 1714 1958 1770 widerwaͤrtiger
1973 1710 2134 1759 Gewit⸗

427 1795 520 1843 ter/
519 1787 833 1849 Sonnenſchein
851 1791 938 1834 und
954 1781 1124 1843 Regen/
1136 1781 1222 1831 klar
1238 1784 1325 1830 und
1340 1775 1486 1829 truͤbes
1500 1770 1692 1833 Wetter/
1690 1783 1794 1822 man
1809 1761 1913 1827 trifft
1930 1769 2134 1817 darinnen

429 1854 547 1905 einen
555 1851 722 1910 Winter
739 1854 796 1900 im
818 1843 1060 1901 Sommer/
1069 1847 1157 1892 und
1175 1847 1292 1891 einen
1305 1841 1521 1892 Sommer
1537 1841 1594 1888 im
1608 1837 1776 1888 Winter
1791 1829 2047 1886 beyſammen
2063 1835 2136 1876 an.

432 1910 541 1967 Das
540 1898 689 1973 meiſte
713 1907 781 1957 von
804 1898 945 1965 dieſem
960 1899 1122 1961 unſerm
1136 1898 1267 1951 Leben
1282 1897 1359 1947 kan
1377 1891 1488 1951 wohl
1502 1896 1632 1947 einem
1646 1889 1796 1944 truͤben
1804 1886 1978 1940 Winter
1990 1883 2137 1942 vergli⸗

431 1977 528 2035 chen
546 1967 735 2031 werden/
751 1976 806 2021 da
814 1973 874 2021 die
889 1963 1164 2027 Entfernung
1179 1965 1252 2013 der
1267 1959 1466 2018 lieblichen
1483 1944 1958 2013 Sonnen ⸗ Strahlen/
1972 1955 2060 2000 und
2076 1949 2140 1999 die

429 2034 600 2097 darauß
613 2031 864 2094 entſtehende
885 2026 1007 2084 truͤbe
1027 2026 1163 2082 Nebel
1185 2022 1305 2082 unſre
1322 2019 1609 2082 Unwiſſenheit
1631 2022 1703 2069 der
1716 2011 1894 2077 Jugend
1918 2007 2136 2068 fuͤrſtellen.

434 2097 673 2158 Schloſſen/
710 2088 829 2158 Hagel
852 2088 925 2149 und
941 2090 1254 2151 Schneeflocken
1269 2088 1357 2149 ſind
1374 2090 1434 2136 die
1449 2079 1685 2146 gehaͤufften
1712 2068 2061 2134 Ungluͤcks⸗Faͤlle/
2075 2078 2139 2129 die

434 2151 554 2214 uns/
571 2145 646 2208 bey
662 2151 824 2208 unſerm
848 2146 1138 2207 fortgehenden
1168 2143 1318 2205 Alter/
1334 2138 1496 2204 haͤuffig
1515 2134 1759 2193 uͤberfallen.
1839 2132 1979 2187 Gehet
1999 2136 2049 2181 in
2060 2135 2140 2180 den

433 2212 772 2272 Winter⸗Tagen
786 2216 847 2261 die
862 2211 1024 2262 Sonne
1040 2206 1184 2268 zeitlich
1198 2198 1347 2260 unter/
1351 2202 1437 2252 und
1447 2201 1572 2265 folget
1580 2198 1742 2254 darauf
1753 2195 1843 2246 eine
1862 2187 1976 2255 lange
1998 2181 2141 2246 Nacht:

435 2268 626 2336 Gewiß/
637 2272 837 2326 manchen
862 2268 1015 2320 kommt
1035 2270 1098 2315 die
1116 2265 1239 2323 lange
1260 2262 1402 2317 Nacht
1426 2266 1501 2309 des
1528 2258 1674 2315 Todes
1696 2253 1904 2313 allzufruͤh
1936 2251 2038 2301 uͤber
2062 2254 2140 2299 den

434 2325 578 2387 Halß /
585 2326 672 2369 und
688 2319 787 2377 ſeine
802 2299 1137 2369 Lebens⸗Sonne
1146 2310 1260 2367 gehet
1268 2312 1375 2361 ihme
1391 2299 1618 2363 allzuzeitig
1630 2305 1769 2349 unter.
1817 2300 1953 2349 Heute
1964 2298 2050 2356 ſind
2061 2298 2141 2345 wir

432 2393 576 2454 ichts /
571 2394 744 2449 morgen
760 2381 907 2440 nichts.
963 2380 1056 2440 Diß
1070 2379 1116 2437 iſt
1134 2376 1249 2434 unſer
1266 2377 1365 2426 aller
1380 2366 1538 2429 Urtheil
1556 2380 1641 2422 von
1665 2368 1805 2428 dieſem
1823 2355 1967 2420 Leben.
2028 2363 2140 2417 Sol⸗

434 2468 477 2510 te
494 2467 564 2513 der
586 2457 717 2517 aͤlteſie
741 2452 878 2516 Greiß
899 2454 1021 2502 unter
1044 2454 1122 2499 den
1152 2446 1373 2505 Menſchen
1391 2431 1729 2507 Mathuſalem
1743 2437 1890 2489 wieder
1902 2432 2144 2496 aufſtehen

438 2525 585 2581 wuͤrde
600 2540 646 2576 er
660 2529 740 2582 ſein
758 2525 888 2573 Leben
906 2522 1028 2584 alſo /
1023 2521 1099 2567 wie
1113 2503 1309 2581 Jacob /
1320 2508 1592 2574 beſchreiben:
1616 2488 1913 2570 Wenig
1807 2497 1887 2569 und
1909 2493 2025 2578 boͤſe
2041 2495 2155 2576 ſind

459 2595 535 2672 die
560 2597 658 2674 Tage
693 2596 846 2657 meines
879 2585 1034 2663 Lebens
1052 2585 1271 2661 geweſen.
1320 2597 1409 2639 Gen.
1442 2594 1564 2645 XLVII,
1575 2592 1611 2643 9.
1672 2583 1805 2640 Denn
1823 2587 1922 2633 was
1915 2580 1995 2646 ein
2007 2578 2145 2647 Koͤrn⸗

435 2675 525 2724 lein
539 2671 684 2726 Sand
699 2678 823 2727 gegen
839 2670 955 2715 einen
968 2664 1123 2725 groſſen
1144 2652 1287 2719 Berg/
1296 2663 1360 2710 ein
1375 2654 1590 2718 Troͤpflein
1633 2644 1770 2715 Waſſer
1793 2658 1911 2712 gegen
1938 2649 2003 2699 das
2027 2648 2147 2708 groſſe

446 2729 577 2794 Meer
577 2724 656 2795 iſt/
672 2724 736 2781 das
752 2731 838 2791 ſind
854 2719 1050 2786 hundert/
1061 2728 1103 2785 ja
1113 2722 1250 2781 unſere
1259 2724 1358 2774 noch
1374 2721 1450 2771 viel
1467 2705 1648 2779 kuͤrtzere
1666 2705 1770 2775 Jahre
1784 2703 1912 2774 gegen
1929 2714 1989 2762 die
2005 2711 2149 2766 Ewig⸗

447 2793 548 2842 keit:
562 2797 639 2848 Ein
648 2794 793 2850 kurtzer
801 2777 1111 2844 Winter⸗Tag/
1118 2791 1188 2835 der
1196 2791 1282 2834 aus
1291 2782 1438 2833 Abend
1448 2771 1535 2832 und
1543 2780 1732 2836 Morgen
1742 2772 1823 2834 faſt
1830 2772 1951 2827 allein
1962 2771 2152 2832 beſtehet:

438 2859 536 2906 Ein
552 2853 843 2912 verdruͤßlicher
859 2841 1162 2906 Winter⸗Tag/
1182 2844 1302 2898 voller
1320 2840 1461 2890 Muͤhe
1477 2847 1564 2887 und
1575 2839 1737 2888 Arbeit.

573 2904 728 2970 Jedoch
746 2907 856 2968 laͤſſet
870 2906 942 2966 ſich
960 2907 1060 2962 auch
1078 2908 1120 2955 in
1138 2899 1277 2958 dieſem
1314 2900 1458 2952 Winter
1485 2884 1813 2958 gegenwaͤrtigen
1831 2889 1987 2944 Lebens
2002 2889 2067 2935 ein
2079 2896 2153 2934 an⸗

450 2968 671 3043 genehmer
686 2969 900 3023 Sommer
920 2954 1071 3021 finden.
1129 2960 1283 3015 Denen
1305 2949 1455 3013 truͤben
1472 2952 1642 3009 Nebeln
1653 2959 1741 3003 und
1756 2953 1951 3005 dunckeln
1961 2948 2153 3002 Wolcken

453 3038 537 3093 ſetzt
552 3031 624 3092 ſich
639 3032 721 3089 auf
732 3037 801 3082 der
815 3032 975 3082 andern
991 3027 1117 3079 Seite
1131 3024 1321 3078 mancher
1339 3021 1460 3080 heller
1482 3006 1794 3075 Sonnen ⸗ Blick
1819 3017 1929 3065 eines
1936 3012 2061 3066 guten
2072 3001 2155 3068 froͤ⸗

454 3095 582 3151 lichen
599 3086 727 3146 Tags
741 3076 965 3148 entgegen/
981 3089 1067 3135 und
1084 3088 1168 3133 das
1181 3080 1282 3139 gute
1295 3073 1543 3139 Gewiſſen/
1544 3075 1712 3131 welches
1737 3078 1829 3126 dem
1845 3066 2066 3127 Menſchen
2082 3068 2159 3119 viel

456 3152 668 3216 freudiger
681 3145 752 3206 iſt/
784 3144 843 3202 als
842 3159 904 3202 die
918 3147 1080 3199 Sonne
1096 3137 1230 3201 ſelbſt/
1240 3142 1411 3202 ſolte
1361 3135 1424 3200 ihn
1430 3143 1513 3188 das
1520 3137 1630 3193 wohl
1646 3139 1689 3186 in
1706 3128 1999 3192 uͤbermaͤßigen
2010 3128 2161 3182 Nebel⸗

459 3217 625 3269 Wetter
641 3208 780 3271 ſtecken
799 3208 949 3267 laſſen?
974 3205 1060 3256 Ein
1076 3204 1231 3261 Weiſer
1247 3200 1295 3257 iſt
1311 3199 1462 3260 allezeit
1483 3197 1610 3254 guten
1627 3194 1814 3254 Muths/
1834 3187 2048 3247 ſonderlich
2064 3189 2165 3237 aber

464 3279 528 3329 ein
537 3274 650 3331 Kind
667 3268 845 3327 GOttes
864 3271 910 3329 iſt
934 3265 1142 3325 niemahls
1166 3264 1207 3325 ſo
1224 3261 1311 3324 ſehr
1325 3259 1418 3316 dem
1435 3256 1571 3311 Elend
1589 3257 1709 3316 dieſer
1722 3251 1839 3307 Welt
1852 3244 2173 3310 unterworffen/

2084 3317 2176 3371 daß
