2344 2984
790 707 867 743 war
891 707 961 741 von
984 701 1044 744 der
1076 697 1252 746 Alliirten
1276 701 1406 745 Armee
1431 693 1710 756 eingeſchloſſen,
1753 697 1827 747 und
1854 699 1960 752 muſte
1985 708 2047 756 ſich

791 755 861 802 mit
875 752 1000 806 ſeinem
1014 757 1156 810 gantzen
1173 752 1315 811 Corpo
1333 767 1381 805 an
1404 758 1461 805 die
1479 755 1631 812 Daͤnen,
1655 762 1713 816 als
1741 754 2048 815 Kriegs ⸗ Gefan⸗

792 828 881 870 gene
907 820 1065 870 ergeben.

910 871 1126 922 Nunmehro
1139 871 1265 924 gienge
1283 877 1322 916 es
1338 873 1427 921 uͤber
1437 874 1587 923 Stettin
1599 872 1683 926 auch
1700 875 1775 928 her,
1790 884 1849 920 am
1861 885 1930 934 23.
1941 878 2047 927 Sep⸗

792 931 919 976 tembr.
937 937 1039 990 1713.
1063 928 1206 986 beſchoß
1223 944 1306 979 man
1325 933 1381 979 die
1396 934 1565 987 Veſtung
1585 941 1655 980 aus
1672 939 1749 993 70.
1767 936 1946 988 Stuͤcken,
1972 938 2047 981 und

786 991 860 1030 das
878 989 1212 1030 Bombardement
1230 989 1398 1039 erfolgete
1420 992 1487 1032 den
1508 996 1580 1045 27.
1598 988 1770 1042 ejusdem
1786 987 1821 1040 ſo
1839 990 1948 1043 hitzig,
1974 991 2045 1041 daß

789 1049 853 1102 ſich
871 1051 934 1091 der
952 1048 1112 1097 General
1128 1048 1351 1101 Meyerfeld,
1368 1051 1511 1104 welcher
1528 1049 1855 1096 Commendante
1870 1063 1960 1105 war,
1976 1055 2045 1096 den

788 1108 876 1158 Tag
895 1106 1027 1157 darauf
1040 1116 1100 1159 zur
1119 1107 1385 1163 Capitulation
1404 1098 1574 1162 verſtehen
1594 1112 1714 1163 muſte.
1801 1115 1912 1164 Dieſe
1926 1113 2045 1166 Capi-

788 1167 961 1209 tulation
986 1169 1161 1219 enthielte,
1194 1172 1265 1220 daß
1287 1172 1391 1224 Jhro
1410 1169 1558 1225 Majeſt.
1580 1174 1642 1218 der
1666 1172 1785 1225 Koͤnig
1803 1175 1838 1217 in
1858 1175 2045 1225 Preuſſen,

787 1223 884 1272 nebſt
898 1226 976 1266 dem
995 1223 1318 1265 Adminiſtratore
1334 1229 1433 1269 derer
1447 1224 1935 1286 Hollſtein⸗Gottorppiſchen
1954 1229 2044 1273 Lan⸗

787 1285 846 1335 de,
865 1283 1016 1328 Stettin
1037 1283 1278 1337 ſequeſtriren
1296 1284 1427 1335 ſollten.
1487 1286 1566 1334 Die
1580 1283 1811 1340 Moſcowiter
1826 1293 1899 1335 und
1912 1286 2045 1340 Sach⸗

785 1344 846 1398 ſen
868 1342 1026 1397 foderten
1045 1350 1273 1401 400000.
1289 1346 1396 1400 Thlr.
1417 1356 1484 1391 vor
1500 1348 1556 1392 die
1573 1346 1861 1402 aufgewendeten
1882 1351 2044 1401 Belage⸗

785 1399 1078 1458 rungs ⸗ Koſten,
1106 1401 1340 1455 acceptirten
1356 1402 1411 1447 die
1436 1398 1717 1455 vorgeſchlagene
1743 1401 2045 1459 Sequeſtration,

782 1460 859 1498 und
884 1458 1076 1508 erklaͤhrten
1104 1458 1181 1507 ſich,
1207 1467 1313 1501 wann
1331 1459 1433 1509 obige
1452 1456 1614 1500 Summa
1630 1458 1786 1512 bezahlet
1799 1458 1907 1513 waͤre,
1931 1454 2044 1509 gaͤntz⸗

783 1528 849 1566 lich
868 1526 1084 1566 abzuziehen.

910 1576 1014 1623 Jhro
1029 1566 1132 1624 Maj.
1143 1572 1203 1617 der
1213 1570 1332 1625 Koͤnig
1352 1582 1422 1617 von
1433 1569 1603 1625 Preuſſen
1622 1572 1818 1628 bezahleten
1829 1573 1941 1631 ſofort
1956 1572 2044 1629 dieſe

778 1628 1009 1692 400000.
1026 1630 1131 1697 Thlr.
1152 1638 1212 1682 und
1233 1637 1402 1691 behielten
1422 1636 1485 1692 ſich
1501 1646 1596 1684 vor,
1592 1637 1717 1694 dieſes
1732 1638 1910 1692 gethanen
1932 1636 2048 1690 Vor⸗

779 1694 923 1750 ſchuſſes
943 1705 1076 1750 wegen,
1105 1697 1166 1752 ſich
1187 1698 1361 1746 entweder
1377 1710 1424 1746 an
1441 1699 1495 1746 die
1516 1701 1618 1749 Cron
1636 1701 1859 1756 Schweden,
1889 1702 1974 1747 oder
1991 1712 2039 1747 an

780 1759 893 1797 denen
908 1753 1190 1808 Pommeriſchen
1199 1754 1339 1800 Landen
1354 1755 1481 1800 wieder
1498 1762 1540 1808 zu
1555 1755 1709 1809 erholen,
1742 1761 1936 1811 weswegen
1946 1758 2040 1805 Die⸗

779 1814 890 1869 ſelben
916 1824 986 1861 von
1001 1815 1168 1869 Anclam,
1184 1817 1342 1868 Damm,
1367 1816 1539 1872 Wolgaſt
1556 1821 1630 1864 und
1656 1821 1792 1866 andern
1817 1820 1953 1875 Orten,
1965 1816 2041 1868 die

777 1872 951 1920 allerſeits
971 1877 1074 1918 unter
1088 1875 1148 1918 der
1158 1872 1448 1930 Sequeſtration
1467 1874 1535 1922 mit
1549 1875 1752 1929 verſtanden
1768 1879 1906 1923 werden
1915 1876 2041 1930 ſolten,

776 1933 987 1983 Poſſeſſion
1010 1924 1185 1983 nahmen.

891 1989 1068 2030 Jndeſſen
1090 1998 1209 2023 waren
1241 1989 1377 2025 meines
1395 1985 1519 2033 Herrn
1543 1988 1718 2029 Bruders
1735 1983 1838 2036 Maj.
1864 1983 1950 2035 noch
1968 1984 2038 2026 im⸗

775 2058 853 2093 mer
879 2054 914 2093 in
933 2047 1158 2100 Demotica,
1183 2051 1258 2094 und
1286 2050 1451 2102 verginge
1468 2050 1551 2109 kein
1575 2046 1735 2110 Poſttag,
1761 2054 1831 2106 daß
1847 2055 1884 2100 in
1901 2055 2038 2101 Stock⸗

773 2107 874 2153 holm
889 2114 935 2145 an
956 2108 1011 2147 die
1023 2107 1231 2156 Regierung
1250 2118 1321 2147 von
1340 2111 1431 2154 ihme
1449 2109 1542 2158 nicht
1552 2108 1828 2159 Erinnerungen
1842 2104 2037 2159 eingelauf⸗

772 2164 835 2215 fen
859 2163 993 2213 waͤren,
1020 2166 1090 2207 das
1108 2167 1302 2216 gefangene
1319 2165 1602 2219 Steinbockiſche
1623 2167 1762 2222 Corpo
1781 2175 1823 2221 zu
1841 2166 2035 2211 ranzioni-

773 2232 851 2273 ren,
871 2224 945 2265 und
962 2221 1079 2275 friſche
1095 2224 1296 2273 Trouppen
1320 2223 1567 2282 anzuſchaffen.
1657 2230 1720 2281 Jn
1737 2227 1945 2281 Schweden
1960 2227 2037 2274 und

772 2286 853 2330 dem
876 2284 983 2334 Reſte
1012 2292 1081 2328 von
1117 2283 1319 2334 Pommern
1349 2291 1494 2334 wurden
1523 2288 1578 2332 die
1602 2287 1844 2341 Werbungen
1871 2288 1938 2342 auf
1968 2293 2038 2336 das

770 2345 966 2402 moͤglichſte
983 2341 1231 2409 fortgeſetzet,
1230 2359 1266 2397 2.
1285 2350 1523 2407 Regimenter
1547 2355 1692 2398 wurden
1711 2355 1748 2400 in
1768 2356 1849 2400 dem
1868 2348 2039 2408 Hertzog⸗

770 2404 873 2450 thum
894 2401 1148 2456 Zweybruͤcken
1168 2405 1340 2457 errichtet,
1362 2411 1493 2449 wovon
1515 2402 1598 2448 aber
1624 2403 1728 2451 kaum
1754 2407 1818 2452 der
1845 2412 1905 2463 3te
1928 2403 2037 2457 Theil

771 2461 858 2513 nach
875 2462 1077 2511 Pommern
1093 2461 1309 2516 gekommen,
1330 2465 1433 2508 weiln
1458 2464 1501 2519 ſie
1522 2471 1577 2508 nur
1592 2463 1776 2520 eintzelen,
1802 2460 1840 2519 ja
1859 2471 1905 2515 4.
1920 2469 1957 2515 5.
1976 2460 2038 2504 bis
