1641 2350
154 434 224 466 was
248 425 299 472 fuͤr
323 420 565 473 Gelehrſamkeit
586 417 686 464 finden
711 418 749 464 ſie
766 412 849 459 nicht
870 413 931 450 mit
951 410 1098 449 einander

153 476 326 525 verknuͤpft,
340 466 429 512 wenn
448 473 487 518 ſie
503 471 578 518 ſeine
594 467 756 515 herrlichen
773 464 923 511 Gedichte,
956 464 1004 501 die
1019 473 1051 499 er
1064 464 1098 499 in

155 524 358 575 lateiniſcher,
377 520 525 571 deutſcher
539 508 610 558 und
619 514 825 566 franzoͤſiſcher
846 511 995 559 Sprache
1008 509 1101 557 abge⸗

155 581 223 629 faßt
238 582 303 631 hat,
321 576 523 628 inſonderheit
546 576 707 623 dasjenige
729 572 822 620 leſen,
845 566 972 615 welches
987 579 1020 605 er
1043 564 1105 612 auf

156 640 214 677 den
230 636 302 677 Tod
316 634 411 686 ſeines
425 629 636 678 verſtorbenen
651 617 793 676 Fuͤrſten,
801 626 856 661 des
864 618 1005 671 Herzogs
1015 616 1101 668 Joh.

157 688 279 737 Friedr.
294 701 329 738 zu
352 680 599 732 Braunſchweig
613 678 781 729 entworfen
803 675 885 727 hat?
916 666 983 724 Jn
995 672 1103 719 dieſem

158 742 213 789 hat
230 754 261 780 er
279 736 361 784 nicht
373 737 464 776 allein
476 734 633 784 gewieſen,
649 732 711 781 daß
727 742 759 768 er
773 730 822 768 ein
837 725 1006 777 geſchickter
1022 725 1107 774 Poet

155 793 215 840 ſey,
227 793 352 842 ſondern
371 799 404 826 er
418 789 474 837 hat
487 785 562 831 auch
580 785 730 834 gezeiget,
746 783 805 821 wie
823 780 910 828 leicht
925 788 959 818 es
973 779 1039 828 ihm
1047 776 1106 824 ſey,

157 850 257 885 etwas
269 846 298 894 ſo
313 840 530 889 vortreffliches
547 850 583 887 zu
599 837 716 884 liefern.
767 834 869 876 Denn
877 841 911 872 es
919 832 957 880 iſt
964 830 1112 878 bekannt,

159 898 261 937 meine
273 894 415 943 Herren,
438 891 499 939 daß
520 903 552 931 er
571 880 607 937 in
622 889 722 929 einem
746 885 835 935 Tage
849 882 910 930 auf
918 895 994 928 300.
1009 881 1114 931 Verſe

160 946 336 996 verfertiget
357 941 423 990 hat.

213 991 316 1028 Allein
329 990 405 1032 auch
419 973 495 1031 dieſe
510 981 801 1030 Vollkommenheit
814 994 882 1028 war
896 994 956 1029 nur
970 990 1019 1035 ein
1035 990 1111 1020 bloſ⸗

147 1051 206 1096 ſes
224 1045 419 1088 Nebenwerk
434 1046 498 1081 und
512 1041 718 1087 keinesweges
732 1037 892 1085 dasjenige
900 1037 1024 1082 Stuͤck,
1042 1037 1113 1071 dar⸗

161 1099 255 1136 innen
270 1108 303 1134 er
315 1094 371 1143 ſich
387 1090 543 1142 eigentlich
559 1088 731 1138 vorgeſetzet
745 1088 840 1134 hatte,
856 1086 933 1130 ſeine
941 1086 1065 1123 Staͤrke
1074 1087 1115 1130 ſe⸗

163 1147 221 1196 hen
237 1157 272 1193 zu
291 1145 394 1194 laſſen.
445 1143 530 1183 Aber
547 1151 637 1180 wenn
656 1152 686 1177 er
703 1138 758 1185 ſich
772 1137 963 1183 vornimmt,
977 1136 1025 1170 die
1034 1135 1117 1180 goͤtt⸗

164 1203 238 1249 liche
254 1197 489 1249 Dreyeinigkeit
505 1206 598 1245 gegen
623 1195 709 1233 einen
726 1189 852 1241 eifrigen
869 1186 1061 1239 Nachfolger
1077 1188 1117 1225 ei⸗

163 1257 220 1288 nes
237 1247 350 1298 irrigen
365 1237 496 1287 Socins
505 1237 548 1294 zu
562 1241 790 1293 vertheidigen;
816 1248 906 1276 wenn
906 1248 944 1290 er
979 1238 1035 1284 ſich
1049 1246 1117 1273 vor⸗

165 1304 290 1356 nimmt,
308 1305 392 1347 Gott
407 1300 493 1354 ſelbſt
509 1301 607 1342 wider
622 1298 791 1347 diejenigen
813 1305 849 1343 zu
864 1297 1030 1341 vertreten,
1048 1289 1119 1330 wel⸗

165 1358 216 1407 che
229 1358 384 1409 denſelben
404 1357 451 1397 als
477 1359 528 1396 den
550 1352 686 1405 Urheber
711 1343 788 1391 alles
810 1347 922 1399 Boͤſen
938 1345 1120 1395 betrachten,

167 1416 209 1452 da
223 1413 317 1464 zeiget
323 1423 366 1462 er,
382 1412 442 1453 wie
454 1411 527 1450 weit
542 1421 575 1449 er
592 1410 624 1449 in
641 1411 695 1448 der
709 1403 904 1457 Erkenntniß
925 1402 1018 1452 ſeiner
1032 1399 1123 1441 Reli⸗

167 1463 241 1510 gion
255 1460 435 1513 gekommen
452 1461 500 1510 iſt,
518 1462 582 1499 und
598 1459 659 1497 wie
675 1460 747 1496 weit
761 1457 915 1503 derjenige
928 1462 964 1500 zu
979 1454 1123 1488 kommen

165 1517 352 1567 vermoͤgend
371 1517 421 1566 iſt,
436 1512 561 1564 welcher
574 1511 700 1562 dieſelbe
717 1510 776 1550 mit
798 1509 885 1563 einer
902 1507 1048 1561 geſunden
1045 1507 1132 1559 Ver⸗

169 1569 262 1616 nunft
277 1582 312 1617 zu
328 1569 495 1611 verbinden
509 1566 599 1606 weis.

217 1623 324 1666 Tretet
331 1624 393 1673 alſo
408 1633 469 1661 nur
484 1619 615 1671 zuruͤcke,
624 1617 673 1667 ihr
688 1612 937 1667 unverſchaͤmten
952 1617 1126 1652 Verlaͤum⸗

170 1682 235 1728 der,
250 1680 299 1718 die
315 1677 364 1727 ihr
378 1676 487 1726 unſern
503 1673 619 1723 großen
641 1669 764 1720 Leibnitz
779 1671 862 1709 einer
875 1665 1128 1716 Leichtſinnigkeit

172 1731 206 1770 in
220 1735 276 1770 der
290 1728 443 1779 Religion
458 1725 680 1775 beſchuldigen,
707 1725 780 1759 oder
795 1722 851 1759 ihn
866 1721 948 1756 wohl
964 1729 1023 1764 gar
1039 1725 1129 1753 unter

171 1782 345 1831 diejenigen
358 1780 485 1827 rechnen
500 1778 613 1825 wollet,
629 1774 737 1821 welche
757 1784 810 1821 gar
814 1766 905 1820 keine
915 1764 1027 1820 haben.
1052 1771 1130 1807 Tre⸗

171 1843 216 1874 tet
231 1838 345 1884 zuruͤck,
359 1840 425 1875 und
440 1833 584 1874 bekennet
599 1840 691 1869 euren
712 1825 905 1878 Jrrthum!
940 1824 1074 1874 Saget:
1091 1820 1131 1860 ob

173 1885 269 1932 dieſes
292 1884 373 1930 nicht
397 1883 553 1933 vielmehr
593 1879 724 1926 Proben
757 1880 838 1913 einer
880 1873 1133 1920 ungeheuchelten

174 1934 368 1984 Froͤm̃igkeit
376 1936 453 1984 ſind,
460 1940 551 1971 wenn
560 1943 592 1969 er
599 1932 685 1978 ſelbſt
692 1933 747 1968 des
757 1928 895 1978 hoͤchſten
901 1930 966 1965 und
975 1921 1135 1971 heiligſten

174 1987 313 2032 Weſens
327 1984 416 2035 Ehre
442 1990 549 2030 rettet,
564 1986 631 2019 und
652 1989 713 2017 aus
729 1984 787 2015 den
803 1981 941 2022 Haͤnden
963 1975 1137 2019 derjenigen

175 2043 266 2090 reißt,
276 2039 384 2089 welche
403 2041 438 2090 es
434 2037 555 2089 bisher
572 2037 653 2077 einer
667 2031 924 2083 Ungerechtigkeit
939 2027 1138 2078 beſchuldiget

174 2096 303 2150 haben?
