<PcGts xmlns="http://schema.primaresearch.org/PAGE/gts/pagecontent/2019-07-15" xmlns:xsi="http://www.w3.org/2001/XMLSchema-instance" pcGtsId="PAGE_01" xsi:schemaLocation="http://schema.primaresearch.org/PAGE/gts/pagecontent/2019-07-15 http://schema.primaresearch.org/PAGE/gts/pagecontent/2019-07-15/pagecontent.xsd">
  <Metadata>
    <Creator>OCR-D DFG Phase III</Creator>
    <Created>2024-01-19T13:09:59Z</Created>
    <LastChange>2024-01-19T13:09:59Z</LastChange>
    <Comments>ODEM: OCR-D extension for mass digitization (2021-2024)</Comments>
  </Metadata>
  <Page imageFilename="MAX/urn+nbn+de+gbv+3+1-756050-p0524-9_ger.png" imageWidth="1675" imageHeight="2474" type="content" primaryLanguage="German">
    <Border>
      <Coords points="369,333 366,2390 1579,2399 1560,328"/>
    </Border>
    <ReadingOrder>
      <OrderedGroup id="ro_1660901307827" caption="Regions reading order">
        <RegionRefIndexed index="1" regionRef="region0001"/>
      </OrderedGroup>
    </ReadingOrder>
    <TextRegion orientation="0.14042595" readingDirection="left-to-right" id="region0001" custom="readingOrder {index:1;}">
      <Coords points="454,454 1545,454 1541,2233 450,2233"/>
      <TextLine id="region0001_line0001" custom="readingOrder {index:0;}">
        <Coords points="672,454 668,457 558,463 454,462 454,518 607,522 611,525 641,522 673,527 693,524 702,528 709,525 763,525 773,522 783,532 788,532 794,524 804,527 816,527 820,524 899,525 907,534 916,534 924,526 972,527 988,531 1006,527 1012,530 1075,530 1082,535 1110,530 1112,539 1125,537 1141,529 1262,530 1266,533 1277,533 1281,530 1330,529 1353,538 1361,538 1367,530 1377,530 1381,533 1421,530 1432,537 1448,530 1464,538 1470,531 1544,523 1544,461 1533,458 1486,462 1481,458 1462,458 1454,464 1442,464 1434,459 1425,459 1416,461 1411,466 1400,466 1392,459 1382,459 1374,466 1363,466 1355,458 1344,458 1333,466 1297,464 1288,468 1274,468 1252,467 1243,461 1230,461 1224,466 1212,466 1205,461 1197,461 1186,467 1139,467 1137,459 1132,455 1117,456 1110,461 1105,454 1087,454 1081,466 1065,467 1024,465 1015,457 1002,457 995,465 970,465 964,457 955,457 948,464 934,464 931,455 905,455 898,464 849,464 819,463 814,458 791,462 789,454 761,454 757,461 713,458 697,454"/>
        <Baseline points="454,507 1104,519 1544,512"/>
        <Word id="region0001_line0001_word0000" custom="readingOrder {index:0;}">
          <Coords points="624,486 542,486 542,520 607,522 611,525 624,523"/>
          <TextEquiv conf="0.91850066">
            <Unicode>10.</Unicode>
          </TextEquiv>
        </Word>
        <Word id="region0001_line0001_word0001" custom="readingOrder {index:1;}">
          <Coords points="819,470 647,471 647,522 673,527 693,524 702,528 709,525 763,525 773,522 783,532 788,532 794,524 804,527 816,527 819,524"/>
          <TextEquiv conf="0.92818534">
            <Unicode>Wacht</Unicode>
          </TextEquiv>
        </Word>
        <Word id="region0001_line0001_word0002" custom="readingOrder {index:2;}">
          <Coords points="925,471 839,471 839,524 899,525 907,534 916,534 924,526 925,526"/>
          <TextEquiv conf="0.9203801">
            <Unicode>auf</Unicode>
          </TextEquiv>
        </Word>
        <Word id="region0001_line0001_word0003" custom="readingOrder {index:3;}">
          <Coords points="1031,474 939,474 939,526 972,527 988,531 1006,527 1012,530 1031,530"/>
          <TextEquiv conf="0.9203801">
            <Unicode>und</Unicode>
          </TextEquiv>
        </Word>
        <Word id="region0001_line0001_word0004" custom="readingOrder {index:4;}">
          <Coords points="1052,467 1052,530 1075,530 1082,535 1110,530 1112,539 1125,537 1141,529 1211,530 1211,466 1188,466 1186,467 1139,467 1139,466 1066,467 1065,467 1064,467"/>
          <TextEquiv conf="0.91890746">
            <Unicode>ruͤhmt</Unicode>
          </TextEquiv>
        </Word>
        <Word id="region0001_line0001_word0005" custom="readingOrder {index:5;}">
          <Coords points="1315,475 1232,475 1232,529 1262,530 1281,530 1315,529"/>
          <TextEquiv conf="0.9295521">
            <Unicode>des</Unicode>
          </TextEquiv>
        </Word>
        <Word id="region0001_line0001_word0006" custom="readingOrder {index:6;}">
          <Coords points="1535,471 1341,472 1341,533 1352,537 1361,537 1367,530 1377,530 1381,533 1421,530 1432,537 1448,530 1462,537 1464,537 1470,531 1535,523"/>
          <TextEquiv conf="0.92254585">
            <Unicode>hoͤchſten</Unicode>
          </TextEquiv>
        </Word>
        <TextEquiv conf="0.922636">
          <Unicode>10. Wacht auf und ruͤhmt des hoͤchſten</Unicode>
        </TextEquiv>
      </TextLine>
      <TextLine id="region0001_line0002" custom="readingOrder {index:1;}">
        <Coords points="531,521 521,522 517,532 454,533 454,594 469,594 482,598 490,597 492,594 510,594 514,597 529,594 535,603 546,603 553,595 572,594 585,599 597,593 638,596 642,599 654,595 705,594 716,599 723,594 747,594 752,597 765,594 772,599 785,602 791,594 839,595 855,592 895,596 903,605 920,607 936,598 1018,598 1022,601 1064,598 1069,601 1082,597 1108,597 1125,601 1137,600 1142,603 1173,602 1178,610 1184,612 1209,611 1215,602 1230,601 1259,602 1265,608 1275,608 1282,602 1306,603 1324,600 1347,606 1357,606 1361,603 1413,602 1419,609 1430,609 1439,602 1450,599 1485,600 1489,597 1544,593 1544,534 1534,529 1464,539 1447,531 1434,540 1426,532 1417,531 1407,534 1403,541 1353,539 1341,534 1333,538 1321,533 1308,534 1302,538 1258,540 1253,533 1242,532 1235,541 1176,543 1159,542 1157,533 1152,530 1141,530 1125,538 1113,540 1013,538 1011,530 1006,528 988,532 984,529 968,528 961,537 882,537 857,536 855,527 850,525 837,525 832,535 791,535 783,533 773,523 767,523 763,526 748,524 742,528 740,535 726,535 706,533 693,525 673,528 641,523 585,528 563,526 558,530 548,531 545,523"/>
        <Baseline points="454,583 859,582 1202,591 1544,583"/>
        <Word id="region0001_line0002_word0000" custom="readingOrder {index:0;}">
          <Coords points="595,537 469,537 469,594 482,598 490,597 492,594 510,594 514,597 529,594 535,603 546,603 553,595 572,594 585,599 595,594"/>
          <TextEquiv conf="0.9186706">
            <Unicode>raht,</Unicode>
          </TextEquiv>
        </Word>
        <Word id="region0001_line0002_word0001" custom="readingOrder {index:1;}">
          <Coords points="723,538 618,539 618,594 638,596 642,599 654,595 705,594 716,599 723,594"/>
          <TextEquiv conf="0.93141264">
            <Unicode>Die</Unicode>
          </TextEquiv>
        </Word>
        <Word id="region0001_line0002_word0002" custom="readingOrder {index:2;}">
          <Coords points="820,537 745,537 745,594 747,594 752,597 765,594 772,599 785,602 791,594 820,594"/>
          <TextEquiv conf="0.9325135">
            <Unicode>ihr</Unicode>
          </TextEquiv>
        </Word>
        <Word id="region0001_line0002_word0003" custom="readingOrder {index:3;}">
          <Coords points="837,537 837,594 839,595 855,592 883,594 883,537 882,537"/>
          <TextEquiv conf="0.9327886">
            <Unicode>in</Unicode>
          </TextEquiv>
        </Word>
        <Word id="region0001_line0002_word0004" custom="readingOrder {index:4;}">
          <Coords points="902,538 902,604 902,604 926,604 936,598 1018,598 1022,601 1064,598 1069,601 1082,597 1098,597 1098,540 1013,538 1013,537"/>
          <TextEquiv conf="0.92420447">
            <Unicode>graͤbern</Unicode>
          </TextEquiv>
        </Word>
        <Word id="region0001_line0002_word0005" custom="readingOrder {index:5;}">
          <Coords points="1129,536 1125,538 1122,538 1122,600 1125,601 1137,600 1142,603 1173,602 1174,604 1213,604 1215,602 1230,601 1259,602 1261,604 1279,604 1282,602 1282,538 1258,540 1255,536 1238,536 1235,541 1176,543 1159,542 1157,536"/>
          <TextEquiv conf="0.91890216">
            <Unicode>lieget,</Unicode>
          </TextEquiv>
        </Word>
        <Word id="region0001_line0002_word0006" custom="readingOrder {index:6;}">
          <Coords points="1302,539 1302,601 1318,601 1324,600 1327,601 1445,600 1450,599 1485,600 1489,597 1535,594 1535,538 1469,538 1464,539 1463,538 1436,538 1434,540 1432,538 1404,539 1403,541 1353,539 1352,539"/>
          <TextEquiv conf="0.92350656">
            <Unicode>Nachdem</Unicode>
          </TextEquiv>
        </Word>
        <TextEquiv conf="0.92599976">
          <Unicode>raht, Die ihr in graͤbern lieget, Nachdem</Unicode>
        </TextEquiv>
      </TextLine>
      <TextLine id="region0001_line0003" custom="readingOrder {index:2;}">
        <Coords points="597,594 585,600 571,595 560,605 493,603 491,598 482,599 469,595 461,602 454,602 454,663 560,665 564,673 573,674 581,672 585,665 594,664 598,664 604,670 612,670 620,664 634,664 643,671 653,672 670,668 675,663 726,662 741,665 746,661 756,660 766,665 776,661 792,661 797,665 805,665 810,661 834,660 870,665 946,665 977,668 989,674 994,674 998,670 1006,673 1046,673 1072,671 1079,668 1087,668 1094,673 1109,673 1116,670 1173,672 1177,675 1190,672 1217,672 1224,681 1234,681 1241,673 1252,672 1352,673 1410,669 1429,672 1443,669 1451,673 1460,673 1475,660 1485,664 1486,673 1495,674 1504,671 1508,666 1544,664 1544,607 1511,604 1507,607 1470,610 1468,601 1463,599 1439,603 1433,612 1414,613 1334,612 1333,604 1327,601 1302,604 1298,611 1259,611 1253,603 1230,602 1220,611 1184,613 1120,603 1108,598 1082,598 1068,603 1036,601 1030,606 992,608 989,599 970,598 963,601 960,607 953,607 944,600 935,600 920,608 900,604 862,603 860,595 855,593 834,595 827,603 819,603 816,596 801,595 790,598 786,603 762,596 752,604 717,603 715,599 705,595 697,595 690,603 678,603 674,596 669,595 654,596 640,604 617,604 615,596"/>
        <Baseline points="454,651 828,649 1095,660 1544,654"/>
        <Word id="region0001_line0003_word0000" custom="readingOrder {index:0;}">
          <Coords points="548,614 469,614 469,663 548,664"/>
          <TextEquiv conf="0.92650956">
            <Unicode>der</Unicode>
          </TextEquiv>
        </Word>
        <Word id="region0001_line0003_word0001" custom="readingOrder {index:1;}">
          <Coords points="677,608 564,609 564,673 573,674 581,672 585,665 594,664 598,664 604,670 612,670 620,664 634,664 643,671 653,672 670,668 675,663 677,662"/>
          <TextEquiv conf="0.7471272">
            <Unicode>fuͤrſt</Unicode>
          </TextEquiv>
        </Word>
        <Word id="region0001_line0003_word0002" custom="readingOrder {index:2;}">
          <Coords points="781,613 697,613 697,662 726,662 741,665 746,661 756,660 766,665 776,661 781,661"/>
          <TextEquiv conf="0.92886823">
            <Unicode>des</Unicode>
          </TextEquiv>
        </Word>
        <Word id="region0001_line0003_word0003" custom="readingOrder {index:3;}">
          <Coords points="951,610 796,610 796,664 797,665 805,665 810,661 834,660 870,665 946,665 951,665"/>
          <TextEquiv conf="0.92904556">
            <Unicode>lebens</Unicode>
          </TextEquiv>
        </Word>
        <Word id="region0001_line0003_word0004" custom="readingOrder {index:4;}">
          <Coords points="1050,612 969,612 969,667 977,668 989,674 994,674 998,670 1006,673 1046,673 1050,672"/>
          <TextEquiv conf="0.9286264">
            <Unicode>hat</Unicode>
          </TextEquiv>
        </Word>
        <Word id="region0001_line0003_word0005" custom="readingOrder {index:5;}">
          <Coords points="1067,609 1067,670 1074,670 1079,668 1087,668 1089,670 1116,670 1204,670 1204,611 1184,613 1158,609"/>
          <TextEquiv conf="0.92509246">
            <Unicode>Dem</Unicode>
          </TextEquiv>
        </Word>
        <Word id="region0001_line0003_word0006" custom="readingOrder {index:6;}">
          <Coords points="1222,609 1222,609 1222,675 1239,675 1241,673 1252,672 1352,673 1390,670 1390,613 1334,612 1334,609 1299,609 1298,611 1259,611 1258,609"/>
          <TextEquiv conf="0.9300291">
            <Unicode>ſterben</Unicode>
          </TextEquiv>
        </Word>
        <Word id="region0001_line0003_word0007" custom="readingOrder {index:7;}">
          <Coords points="1436,608 1433,612 1414,613 1413,613 1413,669 1429,672 1443,669 1451,673 1460,673 1475,660 1485,664 1486,673 1489,673 1497,673 1504,671 1508,666 1536,664 1536,607 1504,607 1470,610 1469,608"/>
          <TextEquiv>
            <Unicode>obge⸗</Unicode>
          </TextEquiv>
        </Word>
        <TextEquiv>
          <Unicode>der fuͤrſt des lebens hat Dem ſterben obge⸗</Unicode>
        </TextEquiv>
      </TextLine>
      <TextLine id="region0001_line0004" custom="readingOrder {index:3;}">
        <Coords points="752,661 744,670 722,664 701,664 693,668 647,673 634,665 620,665 613,671 604,671 598,665 594,665 587,666 583,672 573,675 527,676 512,676 510,668 505,665 476,664 467,675 454,675 454,732 465,732 468,740 475,741 479,741 489,732 520,733 533,738 539,745 547,744 562,731 587,734 616,732 621,737 634,737 642,730 676,733 691,731 697,736 712,733 727,736 735,732 781,729 810,731 812,740 820,742 831,740 840,732 885,732 894,737 934,735 939,738 969,739 977,747 991,745 998,738 1046,738 1055,743 1063,743 1066,739 1094,737 1099,740 1152,741 1167,751 1180,750 1187,741 1296,741 1352,743 1362,753 1378,752 1386,743 1455,744 1461,749 1486,750 1499,739 1514,732 1544,730 1544,671 1524,668 1520,671 1488,675 1485,673 1484,664 1475,661 1460,674 1428,676 1423,671 1410,670 1405,673 1402,680 1392,681 1306,681 1299,672 1275,672 1258,681 1194,682 1135,679 1133,672 1130,671 1116,671 1110,673 1106,679 1095,679 1094,674 1087,669 1071,672 1069,680 994,678 993,675 977,669 963,669 957,675 954,668 946,666 915,667 909,673 839,672 838,664 834,661 810,662 804,666 802,672 778,672 767,671 765,665"/>
        <Baseline points="454,721 675,716 1373,732 1544,719"/>
        <Word id="region0001_line0004_word0000" custom="readingOrder {index:0;}">
          <Coords points="634,680 469,680 469,740 475,741 479,741 489,732 520,733 533,738 539,745 547,744 562,731 587,734 616,732 621,737 634,737"/>
          <TextEquiv conf="0.9285426">
            <Unicode>ſieget!</Unicode>
          </TextEquiv>
        </Word>
        <Word id="region0001_line0004_word0001" custom="readingOrder {index:1;}">
          <Coords points="786,680 672,680 672,732 676,733 691,731 697,736 712,733 727,736 735,732 781,729 786,729"/>
          <TextEquiv conf="0.92979413">
            <Unicode>Wie</Unicode>
          </TextEquiv>
        </Word>
        <Word id="region0001_line0004_word0002" custom="readingOrder {index:2;}">
          <Coords points="812,678 812,740 820,742 831,740 840,732 885,732 894,737 934,735 939,738 969,739 976,746 984,746 991,745 998,738 999,738 999,678 994,678"/>
          <TextEquiv conf="0.9257839">
            <Unicode>herrlich</Unicode>
          </TextEquiv>
        </Word>
        <Word id="region0001_line0004_word0003" custom="readingOrder {index:3;}">
          <Coords points="1026,679 1026,738 1046,738 1049,740 1066,740 1066,739 1094,737 1098,739 1143,739 1143,679 1135,679 1135,678 1106,678 1106,679 1095,679 1095,678 1069,679 1069,680 1030,679"/>
          <TextEquiv conf="0.9303658">
            <Unicode>wird</Unicode>
          </TextEquiv>
        </Word>
        <Word id="region0001_line0004_word0004" custom="readingOrder {index:4;}">
          <Coords points="1213,690 1161,690 1161,745 1183,745 1187,741 1213,741"/>
          <TextEquiv conf="0.9330179">
            <Unicode>zu</Unicode>
          </TextEquiv>
        </Word>
        <Word id="region0001_line0004_word0005" custom="readingOrder {index:5;}">
          <Coords points="1337,681 1306,681 1299,672 1275,672 1258,681 1220,681 1220,741 1296,741 1337,742"/>
          <TextEquiv conf="0.9274033">
            <Unicode>aller</Unicode>
          </TextEquiv>
        </Word>
        <Word id="region0001_line0004_word0006" custom="readingOrder {index:6;}">
          <Coords points="1445,678 1402,678 1402,680 1392,681 1360,681 1360,747 1382,747 1386,743 1445,743"/>
          <TextEquiv conf="0.92247194">
            <Unicode>zeit</Unicode>
          </TextEquiv>
        </Word>
        <Word id="region0001_line0004_word0007" custom="readingOrder {index:7;}">
          <Coords points="1468,666 1460,674 1460,748 1488,747 1499,739 1514,732 1535,730 1535,669 1524,668 1520,671 1488,675 1485,673 1484,666"/>
          <TextEquiv conf="0.93169093">
            <Unicode>Jn</Unicode>
          </TextEquiv>
        </Word>
        <TextEquiv conf="0.9286338">
          <Unicode>ſieget! Wie herrlich wird zu aller zeit Jn</Unicode>
        </TextEquiv>
      </TextLine>
      <TextLine id="region0001_line0005" custom="readingOrder {index:4;}">
        <Coords points="775,730 763,732 758,738 749,740 698,741 693,733 682,732 668,733 660,742 600,744 581,744 578,733 562,732 545,746 539,746 533,739 521,735 515,736 510,745 505,745 501,734 489,733 479,742 468,741 467,745 454,745 454,803 463,803 467,812 475,814 490,803 503,802 545,804 556,801 574,810 581,802 593,804 607,801 643,806 652,800 661,798 673,806 684,797 697,801 704,798 724,801 737,796 754,796 763,799 822,803 888,804 894,808 909,805 919,809 936,806 952,809 969,807 990,812 1034,812 1041,819 1047,820 1059,811 1168,812 1190,808 1215,811 1223,809 1230,813 1239,810 1250,813 1262,810 1303,813 1318,808 1342,812 1364,811 1369,819 1379,822 1396,821 1409,809 1435,812 1494,810 1499,815 1510,815 1516,810 1544,810 1544,747 1524,747 1518,742 1515,733 1499,740 1486,751 1383,751 1362,754 1346,751 1305,752 1303,746 1296,742 1281,743 1275,752 1129,750 1102,747 1101,742 1094,738 1082,739 1077,744 1055,744 1046,739 1039,739 1024,740 1016,745 983,748 946,747 940,746 939,739 934,736 915,736 904,743 894,743 893,737 885,733 866,735 861,742 820,743 789,740 784,731"/>
        <Baseline points="454,792 709,786 1021,799 1544,800"/>
        <Word id="region0001_line0005_word0000" custom="readingOrder {index:0;}">
          <Coords points="652,748 470,748 470,812 475,814 490,803 503,802 545,804 556,801 574,810 581,802 593,804 607,801 643,806 652,800"/>
          <TextEquiv conf="0.9293553">
            <Unicode>ſolchem</Unicode>
          </TextEquiv>
        </Word>
        <Word id="region0001_line0005_word0001" custom="readingOrder {index:1;}">
          <Coords points="663,747 663,799 673,806 684,797 697,801 704,798 724,801 737,796 754,796 763,799 822,803 888,804 894,808 909,805 919,809 936,806 952,809 969,807 990,812 996,812 996,747 994,747 983,748 946,747"/>
          <TextEquiv conf="0.5115574">
            <Unicode>freuden⸗leben</Unicode>
          </TextEquiv>
        </Word>
        <Word id="region0001_line0005_word0002" custom="readingOrder {index:2;}">
          <Coords points="1015,747 1015,812 1034,812 1036,814 1056,814 1059,811 1117,812 1117,749 1102,747 1102,746"/>
          <TextEquiv conf="0.9234388">
            <Unicode>Die</Unicode>
          </TextEquiv>
        </Word>
        <Word id="region0001_line0005_word0003" custom="readingOrder {index:3;}">
          <Coords points="1131,757 1264,757 1264,803 1131,803"/>
          <TextEquiv conf="0.92766815">
            <Unicode>crone</Unicode>
          </TextEquiv>
        </Word>
        <Word id="region0001_line0005_word0004" custom="readingOrder {index:4;}">
          <Coords points="1284,748 1284,803 1360,803 1360,753 1346,751 1305,752 1303,748"/>
          <TextEquiv conf="0.9264475">
            <Unicode>der</Unicode>
          </TextEquiv>
        </Word>
        <Word id="region0001_line0005_word0005" custom="readingOrder {index:5;}">
          <Coords points="1500,739 1499,740 1486,751 1383,751 1373,752 1373,814 1403,813 1409,809 1435,812 1494,810 1497,813 1512,813 1516,810 1536,810 1536,747 1524,747 1518,742 1517,739"/>
          <TextEquiv conf="0.8307936">
            <Unicode>gerech⸗</Unicode>
          </TextEquiv>
        </Word>
        <TextEquiv conf="0.8415435">
          <Unicode>ſolchem freuden⸗leben Die crone der gerech⸗</Unicode>
        </TextEquiv>
      </TextLine>
      <TextLine id="region0001_line0006" custom="readingOrder {index:5;}">
        <Coords points="737,797 727,806 701,806 699,802 684,798 673,807 661,799 655,800 643,807 630,808 624,804 613,807 607,802 598,802 591,805 589,810 573,811 552,802 540,806 536,812 518,812 515,804 503,803 493,808 489,806 475,815 454,813 455,877 495,877 508,879 515,884 535,885 544,882 551,875 625,873 663,869 670,866 719,866 727,867 730,875 739,878 748,875 749,869 754,868 920,877 928,886 942,876 950,876 966,878 972,882 981,882 985,879 1013,879 1017,887 1031,890 1043,879 1092,876 1103,883 1111,883 1117,878 1122,881 1164,878 1174,889 1188,887 1191,880 1210,879 1228,889 1234,881 1257,881 1264,885 1273,885 1278,881 1338,881 1342,884 1351,884 1358,880 1374,882 1408,877 1428,883 1435,871 1465,865 1482,864 1486,859 1486,825 1482,820 1437,820 1426,810 1406,811 1398,821 1392,823 1370,820 1334,822 1331,812 1318,809 1306,811 1301,815 1299,822 1253,821 1249,818 1232,820 1231,815 1223,810 1215,812 1190,809 1175,811 1168,819 1072,819 1068,812 1059,812 1047,821 984,819 982,812 969,808 957,810 954,816 942,815 936,807 913,809 910,814 824,811 817,808 773,809 762,808 760,799"/>
        <Baseline points="455,867 739,855 962,867 1328,869 1486,852"/>
        <Word id="region0001_line0006_word0000" custom="readingOrder {index:0;}">
          <Coords points="630,816 470,816 470,877 495,877 508,879 515,884 535,885 544,882 551,875 625,873 630,872"/>
          <TextEquiv conf="0.9286012">
            <Unicode>tigkeit</Unicode>
          </TextEquiv>
        </Word>
        <Word id="region0001_line0006_word0001" custom="readingOrder {index:1;}">
          <Coords points="753,814 645,815 645,870 663,869 670,866 719,866 727,867 730,875 739,878 748,875 749,869 753,868"/>
          <TextEquiv conf="0.9318458">
            <Unicode>Auf</Unicode>
          </TextEquiv>
        </Word>
        <Word id="region0001_line0006_word0002" custom="readingOrder {index:2;}">
          <Coords points="901,872 900,825 768,825 768,868 827,872"/>
          <TextEquiv conf="0.92394453">
            <Unicode>euren</Unicode>
          </TextEquiv>
        </Word>
        <Word id="region0001_line0006_word0003" custom="readingOrder {index:3;}">
          <Coords points="920,815 921,878 926,884 931,884 942,876 950,876 966,878 972,882 981,882 985,879 1013,879 1015,884 1038,883 1043,879 1092,876 1103,883 1111,883 1117,878 1122,881 1150,879 1149,819 1072,819 1069,814 1056,814 1047,821 984,819 983,815 955,815 954,816 942,815 942,815"/>
          <TextEquiv conf="0.9245957">
            <Unicode>haͤuptern</Unicode>
          </TextEquiv>
        </Word>
        <Word id="region0001_line0006_word0004" custom="readingOrder {index:4;}">
          <Coords points="1172,814 1172,814 1173,881 1191,881 1191,880 1210,879 1214,881 1234,881 1257,881 1278,881 1338,881 1356,881 1358,880 1366,881 1381,881 1408,877 1421,881 1429,881 1431,878 1430,814 1404,814 1398,821 1392,823 1370,820 1334,822 1332,814 1302,814 1301,815 1299,822 1253,821 1249,818 1232,820 1231,815 1229,814"/>
          <TextEquiv conf="0.9278763">
            <Unicode>ſchweben?</Unicode>
          </TextEquiv>
        </Word>
        <TextEquiv conf="0.9273727">
          <Unicode>tigkeit Auf euren haͤuptern ſchweben?</Unicode>
        </TextEquiv>
      </TextLine>
      <TextLine id="region0001_line0007" custom="readingOrder {index:6;}">
        <Coords points="670,867 663,870 646,871 637,875 551,882 535,886 495,887 490,892 490,928 495,933 505,935 539,939 591,937 596,942 605,942 610,937 657,935 663,939 677,936 733,937 782,940 792,945 804,942 819,944 823,941 849,945 869,940 915,945 929,942 941,948 965,944 1018,947 1031,943 1060,943 1067,945 1070,953 1077,955 1086,954 1090,947 1107,946 1134,949 1141,957 1153,957 1158,952 1196,951 1197,958 1205,961 1219,958 1225,951 1278,951 1288,953 1298,961 1341,951 1347,960 1357,961 1367,956 1382,956 1385,952 1394,951 1448,948 1483,951 1500,943 1511,943 1520,949 1544,944 1545,882 1517,881 1511,872 1500,873 1493,881 1486,873 1474,874 1457,883 1439,885 1429,885 1412,879 1393,879 1377,882 1373,890 1345,892 1226,890 1210,880 1191,881 1188,888 1174,890 1164,879 1149,879 1137,888 1103,888 1102,883 1092,877 1072,879 1067,887 1038,888 1026,891 1016,887 956,887 955,880 950,877 942,877 928,887 758,876 739,879 729,875 710,875 704,868"/>
        <Baseline points="490,923 1188,939 1544,933"/>
        <Word id="region0001_line0007_word0000" custom="readingOrder {index:0;}">
          <Coords points="608,900 541,900 541,938 591,937 596,942 605,942 608,939"/>
          <TextEquiv>
            <Unicode>11.</Unicode>
          </TextEquiv>
        </Word>
        <Word id="region0001_line0007_word0001" custom="readingOrder {index:1;}">
          <Coords points="760,884 638,885 638,935 657,935 663,939 677,936 733,937 760,938"/>
          <TextEquiv conf="0.92562205">
            <Unicode>Wer</Unicode>
          </TextEquiv>
        </Word>
        <Word id="region0001_line0007_word0002" custom="readingOrder {index:2;}">
          <Coords points="885,894 789,894 789,943 790,944 796,944 804,942 819,944 823,941 842,944 853,944 869,940 885,941"/>
          <TextEquiv conf="0.920763">
            <Unicode>nun</Unicode>
          </TextEquiv>
        </Word>
        <Word id="region0001_line0007_word0003" custom="readingOrder {index:3;}">
          <Coords points="930,885 928,887 912,885 912,942 929,942 982,942 982,887 956,887 955,885"/>
          <TextEquiv conf="0.9282226">
            <Unicode>ein</Unicode>
          </TextEquiv>
        </Word>
        <Word id="region0001_line0007_word0004" custom="readingOrder {index:4;}">
          <Coords points="1070,883 1067,887 1038,888 1026,891 1016,887 1006,887 1006,946 1018,947 1031,943 1060,943 1067,945 1070,952 1087,952 1090,947 1107,946 1134,949 1136,952 1178,951 1196,951 1196,951 1225,951 1225,951 1278,951 1279,951 1326,951 1326,892 1226,890 1214,882 1190,882 1188,888 1174,890 1167,882 1144,883 1137,888 1103,888 1102,883 1102,883"/>
          <TextEquiv conf="0.92976844">
            <Unicode>auferſtehung</Unicode>
          </TextEquiv>
        </Word>
        <Word id="word_1660901159383_3419" custom="readingOrder {index:5;}">
          <Coords points="1350,891 1377,882 1388,879 1515,879 1542,881 1542,944 1538,945 1520,949 1484,950 1350,951"/>
          <TextEquiv>
            <Unicode>glaͤubt/</Unicode>
          </TextEquiv>
        </Word>
        <TextEquiv>
          <Unicode>11. Wer nun ein auferſtehung glaͤubt/</Unicode>
        </TextEquiv>
      </TextLine>
      <TextLine id="region0001_line0008" custom="readingOrder {index:7;}">
        <Coords points="647,936 634,938 629,946 592,947 516,938 454,938 454,1012 499,1012 503,1015 512,1015 520,1011 540,1011 547,1007 555,1007 561,1010 575,1009 583,1017 594,1017 600,1012 616,1007 702,1004 724,1006 732,1015 749,1018 762,1015 769,1009 784,1011 796,1008 809,1009 812,1012 838,1009 846,1013 861,1011 876,1016 886,1008 893,1008 925,1010 932,1015 940,1015 945,1010 954,1013 965,1013 969,1010 982,1013 995,1010 1013,1013 1022,1021 1032,1021 1038,1015 1110,1017 1158,1014 1176,1018 1189,1015 1203,1026 1210,1018 1258,1018 1269,1022 1290,1018 1301,1021 1312,1019 1318,1022 1333,1019 1374,1021 1384,1018 1419,1018 1428,1028 1436,1027 1450,1017 1483,1017 1495,1014 1504,1017 1514,1010 1544,1010 1544,952 1535,946 1517,950 1514,945 1500,944 1493,948 1491,954 1459,958 1448,949 1431,949 1424,953 1421,960 1382,961 1381,957 1367,957 1357,962 1331,961 1330,956 1317,956 1298,962 1278,959 1274,954 1265,951 1250,956 1245,952 1230,952 1223,959 1205,962 1198,959 1124,956 1122,950 1107,947 1098,949 1093,955 1077,956 1069,954 1066,946 1060,944 1031,944 1021,946 1016,954 1010,954 942,952 935,944 929,943 917,945 911,951 886,951 884,944 869,941 854,943 849,951 836,952 757,948 753,945 663,945 659,936"/>
        <Baseline points="454,998 698,993 1253,1008 1544,999"/>
        <Word id="region0001_line0008_word0000" custom="readingOrder {index:0;}">
          <Coords points="764,949 469,950 469,1012 499,1012 503,1015 512,1015 520,1011 540,1011 547,1007 555,1007 561,1010 575,1009 583,1017 594,1017 600,1012 616,1007 702,1004 724,1006 732,1015 743,1017 753,1017 762,1015 764,1013"/>
          <TextEquiv conf="0.9253106">
            <Unicode>Vergebung</Unicode>
          </TextEquiv>
        </Word>
        <Word id="region0001_line0008_word0001" custom="readingOrder {index:1;}">
          <Coords points="888,953 778,953 778,1010 784,1011 796,1008 809,1009 812,1012 838,1009 846,1013 861,1011 873,1015 877,1015 886,1008 888,1008"/>
          <TextEquiv conf="0.9320794">
            <Unicode>auch</Unicode>
          </TextEquiv>
        </Word>
        <Word id="region0001_line0008_word0002" custom="readingOrder {index:2;}">
          <Coords points="999,1010 999,954 920,954 920,1009 925,1010 945,1010 969,1010 995,1010"/>
          <TextEquiv conf="0.92796826">
            <Unicode>der</Unicode>
          </TextEquiv>
        </Word>
        <Word id="region0001_line0008_word0003" custom="readingOrder {index:3;}">
          <Coords points="1019,951 1019,1018 1020,1019 1034,1019 1038,1015 1110,1017 1158,1014 1176,1018 1189,1015 1193,1018 1210,1018 1210,1018 1212,1018 1212,961 1205,962 1198,959 1124,956 1122,950 1097,951 1093,955 1077,956 1069,954 1068,951"/>
          <TextEquiv conf="0.71286047">
            <Unicode>ſuͤnden,</Unicode>
          </TextEquiv>
        </Word>
        <Word id="region0001_line0008_word0004" custom="readingOrder {index:4;}">
          <Coords points="1230,955 1230,1010 1337,1010 1337,961 1331,961 1330,956 1317,956 1298,962 1278,959 1274,955 1253,955 1250,956 1248,955"/>
          <TextEquiv conf="0.9321987">
            <Unicode>Und</Unicode>
          </TextEquiv>
        </Word>
        <Word id="region0001_line0008_word0005" custom="readingOrder {index:5;}">
          <Coords points="1425,952 1424,953 1421,960 1382,961 1381,957 1367,957 1362,959 1362,1018 1384,1018 1419,1018 1448,1018 1450,1017 1453,1017 1453,953 1451,952"/>
          <TextEquiv conf="0.9319142">
            <Unicode>daß</Unicode>
          </TextEquiv>
        </Word>
        <Word id="region0001_line0008_word0006" custom="readingOrder {index:6;}">
          <Coords points="1495,947 1493,948 1491,954 1472,956 1472,1008 1538,1007 1538,948 1535,946 1535,946 1517,950 1515,946"/>
          <TextEquiv conf="0.9303531">
            <Unicode>ein</Unicode>
          </TextEquiv>
        </Word>
        <TextEquiv conf="0.898955">
          <Unicode>Vergebung auch der ſuͤnden, Und daß ein</Unicode>
        </TextEquiv>
      </TextLine>
      <TextLine id="region0001_line0009" custom="readingOrder {index:8;}">
        <Coords points="646,1006 637,1008 632,1016 624,1016 616,1008 600,1013 594,1018 563,1019 562,1011 547,1008 539,1012 538,1020 496,1017 492,1020 454,1021 454,1076 468,1076 474,1083 493,1076 506,1079 510,1076 553,1075 562,1086 576,1087 588,1085 594,1076 640,1076 645,1080 653,1080 658,1076 665,1079 674,1079 679,1074 691,1077 713,1075 722,1079 730,1079 735,1075 750,1075 754,1078 785,1078 796,1082 809,1079 824,1083 836,1081 843,1086 851,1086 856,1082 911,1085 934,1083 943,1091 953,1084 998,1089 1010,1085 1116,1085 1122,1090 1131,1090 1136,1085 1173,1087 1193,1083 1226,1087 1229,1096 1235,1098 1246,1098 1250,1091 1260,1089 1281,1089 1286,1097 1297,1098 1308,1089 1332,1086 1352,1090 1387,1087 1393,1090 1407,1090 1411,1097 1425,1099 1435,1090 1473,1091 1503,1087 1517,1082 1544,1083 1544,1020 1540,1020 1528,1010 1511,1012 1502,1020 1495,1015 1483,1018 1467,1017 1455,1022 1444,1022 1432,1029 1428,1029 1419,1019 1402,1021 1394,1029 1391,1021 1384,1019 1371,1022 1367,1030 1356,1030 1351,1020 1327,1022 1321,1029 1307,1029 1304,1022 1290,1019 1274,1021 1271,1028 1268,1022 1258,1019 1235,1019 1228,1025 1203,1027 1189,1016 1178,1019 1176,1025 1165,1025 1164,1018 1146,1015 1141,1018 1139,1025 1119,1025 1109,1022 1095,1024 1039,1019 1022,1022 1013,1014 995,1011 977,1013 971,1017 931,1018 924,1013 914,1013 908,1019 904,1019 901,1011 886,1009 876,1017 860,1012 858,1019 852,1020 843,1019 841,1011 838,1010 812,1013 809,1010 792,1009 781,1012 777,1017 758,1016 749,1019 707,1015 706,1008 702,1005 683,1005 674,1015 665,1015 661,1005"/>
        <Baseline points="454,1065 736,1063 991,1075 1336,1078 1544,1072"/>
        <Word id="region0001_line0009_word0000" custom="readingOrder {index:0;}">
          <Coords points="621,1024 471,1024 471,1079 474,1083 493,1076 506,1079 510,1076 553,1075 562,1086 576,1087 588,1085 594,1076 621,1076"/>
          <TextEquiv conf="0.92540276">
            <Unicode>ewigs</Unicode>
          </TextEquiv>
        </Word>
        <Word id="region0001_line0009_word0001" custom="readingOrder {index:1;}">
          <Coords points="766,1022 642,1023 642,1077 645,1080 653,1080 658,1076 665,1079 674,1079 679,1074 691,1077 713,1075 722,1079 730,1079 735,1075 750,1075 754,1078 766,1078"/>
          <TextEquiv conf="0.93244034">
            <Unicode>leben</Unicode>
          </TextEquiv>
        </Word>
        <Word id="region0001_line0009_word0002" custom="readingOrder {index:2;}">
          <Coords points="955,1024 787,1024 787,1078 796,1082 809,1079 824,1083 836,1081 843,1086 851,1086 856,1082 911,1085 934,1083 943,1091 953,1084 955,1084"/>
          <TextEquiv conf="0.92609984">
            <Unicode>bleibt,</Unicode>
          </TextEquiv>
        </Word>
        <Word id="region0001_line0009_word0003" custom="readingOrder {index:3;}">
          <Coords points="1081,1023 971,1024 971,1086 987,1087 1001,1087 1010,1085 1081,1085"/>
          <TextEquiv conf="0.92609984">
            <Unicode>Der</Unicode>
          </TextEquiv>
        </Word>
        <Word id="region0001_line0009_word0004" custom="readingOrder {index:4;}">
          <Coords points="1102,1023 1097,1023 1097,1084 1188,1084 1193,1083 1201,1084 1212,1084 1212,1026 1203,1027 1197,1023 1176,1023 1176,1025 1165,1025 1164,1023 1139,1023 1139,1025 1119,1025 1112,1023"/>
          <TextEquiv conf="0.9282125">
            <Unicode>wird</Unicode>
          </TextEquiv>
        </Word>
        <Word id="region0001_line0009_word0005" custom="readingOrder {index:5;}">
          <Coords points="1230,1025 1230,1091 1250,1091 1260,1089 1281,1089 1282,1091 1305,1091 1308,1089 1310,1088 1310,1029 1307,1029 1305,1025 1272,1025 1271,1028 1269,1025"/>
          <TextEquiv conf="0.9286804">
            <Unicode>ſich</Unicode>
          </TextEquiv>
        </Word>
        <Word id="region0001_line0009_word0006" custom="readingOrder {index:6;}">
          <Coords points="1466,1017 1455,1022 1444,1022 1432,1029 1428,1029 1419,1019 1402,1021 1394,1029 1391,1021 1384,1019 1371,1022 1367,1030 1356,1030 1351,1020 1331,1021 1331,1086 1332,1086 1351,1089 1353,1089 1387,1087 1392,1089 1486,1089 1503,1087 1517,1082 1538,1082 1538,1018 1536,1017 1505,1017 1502,1020 1498,1017 1485,1017 1483,1018 1472,1017"/>
          <TextEquiv conf="0.92619705">
            <Unicode>leichtlich</Unicode>
          </TextEquiv>
        </Word>
        <TextEquiv conf="0.92759037">
          <Unicode>ewigs leben bleibt, Der wird ſich leichtlich</Unicode>
        </TextEquiv>
      </TextLine>
      <TextLine id="region0001_line0010" custom="readingOrder {index:9;}">
        <Coords points="540,1076 529,1086 511,1086 508,1082 495,1078 472,1086 454,1086 454,1147 465,1147 471,1158 479,1160 490,1156 492,1149 540,1144 554,1147 559,1151 565,1145 607,1146 613,1147 620,1155 637,1146 646,1146 664,1148 688,1146 699,1151 786,1151 793,1155 806,1152 885,1157 901,1155 909,1159 943,1155 948,1168 952,1169 963,1167 971,1157 1005,1158 1020,1155 1030,1158 1034,1167 1042,1168 1048,1167 1055,1157 1089,1157 1101,1154 1116,1158 1137,1157 1153,1166 1163,1165 1168,1170 1186,1170 1193,1168 1198,1162 1212,1162 1215,1168 1229,1171 1237,1162 1252,1162 1260,1172 1283,1168 1293,1164 1295,1160 1304,1158 1313,1158 1321,1163 1331,1162 1335,1158 1363,1159 1367,1167 1383,1169 1393,1160 1461,1162 1480,1156 1495,1159 1522,1150 1532,1153 1544,1152 1544,1092 1533,1090 1532,1085 1518,1083 1507,1087 1504,1093 1451,1099 1395,1099 1394,1091 1387,1088 1363,1089 1359,1091 1357,1099 1348,1097 1344,1089 1324,1087 1317,1090 1311,1099 1284,1100 1271,1097 1262,1101 1217,1096 1213,1087 1193,1084 1185,1085 1177,1096 1106,1097 1102,1094 1041,1096 1038,1088 1017,1086 999,1090 997,1095 971,1093 970,1088 964,1085 953,1085 943,1092 934,1084 922,1085 912,1092 864,1092 821,1088 815,1080 804,1083 786,1080 783,1084 776,1084 756,1082 750,1076 712,1081 704,1075 681,1082 576,1088 562,1087 553,1076"/>
        <Baseline points="454,1135 1207,1150 1544,1141"/>
        <Word id="region0001_line0010_word0000" custom="readingOrder {index:0;}">
          <Coords points="640,1097 470,1097 470,1156 471,1158 479,1160 490,1156 492,1149 540,1144 554,1147 559,1151 565,1145 607,1146 613,1147 620,1155 637,1146 640,1146"/>
          <TextEquiv conf="0.9023486">
            <Unicode>finden,</Unicode>
          </TextEquiv>
        </Word>
        <Word id="region0001_line0010_word0001" custom="readingOrder {index:1;}">
          <Coords points="760,1094 668,1094 668,1147 688,1146 699,1151 760,1151"/>
          <TextEquiv conf="0.9281733">
            <Unicode>Ob</Unicode>
          </TextEquiv>
        </Word>
        <Word id="region0001_line0010_word0002" custom="readingOrder {index:2;}">
          <Coords points="790,1094 790,1153 793,1155 806,1152 885,1157 901,1155 909,1159 943,1155 947,1166 963,1166 971,1157 1005,1158 1020,1155 1030,1158 1033,1166 1048,1166 1055,1157 1055,1095 1041,1096 1040,1094 997,1094 997,1095 984,1094"/>
          <TextEquiv conf="0.89750266">
            <Unicode>kranckheit,</Unicode>
          </TextEquiv>
        </Word>
        <Word id="region0001_line0010_word0003" custom="readingOrder {index:3;}">
          <Coords points="1180,1091 1177,1096 1106,1097 1102,1094 1084,1094 1084,1157 1089,1157 1101,1154 1116,1158 1137,1157 1147,1163 1197,1163 1198,1162 1212,1162 1212,1163 1236,1163 1237,1162 1238,1162 1238,1098 1217,1096 1214,1091"/>
          <TextEquiv conf="0.9286188">
            <Unicode>angſt,</Unicode>
          </TextEquiv>
        </Word>
        <Word id="region0001_line0010_word0004" custom="readingOrder {index:4;}">
          <Coords points="1315,1093 1311,1099 1284,1100 1271,1097 1262,1101 1261,1100 1261,1164 1293,1164 1295,1160 1304,1158 1313,1158 1321,1163 1331,1162 1335,1158 1363,1159 1365,1164 1388,1164 1393,1160 1422,1160 1422,1099 1395,1099 1394,1093 1358,1093 1357,1099 1348,1097 1346,1093"/>
          <TextEquiv conf="0.93140906">
            <Unicode>gefahr</Unicode>
          </TextEquiv>
        </Word>
        <Word id="region0001_line0010_word0005" custom="readingOrder {index:5;}">
          <Coords points="1505,1090 1504,1093 1451,1099 1448,1099 1448,1154 1512,1153 1522,1150 1532,1153 1537,1152 1537,1090 1533,1090"/>
          <TextEquiv conf="0.9328564">
            <Unicode>und</Unicode>
          </TextEquiv>
        </Word>
        <TextEquiv conf="0.9201515">
          <Unicode>finden, Ob kranckheit, angſt, gefahr und</Unicode>
        </TextEquiv>
      </TextLine>
      <TextLine id="region0001_line0011" custom="readingOrder {index:10;}">
        <Coords points="540,1145 526,1147 523,1156 489,1157 479,1161 454,1158 454,1218 480,1222 485,1218 517,1220 524,1215 533,1215 539,1227 556,1222 560,1218 573,1221 592,1220 603,1222 609,1228 632,1230 642,1234 659,1231 670,1226 681,1228 711,1224 751,1225 755,1233 764,1236 772,1234 776,1226 784,1225 814,1229 838,1228 847,1238 859,1238 869,1229 904,1228 909,1231 921,1230 924,1239 934,1242 939,1241 947,1229 986,1232 1074,1229 1080,1238 1088,1240 1095,1239 1102,1230 1147,1232 1189,1228 1208,1232 1232,1231 1238,1239 1250,1241 1260,1237 1263,1232 1275,1231 1289,1231 1299,1236 1307,1232 1323,1234 1338,1230 1395,1234 1409,1229 1425,1229 1429,1232 1444,1230 1450,1234 1461,1234 1468,1229 1484,1231 1489,1227 1503,1228 1525,1221 1544,1222 1544,1160 1534,1160 1533,1154 1526,1151 1516,1152 1502,1162 1480,1157 1473,1161 1469,1168 1444,1171 1372,1170 1366,1167 1344,1166 1336,1161 1321,1164 1313,1159 1304,1159 1283,1169 1259,1174 1252,1169 1242,1169 1238,1172 1222,1172 1214,1168 1168,1171 1163,1166 1153,1167 1138,1160 1125,1167 1115,1167 1111,1157 1101,1155 1084,1158 1077,1167 1028,1168 1026,1159 1012,1156 1005,1159 980,1159 974,1168 952,1170 947,1168 943,1156 920,1157 911,1166 910,1161 901,1156 866,1159 861,1164 851,1160 837,1163 828,1153 806,1153 800,1156 788,1154 782,1161 752,1161 703,1156 688,1147 658,1152 646,1147 637,1147 620,1156 614,1152 588,1152 583,1147 573,1147 566,1154 560,1154 554,1148"/>
        <Baseline points="454,1206 1263,1221 1544,1211"/>
        <Word id="region0001_line0011_word0000" custom="readingOrder {index:0;}">
          <Coords points="587,1163 468,1163 468,1220 480,1222 485,1218 517,1220 524,1215 533,1215 539,1227 556,1222 560,1218 573,1221 587,1220"/>
          <TextEquiv conf="0.93232214">
            <Unicode>noht</Unicode>
          </TextEquiv>
        </Word>
        <Word id="region0001_line0011_word0001" custom="readingOrder {index:1;}">
          <Coords points="733,1162 619,1163 619,1228 632,1230 642,1234 659,1231 670,1226 681,1228 711,1224 733,1224"/>
          <TextEquiv conf="0.9223471">
            <Unicode>Jhn</Unicode>
          </TextEquiv>
        </Word>
        <Word id="region0001_line0011_word0002" custom="readingOrder {index:2;}">
          <Coords points="755,1165 755,1233 764,1236 772,1234 776,1226 784,1225 814,1229 838,1228 847,1238 859,1238 869,1229 904,1228 909,1231 921,1230 924,1238 941,1238 947,1229 950,1229 950,1169 947,1168 946,1165 912,1165 911,1166 911,1165"/>
          <TextEquiv conf="0.91812897">
            <Unicode>ploͤtzlich</Unicode>
          </TextEquiv>
        </Word>
        <Word id="region0001_line0011_word0003" custom="readingOrder {index:3;}">
          <Coords points="976,1163 974,1168 969,1168 969,1230 986,1232 1074,1229 1079,1236 1096,1236 1102,1230 1147,1232 1189,1228 1208,1232 1232,1231 1235,1236 1258,1236 1258,1173 1252,1169 1242,1169 1238,1172 1222,1172 1214,1168 1168,1171 1163,1166 1153,1167 1145,1163 1131,1163 1125,1167 1115,1167 1113,1163 1079,1163 1077,1167 1028,1168 1027,1163"/>
          <TextEquiv>
            <Unicode>uͤberfallen;</Unicode>
          </TextEquiv>
        </Word>
        <Word id="region0001_line0011_word0004" custom="readingOrder {index:4;}">
          <Coords points="1294,1166 1294,1227 1404,1227 1404,1170 1372,1170 1366,1167 1344,1166"/>
          <TextEquiv conf="0.9314719">
            <Unicode>Der</Unicode>
          </TextEquiv>
        </Word>
        <Word id="region0001_line0011_word0005" custom="readingOrder {index:5;}">
          <Coords points="1477,1158 1473,1161 1469,1168 1444,1171 1426,1170 1426,1226 1511,1225 1525,1221 1536,1221 1536,1160 1534,1160 1533,1158 1507,1158 1502,1162 1486,1158"/>
          <TextEquiv conf="0.92048883">
            <Unicode>wird</Unicode>
          </TextEquiv>
        </Word>
        <TextEquiv>
          <Unicode>noht Jhn ploͤtzlich uͤberfallen; Der wird</Unicode>
        </TextEquiv>
      </TextLine>
      <TextLine id="region0001_line0012" custom="readingOrder {index:11;}">
        <Coords points="524,1216 516,1222 515,1228 454,1228 455,1287 479,1289 490,1286 505,1291 515,1287 526,1287 536,1290 541,1295 566,1291 572,1292 578,1301 589,1301 596,1292 680,1293 684,1296 693,1296 697,1293 727,1293 890,1303 897,1310 910,1309 917,1303 1020,1303 1053,1304 1057,1307 1083,1303 1138,1311 1181,1311 1186,1315 1196,1315 1203,1311 1268,1307 1317,1309 1332,1306 1404,1306 1409,1314 1420,1315 1434,1305 1451,1308 1455,1305 1545,1296 1544,1234 1540,1223 1536,1222 1517,1224 1508,1235 1442,1241 1431,1241 1429,1233 1425,1230 1400,1232 1395,1241 1347,1239 1345,1233 1338,1231 1323,1235 1307,1233 1300,1237 1289,1232 1275,1232 1264,1238 1243,1242 1235,1237 1215,1237 1189,1229 1171,1231 1164,1236 1133,1238 1125,1238 1120,1231 1102,1231 1095,1240 1090,1241 1074,1239 1070,1230 1057,1231 1049,1240 984,1241 968,1240 966,1233 961,1230 947,1230 940,1241 934,1243 911,1239 910,1233 904,1229 886,1230 881,1239 812,1237 806,1236 802,1228 791,1226 780,1227 775,1235 764,1237 741,1233 696,1234 694,1227 670,1227 666,1233 642,1235 609,1230 603,1223 592,1221 576,1222 571,1228 559,1228 557,1223 539,1228 533,1216"/>
        <Baseline points="455,1276 1180,1300 1545,1287"/>
        <Word id="region0001_line0012_word0000" custom="readingOrder {index:0;}">
          <Coords points="557,1232 470,1232 470,1288 479,1289 490,1286 505,1291 515,1287 526,1287 536,1290 541,1295 557,1292"/>
          <TextEquiv conf="0.928344">
            <Unicode>mit</Unicode>
          </TextEquiv>
        </Word>
        <Word id="region0001_line0012_word0001" custom="readingOrder {index:1;}">
          <Coords points="574,1234 575,1296 578,1301 589,1301 596,1292 680,1293 684,1296 693,1296 697,1293 727,1293 760,1295 759,1236 742,1233 735,1233 696,1234 696,1233 660,1234 642,1235 633,1234"/>
          <TextEquiv conf="0.9263088">
            <Unicode>freuden</Unicode>
          </TextEquiv>
        </Word>
        <Word id="region0001_line0012_word0002" custom="readingOrder {index:2;}">
          <Coords points="783,1235 783,1296 857,1301 921,1301 920,1240 911,1239 910,1235 883,1235 881,1239 812,1237 806,1236 805,1235"/>
          <TextEquiv conf="0.925127">
            <Unicode>durch</Unicode>
          </TextEquiv>
        </Word>
        <Word id="region0001_line0012_word0003" custom="readingOrder {index:3;}">
          <Coords points="945,1236 946,1295 1031,1295 1030,1240 984,1241 968,1240 966,1236"/>
          <TextEquiv conf="0.92408013">
            <Unicode>den</Unicode>
          </TextEquiv>
        </Word>
        <Word id="region0001_line0012_word0004" custom="readingOrder {index:4;}">
          <Coords points="1052,1235 1049,1239 1050,1296 1133,1295 1132,1238 1125,1238 1122,1235 1098,1235 1095,1240 1090,1241 1074,1239 1072,1235"/>
          <TextEquiv conf="0.9135469">
            <Unicode>tod</Unicode>
          </TextEquiv>
        </Word>
        <Word id="region0001_line0012_word0005" custom="readingOrder {index:5;}">
          <Coords points="1170,1233 1171,1304 1245,1304 1244,1241 1243,1242 1235,1237 1215,1237 1202,1233"/>
          <TextEquiv conf="0.9293861">
            <Unicode>Jn</Unicode>
          </TextEquiv>
        </Word>
        <Word id="region0001_line0012_word0006" custom="readingOrder {index:6;}">
          <Coords points="1538,1226 1515,1226 1508,1235 1442,1241 1431,1241 1429,1233 1425,1230 1400,1232 1395,1241 1347,1239 1345,1233 1338,1231 1323,1235 1307,1233 1300,1237 1289,1232 1275,1232 1269,1235 1270,1303 1482,1302 1538,1296"/>
          <TextEquiv conf="0.9263646">
            <Unicode>Abrahams</Unicode>
          </TextEquiv>
        </Word>
        <TextEquiv conf="0.9247368">
          <Unicode>mit freuden durch den tod Jn Abrahams</Unicode>
        </TextEquiv>
      </TextLine>
      <TextLine id="region0001_line0013" custom="readingOrder {index:12;}">
        <Coords points="487,1287 473,1290 468,1296 455,1296 455,1366 466,1366 474,1377 486,1376 491,1366 510,1365 517,1372 533,1372 540,1364 592,1364 598,1361 603,1369 616,1372 624,1363 632,1360 650,1360 654,1363 664,1359 700,1363 715,1361 723,1365 744,1362 756,1365 760,1362 771,1364 784,1361 794,1366 806,1367 816,1364 825,1368 838,1361 887,1358 892,1353 892,1318 889,1314 878,1311 765,1304 760,1297 747,1295 732,1295 720,1303 707,1301 703,1304 662,1301 639,1304 637,1296 628,1293 609,1294 602,1303 558,1302 537,1300 536,1291 532,1289 515,1288 505,1292"/>
        <Baseline points="455,1355 892,1347"/>
        <Word id="region0001_line0013_word0000" custom="readingOrder {index:0;}">
          <Coords points="470,1301 470,1371 473,1376 486,1376 491,1366 510,1365 517,1372 533,1372 540,1364 592,1364 598,1361 603,1369 616,1372 624,1363 632,1360 634,1360 634,1301 603,1301 602,1303 558,1302 547,1301"/>
          <TextEquiv conf="0.9262646">
            <Unicode>ſchooß</Unicode>
          </TextEquiv>
        </Word>
        <Word id="region0001_line0013_word0001" custom="readingOrder {index:1;}">
          <Coords points="651,1307 651,1360 654,1363 664,1359 700,1363 715,1361 723,1365 744,1362 756,1365 760,1362 771,1364 784,1361 792,1365 812,1365 816,1364 818,1365 830,1365 832,1364 832,1308 800,1306"/>
          <TextEquiv conf="0.92857313">
            <Unicode>wallen.</Unicode>
          </TextEquiv>
        </Word>
        <TextEquiv conf="0.9274189">
          <Unicode>ſchooß wallen.</Unicode>
        </TextEquiv>
      </TextLine>
      <TextLine id="region0001_line0014" custom="readingOrder {index:13;}">
        <Coords points="1122,1357 1113,1366 1113,1378 1109,1378 1103,1370 1092,1370 1084,1379 1057,1379 1055,1372 1050,1368 1037,1368 1030,1376 1026,1376 1018,1369 1004,1369 997,1374 978,1374 967,1367 954,1368 948,1374 931,1374 925,1367 900,1363 893,1366 887,1374 843,1375 838,1364 825,1369 814,1365 797,1370 780,1362 765,1365 759,1374 750,1374 725,1371 722,1365 715,1362 708,1362 698,1368 691,1362 678,1363 667,1360 633,1365 616,1373 600,1369 506,1375 478,1379 470,1383 469,1423 474,1428 486,1431 547,1436 606,1433 639,1433 649,1437 664,1433 684,1436 694,1433 753,1434 757,1435 760,1444 765,1446 777,1445 781,1435 830,1435 850,1448 860,1450 869,1447 874,1438 885,1438 890,1446 895,1447 907,1437 935,1437 941,1443 951,1443 957,1437 964,1442 975,1442 981,1437 1007,1436 1019,1442 1029,1437 1034,1442 1049,1440 1052,1443 1085,1437 1091,1440 1111,1439 1126,1443 1130,1440 1142,1440 1149,1444 1171,1441 1176,1444 1195,1442 1219,1445 1230,1441 1245,1445 1346,1447 1353,1454 1363,1455 1371,1448 1398,1448 1423,1452 1432,1447 1457,1448 1468,1443 1544,1433 1545,1371 1536,1366 1527,1366 1520,1370 1513,1362 1502,1362 1496,1366 1493,1374 1478,1376 1472,1377 1463,1370 1455,1370 1450,1374 1394,1371 1362,1374 1326,1382 1276,1383 1198,1380 1191,1379 1185,1373 1172,1374 1167,1379 1162,1379 1155,1371 1139,1371 1135,1374 1134,1360"/>
        <Baseline points="469,1421 1047,1425 1355,1436 1544,1422"/>
        <Word id="region0001_line0014_word0000" custom="readingOrder {index:0;}">
          <Coords points="613,1390 539,1390 539,1435 547,1436 606,1433 613,1433"/>
          <TextEquiv conf="0.9241627">
            <Unicode>12.</Unicode>
          </TextEquiv>
        </Word>
        <Word id="region0001_line0014_word0001" custom="readingOrder {index:1;}">
          <Coords points="742,1377 629,1378 629,1433 639,1433 649,1437 664,1433 684,1436 694,1433 742,1433"/>
          <TextEquiv conf="0.92753226">
            <Unicode>Wie</Unicode>
          </TextEquiv>
        </Word>
        <Word id="region0001_line0014_word0002" custom="readingOrder {index:2;}">
          <Coords points="869,1377 762,1377 762,1444 765,1446 777,1445 781,1435 830,1435 850,1448 860,1450 869,1447"/>
          <TextEquiv conf="0.9267611">
            <Unicode>ſelig</Unicode>
          </TextEquiv>
        </Word>
        <Word id="region0001_line0014_word0003" custom="readingOrder {index:3;}">
          <Coords points="984,1377 889,1377 889,1444 898,1444 907,1437 935,1437 941,1443 951,1443 957,1437 964,1442 975,1442 981,1437 984,1436"/>
          <TextEquiv conf="0.9317211">
            <Unicode>ſind</Unicode>
          </TextEquiv>
        </Word>
        <Word id="region0001_line0014_word0004" custom="readingOrder {index:4;}">
          <Coords points="1004,1379 1004,1436 1007,1436 1015,1440 1024,1440 1029,1437 1032,1440 1073,1439 1073,1379 1057,1379 1057,1378"/>
          <TextEquiv conf="0.92663693">
            <Unicode>die</Unicode>
          </TextEquiv>
        </Word>
        <Word id="region0001_line0014_word0005" custom="readingOrder {index:5;}">
          <Coords points="1113,1366 1113,1378 1109,1378 1103,1370 1092,1370 1086,1376 1086,1436 1248,1436 1248,1381 1198,1380 1191,1379 1185,1373 1172,1374 1167,1379 1162,1379 1155,1371 1139,1371 1135,1374 1134,1366"/>
          <TextEquiv conf="0.92483854">
            <Unicode>todten</Unicode>
          </TextEquiv>
        </Word>
        <Word id="region0001_line0014_word0006" custom="readingOrder {index:6;}">
          <Coords points="1373,1372 1362,1374 1326,1382 1279,1382 1279,1445 1346,1447 1353,1454 1363,1455 1371,1448 1373,1448"/>
          <TextEquiv conf="0.9275475">
            <Unicode>nun,</Unicode>
          </TextEquiv>
        </Word>
        <Word id="region0001_line0014_word0007" custom="readingOrder {index:7;}">
          <Coords points="1464,1370 1463,1370 1455,1370 1450,1374 1401,1371 1401,1448 1423,1452 1432,1447 1457,1448 1464,1444"/>
          <TextEquiv conf="0.91123044">
            <Unicode>Die</Unicode>
          </TextEquiv>
        </Word>
        <Word id="region0001_line0014_word0008" custom="readingOrder {index:8;}">
          <Coords points="1497,1371 1540,1371 1540,1431 1497,1431"/>
          <TextEquiv conf="0.68414134">
            <Unicode>in</Unicode>
          </TextEquiv>
        </Word>
        <TextEquiv conf="0.8982858">
          <Unicode>12. Wie ſelig ſind die todten nun, Die in</Unicode>
        </TextEquiv>
      </TextLine>
      <TextLine id="region0001_line0015" custom="readingOrder {index:14;}">
        <Coords points="474,1432 465,1437 454,1437 454,1506 487,1507 505,1504 514,1509 520,1506 593,1507 601,1515 612,1516 621,1515 626,1507 660,1504 676,1510 686,1507 720,1507 724,1510 736,1507 781,1507 786,1511 793,1511 799,1507 810,1507 814,1513 832,1508 843,1511 849,1507 861,1510 873,1507 907,1508 911,1511 921,1511 925,1508 981,1511 986,1507 996,1507 1005,1513 1014,1513 1020,1508 1036,1508 1045,1512 1071,1514 1139,1514 1143,1511 1177,1509 1187,1512 1218,1510 1222,1515 1222,1524 1226,1528 1248,1513 1271,1517 1280,1517 1286,1513 1308,1513 1313,1517 1323,1517 1334,1512 1369,1512 1383,1515 1439,1515 1462,1512 1473,1515 1477,1511 1544,1505 1544,1443 1536,1435 1526,1436 1520,1442 1509,1445 1482,1446 1479,1443 1468,1444 1457,1449 1443,1448 1437,1452 1417,1454 1370,1453 1366,1456 1340,1456 1321,1453 1316,1448 1304,1448 1297,1454 1249,1453 1247,1446 1230,1442 1215,1446 1212,1452 1162,1452 1131,1449 1122,1442 1094,1442 1085,1438 1072,1438 1064,1444 1024,1445 1002,1437 984,1446 927,1448 924,1439 907,1438 895,1448 868,1448 860,1451 850,1449 830,1436 820,1439 814,1447 765,1447 699,1441 694,1435 684,1437 664,1434 648,1440 632,1440 626,1434 606,1434 595,1441 542,1444 496,1439 488,1432"/>
        <Baseline points="454,1494 1024,1493 1231,1501 1544,1494"/>
        <Word id="region0001_line0015_word0000" custom="readingOrder {index:0;}">
          <Coords points="571,1450 470,1450 470,1506 487,1507 505,1504 514,1509 520,1506 571,1506"/>
          <TextEquiv conf="0.9263224">
            <Unicode>dem</Unicode>
          </TextEquiv>
        </Word>
        <Word id="region0001_line0015_word0001" custom="readingOrder {index:1;}">
          <Coords points="797,1449 589,1450 589,1506 593,1507 601,1515 610,1515 613,1515 621,1515 626,1507 660,1504 676,1510 686,1507 720,1507 724,1510 736,1507 781,1507 786,1511 793,1511 797,1508"/>
          <TextEquiv conf="0.8748518">
            <Unicode>HErren</Unicode>
          </TextEquiv>
        </Word>
        <Word id="region0001_line0015_word0002" custom="readingOrder {index:2;}">
          <Coords points="817,1449 817,1512 832,1508 843,1511 849,1507 861,1510 873,1507 907,1508 911,1511 921,1511 925,1508 981,1511 986,1507 996,1507 1005,1513 1014,1513 1020,1508 1020,1449 865,1449 860,1451 850,1449"/>
          <TextEquiv conf="0.92838967">
            <Unicode>ſterben?</Unicode>
          </TextEquiv>
        </Word>
        <Word id="region0001_line0015_word0003" custom="readingOrder {index:3;}">
          <Coords points="1044,1450 1044,1510 1145,1509 1145,1450 1132,1449"/>
          <TextEquiv conf="0.92633516">
            <Unicode>Sie</Unicode>
          </TextEquiv>
        </Word>
        <Word id="region0001_line0015_word0004" custom="readingOrder {index:4;}">
          <Coords points="1214,1448 1212,1452 1163,1452 1163,1509 1177,1509 1187,1512 1218,1510 1222,1515 1222,1524 1225,1527 1227,1527 1248,1513 1271,1517 1280,1517 1285,1513 1285,1453 1249,1453 1247,1448"/>
          <TextEquiv conf="0.92781144">
            <Unicode>ruhn</Unicode>
          </TextEquiv>
        </Word>
        <Word id="region0001_line0015_word0005" custom="readingOrder {index:5;}">
          <Coords points="1301,1455 1301,1507 1398,1507 1398,1455 1367,1455 1366,1456 1340,1456 1333,1455"/>
          <TextEquiv conf="0.9233624">
            <Unicode>von</Unicode>
          </TextEquiv>
        </Word>
        <Word id="region0001_line0015_word0006" custom="readingOrder {index:6;}">
          <Coords points="1464,1446 1457,1449 1443,1448 1437,1452 1417,1454 1413,1454 1413,1507 1532,1506 1539,1505 1539,1445 1501,1445 1482,1446 1481,1445"/>
          <TextEquiv conf="0.91975325">
            <Unicode>allem</Unicode>
          </TextEquiv>
        </Word>
        <TextEquiv conf="0.918118">
          <Unicode>dem HErren ſterben? Sie ruhn von allem</Unicode>
        </TextEquiv>
      </TextLine>
      <TextLine id="region0001_line0016" custom="readingOrder {index:15;}">
        <Coords points="494,1505 487,1508 470,1508 466,1516 454,1516 455,1575 466,1575 469,1578 488,1576 496,1583 514,1576 570,1577 575,1581 597,1581 601,1578 614,1577 657,1577 663,1581 677,1581 682,1577 688,1577 694,1582 703,1582 708,1578 750,1579 755,1587 760,1588 767,1587 774,1580 813,1583 823,1578 867,1580 914,1576 942,1576 949,1582 967,1578 996,1578 1001,1583 1012,1582 1018,1577 1029,1577 1037,1584 1043,1583 1046,1579 1056,1584 1065,1584 1072,1578 1131,1579 1148,1582 1203,1579 1211,1585 1228,1579 1236,1582 1284,1580 1293,1584 1311,1581 1321,1587 1328,1587 1336,1582 1340,1585 1352,1585 1356,1582 1414,1581 1432,1585 1441,1580 1446,1584 1459,1584 1465,1579 1480,1581 1506,1574 1518,1576 1531,1570 1544,1573 1544,1518 1529,1518 1519,1512 1497,1515 1492,1519 1472,1521 1468,1521 1467,1516 1462,1513 1442,1514 1430,1523 1384,1523 1380,1515 1369,1513 1360,1514 1354,1523 1301,1522 1293,1515 1284,1515 1277,1521 1252,1521 1246,1516 1226,1529 1221,1524 1222,1519 1218,1511 1196,1512 1190,1520 1186,1519 1185,1512 1177,1510 1165,1512 1161,1519 1135,1518 1131,1521 1121,1521 1046,1519 1045,1513 1036,1509 1024,1509 1014,1519 896,1517 886,1508 873,1508 864,1516 842,1515 833,1509 814,1514 808,1508 799,1508 789,1515 739,1517 683,1515 677,1514 672,1508 660,1505 639,1508 634,1515 615,1517 518,1517 512,1508"/>
        <Baseline points="455,1564 1326,1570 1544,1562"/>
        <Word id="region0001_line0016_word0000" custom="readingOrder {index:0;}">
          <Coords points="615,1519 469,1519 469,1578 488,1576 496,1583 514,1576 570,1577 575,1581 597,1581 601,1578 614,1577 615,1577"/>
          <TextEquiv conf="0.9259685">
            <Unicode>ihrem</Unicode>
          </TextEquiv>
        </Word>
        <Word id="region0001_line0016_word0001" custom="readingOrder {index:1;}">
          <Coords points="777,1519 634,1520 634,1577 657,1577 663,1581 677,1581 682,1577 688,1577 694,1582 703,1582 708,1578 750,1579 754,1586 767,1586 774,1580 777,1580"/>
          <TextEquiv conf="0.9281783">
            <Unicode>thun,</Unicode>
          </TextEquiv>
        </Word>
        <Word id="region0001_line0016_word0002" custom="readingOrder {index:2;}">
          <Coords points="901,1521 795,1521 795,1581 817,1581 823,1578 867,1580 901,1577"/>
          <TextEquiv conf="0.928445">
            <Unicode>Und</Unicode>
          </TextEquiv>
        </Word>
        <Word id="region0001_line0016_word0003" custom="readingOrder {index:3;}">
          <Coords points="927,1520 927,1576 942,1576 947,1580 959,1580 967,1578 996,1578 998,1580 1015,1580 1018,1577 1029,1577 1032,1579 1046,1579 1046,1579 1047,1579 1071,1579 1072,1578 1109,1579 1109,1521 1057,1519"/>
          <TextEquiv conf="0.92958987">
            <Unicode>werden</Unicode>
          </TextEquiv>
        </Word>
        <Word id="region0001_line0016_word0004" custom="readingOrder {index:4;}">
          <Coords points="1133,1519 1132,1520 1132,1579 1148,1582 1203,1579 1209,1584 1213,1584 1228,1579 1236,1582 1252,1581 1252,1521 1249,1519 1241,1519 1226,1529 1221,1524 1222,1519 1190,1519 1190,1520 1186,1519 1161,1519"/>
          <TextEquiv conf="0.9309114">
            <Unicode>nicht</Unicode>
          </TextEquiv>
        </Word>
        <Word id="word_1660901212921_3433" custom="readingOrder {index:5;}">
          <Coords points="1280,1521 1519,1512 1544,1518 1544,1573 1518,1576 1483,1580 1286,1581 1280,1580"/>
          <TextEquiv>
            <Unicode>verderben/</Unicode>
          </TextEquiv>
        </Word>
        <TextEquiv>
          <Unicode>ihrem thun, Und werden nicht verderben/</Unicode>
        </TextEquiv>
      </TextLine>
      <TextLine id="region0001_line0017" custom="readingOrder {index:16;}">
        <Coords points="1531,1571 1518,1577 1506,1575 1480,1582 1465,1580 1459,1585 1426,1586 1392,1582 1384,1583 1375,1589 1361,1590 1323,1590 1311,1582 1293,1585 1284,1581 1268,1582 1263,1590 1242,1589 1233,1581 1211,1586 1203,1580 1188,1582 1180,1589 1131,1590 1117,1589 1115,1581 1111,1579 1075,1579 1070,1588 1049,1589 1038,1587 1029,1578 1018,1578 1006,1588 954,1587 949,1586 942,1577 927,1577 918,1586 914,1579 903,1578 895,1586 862,1588 849,1588 847,1581 843,1579 823,1579 816,1582 810,1590 800,1590 671,1585 573,1587 523,1582 516,1577 496,1584 486,1577 454,1580 454,1648 469,1648 474,1652 483,1652 488,1648 496,1652 522,1652 529,1647 546,1647 553,1644 563,1644 567,1647 629,1647 633,1650 645,1647 704,1648 733,1645 751,1649 766,1647 778,1653 809,1649 811,1654 822,1661 831,1659 833,1650 855,1650 862,1659 884,1660 897,1650 1015,1650 1022,1658 1032,1658 1042,1650 1071,1648 1077,1651 1088,1647 1104,1647 1114,1654 1125,1657 1137,1657 1143,1655 1146,1650 1158,1647 1190,1647 1205,1656 1269,1650 1280,1652 1286,1661 1298,1661 1304,1653 1315,1651 1326,1657 1334,1657 1340,1652 1378,1650 1382,1653 1390,1652 1413,1658 1429,1651 1459,1652 1544,1640 1544,1577 1537,1571"/>
        <Baseline points="454,1635 1338,1639 1544,1629"/>
        <Word id="region0001_line0017_word0000" custom="readingOrder {index:0;}">
          <Coords points="592,1597 466,1597 466,1648 469,1648 474,1652 483,1652 488,1648 496,1652 522,1652 529,1647 546,1647 553,1644 563,1644 567,1647 592,1647"/>
          <TextEquiv conf="0.91842514">
            <Unicode>Von</Unicode>
          </TextEquiv>
        </Word>
        <Word id="region0001_line0017_word0001" custom="readingOrder {index:1;}">
          <Coords points="676,1585 671,1585 591,1586 591,1647 629,1647 633,1650 645,1647 676,1647"/>
          <TextEquiv conf="0.93155473">
            <Unicode>nun</Unicode>
          </TextEquiv>
        </Word>
        <Word id="region0001_line0017_word0002" custom="readingOrder {index:2;}">
          <Coords points="780,1648 780,1603 705,1603 705,1647 733,1645 746,1648 758,1648 766,1647 768,1648"/>
          <TextEquiv conf="0.93155473">
            <Unicode>an,</Unicode>
          </TextEquiv>
        </Word>
        <Word id="region0001_line0017_word0003" custom="readingOrder {index:3;}">
          <Coords points="916,1592 813,1592 813,1655 822,1661 831,1659 833,1650 855,1650 862,1659 884,1660 897,1650 916,1650"/>
          <TextEquiv conf="0.9322914">
            <Unicode>ſagt</Unicode>
          </TextEquiv>
        </Word>
        <Word id="region0001_line0017_word0004" custom="readingOrder {index:4;}">
          <Coords points="1004,1592 934,1592 934,1650 1004,1650"/>
          <TextEquiv conf="0.9292025">
            <Unicode>der</Unicode>
          </TextEquiv>
        </Word>
        <Word id="region0001_line0017_word0005" custom="readingOrder {index:5;}">
          <Coords points="1072,1583 1070,1588 1049,1589 1038,1587 1037,1586 1037,1654 1042,1650 1071,1648 1077,1651 1088,1647 1104,1647 1114,1654 1125,1657 1137,1657 1143,1655 1146,1650 1158,1647 1189,1647 1189,1583 1186,1583 1180,1589 1131,1590 1117,1589 1115,1583"/>
          <TextEquiv conf="0.92658633">
            <Unicode>heilge</Unicode>
          </TextEquiv>
        </Word>
        <Word id="region0001_line0017_word0006" custom="readingOrder {index:6;}">
          <Coords points="1337,1593 1184,1593 1184,1647 1190,1647 1205,1656 1269,1650 1280,1652 1284,1659 1299,1659 1304,1653 1315,1651 1326,1657 1334,1657 1337,1654"/>
          <TextEquiv conf="0.91266096">
            <Unicode>Geiſt.</Unicode>
          </TextEquiv>
        </Word>
        <Word id="region0001_line0017_word0007" custom="readingOrder {index:7;}">
          <Coords points="1539,1586 1378,1586 1375,1589 1374,1589 1374,1650 1378,1650 1382,1653 1390,1652 1408,1656 1415,1656 1429,1651 1459,1652 1539,1640"/>
          <TextEquiv conf="0.9257527">
            <Unicode>GOtt</Unicode>
          </TextEquiv>
        </Word>
        <TextEquiv conf="0.9260036">
          <Unicode>Von nun an, ſagt der heilge Geiſt. GOtt</Unicode>
        </TextEquiv>
      </TextLine>
      <TextLine id="region0001_line0018" custom="readingOrder {index:17;}">
        <Coords points="553,1645 535,1649 532,1656 454,1657 455,1716 467,1716 475,1720 497,1720 508,1715 542,1715 546,1725 555,1726 561,1725 568,1716 671,1713 678,1717 691,1714 720,1714 725,1718 738,1718 744,1715 764,1718 774,1707 789,1707 794,1717 837,1717 870,1721 911,1720 917,1724 927,1724 932,1720 1037,1722 1043,1727 1058,1728 1068,1720 1166,1721 1174,1730 1185,1731 1193,1721 1241,1722 1252,1719 1276,1725 1370,1724 1373,1732 1390,1734 1394,1727 1403,1727 1407,1724 1475,1723 1545,1712 1544,1648 1534,1643 1526,1643 1507,1651 1487,1653 1483,1649 1475,1649 1456,1653 1452,1658 1426,1661 1413,1661 1408,1657 1383,1653 1372,1663 1325,1663 1324,1657 1318,1652 1304,1654 1298,1663 1282,1663 1277,1661 1275,1653 1260,1651 1253,1654 1250,1663 1240,1663 1205,1661 1199,1652 1190,1648 1174,1649 1168,1658 1125,1658 1114,1655 1104,1648 1088,1648 1070,1655 1024,1660 958,1660 953,1655 941,1655 936,1660 912,1660 908,1652 897,1651 884,1661 822,1662 808,1654 796,1664 775,1667 769,1659 770,1650 766,1648 753,1649 748,1656 742,1656 740,1650 733,1646 718,1647 711,1655 704,1649 694,1647 683,1649 678,1655 569,1655 565,1646"/>
        <Baseline points="455,1704 785,1707 789,1707 1368,1713 1545,1703"/>
        <Word id="region0001_line0018_word0000" custom="readingOrder {index:0;}">
          <Coords points="598,1660 469,1660 469,1717 475,1720 497,1720 508,1715 542,1715 546,1725 555,1726 561,1725 568,1716 598,1715"/>
          <TextEquiv conf="0.9272165">
            <Unicode>mehr</Unicode>
          </TextEquiv>
        </Word>
        <Word id="region0001_line0018_word0001" custom="readingOrder {index:1;}">
          <Coords points="707,1665 610,1666 610,1714 671,1713 678,1717 691,1714 707,1714"/>
          <TextEquiv conf="0.92722166">
            <Unicode>uns</Unicode>
          </TextEquiv>
        </Word>
        <Word id="region0001_line0018_word0002" custom="readingOrder {index:2;}">
          <Coords points="720,1662 720,1714 725,1718 738,1718 744,1715 764,1718 774,1707 789,1707 794,1717 797,1717 797,1663 796,1664 775,1667 771,1662"/>
          <TextEquiv>
            <Unicode>diß</Unicode>
          </TextEquiv>
        </Word>
        <Word id="word_1660901238729_3446" custom="readingOrder {index:3;}">
          <Coords points="807,1658 814,1657 822,1662 884,1661 888,1657 910,1657 912,1660 936,1660 938,1657 955,1657 958,1660 1024,1660 1048,1657 1070,1657 1070,1720 1068,1720 1058,1727 1043,1727 1037,1722 932,1720 927,1724 917,1724 911,1720 870,1721 837,1717 807,1717"/>
          <TextEquiv conf="0.9052935">
            <Unicode>vertrauen,</Unicode>
          </TextEquiv>
        </Word>
        <Word id="region0001_line0018_word0004" custom="readingOrder {index:4;}">
          <Coords points="1103,1650 1103,1720 1166,1721 1174,1730 1181,1730 1181,1650 1173,1650 1168,1658 1125,1658 1114,1655 1106,1650"/>
          <TextEquiv conf="0.9176401">
            <Unicode>Daß</Unicode>
          </TextEquiv>
        </Word>
        <Word id="region0001_line0018_word0005" custom="readingOrder {index:5;}">
          <Coords points="1251,1660 1250,1663 1240,1663 1209,1661 1210,1720 1248,1720 1252,1719 1256,1720 1365,1720 1364,1663 1325,1663 1324,1660 1300,1660 1298,1663 1282,1663 1277,1661 1276,1660"/>
          <TextEquiv conf="0.9183693">
            <Unicode>wir</Unicode>
          </TextEquiv>
        </Word>
        <Word id="region0001_line0018_word0006" custom="readingOrder {index:6;}">
          <Coords points="1347,1663 1325,1663 1324,1657 1318,1652 1304,1654 1300,1659 1300,1724 1347,1724"/>
          <TextEquiv conf="0.92844826">
            <Unicode>im</Unicode>
          </TextEquiv>
        </Word>
        <Word id="region0001_line0018_word0007" custom="readingOrder {index:7;}">
          <Coords points="1376,1658 1374,1661 1375,1729 1392,1728 1394,1727 1403,1727 1407,1724 1475,1723 1539,1712 1539,1658 1447,1658 1426,1661 1413,1661 1410,1658"/>
          <TextEquiv conf="0.9290962">
            <Unicode>ſterben</Unicode>
          </TextEquiv>
        </Word>
        <TextEquiv>
          <Unicode>mehr uns diß vertrauen, Daß wir im ſterben</Unicode>
        </TextEquiv>
      </TextLine>
      <TextLine id="region0001_line0019" custom="readingOrder {index:18;}">
        <Coords points="774,1708 763,1722 751,1716 744,1716 730,1719 727,1723 711,1723 707,1717 701,1715 676,1718 671,1714 661,1714 656,1718 654,1726 552,1727 543,1726 537,1716 508,1716 496,1721 493,1726 458,1726 455,1727 455,1786 470,1786 475,1790 483,1790 490,1786 520,1789 524,1786 574,1787 604,1784 618,1788 669,1788 677,1796 687,1796 694,1789 771,1788 811,1790 813,1797 818,1800 830,1798 837,1791 860,1790 1009,1793 1014,1797 1022,1797 1029,1793 1122,1792 1133,1796 1143,1796 1147,1793 1172,1796 1197,1794 1212,1808 1217,1808 1221,1805 1224,1795 1241,1795 1247,1802 1256,1802 1265,1795 1384,1796 1394,1793 1482,1787 1487,1782 1487,1744 1479,1738 1374,1733 1274,1733 1264,1732 1263,1725 1252,1720 1241,1723 1209,1722 1201,1732 1124,1731 1122,1723 1117,1721 1092,1722 1088,1731 1081,1731 1080,1724 1076,1721 1068,1721 1058,1729 1049,1729 1047,1732 972,1731 970,1724 965,1721 950,1722 942,1731 873,1730 861,1723 837,1718 819,1720 814,1727 801,1727 788,1725 788,1720 794,1718 789,1708"/>
        <Baseline points="455,1776 1232,1784 1487,1777"/>
        <Word id="region0001_line0019_word0000" custom="readingOrder {index:0;}">
          <Coords points="493,1726 493,1726 470,1726 470,1786 475,1790 483,1790 490,1786 520,1789 524,1786 574,1787 604,1784 618,1788 669,1788 673,1792 691,1792 694,1789 709,1789 709,1725 654,1725 654,1726 552,1727 543,1726 543,1726"/>
          <TextEquiv conf="0.9304136">
            <Unicode>allermeiſt</Unicode>
          </TextEquiv>
        </Word>
        <Word id="region0001_line0019_word0001" custom="readingOrder {index:1;}">
          <Coords points="770,1712 763,1722 751,1716 744,1716 732,1718 732,1788 771,1788 811,1790 812,1796 832,1796 837,1791 860,1790 867,1790 867,1726 861,1723 837,1718 819,1720 814,1727 801,1727 788,1725 788,1720 794,1718 791,1712"/>
          <TextEquiv conf="0.91348237">
            <Unicode>Aufs</Unicode>
          </TextEquiv>
        </Word>
        <Word id="region0001_line0019_word0002" custom="readingOrder {index:2;}">
          <Coords points="944,1728 942,1731 889,1730 889,1788 1029,1788 1029,1731 972,1731 971,1728"/>
          <TextEquiv conf="0.9296927">
            <Unicode>andre</Unicode>
          </TextEquiv>
        </Word>
        <Word id="region0001_line0019_word0003" custom="readingOrder {index:3;}">
          <Coords points="1064,1724 1058,1729 1056,1729 1056,1786 1182,1785 1182,1732 1124,1731 1122,1723 1091,1724 1088,1731 1081,1731 1080,1724 1080,1724"/>
          <TextEquiv conf="0.9229976">
            <Unicode>leben</Unicode>
          </TextEquiv>
        </Word>
        <Word id="region0001_line0019_word0004" custom="readingOrder {index:4;}">
          <Coords points="1208,1723 1204,1728 1204,1796 1223,1796 1224,1795 1241,1795 1241,1796 1263,1796 1265,1795 1384,1796 1394,1793 1403,1792 1403,1734 1374,1733 1274,1733 1264,1732 1263,1725 1258,1723 1241,1723"/>
          <TextEquiv conf="0.93206346">
            <Unicode>ſchauen.</Unicode>
          </TextEquiv>
        </Word>
        <TextEquiv conf="0.92572993">
          <Unicode>allermeiſt Aufs andre leben ſchauen.</Unicode>
        </TextEquiv>
      </TextLine>
      <TextLine id="region0001_line0020" custom="readingOrder {index:19;}">
        <Coords points="599,1785 586,1787 571,1796 455,1798 454,1855 460,1860 477,1862 549,1867 610,1866 633,1869 636,1877 652,1880 662,1875 664,1868 742,1868 752,1864 787,1864 799,1861 828,1861 833,1865 843,1865 848,1861 873,1862 889,1863 895,1867 903,1867 908,1863 913,1866 939,1863 957,1868 967,1868 973,1862 994,1862 998,1865 1025,1862 1063,1865 1143,1864 1148,1867 1160,1864 1220,1866 1225,1863 1256,1863 1289,1864 1295,1869 1303,1869 1309,1864 1338,1865 1348,1869 1369,1866 1413,1869 1419,1866 1483,1861 1544,1847 1545,1799 1396,1800 1281,1810 1252,1810 1250,1805 1242,1800 1233,1800 1222,1809 1212,1809 1200,1798 1180,1800 1168,1809 1084,1809 1082,1802 1077,1798 1063,1800 1058,1809 988,1807 977,1799 962,1800 956,1805 941,1805 930,1804 924,1800 909,1803 899,1799 887,1799 879,1803 838,1801 832,1798 818,1801 813,1798 771,1795 696,1797 645,1804 619,1799 617,1788"/>
        <Baseline points="454,1851 631,1858 783,1849 1387,1854 1544,1842"/>
        <Word id="region0001_line0020_word0000" custom="readingOrder {index:0;}">
          <Coords points="581,1789 571,1796 460,1797 460,1860 477,1862 549,1867 610,1866 633,1869 634,1873 662,1873 664,1868 692,1868 692,1797 645,1804 619,1799 617,1789"/>
          <TextEquiv>
            <Unicode>264.</Unicode>
          </TextEquiv>
        </Word>
        <Word id="region0001_line0020_word0001" custom="readingOrder {index:1;}">
          <Coords points="729,1804 844,1804 844,1859 729,1859"/>
          <TextEquiv conf="0.9169379">
            <Unicode>Mel.</Unicode>
          </TextEquiv>
        </Word>
        <Word id="region0001_line0020_word0002" custom="readingOrder {index:2;}">
          <Coords points="882,1806 978,1806 978,1858 882,1858"/>
          <TextEquiv conf="0.92937">
            <Unicode>Auf</Unicode>
          </TextEquiv>
        </Word>
        <Word id="region0001_line0020_word0003" custom="readingOrder {index:3;}">
          <Coords points="1060,1804 1058,1809 995,1807 995,1856 1156,1855 1156,1809 1084,1809 1082,1804"/>
          <TextEquiv conf="0.9248335">
            <Unicode>meinen</Unicode>
          </TextEquiv>
        </Word>
        <Word id="region0001_line0020_word0004" custom="readingOrder {index:4;}">
          <Coords points="1177,1803 1177,1857 1305,1857 1305,1807 1281,1810 1252,1810 1250,1805 1246,1803 1229,1803 1222,1809 1212,1809 1205,1803"/>
          <TextEquiv conf="0.9292828">
            <Unicode>lieben</Unicode>
          </TextEquiv>
        </Word>
        <Word id="region0001_line0020_word0005" custom="readingOrder {index:5;}">
          <Coords points="1329,1858 1483,1857 1483,1804 1339,1804 1329,1805"/>
          <TextEquiv conf="0.8938629">
            <Unicode>GOtt.</Unicode>
          </TextEquiv>
        </Word>
        <TextEquiv>
          <Unicode>264. Mel. Auf meinen lieben GOtt.</Unicode>
        </TextEquiv>
      </TextLine>
      <TextLine id="region0001_line0021" custom="readingOrder {index:20;}">
        <Coords points="1498,1859 1484,1872 1453,1878 1415,1879 1409,1874 1385,1872 1378,1879 1367,1879 1360,1872 1344,1871 1338,1873 1331,1881 1320,1882 1268,1879 1257,1873 1245,1871 1217,1873 1209,1878 1166,1879 1159,1869 1146,1870 1140,1880 1065,1881 1054,1880 1052,1872 1047,1868 1030,1869 1018,1879 991,1878 989,1870 985,1867 968,1868 956,1877 945,1877 938,1869 920,1870 913,1877 902,1869 891,1869 885,1874 866,1874 858,1869 845,1869 839,1873 767,1872 762,1867 751,1867 745,1872 676,1869 657,1880 645,1881 621,1877 619,1870 610,1867 602,1867 595,1874 518,1864 504,1867 454,1867 454,1932 463,1932 473,1938 497,1936 505,1945 522,1938 530,1945 543,1941 547,1947 562,1947 570,1935 582,1938 598,1936 603,1941 629,1937 634,1941 646,1938 671,1938 678,1944 729,1938 740,1938 749,1944 841,1938 845,1943 858,1944 864,1939 881,1938 921,1943 928,1950 940,1950 949,1943 963,1943 968,1951 974,1952 981,1951 989,1942 1035,1941 1045,1944 1049,1941 1058,1941 1072,1943 1127,1940 1133,1945 1138,1945 1143,1940 1164,1940 1171,1943 1198,1940 1240,1948 1248,1948 1258,1943 1298,1943 1309,1948 1315,1943 1324,1943 1329,1945 1334,1955 1346,1955 1351,1952 1353,1944 1358,1948 1368,1948 1372,1945 1385,1948 1394,1941 1418,1944 1427,1940 1444,1953 1460,1945 1466,1945 1469,1941 1483,1939 1487,1945 1494,1946 1502,1943 1506,1937 1544,1934 1544,1867 1519,1867 1511,1859"/>
        <Baseline points="454,1921 1302,1932 1544,1923"/>
        <Word id="region0001_line0021_word0000" custom="readingOrder {index:0;}">
          <Coords points="647,1883 469,1883 469,1935 473,1938 497,1936 505,1945 522,1938 530,1945 543,1941 547,1947 562,1947 570,1935 582,1938 598,1936 603,1941 629,1937 634,1941 646,1938 647,1938"/>
          <TextEquiv conf="0.8887674">
            <Unicode>Mein</Unicode>
          </TextEquiv>
        </Word>
        <Word id="region0001_line0021_word0001" custom="readingOrder {index:1;}">
          <Coords points="858,1885 665,1885 665,1938 671,1938 678,1944 729,1938 740,1938 749,1944 841,1938 845,1943 858,1944"/>
          <TextEquiv conf="0.7873638">
            <Unicode>GOtt!</Unicode>
          </TextEquiv>
        </Word>
        <Word id="region0001_line0021_word0002" custom="readingOrder {index:2;}">
          <Coords points="951,1884 888,1884 888,1938 921,1943 926,1948 942,1948 949,1943 951,1943"/>
          <TextEquiv conf="0.91509134">
            <Unicode>ich</Unicode>
          </TextEquiv>
        </Word>
        <Word id="region0001_line0021_word0003" custom="readingOrder {index:3;}">
          <Coords points="1079,1881 965,1882 965,1946 967,1949 982,1949 989,1942 1035,1941 1045,1944 1049,1941 1058,1941 1072,1943 1079,1942"/>
          <TextEquiv conf="0.9310739">
            <Unicode>habe</Unicode>
          </TextEquiv>
        </Word>
        <Word id="region0001_line0021_word0004" custom="readingOrder {index:4;}">
          <Coords points="1183,1941 1183,1882 1096,1882 1096,1941 1108,1941 1127,1940 1128,1941 1142,1941 1143,1940 1164,1940 1166,1941"/>
          <TextEquiv conf="0.9326772">
            <Unicode>mir</Unicode>
          </TextEquiv>
        </Word>
        <Word id="region0001_line0021_word0005" custom="readingOrder {index:5;}">
          <Coords points="1319,1883 1207,1883 1207,1941 1224,1945 1254,1945 1258,1943 1298,1943 1302,1945 1312,1945 1315,1943 1319,1943"/>
          <TextEquiv conf="0.9292475">
            <Unicode>Gar</Unicode>
          </TextEquiv>
        </Word>
        <Word id="region0001_line0021_word0006" custom="readingOrder {index:6;}">
          <Coords points="1413,1883 1333,1883 1333,1951 1351,1951 1353,1944 1358,1948 1368,1948 1372,1945 1385,1948 1394,1941 1413,1943"/>
          <TextEquiv conf="0.9292475">
            <Unicode>feſt</Unicode>
          </TextEquiv>
        </Word>
        <Word id="region0001_line0021_word0007" custom="readingOrder {index:7;}">
          <Coords points="1541,1874 1470,1874 1453,1878 1433,1878 1433,1944 1444,1953 1460,1945 1466,1945 1469,1941 1483,1939 1487,1945 1494,1946 1502,1943 1506,1937 1541,1934"/>
          <TextEquiv>
            <Unicode>geſe⸗</Unicode>
          </TextEquiv>
        </Word>
        <TextEquiv>
          <Unicode>Mein GOtt! ich habe mir Gar feſt geſe⸗</Unicode>
        </TextEquiv>
      </TextLine>
      <TextLine id="region0001_line0022" custom="readingOrder {index:21;}">
        <Coords points="462,1937 454,1938 454,1977 510,1977 516,1968 521,1968 528,1977 552,1979 558,1970 562,1975 558,1982 566,1993 577,1998 600,2000 608,2010 615,2011 631,2002 660,2002 690,2007 693,2012 706,2013 713,2007 718,2007 723,2010 760,2013 774,2020 783,2014 790,2014 832,2023 843,2022 855,2013 870,2013 877,2015 881,2021 889,2022 895,2021 901,2013 924,2010 947,2009 955,2017 965,2017 971,2011 1025,2013 1034,2008 1044,2008 1052,2012 1084,2015 1106,2012 1125,2015 1131,2012 1136,2016 1146,2015 1156,2020 1163,2019 1174,2011 1195,2010 1211,2022 1222,2018 1232,2019 1239,2015 1275,2014 1290,2025 1294,2024 1297,2016 1316,2016 1324,2026 1343,2027 1352,2025 1361,2016 1377,2016 1381,2024 1396,2024 1413,2006 1417,2006 1425,2013 1463,2013 1477,2005 1495,2006 1516,1998 1527,2005 1544,2000 1544,1945 1530,1945 1520,1938 1512,1938 1494,1947 1460,1946 1444,1954 1427,1941 1420,1943 1417,1951 1409,1952 1408,1945 1394,1942 1385,1949 1372,1946 1370,1954 1330,1956 1328,1946 1324,1944 1315,1944 1309,1949 1298,1944 1281,1947 1264,1944 1257,1954 1253,1954 1244,1953 1237,1947 1216,1945 1211,1945 1204,1951 1173,1951 1172,1945 1164,1941 1143,1941 1137,1951 1134,1951 1133,1946 1127,1941 1112,1943 1108,1951 1046,1951 1044,1945 1035,1942 1012,1942 998,1951 945,1953 909,1949 904,1947 904,1943 881,1939 858,1945 848,1945 832,1939 825,1942 812,1941 806,1944 749,1949 747,1942 740,1939 708,1940 693,1946 679,1946 671,1939 663,1939 655,1946 639,1946 620,1944 615,1940 603,1942 570,1939 562,1948 547,1948 543,1942 530,1946 524,1939 505,1946 497,1937"/>
        <Baseline points="454,1968 516,1968 522,1969 551,1969 558,1971 559,1971 619,1988 823,2003 1364,2004 1544,1991"/>
        <Word id="region0001_line0022_word0001" custom="readingOrder {index:0;}">
          <Coords points="677,1962 601,1963 601,2001 608,2010 615,2011 631,2002 660,2002 677,2004"/>
          <TextEquiv conf="0.83702016">
            <Unicode>tzet</Unicode>
          </TextEquiv>
        </Word>
        <Word id="region0001_line0022_word0002" custom="readingOrder {index:1;}">
          <Coords points="789,1956 695,1956 695,2012 706,2013 713,2007 718,2007 723,2010 760,2013 774,2020 783,2014 789,2014"/>
          <TextEquiv conf="0.38755065">
            <Unicode>fuͤr,</Unicode>
          </TextEquiv>
        </Word>
        <Word id="region0001_line0022_word0003" custom="readingOrder {index:2;}">
          <Coords points="906,1954 807,1954 807,2017 832,2023 843,2022 855,2013 870,2013 877,2015 881,2021 889,2022 895,2021 901,2013 906,2012"/>
          <TextEquiv conf="0.92996114">
            <Unicode>Jch</Unicode>
          </TextEquiv>
        </Word>
        <Word id="region0001_line0022_word0004" custom="readingOrder {index:3;}">
          <Coords points="1037,1958 929,1958 929,2009 947,2009 955,2017 965,2017 971,2011 1025,2013 1034,2008 1037,2008"/>
          <TextEquiv conf="0.93147165">
            <Unicode>woll</Unicode>
          </TextEquiv>
        </Word>
        <Word id="region0001_line0022_word0005" custom="readingOrder {index:4;}">
          <Coords points="1176,1954 1066,1955 1066,2013 1084,2015 1106,2012 1125,2015 1131,2012 1136,2016 1146,2015 1154,2019 1162,2019 1163,2019 1174,2011 1176,2011"/>
          <TextEquiv conf="0.932343">
            <Unicode>mich</Unicode>
          </TextEquiv>
        </Word>
        <Word id="region0001_line0022_word0006" custom="readingOrder {index:5;}">
          <Coords points="1205,1956 1205,2017 1211,2022 1222,2018 1232,2019 1239,2015 1275,2014 1288,2024 1294,2024 1297,2016 1316,2016 1322,2024 1353,2024 1354,2023 1354,1956 1330,1956"/>
          <TextEquiv conf="0.9307196">
            <Unicode>fleißig</Unicode>
          </TextEquiv>
        </Word>
        <Word id="region0001_line0022_word0007" custom="readingOrder {index:6;}">
          <Coords points="1380,1954 1380,2022 1381,2024 1396,2024 1413,2006 1417,2006 1425,2013 1463,2013 1477,2005 1495,2006 1516,1998 1527,2005 1538,2002 1538,1953 1445,1954 1444,1954 1443,1954"/>
          <TextEquiv conf="0.91607565">
            <Unicode>huͤten,</Unicode>
          </TextEquiv>
        </Word>
        <TextEquiv conf="0.83282137">
          <Unicode>tzet fuͤr, Jch woll mich fleißig huͤten,</Unicode>
        </TextEquiv>
      </TextLine>
      <TextLine id="region0001_line0023" custom="readingOrder {index:22;}">
        <Coords points="541,1998 532,2003 511,2003 507,2000 494,2003 454,2003 454,2078 555,2078 559,2075 617,2072 623,2075 634,2073 645,2084 652,2084 660,2074 662,2076 672,2072 685,2072 703,2077 755,2079 761,2084 766,2084 773,2078 795,2078 809,2081 814,2088 831,2092 851,2090 855,2082 862,2080 883,2083 926,2080 940,2091 949,2089 954,2082 993,2083 1001,2087 1011,2087 1022,2081 1039,2085 1056,2084 1062,2087 1112,2084 1123,2085 1127,2091 1143,2082 1156,2082 1164,2086 1191,2087 1197,2091 1209,2086 1254,2086 1257,2094 1268,2096 1278,2084 1282,2084 1293,2095 1309,2083 1324,2083 1334,2087 1345,2084 1361,2089 1366,2083 1376,2084 1395,2080 1404,2085 1420,2085 1427,2082 1434,2087 1442,2087 1446,2082 1488,2073 1528,2076 1535,2071 1544,2071 1544,2008 1534,2004 1527,2006 1518,1999 1503,2003 1499,2010 1488,2005 1477,2006 1471,2010 1469,2017 1452,2020 1424,2022 1424,2013 1413,2007 1405,2015 1406,2021 1396,2025 1315,2028 1290,2026 1275,2015 1264,2016 1257,2023 1225,2019 1211,2023 1195,2011 1174,2012 1158,2021 1076,2021 1074,2015 1068,2012 1057,2013 1053,2018 1052,2013 1044,2009 1034,2009 1026,2013 1025,2020 1019,2022 990,2022 985,2018 977,2018 971,2022 953,2022 949,2011 939,2010 921,2012 917,2022 874,2023 870,2014 855,2014 843,2023 831,2024 796,2020 790,2015 783,2015 775,2021 730,2018 718,2008 713,2008 706,2014 676,2014 671,2006 660,2003 647,2004 639,2011 637,2006 631,2003 613,2012 608,2011 600,2001 584,2001 574,2005 562,2004 556,1998"/>
        <Baseline points="454,2067 653,2061 836,2070 1266,2075 1544,2060"/>
        <Word id="region0001_line0023_word0000" custom="readingOrder {index:0;}">
          <Coords points="563,2017 467,2017 467,2078 555,2078 559,2075 563,2074"/>
          <TextEquiv conf="0.9275846">
            <Unicode>Ob</Unicode>
          </TextEquiv>
        </Word>
        <Word id="region0001_line0023_word0001" custom="readingOrder {index:1;}">
          <Coords points="679,2017 581,2018 581,2073 617,2072 623,2075 634,2073 645,2084 652,2084 660,2074 662,2076 672,2072 679,2072"/>
          <TextEquiv conf="0.92226005">
            <Unicode>boͤſe</Unicode>
          </TextEquiv>
        </Word>
        <Word id="region0001_line0023_word0002" custom="readingOrder {index:2;}">
          <Coords points="701,2019 701,2076 703,2077 729,2078 773,2078 795,2078 795,2019 795,2019 778,2019 775,2021 745,2019"/>
          <TextEquiv conf="0.93078804">
            <Unicode>leut</Unicode>
          </TextEquiv>
        </Word>
        <Word id="region0001_line0023_word0003" custom="readingOrder {index:3;}">
          <Coords points="855,2014 843,2023 831,2024 818,2022 818,2085 853,2085 855,2082 862,2080 883,2083 926,2080 932,2085 951,2085 954,2082 956,2082 956,2022 953,2022 950,2014 920,2014 917,2022 874,2023 870,2014"/>
          <TextEquiv conf="0.92309487">
            <Unicode>gleich</Unicode>
          </TextEquiv>
        </Word>
        <Word id="region0001_line0023_word0004" custom="readingOrder {index:4;}">
          <Coords points="1030,2010 1026,2013 1025,2020 1019,2022 990,2022 985,2018 977,2018 973,2020 973,2081 1147,2080 1147,2021 1076,2021 1074,2015 1068,2012 1057,2013 1053,2018 1052,2013 1047,2010"/>
          <TextEquiv>
            <Unicode>wuͤten,</Unicode>
          </TextEquiv>
        </Word>
        <Word id="region0001_line0023_word0005" custom="readingOrder {index:5;}">
          <Coords points="1168,2015 1165,2017 1165,2084 1278,2084 1282,2084 1304,2084 1304,2027 1290,2026 1275,2015 1264,2016 1257,2023 1225,2019 1211,2023 1200,2015"/>
          <TextEquiv conf="0.93192244">
            <Unicode>Daß,</Unicode>
          </TextEquiv>
        </Word>
        <Word id="region0001_line0023_word0006" custom="readingOrder {index:6;}">
          <Coords points="1325,2078 1458,2078 1458,2018 1452,2020 1424,2022 1424,2013 1413,2007 1405,2015 1406,2021 1396,2025 1325,2027"/>
          <TextEquiv conf="0.91142905">
            <Unicode>wenn</Unicode>
          </TextEquiv>
        </Word>
        <Word id="region0001_line0023_word0007" custom="readingOrder {index:7;}">
          <Coords points="1475,2006 1473,2008 1473,2073 1533,2072 1535,2071 1539,2071 1539,2006 1500,2006 1499,2010 1491,2006"/>
          <TextEquiv conf="0.91142905">
            <Unicode>ich</Unicode>
          </TextEquiv>
        </Word>
        <TextEquiv>
          <Unicode>Ob boͤſe leut gleich wuͤten, Daß, wenn ich</Unicode>
        </TextEquiv>
      </TextLine>
      <TextLine id="region0001_line0024" custom="readingOrder {index:23;}">
        <Coords points="672,2073 663,2076 659,2084 652,2085 645,2085 634,2075 621,2076 614,2085 590,2083 584,2086 536,2084 533,2087 494,2088 492,2080 487,2077 468,2079 466,2088 455,2088 455,2163 464,2163 469,2167 486,2167 499,2161 540,2152 556,2150 572,2154 578,2148 597,2149 610,2145 630,2147 641,2142 659,2141 666,2146 678,2142 692,2150 699,2144 708,2144 774,2149 785,2156 795,2156 801,2152 821,2154 828,2160 837,2160 843,2156 861,2157 870,2163 887,2155 917,2157 923,2164 934,2164 946,2156 993,2155 998,2160 1007,2160 1013,2154 1046,2155 1069,2150 1089,2157 1097,2164 1109,2163 1118,2154 1141,2154 1149,2159 1158,2159 1163,2154 1198,2154 1202,2157 1227,2154 1246,2157 1304,2156 1313,2164 1327,2164 1334,2156 1383,2154 1386,2157 1397,2157 1409,2152 1425,2154 1432,2150 1448,2149 1475,2149 1476,2152 1486,2154 1525,2136 1545,2137 1544,2082 1527,2082 1523,2079 1500,2082 1498,2076 1493,2074 1475,2077 1460,2087 1414,2091 1406,2091 1405,2086 1395,2081 1374,2085 1370,2091 1365,2092 1345,2085 1337,2092 1332,2092 1324,2084 1309,2084 1292,2096 1282,2085 1279,2085 1268,2097 1263,2097 1220,2095 1214,2087 1195,2094 1165,2094 1164,2087 1156,2083 1143,2083 1127,2094 1074,2094 1038,2092 1036,2085 1028,2082 1014,2085 1012,2093 996,2093 983,2092 981,2086 975,2083 957,2083 952,2090 940,2092 926,2081 912,2083 908,2089 894,2087 888,2083 862,2081 855,2083 851,2091 831,2093 803,2088 801,2082 795,2079 773,2079 766,2086 707,2084 694,2083 693,2076 689,2074"/>
        <Baseline points="455,2148 629,2131 868,2144 1248,2144 1545,2128"/>
        <Word id="region0001_line0024_word0000" custom="readingOrder {index:0;}">
          <Coords points="518,2090 469,2090 469,2167 486,2167 499,2161 518,2156"/>
          <TextEquiv conf="0.9323134">
            <Unicode>ja</Unicode>
          </TextEquiv>
        </Word>
        <Word id="region0001_line0024_word0001" custom="readingOrder {index:1;}">
          <Coords points="644,2095 536,2095 536,2152 540,2152 556,2150 572,2154 578,2148 597,2149 610,2145 630,2147 641,2142 644,2141"/>
          <TextEquiv conf="0.9314087">
            <Unicode>was</Unicode>
          </TextEquiv>
        </Word>
        <Word id="region0001_line0024_word0002" custom="readingOrder {index:2;}">
          <Coords points="664,2090 664,2144 666,2146 678,2142 692,2150 699,2144 708,2144 774,2149 785,2156 795,2156 801,2152 821,2154 826,2159 838,2159 843,2156 847,2156 847,2091 831,2093 814,2090"/>
          <TextEquiv conf="0.9289896">
            <Unicode>ſpreche,</Unicode>
          </TextEquiv>
        </Word>
        <Word id="region0001_line0024_word0003" custom="readingOrder {index:3;}">
          <Coords points="946,2093 858,2093 858,2156 861,2157 868,2162 872,2162 887,2155 917,2157 921,2162 937,2162 946,2156"/>
          <TextEquiv conf="0.8517546">
            <Unicode>Jch</Unicode>
          </TextEquiv>
        </Word>
        <Word id="region0001_line0024_word0004" custom="readingOrder {index:4;}">
          <Coords points="961,2090 961,2155 993,2155 1012,2155 1013,2154 1046,2155 1062,2151 1062,2093 1038,2092 1037,2090 1012,2090 1012,2093 996,2093 983,2092 982,2090"/>
          <TextEquiv conf="0.9327729">
            <Unicode>dein</Unicode>
          </TextEquiv>
        </Word>
        <Word id="region0001_line0024_word0005" custom="readingOrder {index:5;}">
          <Coords points="1134,2089 1127,2094 1082,2094 1082,2154 1089,2157 1091,2159 1113,2159 1118,2154 1141,2154 1149,2159 1158,2159 1163,2154 1198,2154 1202,2157 1218,2155 1218,2092 1215,2089 1208,2089 1195,2094 1165,2094 1164,2089"/>
          <TextEquiv conf="0.9314595">
            <Unicode>gebot</Unicode>
          </TextEquiv>
        </Word>
        <Word id="region0001_line0024_word0006" custom="readingOrder {index:6;}">
          <Coords points="1271,2093 1268,2097 1263,2097 1238,2095 1238,2155 1246,2157 1304,2156 1307,2159 1331,2159 1334,2156 1359,2154 1359,2093 1296,2093 1292,2096 1289,2093"/>
          <TextEquiv conf="0.93259317">
            <Unicode>nicht</Unicode>
          </TextEquiv>
        </Word>
        <Word id="region0001_line0024_word0007" custom="readingOrder {index:7;}">
          <Coords points="1380,2088 1380,2154 1383,2154 1384,2155 1399,2155 1409,2152 1425,2154 1432,2150 1448,2149 1475,2149 1476,2152 1486,2154 1525,2136 1541,2136 1541,2087 1453,2087 1414,2091 1406,2091 1405,2087"/>
          <TextEquiv conf="0.92713964">
            <Unicode>breche.</Unicode>
          </TextEquiv>
        </Word>
        <TextEquiv conf="0.92105395">
          <Unicode>ja was ſpreche, Jch dein gebot nicht breche.</Unicode>
        </TextEquiv>
      </TextLine>
      <TextLine id="region0001_line0025" custom="readingOrder {index:24;}">
        <Coords points="1533,2136 1516,2141 1508,2151 1486,2155 1448,2150 1397,2158 1372,2155 1365,2162 1359,2163 1299,2166 1249,2164 1247,2158 1239,2155 1227,2155 1216,2160 1204,2159 1198,2164 1132,2164 1127,2157 1117,2156 1109,2164 1097,2165 1091,2159 1069,2151 1048,2155 1046,2165 935,2166 894,2162 891,2156 877,2159 870,2164 780,2155 729,2154 697,2149 692,2151 678,2143 666,2147 659,2142 646,2142 630,2148 619,2146 563,2158 498,2163 482,2171 455,2171 455,2227 654,2224 682,2225 687,2222 759,2220 935,2231 947,2242 963,2242 970,2239 976,2231 1026,2230 1048,2233 1073,2231 1084,2242 1097,2241 1105,2231 1229,2231 1241,2234 1245,2231 1377,2229 1383,2235 1391,2235 1401,2229 1468,2225 1510,2214 1515,2219 1523,2219 1533,2210 1545,2209 1545,2138"/>
        <Baseline points="455,2218 792,2211 954,2221 1348,2220 1545,2199"/>
        <Word id="region0001_line0025_word0000" custom="readingOrder {index:0;}">
          <Coords points="594,2176 541,2176 541,2225 587,2225 594,2224"/>
          <TextEquiv conf="0.91871077">
            <Unicode>2.</Unicode>
          </TextEquiv>
        </Word>
        <Word id="region0001_line0025_word0001" custom="readingOrder {index:1;}">
          <Coords points="782,2156 619,2157 619,2224 654,2224 672,2224 682,2224 687,2222 759,2220 782,2221"/>
          <TextEquiv conf="0.9285599">
            <Unicode>Wenn</Unicode>
          </TextEquiv>
        </Word>
        <Word id="region0001_line0025_word0002" custom="readingOrder {index:2;}">
          <Coords points="803,2159 803,2221 919,2221 919,2164 894,2162 892,2159 877,2159 870,2164 820,2159"/>
          <TextEquiv conf="0.93159354">
            <Unicode>mein</Unicode>
          </TextEquiv>
        </Word>
        <Word id="region0001_line0025_word0003" custom="readingOrder {index:3;}">
          <Coords points="1056,2153 1048,2155 1046,2165 940,2166 940,2232 975,2232 976,2231 1026,2230 1037,2231 1069,2231 1073,2231 1073,2231 1105,2231 1105,2231 1131,2231 1131,2163 1127,2157 1117,2156 1109,2164 1097,2165 1091,2159 1075,2153"/>
          <TextEquiv conf="0.9280626">
            <Unicode>gemuͤht</Unicode>
          </TextEquiv>
        </Word>
        <Word id="region0001_line0025_word0004" custom="readingOrder {index:4;}">
          <Coords points="1218,2159 1216,2160 1204,2159 1198,2164 1143,2164 1143,2228 1403,2228 1403,2159 1368,2159 1365,2162 1359,2163 1299,2166 1249,2164 1247,2159"/>
          <TextEquiv conf="0.92052096">
            <Unicode>entbrennt,</Unicode>
          </TextEquiv>
        </Word>
        <Word id="region0001_line0025_word0005" custom="readingOrder {index:5;}">
          <Coords points="1541,2148 1510,2148 1508,2151 1486,2155 1448,2150 1421,2154 1421,2223 1477,2222 1510,2214 1515,2219 1523,2219 1533,2210 1541,2209"/>
          <TextEquiv conf="0.9268109">
            <Unicode>Daß</Unicode>
          </TextEquiv>
        </Word>
        <TextEquiv conf="0.9257098">
          <Unicode>2. Wenn mein gemuͤht entbrennt, Daß</Unicode>
        </TextEquiv>
      </TextLine>
      <TextEquiv>
        <Unicode>10. Wacht auf und ruͤhmt des hoͤchſten
raht, Die ihr in graͤbern lieget, Nachdem
der fuͤrſt des lebens hat Dem ſterben obge⸗
ſieget! Wie herrlich wird zu aller zeit Jn
ſolchem freuden⸗leben Die crone der gerech⸗
tigkeit Auf euren haͤuptern ſchweben?
11. Wer nun ein auferſtehung glaͤubt/
Vergebung auch der ſuͤnden, Und daß ein
ewigs leben bleibt, Der wird ſich leichtlich
finden, Ob kranckheit, angſt, gefahr und
noht Jhn ploͤtzlich uͤberfallen; Der wird
mit freuden durch den tod Jn Abrahams
ſchooß wallen.
12. Wie ſelig ſind die todten nun, Die in
dem HErren ſterben? Sie ruhn von allem
ihrem thun, Und werden nicht verderben/
Von nun an, ſagt der heilge Geiſt. GOtt
mehr uns diß vertrauen, Daß wir im ſterben
allermeiſt Aufs andre leben ſchauen.
264. Mel. Auf meinen lieben GOtt.
Mein GOtt! ich habe mir Gar feſt geſe⸗
—» tzet fuͤr, Jch woll mich fleißig huͤten,
Ob boͤſe leut gleich wuͤten, Daß, wenn ich
ja was ſpreche, Jch dein gebot nicht breche.
2. Wenn mein gemuͤht entbrennt, Daß</Unicode>
      </TextEquiv>
    </TextRegion>
  </Page>
</PcGts>