1374 2221
449 428 501 459 der
521 424 657 462 Materie
677 426 829 464 erlaubet,
873 428 974 468 zumal
998 427 1071 469 auch
1096 429 1168 469 noch
1191 431 1257 466 eine

449 479 575 520 Umſicht
604 480 677 514 uͤber
697 480 865 522 Rußland,
901 482 999 523 Polen
1023 487 1085 517 und
1112 479 1279 527 Preußen

449 531 645 572 zweckmaͤßig
661 534 760 567 bleibt.

515 577 616 608 Wenn
638 578 786 611 Rußland
812 579 856 609 bei
878 576 952 610 aller
985 582 1169 617 aͤußerlichen
1191 605 1257 633 Zu⸗

449 642 612 684 ſtimmung
640 648 731 683 gegen
746 641 941 686 Frankreich,
958 646 1033 679 mit
1052 646 1132 680 einer
1149 650 1254 684 reellen

447 695 675 739 Huͤlfsleiſtung
697 703 823 738 verzog,
849 702 925 734 und
950 700 1045 741 außer
1071 700 1254 738 Geldunter⸗

448 749 615 794 ſtuͤtzungen
629 760 696 794 zum
719 753 865 791 Beiſtand
882 758 932 789 der
947 747 1119 795 emigrirten
1137 756 1255 801 franzoͤ⸗

447 810 553 852 ſiſchen
568 811 696 854 Prinzen
712 814 774 847 und
796 814 880 856 ihres
894 814 1065 855 errichteten
1087 813 1254 854 National⸗

447 858 575 903 Korps,
616 862 650 897 es
672 865 742 898 blos
773 867 830 899 mit
848 865 1028 907 Abſendung
1050 866 1130 900 einer
1152 865 1254 906 Flotte

445 927 508 956 von
529 932 566 965 23
589 922 805 968 Linienſchiffen
821 929 882 961 und
905 937 918 970 7
929 925 1112 970 Fregatten,
1140 919 1190 964 bis
1210 936 1254 965 an

443 985 492 1018 die
513 984 645 1024 daͤniſche
665 988 757 1028 Jnſel
781 987 881 1024 Moͤen
899 990 1057 1024 bewenden
1082 988 1191 1031 laſſen;
1220 989 1252 1031 ſo

443 1018 518 1065 mag
538 1031 584 1060 die
603 1026 799 1070 unterlaſſene
812 1029 995 1070 Abſendung
1010 1044 1072 1066 von
1085 1037 1251 1074 Landtrup⸗

445 1078 544 1127 pen,
544 1075 645 1129 theils
674 1086 730 1124 mit
755 1079 815 1124 der
830 1081 1055 1132 Entlegenheit,
1091 1094 1250 1133 ſonderlich

444 1136 517 1175 aber
537 1142 593 1176 mit
615 1144 665 1177 der
684 1133 856 1188 beſchloſſen
876 1147 1022 1188 gehabten
1042 1148 1250 1188 Ausfuͤhrung

445 1208 538 1243 gegen
557 1203 673 1247 Polen,
695 1197 725 1247 zu
734 1196 961 1249 entſchuldigen
976 1209 1056 1251 ſeyn.
1081 1209 1251 1252 Beſchloſ⸗

442 1247 493 1294 ſen
507 1262 574 1291 war
591 1256 697 1297 ſelbige
716 1249 818 1299 ſicher;
841 1249 910 1293 und
919 1250 965 1293 die
981 1260 1111 1297 desfalls
1126 1260 1262 1302 noͤthige

440 1298 745 1351 Uebereinſtimmung
758 1313 814 1344 mit
829 1311 1006 1354 Oeſterreich
1020 1315 1082 1347 und
1097 1312 1249 1361 Preußen,

441 1369 523 1407 giebt
544 1374 594 1403 der
616 1370 723 1408 Erfolg
745 1377 779 1411 zu
799 1370 951 1406 erkennen.
1016 1372 1076 1412 Ein
1097 1374 1248 1419 rußiſches

441 1406 523 1458 Heer
544 1417 654 1457 befand
672 1419 726 1459 ſich
741 1418 851 1454 bereits
865 1421 908 1455 im
925 1420 1052 1463 Anzuge
1072 1435 1164 1463 gegen
1187 1430 1250 1464 Po⸗

440 1479 507 1520 len,
544 1481 595 1514 als
615 1479 762 1517 ebenfalls
787 1482 835 1517 ein
857 1482 1044 1524 preußiſches
1066 1485 1119 1526 ſich
1144 1486 1248 1528 hinein

438 1536 510 1569 zog,
532 1536 621 1565 unter
640 1530 825 1575 Anfuͤhrung
838 1538 900 1570 des
914 1535 1067 1572 Generals
1081 1543 1142 1573 von
1157 1539 1247 1575 Moͤl⸗

439 1578 574 1627 lendorf,
596 1574 647 1620 der
662 1588 737 1624 dazu
760 1594 810 1619 am
828 1595 880 1621 21.
901 1592 1032 1629 Januar
1053 1589 1115 1622 von
1134 1593 1245 1626 Berlin

438 1643 562 1685 abging.
606 1647 681 1683 Eine
702 1646 786 1687 ſchon
807 1654 928 1684 unterm
943 1638 974 1683 6.
996 1655 1026 1685 d.
1038 1650 1095 1684 M.
1106 1643 1245 1692 erlaſſene

439 1698 604 1743 oͤffentliche
619 1700 807 1744 Erklaͤrung,
830 1696 917 1740 deren
933 1704 1062 1741 Gruͤnde
1084 1703 1265 1751 ſonderlich

434 1755 498 1795 auf
501 1757 547 1790 die
554 1754 797 1801 fortwaͤhrenden
805 1758 994 1800 innerlichen,
1001 1756 1063 1807 jetzt
1070 1759 1159 1807 durch
1159 1759 1243 1809 Aus⸗

435 1810 578 1851 breitung
593 1810 647 1844 des
669 1811 879 1858 franzoͤſiſchen
899 1812 1176 1854 Demokratismus
1195 1816 1247 1863 be⸗
