2253 2550
765 304 1195 366 Landes⸗Ordnnng.

1661 340 1712 383 25

342 373 511 444 Folget
530 391 627 436 nun
640 390 738 439 von
760 381 1001 454 Perſonen
1020 390 1126 447 und
1141 389 1366 454 Graden,
1378 394 1424 462 ſo
1436 406 1534 454 von
1547 406 1713 469 wegen

271 445 361 502 der
364 441 783 528 Schwaͤgerſchaft
806 457 858 536 zu
869 455 1093 525 ehelichen
1111 459 1355 521 verboten.

310 520 605 607 Zufoͤrderſt
626 535 687 608 iſt
708 538 755 616 zu
773 537 954 619 wiſſen,
978 544 1055 626 daß
1076 554 1165 613 alle
1183 560 1272 618 des
1291 559 1497 624 Weibes
1515 563 1710 626 Bluts⸗

265 602 457 671 freunde
481 603 571 676 dem
587 600 758 674 Mann
768 613 1085 687 geſchwiegert
1102 617 1258 689 ſeynd,
1273 623 1518 697 dergeſtalt
1533 629 1580 687 in
1596 633 1710 691 wel⸗

266 664 391 736 chem
413 676 563 735 Grad
582 683 663 740 der
681 680 1170 759 Blutsfreundſchaft
1192 689 1250 759 ſie
1280 697 1382 752 dem
1402 696 1576 757 Weibe
1604 711 1711 760 ver⸗

262 748 446 804 wandt,
472 751 521 800 in
539 752 683 813 ſelben
695 755 843 811 Grad
857 758 1007 822 ſeynd
1007 760 1071 823 ſie
1091 765 1195 818 dem
1210 765 1389 823 Mann
1409 767 1710 837 Schwaͤger⸗

262 808 404 879 ſchaft
415 811 585 878 halben
598 816 882 886 zugethan,
865 814 915 880 uñ
936 824 1299 894 hinwiederum,
1314 831 1411 899 daß
1422 831 1508 903 alle
1551 836 1706 896 Bluts⸗

258 874 452 941 freunde
467 880 553 940 des
573 864 809 948 Mannes
828 883 966 956 ſeynd
999 888 1162 959 ſeinem
1179 890 1352 955 Weibe
1376 900 1707 972 geſchwaͤgert,

259 953 531 1017 dergeſtalt,
564 959 613 1016 in
633 961 856 1029 welchem
885 966 1031 1027 Grad
1057 973 1138 1031 der
1165 971 1616 1048 Blutfreundſchaft
1643 979 1705 1051 ſie

260 1025 371 1074 dem
394 1018 580 1083 Manne
591 1025 843 1099 zugethan,
861 1031 907 1090 in
912 1027 1062 1104 ſelben
1076 1031 1206 1097 Grad
1232 1039 1369 1109 ſeynd
1387 1042 1445 1110 ſie
1454 1047 1557 1116 dem
1554 1047 1702 1120 Wei⸗

256 1089 312 1142 be
322 1091 412 1148 mit
421 1090 836 1167 Schwaͤgerſchaft
851 1095 1123 1165 verwandt,
1138 1106 1238 1174 alſo
1247 1107 1357 1177 daß,
1372 1111 1462 1168 wie
1481 1115 1594 1171 weit
1611 1116 1701 1185 ſich

256 1163 331 1216 die
344 1161 667 1222 Prohibition
680 1174 842 1235 wegen
866 1174 945 1231 der
970 1171 1426 1250 Blutfreundſchaft
1454 1183 1698 1255 erſtrecket,

254 1226 413 1283 ſoweit
426 1215 492 1293 iſt
508 1222 608 1299 auch
629 1223 718 1296 die
715 1232 821 1302 Ehe
841 1242 920 1296 der
947 1226 1377 1312 Schwaͤgerſchaft
1404 1249 1568 1315 halber
1592 1265 1697 1318 ver⸗

251 1291 411 1350 boten.

324 1375 683 1451 Solchemnach
702 1394 800 1444 nun
812 1383 950 1458 ſeynd
971 1398 1071 1451 von
1105 1397 1268 1466 wegen
1293 1395 1371 1457 der
1394 1395 1693 1475 Schwaͤger⸗

251 1447 391 1516 ſchaft
402 1451 449 1509 in
463 1454 540 1510 der
553 1454 731 1519 rechten
743 1455 905 1519 Linien
914 1456 1255 1533 hinaufwarts
1279 1471 1517 1539 gerechnet
1526 1482 1579 1543 zu
1594 1476 1698 1539 ehe⸗

249 1522 393 1583 lichen
403 1523 630 1584 verboten
652 1522 870 1599 folgende
898 1532 1136 1603 Perſonen,
1156 1539 1238 1595 als
1265 1540 1430 1611 welche
1450 1546 1691 1610 vorMut⸗

246 1594 320 1641 ter
330 1596 429 1646 und
457 1583 605 1663 Vater
630 1596 849 1666 gehalten
882 1603 1099 1666 werden.
1130 1606 1375 1670 Nemlich:

306 1679 405 1731 Der
419 1670 530 1742 Sohn
550 1682 643 1738 ſoll
654 1680 763 1744 nicht
773 1686 953 1747 nehmen
966 1687 1252 1752 hinaufwerts
1272 1705 1323 1758 zu
1334 1701 1529 1758 rechnen:

957 1759 984 1809 I.

372 1806 427 1862 1.)
448 1803 587 1861 Seine
607 1806 912 1869 Stiefmutter,
928 1818 971 1864 es
990 1815 1052 1873 ſey
1071 1818 1133 1867 die
1146 1820 1255 1875 erſte,
1264 1826 1415 1871 andere
1433 1831 1530 1874 oder
1544 1834 1691 1878 dritte,

244 1862 394 1921 welche
411 1864 493 1925 ſein
504 1871 647 1926 Vater
659 1879 735 1928 zur
749 1870 840 1926 Ehe
859 1875 1031 1935 gehabt,
1089 1883 1144 1933 2.)
1165 1885 1332 1933 Seines
1354 1891 1530 1941 Weibes
1552 1892 1696 1954 Stief⸗

244 1915 436 1984 mutter,
478 1928 622 1986 welche
643 1927 719 1990 ihr
753 1934 896 1987 Vater
916 1938 1041 1991 nach
1053 1941 1175 1990 ihm
1188 1941 1376 2004 gelaſſen,
1459 1948 1512 2003 3.)
1553 1946 1697 2003 Seine

233 1975 516 2047 Schwieger,
532 1981 620 2045 das
622 1979 694 2042 iſt
705 1994 836 2047 ſeines
852 1996 1028 2048 Weibes
1046 2000 1270 2054 Mutter,
1308 2006 1374 2063 4.)
1410 2002 1578 2061 Seines
1592 2013 1694 2064 Va⸗

242 2035 339 2091 ters
355 2043 517 2098 Braut
530 2037 633 2102 oder
646 2032 915 2108 Vertrauete,
927 2051 1071 2111 welche
1087 2053 1189 2112 ſeine
1207 2056 1494 2113 Stiefmutter
1518 2066 1610 2121 ſolte
1625 2080 1693 2124 ge⸗

240 2101 417 2153 worden
439 2102 562 2162 ſeyn/
629 2101 692 2162 5.)
716 2108 841 2167 ſeiner
850 2114 1010 2166 Braut
1024 2118 1224 2175 Mutter,
1232 2112 1325 2177 das
1298 2120 1374 2181 iſt
1394 2123 1471 2183 die,
1486 2130 1568 2175 mit
1592 2131 1693 2178 wel⸗

241 2165 327 2221 cher
345 2159 519 2217 Tochter
536 2160 600 2212 Er
610 2168 682 2230 ſich
689 2163 819 2234 zuvor
841 2169 1033 2239 verlobet,
1042 2181 1133 2231 und
1153 2174 1247 2238 doch
1258 2181 1367 2249 nicht
1391 2185 1585 2254 Hochzeit
1605 2194 1691 2241 mit

225 2217 309 2291 ihr
330 2219 521 2286 gehalten
536 2227 657 2287 hat.

932 2304 987 2346 D

1504 2317 1692 2378 1.)Sei⸗
