1613 2299
443 436 502 473 keit
515 437 552 482 iſt
563 446 600 482 zu
614 433 763 481 ruͤhmen,
796 432 868 475 doch
882 433 946 480 ihre
957 431 1111 479 Klugheit
1125 429 1204 475 muß
1222 428 1267 474 ich
1287 428 1366 474 auch

444 481 652 520 bewundern!
702 484 781 519 Wie
793 479 986 527 empfindlich
998 480 1076 524 muß
1084 473 1146 525 ſein
1151 478 1277 521 Antrag
1284 476 1366 523 ihrer

444 534 529 570 edeln
550 534 647 574 Seele
664 532 795 576 geweſen
813 531 898 576 ſeyn!
948 531 1042 575 Doch
1061 528 1183 575 ſchwieg
1202 528 1255 573 ſie,
1287 527 1390 572 mich

444 581 529 617 nicht
540 591 577 617 zu
589 579 746 617 kraͤncken.

804 625 1005 678 Ehrlich.

499 684 550 723 Er
569 676 625 720 hat
643 674 703 719 den
720 674 855 717 Wechſel
871 676 933 716 alſo
953 678 1010 715 erſt
1034 693 1078 717 an
1104 686 1160 727 ſich
1183 674 1366 716 gehandelt?

445 735 515 774 Die
527 730 689 778 Boßheit!

807 784 1004 837 Verlag.

497 839 650 886 Jndeſſen
674 839 711 884 iſt
727 843 760 874 es
779 840 843 875 mir
864 835 938 882 doch
960 838 1009 872 ein
1035 835 1202 882 ſchlimmer
1221 834 1365 880 Streich.

446 892 512 930 Du
525 889 582 936 biſt
595 887 679 935 ſelbſt
691 891 739 925 ein
753 886 967 932 Kaufmann,
998 884 1066 922 und
1077 886 1187 930 weißt,
1213 885 1274 929 daß
1287 894 1366 920 man

447 940 532 984 nicht
544 943 655 977 immer
667 938 696 985 ſo
710 941 770 977 viel
782 942 817 977 in
830 938 924 986 Caſſa
939 938 1005 987 hat.
1055 938 1167 977 Wenn
1173 947 1203 972 er
1209 935 1289 981 mich
1295 937 1366 984 heu⸗

449 997 475 1027 te
489 988 618 1035 draͤngt,
656 987 735 1034 muß
753 987 797 1034 ich
812 986 915 1036 ſehen,
951 987 1010 1024 wie
1023 979 1068 1032 ich
1086 986 1148 1024 mir
1166 985 1259 1032 durch
1280 986 1368 1022 einen

446 1049 574 1085 Freund
589 1047 676 1085 helfe.

805 1090 1009 1146 Ehrlich.

495 1152 578 1192 Das
574 1144 628 1197 iſt
635 1151 748 1197 gewiß.
798 1151 886 1189 Was
900 1149 946 1191 ich
957 1148 1038 1195 thun
1049 1146 1121 1191 kan,
1143 1146 1210 1183 will
1220 1146 1264 1191 ich
1277 1154 1368 1190 gerne

448 1200 542 1247 thun.
592 1199 658 1246 Jch
678 1198 733 1235 bin
753 1208 836 1245 zwar
853 1201 901 1235 ein
921 1198 1030 1235 kleiner
1046 1198 1201 1241 Kramer,
1233 1194 1305 1233 aber
1321 1195 1369 1241 ich

448 1251 516 1288 will
540 1252 613 1292 doch
632 1253 730 1287 meine
743 1250 832 1294 Caſſe
855 1246 1076 1292 uͤberſchlagen.
1128 1246 1180 1285 Es
1198 1254 1304 1282 waren
1322 1237 1369 1289 ge⸗

449 1299 528 1344 ſtern
543 1299 619 1341 noch
636 1301 734 1342 einige
745 1297 918 1342 Kaufleute
936 1300 993 1338 da,
1019 1301 1086 1335 und
1099 1295 1271 1341 Reichhart
1285 1294 1369 1339 hatte

448 1348 535 1395 Zeit,
559 1347 621 1391 daß
635 1356 664 1382 er
677 1347 791 1391 endlich
809 1348 911 1390 gieng.
963 1344 1014 1383 Er
1030 1348 1142 1387 redete,
1174 1344 1252 1389 ohne
1265 1344 1326 1387 daß
1338 1353 1370 1378 er

451 1391 605 1436 bedachte,
630 1390 691 1435 daß
702 1384 872 1436 Kaufleute
891 1394 932 1426 da
948 1378 1069 1425 waͤren.
1119 1387 1187 1432 Ja,
1212 1386 1314 1433 ſprach
1327 1396 1371 1431 er,

451 1457 544 1483 wenn
557 1445 680 1489 Verlag
694 1454 757 1480 nur
769 1445 823 1489 bey
837 1442 930 1488 ſeiner
941 1443 1031 1488 Frau
1045 1442 1138 1487 ſitzen,
1163 1441 1213 1487 ihr
1224 1447 1285 1479 aus
1292 1441 1370 1481 Buͤ⸗

451 1493 540 1538 chern
553 1491 705 1537 vorleſen,
730 1489 786 1536 und
798 1493 858 1528 mit
861 1493 910 1537 ihr
922 1489 1055 1527 daruͤber
1066 1488 1260 1534 raiſonniren
1275 1486 1371 1532 kann,

451 1549 511 1582 das
530 1548 567 1590 iſt
584 1545 643 1589 ſein
658 1542 808 1583 Gantzes.
858 1542 981 1584 Allein,
1006 1540 1036 1586 ſo
1053 1538 1123 1587 geht
1141 1544 1190 1581 es,
1213 1547 1305 1576 wenn
1320 1541 1370 1574 ein

450 1593 698 1640 Handelsmann
718 1584 917 1637 Geſellſchaft
932 1588 1019 1634 liebt,
1049 1591 1120 1625 oder
1138 1591 1187 1626 ein
1205 1589 1369 1636 Gelehrter

451 1644 573 1677 werden
580 1639 658 1683 will,
681 1643 723 1675 da
729 1638 794 1686 laͤßt
802 1648 880 1675 man
887 1640 934 1674 die
940 1636 1024 1675 Leute
1029 1636 1158 1683 ſchalten
1169 1641 1236 1673 und
1242 1635 1371 1681 walten.

817 1700 1014 1751 Verlag.

503 1751 557 1791 Es
569 1750 634 1797 ſind
648 1744 864 1793 unbeſonnene
872 1747 997 1785 Reden.
1047 1745 1144 1790 Doch
1155 1745 1238 1783 kann
1232 1738 1286 1796 ich
1297 1746 1374 1781 dar⸗

454 1808 516 1841 aus
528 1803 682 1851 ſchlieſſen,
707 1802 769 1848 daß
782 1812 813 1839 er
825 1803 860 1838 in
874 1801 1006 1839 meinem
1012 1798 1119 1848 Hauſe
1129 1799 1293 1844 jemanden
1307 1797 1375 1845 hat,

454 1858 506 1892 der
520 1855 587 1896 ihm
593 1851 802 1900 Nachrichten
815 1850 934 1895 bringt.

817 1905 1020 1963 Ehrlich.

506 1965 618 2012 Weißt
639 1966 682 2001 du
700 1967 790 2008 was,
819 1961 903 2000 kann
920 1959 966 2006 ich
987 1964 1036 1998 dir
1049 1961 1176 2006 dienen,
1204 1958 1235 2007 ſo
1249 1957 1374 2007 ſchreibe
