1610 2285
200 431 305 471 diente
347 425 583 477 achtzigjaͤhrige
617 424 739 467 Greis,
785 423 871 468 Herr
905 418 1090 469 Joachim

200 477 507 526 Nahmmacher,
534 473 657 516 welcher
678 474 735 518 erſt
755 484 789 521 zu
819 471 951 513 Strelitz
973 471 1091 508 Rector

201 528 335 573 geweſen,
378 531 441 560 und
456 526 525 572 jetzo
540 523 592 568 ſeit
614 521 696 558 einer
712 527 880 564 geraumen
897 508 968 563 Zeit
985 519 1090 562 daſſel⸗

201 583 273 631 bige
297 583 376 622 Amt
394 580 450 628 bey
464 583 516 619 der
531 575 718 626 Domſchule
737 588 769 620 zu
785 573 963 622 Ratzeburg
982 570 1089 610 beklei⸗

202 636 264 672 det.
318 632 427 671 Seine
450 631 582 670 Mutter
605 628 680 676 heiſt
695 623 786 668 Eva
800 622 1000 671 Chriſtina,
1027 626 1091 660 und

202 688 242 736 iſt
264 694 326 723 aus
348 690 419 723 dem
440 682 622 732 beruͤhmten
636 677 903 726 Menkenſchen
919 675 1091 725 Geſchlech⸗

202 748 232 781 te
249 740 443 788 entſproſſen.

283 787 377 818 Sein
387 781 473 822 Herr
483 777 603 819 Vater,
629 759 679 809 ein
692 767 860 819 geſchickter
870 764 1094 817 Schulmann,

203 846 266 890 ließ
278 844 333 890 ſich
349 842 448 885 nichts
463 838 551 887 mehr
571 836 736 883 angelegen
756 834 842 884 ſeyn,
865 834 917 871 als
933 832 987 870 ihn
1005 833 1094 875 fruͤh⸗

201 891 294 938 zeitig
309 889 343 926 in
360 893 417 928 den
431 885 591 929 Gruͤnden
606 889 660 925 der
675 882 829 933 Religion
854 886 918 920 und
936 868 989 920 der
1000 869 1094 934 Wiſ⸗

187 947 390 1001 ſenſchaften
407 956 442 996 zu
457 942 684 992 unterrichten;
723 946 786 983 und
809 940 848 980 ob
865 941 931 991 ihm
941 938 1034 988 gleich
1044 937 1096 983 ſei⸗

207 1012 248 1041 ne
261 998 471 1046 Schularbeit
494 997 573 1038 viele
596 996 668 1045 Zeit
691 993 878 1043 wegnahm,
906 991 961 1038 hat
985 1001 1017 1027 er
1041 989 1096 1039 ihn

206 1056 283 1102 doch
306 1053 409 1093 keines
428 1049 563 1091 anderen
572 1047 709 1099 Aufſicht
726 1037 918 1095 uͤbergeben,
940 1043 1014 1088 noch
1022 1043 1099 1089 auch

205 1114 242 1154 in
258 1115 307 1153 die
327 1113 496 1163 oͤffentliche
512 1109 655 1155 Schule,
677 1108 762 1157 ſelbſt
778 1107 859 1151 nicht
876 1105 906 1143 in
925 1103 1004 1151 ſeine
1020 1104 1101 1149 eige⸗

207 1176 248 1206 ne
264 1164 443 1213 Stunden,
467 1161 564 1211 gehen
581 1162 685 1207 laſſen.
738 1160 788 1201 Er
805 1157 922 1200 machte
937 1157 991 1203 ihn
1009 1154 1101 1198 durch

209 1219 310 1269 Huͤlfe
332 1222 384 1257 der
404 1214 601 1257 Mnemonik
625 1218 685 1251 das
699 1211 808 1251 Lernen
823 1210 910 1251 leicht
927 1214 992 1245 und
1008 1216 1102 1252 ange⸗

212 1271 320 1317 nehm.
371 1269 423 1308 Er
443 1264 641 1314 gebrauchete
665 1264 726 1302 viel
739 1262 890 1309 Exempel
912 1264 977 1299 und
997 1258 1104 1305 wenig

174 1322 351 1368 Regeln.
403 1319 490 1364 Herr
517 1313 809 1363 Nahmmacher
841 1314 897 1359 hat
922 1320 986 1349 von
1008 1310 1103 1356 dieſer

211 1371 337 1420 Lehrart
357 1369 502 1413 deſſelben
532 1367 599 1403 eine
622 1366 726 1411 eigene
742 1362 876 1409 Schrift
899 1363 1105 1410 herausgege⸗

211 1418 284 1468 ben,
311 1414 345 1455 in
358 1418 482 1460 welcher
497 1425 531 1452 er
546 1416 622 1454 auch
636 1416 734 1456 deſſen
750 1424 791 1449 an
807 1415 869 1448 das
883 1411 961 1450 Licht
974 1410 1105 1456 geſtelle⸗

215 1481 246 1511 te
268 1468 488 1515 Schulbuͤcher
509 1463 724 1511 anfuͤhret.(*)
776 1467 828 1502 Er
857 1464 966 1509 mußte
995 1462 1108 1507 ferner,

215 1529 307 1558 wenn
330 1519 390 1564 ſein
412 1517 495 1565 Herr
516 1516 625 1555 Vater
642 1513 723 1555 nicht
747 1518 879 1556 zugegen
898 1519 986 1553 war,
1012 1508 1106 1545 allein

216 1574 281 1612 und
305 1571 385 1621 ohne
408 1569 554 1617 Umgang
566 1569 625 1605 mit
639 1567 772 1604 anderen
790 1561 928 1606 bleiben,
955 1562 1058 1599 damit
1075 1573 1107 1600 er

217 1625 302 1670 nicht
323 1630 428 1661 etwan
450 1629 512 1659 von
539 1620 623 1671 ihrer
645 1621 747 1658 Unart
770 1613 953 1663 beſchmitzet
973 1617 1107 1662 werden,

219 1684 285 1720 und
309 1678 507 1726 dahingegen
519 1674 589 1724 ſein
613 1672 810 1722 Vergnuͤgen
833 1672 866 1710 in
883 1673 940 1718 den
954 1671 1109 1716 Buͤchern

191 1727 323 1782 haben
338 1730 467 1774 moͤchte.
533 1726 632 1779 Sehr
657 1727 720 1772 ofte
736 1722 912 1769 ermahnete
930 1731 962 1758 er
982 1720 1035 1769 ihn
1052 1720 1111 1758 mit

219 1790 278 1826 den
296 1784 436 1824 Worten
454 1787 511 1823 des
525 1779 669 1824 Krates
687 1778 775 1824 beym
793 1774 970 1821 Seneca;
972 1780 1009 1825 er
1047 1775 1110 1821 ſoll⸗

222 1847 252 1879 te
268 1837 327 1877 mit
341 1837 396 1885 ſich
413 1836 498 1885 ſelbſt
520 1835 678 1884 ſprechen,
700 1834 763 1870 und
779 1829 832 1877 ſich
855 1831 936 1877 wohl
954 1828 1113 1877 vorſehen,

224 1892 287 1938 daß
308 1900 340 1927 er
361 1890 422 1928 mit
445 1890 563 1929 keinem
589 1887 678 1937 boͤſen
702 1881 870 1932 Menſchen
888 1886 997 1923 redete.
1052 1882 1112 1921 Als

1081 1954 1113 1994 er

263 2002 319 2046 (*)
339 1998 384 2037 S.
404 2002 497 2034 unten
518 2006 549 2028 n.
564 2003 595 2038 7.

249 2059 301 2099 N.
313 2056 361 2097 G.
374 2051 526 2101 Europa
534 2054 630 2092 XVII
640 2050 705 2096 Th.

794 2034 840 2092 L
