1639 2469
252 491 330 540 So
344 489 515 546 gemaͤßigt
539 497 607 535 und
624 498 750 541 gerecht
773 498 854 539 auch
873 499 987 531 immer
1004 489 1053 529 die

207 539 404 595 Regierung
427 550 487 583 des
517 551 695 592 Auguſtus
718 562 815 588 war,
820 556 863 592 ſo
904 553 987 579 blieb
1010 554 1050 585 ſie

203 598 345 652 dennoch
361 603 447 652 nicht
461 610 527 644 von
536 605 853 652 Verſchwoͤrungen
866 608 953 645 frey:
982 607 1050 639 So

200 657 269 709 ſehr
287 660 324 710 iſt
340 659 372 701 in
405 657 442 712 ſo
436 657 610 706 wichtigen
625 660 774 706 Dingen
791 664 841 696 die
857 661 1051 700 Neuerung

199 713 360 766 verhaßt,
393 715 461 757 und
493 712 574 763 zieht
604 715 696 763 ihren
730 716 925 762 Urhebern,
968 718 1049 758 aufs

201 770 366 819 mindeſte,
382 766 511 819 gewiſſe
527 767 665 818 Gefahr
682 774 731 816 zu.
783 771 836 807 Es
854 773 1050 812 entſponnen

202 819 261 872 ſich
286 821 394 871 etliche
418 817 736 869 Verſchwoͤrungen
760 827 866 859 wider
890 827 951 856 den
974 825 1051 856 Au⸗

200 874 331 926 guſtus.
398 873 603 923 Diejenige,
638 880 704 912 von
728 877 785 911 der
809 879 856 917 ich
882 881 930 910 itzt
951 880 1051 911 reden

201 929 330 978 werde,
357 929 432 972 weil
448 929 489 977 ſie
505 930 538 969 in
555 929 620 968 das
638 926 801 972 Conſulat
818 933 876 964 des
893 925 1049 968 Marcel⸗

201 979 258 1021 lus
280 980 347 1020 und
372 980 431 1022 des
460 975 631 1020 Aruntius
648 974 743 1023 faͤllt,
771 978 862 1019 hatte
885 987 957 1019 zum
975 985 1048 1013 An⸗

201 1032 304 1081 ſtifter
324 1034 386 1076 den
403 1028 562 1081 Fannius
578 1022 712 1082 Caͤpio,
737 1030 873 1073 welcher
888 1039 956 1066 uns
972 1037 1049 1073 auſ⸗

200 1082 324 1129 ſerdem
347 1083 448 1127 durch
471 1080 579 1129 nichts
603 1083 728 1125 anders
748 1081 893 1122 bekannt
908 1084 967 1126 iſt,
993 1089 1049 1119 als

200 1136 267 1183 daß
283 1135 444 1184 Vellejus
459 1132 516 1183 ihn
532 1131 594 1178 mit
618 1131 722 1174 einem
738 1134 872 1177 Worte
887 1137 941 1169 als
956 1139 1048 1169 einen

199 1183 379 1237 boshaften
402 1182 525 1230 Mann
547 1183 757 1235 abſchildert,
787 1191 856 1222 und
885 1191 939 1221 als
955 1192 1048 1222 einen

201 1240 259 1285 der
280 1238 367 1283 einer
390 1237 512 1292 ſolchen
528 1238 710 1286 Meuterey
726 1245 941 1278 vollkommen
957 1245 1050 1277 wuͤr⸗

201 1293 259 1343 dig
274 1300 363 1339 war.
406 1290 511 1340 Unter
526 1294 630 1336 ſeinen
639 1296 960 1340 Mitverſchwornen
970 1309 1050 1326 nen⸗

200 1365 263 1394 nen
284 1360 350 1398 uns
372 1355 424 1397 die
444 1345 635 1405 Geſchichte
657 1353 718 1393 den
743 1355 884 1400 einzigen
905 1355 1049 1401 Licinius

200 1399 383 1457 Muraͤna,
399 1403 502 1457 deſſen
516 1402 574 1452 bey
584 1403 802 1452 Gelegenheit
818 1410 875 1443 des
890 1406 970 1442 uͤber
987 1409 1050 1441 den

201 1449 258 1506 M.
258 1455 431 1507 Primus
451 1454 645 1507 gehaltenen
670 1459 852 1504 Gerichts,
876 1459 1051 1500 erwaͤhnet

199 1503 359 1559 worden,
380 1508 451 1552 und
475 1510 613 1558 welcher
637 1514 830 1553 ungeachtet
845 1516 944 1551 ſeiner
959 1514 1052 1545 uͤbri⸗

198 1577 262 1613 gen
276 1575 358 1614 ganz
373 1572 476 1616 guten
491 1565 761 1618 Eigenſchaften,
776 1567 836 1614 ſich
853 1569 953 1611 durch
970 1570 1052 1610 ſeine

171 1612 392 1662 unbaͤndige
408 1613 524 1665 Zunge
538 1617 607 1659 und
623 1617 858 1664 Gemuͤthsart
879 1623 932 1650 ins
949 1621 1051 1652 Ver⸗

201 1669 320 1714 derben
342 1665 467 1721 ſtuͤrzte.

253 1721 347 1772 Jhre
369 1716 463 1772 boͤſen
477 1717 662 1772 Anſchlaͤge
686 1722 827 1761 wurden
843 1701 944 1763 durch
961 1721 1053 1757 einen

200 1776 353 1829 gewiſſen
364 1776 553 1826 Caſtricius
569 1771 722 1820 entdeckt.
758 1776 850 1819 Aber
859 1773 1050 1822 Maͤcenas,

201 1833 278 1877 weil
300 1842 334 1873 er
355 1832 418 1872 viel
442 1828 690 1880 Schwachheit
714 1836 816 1874 gegen
843 1829 924 1872 ſeine
942 1830 1051 1875 Frau,

203 1888 255 1932 die
267 1882 452 1935 Terentia,
474 1885 534 1927 des
549 1879 715 1928 Muraͤna
732 1882 935 1931 Schweſter
950 1888 1055 1929 hatte,

201 1949 278 1983 war
293 1937 380 1988 nicht
394 1928 613 1989 vermoͤgend,
637 1936 689 1978 die
705 1933 833 1985 Sache
857 1942 918 1977 vor
933 1941 984 1981 ihr
1000 1948 1057 1980 ge⸗

203 1996 290 2050 heim
308 2007 343 2047 zu
361 1993 495 2049 halten;
528 1993 597 2036 und
619 1991 695 2036 weil
717 1991 759 2043 ſie
782 1989 887 2043 ihrem
909 1991 1107 2036 Bruder

201 2055 313 2097 davon
329 2051 519 2100 Nachricht
535 2047 626 2104 gab,
651 2046 684 2098 ſo
707 2046 863 2101 ergriffen
889 2048 940 2091 die
958 2046 1060 2091 Ver⸗

202 2106 390 2158 ſchwornen
405 2106 457 2149 die
472 2103 604 2158 Flucht.

254 2158 354 2204 Man
369 2155 497 2209 machte
507 2154 606 2208 ihnen
622 2154 684 2200 den
693 2152 828 2206 Proceß
846 2163 962 2202 wegen
978 2145 1058 2193 bos⸗

198 2202 332 2267 haften
342 2204 638 2265 Auſſenbleibens;
680 2209 750 2250 und
775 2212 939 2258 nachdem
954 2210 1061 2249 Tibe⸗

623 2276 666 2329 H
688 2293 707 2325 3

987 2276 1062 2319 rius

1083 505 1138 537 n.R
1157 505 1188 534 E.
1198 512 1256 534 730.

1083 544 1105 565 v.
1124 535 1155 566 C.
1166 523 1204 565 G.
1211 542 1255 568 22.

1080 579 1277 618 Verſchwoͤrung

1080 624 1121 652 des
1131 623 1245 658 Fannius

1081 658 1160 693 Caͤpio
1175 661 1225 689 und

1081 697 1122 726 des
1131 692 1249 726 Muraͤna

1080 733 1141 761 wird
1148 732 1254 762 entdeckt

1082 772 1131 801 und
1142 769 1252 804 beſtrafft.

1116 809 1189 841 Dio.

1081 1163 1162 1203 Vell.
1173 1171 1209 1202 II.
1217 1173 1258 1205 91.

1085 1791 1182 1824 Suet.
1196 1793 1233 1824 im

1084 1831 1158 1868 Aug.
1168 1839 1189 1859 c.
1199 1832 1244 1861 66.

1097 2192 1195 2224 Suet.
1214 2190 1251 2220 im

1099 2232 1157 2263 Tib.
1166 2235 1223 2262 c.8.
