1596 2269
1040 375 1088 405 42

682 454 774 484 etwas
788 448 937 490 erſchuͤttert
949 455 1081 489 worden;
1103 451 1164 488 doch
1175 444 1218 491 mit
1239 444 1347 493 welcher
1356 450 1441 491 Frey⸗

682 510 843 547 muͤthigkeit
864 515 927 543 und
949 511 1092 550 Offenheit
1121 513 1196 548 hatte
1232 520 1260 544 er
1286 512 1333 551 ſich
1364 511 1438 548 nicht

682 574 894 612 gerechtfertigt!
916 572 1045 614 Konnte
1065 581 1109 610 er,
1131 577 1176 618 der
1198 574 1368 610 Vormund,
1392 577 1438 607 der

682 634 812 673 Freund,
838 638 882 667 der
901 635 1013 676 Mann
1033 644 1087 674 von
1093 630 1338 680 unbeſcholtenem
1356 635 1444 676 Rufe,

682 690 723 712 im
744 692 883 717 geheimen
907 690 1155 719 Einverſtaͤndniſſe
1178 690 1229 712 mit
1245 690 1303 713 dem
1320 678 1444 719 Verfuͤh⸗

682 765 726 792 rer
742 758 825 793 ſeiner
846 756 970 790 Muͤndel
993 758 1101 795 ſtehen?
1153 755 1329 798 Unmoͤglich!
1356 758 1443 790 Ueber

683 812 779 840 dieſem
789 812 877 835 Allem
893 814 936 841 lag
947 812 992 835 ein
1002 810 1282 848 undurchdringlicher
1292 802 1440 843 Schleyer.

682 874 797 912 Mitten
814 879 899 903 unter
909 856 995 909 dieſen
1000 867 1237 910 Betrachtungen
1249 873 1349 911 erfuhr
1349 873 1439 911 Ro⸗

678 943 743 984 ſa,
774 946 825 978 daß
849 941 1041 987 Rouſſeau
1074 942 1158 976 Recht
1183 943 1265 979 habe,
1302 948 1384 981 wenn
1414 948 1444 975 er

682 998 763 1031 ſagt:
806 994 863 1022 Die
888 990 1003 1023 Qualen
1019 999 1064 1021 des
1076 994 1245 1032 Kummers,
1266 995 1306 1033 die
1320 992 1444 1035 Schlaͤge

683 1058 733 1086 des
745 1056 937 1095 Mißgeſchicks
945 1056 1081 1099 erweiſen
1087 1055 1155 1096 den
1168 1055 1358 1099 Ruheſtunden
1370 1045 1443 1099 Ehr⸗

685 1116 790 1155 furcht;
812 1118 871 1148 bloß
888 1120 940 1147 das
957 1100 1026 1161 boͤſe
1040 1100 1160 1161 Gewiſſen
1180 1118 1286 1159 verſagt
1300 1117 1359 1146 dem
1368 1113 1443 1157 Muͤ⸗

683 1193 736 1224 den
752 1189 928 1230 Erhohlung.

742 1311 848 1350 Roſa
868 1318 928 1343 war
944 1308 1007 1351 fruͤh
1027 1309 1201 1352 aufzuſtehen
1215 1309 1356 1349 gewohnt,
1379 1308 1443 1354 doch

683 1369 837 1406 Krankheit
858 1369 933 1407 hatte
947 1363 991 1414 ſie
993 1367 1177 1407 geſchwaͤcht,
1206 1373 1262 1401 und
1287 1370 1327 1402 die
1350 1368 1444 1414 Stra⸗

682 1435 768 1466 pazen
785 1433 831 1460 des
847 1429 957 1466 vorigen
968 1427 1059 1467 Tages
1068 1430 1181 1461 wirkten
1199 1431 1259 1460 wie
1269 1431 1313 1464 ein
1325 1428 1443 1473 Schlaf⸗

684 1494 784 1527 trunk,
808 1490 859 1528 auf
876 1492 927 1529 ſie;
948 1492 1008 1522 eine
1038 1494 1120 1529 große
1142 1491 1333 1529 Schloßglocke
1355 1492 1441 1534 ſchlug

684 1548 751 1579 eben
767 1547 852 1583 zehn,
888 1549 932 1577 als
960 1548 997 1585 ſie
1010 1541 1147 1582 erwachte.
1199 1544 1353 1586 Erroͤthend
1374 1545 1441 1581 uͤber

684 1615 742 1654 ihre
765 1612 971 1652 Nachlaͤßigkeit
989 1614 1065 1649 ſtand
1085 1614 1117 1651 ſie
1140 1613 1287 1649 geſchwind
1310 1612 1369 1647 auf,
1391 1617 1444 1650 zog

684 1676 733 1715 ſich
755 1675 838 1712 eiligſt
858 1682 912 1710 an,
942 1677 999 1706 und
1015 1677 1115 1707 wollte
1134 1675 1240 1711 ſogleich
1259 1675 1363 1713 gehen,
1391 1681 1440 1706 um

684 1736 735 1778 ſich
757 1744 851 1775 wegen
873 1735 947 1776 ihres
968 1733 1059 1776 ſpaͤten
1079 1735 1245 1776 Aufſtehens
1262 1744 1295 1775 zu
1311 1736 1454 1776 entſchul⸗
