1595 2622
528 512 626 571 558

788 503 946 556 Praxis
946 503 1189 556 Arndiana,

523 602 623 652 nicht
635 606 677 651 in
690 602 753 655 ihr
765 602 856 655 hat,
882 604 926 651 O
944 604 982 654 ſo
999 603 1100 657 muß
1112 603 1159 658 ſie
1172 605 1333 656 manche
1344 606 1457 660 Tief⸗

520 664 556 714 fe
587 668 656 712 der
688 663 988 716 Anſechtungen
1028 663 1190 711 leiden:
1232 661 1301 719 Ja
1343 666 1455 712 mein

520 697 647 765 GOtt,
692 721 813 760 wenn
826 722 925 759 man
940 712 1041 766 nicht
1055 713 1189 771 fleiſſig
1199 714 1340 767 betet,
1376 714 1453 771 fol⸗

519 785 583 829 get
604 789 664 823 ein
693 776 853 830 ſicheres
879 776 1025 828 freches
1048 770 1210 830 Leben,
1238 784 1320 825 aus
1343 778 1453 827 einer

518 833 679 891 Suͤnde
706 842 748 885 in
779 841 837 887 die
863 839 1047 889 andere!
1088 842 1194 888 denn
1226 839 1353 896 fuͤhlet
1384 845 1453 890 der

520 898 687 948 Menſch
719 898 823 946 nicht
855 896 986 953 ſeinen
1007 897 1204 948 Schaden
1229 902 1271 948 in
1294 900 1455 949 Adam,

517 958 602 1005 und
633 954 851 1017 Heucheley
880 953 977 1006 uͤbet
1004 966 1048 1004 er
1076 959 1122 1006 in
1150 959 1274 1006 allem
1310 956 1454 1011 ſeinem

517 1016 812 1070 Gottesdienſt.
877 1021 1077 1069 Darum,
1109 1019 1175 1068 ach
1187 1025 1294 1069 mein
1305 1021 1453 1073 GOtt,

517 1076 586 1131 laß
605 1075 703 1130 mich
722 1074 812 1126 doch
837 1076 911 1126 alle
929 1077 1106 1128 Stunde
1126 1079 1214 1128 und
1232 1075 1455 1138 Augenbli⸗

517 1141 574 1183 cke
594 1137 672 1183 mit
691 1134 1083 1191 unausſprechlichen
1107 1135 1338 1196 Seuffzern
1357 1134 1455 1189 mich

515 1204 569 1249 zu
586 1200 649 1241 dir
665 1199 873 1245 wenden!
910 1199 1043 1245 Denn
1061 1195 1178 1250 ſiehe,
1219 1200 1298 1246 wie
1317 1197 1373 1250 ich
1391 1196 1453 1245 al⸗

518 1257 552 1300 le
570 1254 747 1302 Stunde
778 1255 863 1299 und
891 1254 1156 1307 Augenblicke
1182 1258 1253 1304 des
1271 1254 1455 1303 Satans

517 1313 602 1357 und
622 1310 734 1359 boͤſer
759 1309 979 1360 Menſchen
1000 1311 1129 1360 Liſten
1153 1312 1453 1364 unterworffen

517 1362 616 1413 bin;
646 1364 710 1412 ach
725 1366 763 1419 ſo
776 1364 864 1419 laſſe
876 1365 977 1414 mich
991 1366 1089 1415 auch
1100 1370 1178 1414 mit
1195 1370 1286 1415 dem
1298 1368 1458 1419 Gebet,

516 1424 585 1475 als
597 1428 673 1472 mit
685 1428 813 1475 einem
830 1426 1030 1478 Schilde,
1048 1428 1176 1476 wider
1192 1429 1321 1476 meine
1336 1427 1455 1487 Fein⸗

516 1489 561 1536 de
582 1484 678 1534 mich
699 1483 917 1537 wapnen!
944 1486 1023 1539 Ach
1045 1485 1157 1542 wehe
1184 1485 1457 1547 demjenigen,

516 1552 583 1601 der
602 1548 705 1600 nicht
725 1547 862 1609 fleiſſig
884 1550 1006 1601 betet!
1037 1552 1133 1604 Der
1157 1550 1200 1604 iſt
1200 1550 1243 1609 je
1262 1545 1374 1608 wohl
1385 1556 1453 1598 der

517 1606 935 1668 allerungluͤckſeligſte
954 1611 1125 1666 Menſch
1153 1616 1197 1663 in
1215 1612 1360 1668 ſeinem
1379 1611 1452 1662 Le⸗

516 1666 591 1716 ben
620 1672 704 1717 und
733 1666 969 1717 Wandel,
1004 1670 1100 1717 auch
1119 1669 1192 1724 bey
1220 1670 1318 1720 aller
1334 1673 1454 1721 ſeiner

516 1733 655 1787 Ehre,
677 1732 863 1784 Wolluſt
881 1734 967 1782 und
986 1731 1258 1789 Reichthum;
1275 1736 1362 1784 und
1382 1740 1452 1783 zu⸗

513 1787 594 1834 letzt
623 1787 730 1830 wird
761 1788 807 1829 es
837 1781 910 1836 ihn
930 1789 1136 1837 gereuen,
1167 1780 1247 1840 daß
1280 1794 1324 1835 er
1351 1780 1452 1835 nicht

514 1842 697 1905 fleiſſiger
726 1846 879 1902 gebetet
908 1845 994 1898 hat.
1049 1848 1130 1899 Ach
1166 1851 1275 1900 keine
1309 1846 1452 1906 Zunge

513 1907 589 1954 kan
603 1900 797 1956 erreichen
809 1905 885 1951 den
898 1902 1056 1961 groſſen
1066 1904 1261 1960 Schaden,
1333 1908 1373 1958 ſo
1384 1909 1451 1952 der

516 1965 686 2012 Menſch
708 1965 807 2013 hat,
832 1967 954 2006 wenn
948 1967 993 2021 er
1046 1961 1148 2015 nicht
1176 1959 1310 2018 fleiſſig
1325 1954 1451 2008 betet!

516 2025 695 2072 Darum
698 2027 725 2085 O
776 2020 974 2080 gnaͤdiger
994 2026 1158 2077 GOtt,
1182 2017 1209 2080 O
1258 2022 1451 2084 gnaͤdiger

514 2082 673 2125 guͤtiger
685 2083 865 2125 Vatter!
886 2082 969 2124 Du
986 2081 1098 2129 weiſt
1119 2077 1205 2130 ſehr
1224 2076 1354 2134 wohl,
1374 2068 1452 2126 daß

518 2133 587 2183 der
619 2138 787 2189 Menſch
862 2141 980 2186 durch
1016 2140 1113 2193 ſeine
1151 2135 1338 2197 Faulheit
1367 2135 1451 2182 und

514 2191 822 2250 Nachlaͤſſigkeit
849 2198 916 2249 ſich
938 2196 1059 2249 ſelber
1079 2196 1218 2252 quaͤlet
1245 2197 1327 2243 und
1361 2190 1450 2247 pla⸗

519 2255 619 2301 get;
653 2253 786 2294 indem
806 2264 850 2299 er
873 2257 984 2297 deine
1009 2257 1171 2301 Gebote
1190 2246 1355 2304 verlaͤſt,
1372 2251 1449 2295 das

1350 2317 1447 2363 Ge⸗
