1651 2564
160 601 495 663 Hoch⸗Ehrwuͤrden
505 601 540 645 in
547 598 646 645 dieſer
653 596 767 650 gewiß
779 586 863 647 recht
876 584 1004 642 ſchoͤnen
1014 591 1088 634 und

162 654 475 716 leſenswuͤrdigſten
497 653 643 705 Schrift
666 653 720 697 die
748 640 952 699 kurzgefaßte
965 641 1089 696 Hiſto⸗

161 717 211 762 rie
226 714 342 766 unſers
364 703 698 764 Religionsfriedens
720 699 945 752 abgehandelt,
987 692 1090 748 eroͤff⸗

165 780 230 813 nen
239 763 409 819 dieſelben,
428 764 497 812 daß
505 762 548 813 ſie
562 756 661 806 durch
668 757 749 803 dieſe
760 750 941 804 uͤbergroße
950 747 1090 801 Wohl⸗

165 819 243 869 that
260 826 298 867 zu
313 815 402 861 einer
417 813 541 866 ſolchen
555 807 694 860 Jahres
709 807 877 853 Methode
892 798 1095 851 veranlaſſet

166 871 318 921 worden,
339 866 422 918 nach
438 863 572 915 welcher
586 861 627 912 ſie
642 856 805 910 jedesmal
820 854 1037 904 vorgeſtellet:

168 950 278 1005 Den
294 943 510 1005 geiſtlichen
530 938 636 993 uͤber
654 936 754 988 alles
768 930 987 986 herrlichen
1003 932 1096 983 Re⸗

234 1001 549 1071 ligionsfrieden
564 993 873 1058 Evangeliſcher
880 990 1094 1049 Chriſten,

169 1071 236 1107 wie
258 1067 396 1107 derſelbe
410 1056 613 1107 gegruͤndet:

195 1135 224 1176 I.
247 1133 287 1172 in
308 1129 378 1170 der
403 1122 580 1177 gewiſſen
607 1116 905 1172 Ueberzeugung
928 1120 1008 1156 von
1028 1108 1102 1154 der

212 1184 474 1216 Wahrheit
497 1180 604 1216 ihrer
627 1175 835 1216 Religion;

202 1243 254 1285 II.
278 1240 320 1284 in
345 1238 416 1279 der
444 1227 730 1286 unablaͤßlichen
751 1219 1014 1276 Bemuͤhung,
1055 1224 1105 1264 zu

255 1293 436 1340 wandeln
452 1290 547 1343 nach
568 1290 637 1345 der
652 1286 742 1339 heil.
757 1280 984 1336 Vorſchrift
998 1275 1107 1328 ihrer

254 1336 462 1401 Religion;

199 1403 263 1444 III.
289 1401 330 1443 in
338 1397 404 1444 der
430 1382 713 1447 vollkommenen
736 1381 971 1438 Beruhigung
996 1372 1110 1434 durch

251 1461 327 1504 den
341 1456 399 1509 ſel.
423 1454 546 1508 Troſt
571 1451 679 1504 ihrer
700 1444 907 1499 Religion.

231 1534 295 1580 Jn
309 1533 368 1573 der
375 1525 608 1575 Anwendung
625 1522 711 1576 jeder
718 1518 869 1572 Predigt
877 1516 917 1569 iſt
925 1517 982 1561 der
989 1512 1111 1560 Evan⸗

182 1582 317 1638 geliſche
334 1579 452 1631 Chriſt
476 1579 564 1631 kraft
582 1575 686 1624 ſeines
705 1570 868 1623 Antheils
886 1579 934 1612 an
949 1563 1114 1618 ſothanen

181 1639 265 1687 uͤber
283 1637 371 1681 alles
388 1629 566 1685 herrlichen
580 1621 917 1679 Religionsfrieden,

245 1697 306 1742 als
321 1696 381 1739 ein
396 1688 621 1746 gluͤckſeliges
637 1688 749 1733 Kind
765 1686 834 1728 des
849 1679 1045 1737 Friedens,

184 1764 407 1829 dargeſtellet,
430 1760 502 1806 und
514 1755 656 1809 gezeiget
671 1756 832 1806 worden,
856 1750 923 1798 wie
937 1744 1119 1801 daſſelbige

184 1824 357 1879 genießet:

210 1878 243 1911 I.
266 1877 341 1909 den
361 1863 523 1918 Frieden
546 1865 620 1903 mit
639 1861 771 1912 Gott,
800 1855 901 1904 durch
930 1855 994 1893 den
1012 1851 1114 1902 feſten

263 1934 433 1983 Glauben
449 1942 498 1976 an
511 1927 597 1980 ſeine
611 1919 760 1979 gnaͤdige
776 1917 1021 1973 Verheißung,
1049 1914 1120 1962 wie

267 2000 304 2036 es
331 1992 438 2034 ferner
464 1987 579 2031 ſuchet,

214 2046 263 2085 II.
293 2042 366 2082 den
377 2038 536 2093 Frieden
554 2039 593 2078 in
603 2031 723 2084 Gott,
739 2028 802 2079 bey
810 2023 977 2079 richtigem
988 2021 1119 2070 Wan⸗

215 2097 323 2141 del
343 2095 379 2138 in
382 2092 437 2143 der
437 2085 627 2144 taͤglichen
635 2082 881 2138 Erneuerung;
904 2070 973 2126 wie
993 2083 1029 2120 es
1038 2076 1123 2120 end⸗

273 2148 335 2196 lich
353 2151 531 2194 erwartet:

216 2208 279 2249 III.
300 2203 373 2244 den
390 2198 539 2253 Frieden
557 2200 617 2248 bey
628 2194 751 2248 Gott,
765 2193 863 2236 unter
872 2182 1037 2241 freudiger
1045 2181 1124 2228 Ge⸗

270 2260 353 2306 duld
380 2260 451 2304 und
470 2253 670 2310 Hoffnung.
