1807 2617
436 376 574 427 Meiſen
574 376 810 427 verſchiedener
810 376 893 427 Art.

1059 390 1126 431 167

366 524 454 567 Fig.
492 528 528 564 7.
582 528 666 563 Die
689 523 956 567 Bartmeiſe.

482 579 597 619 (Parus
626 580 832 619 biarmicus.)

278 658 340 693 Der
364 659 535 699 auffallende
558 656 620 697 Zug
644 659 674 691 in
698 661 745 691 der
769 660 903 699 Bildung
927 659 1011 700 dieſer
1032 659 1124 702 Meiſe

189 699 222 742 iſt
248 705 293 737 ein
318 705 471 744 ſchwarzer,
496 704 549 741 faſt
571 704 727 744 dreieckiger
751 701 827 742 Fleck
855 706 907 741 auf
937 706 1007 742 jeder
1039 706 1125 738 Seite

188 760 238 793 des
262 763 385 802 Kopfes;
409 763 454 793 die
477 759 568 800 Baſis
592 760 679 799 dieſes
705 762 902 800 umgekehrten
935 761 1062 794 Dreiecks
1083 772 1124 795 er⸗

192 814 255 853 hebt
280 813 326 850 ſich
352 813 395 843 ein
418 810 511 851 wenig
535 808 601 844 uͤber
625 812 667 845 die
686 811 808 852 Augen,
835 813 893 842 und
916 815 959 844 die
982 817 1048 848 nach
1073 823 1126 843 un⸗

189 870 236 900 ten
260 867 417 908 zugekehrte
441 868 538 908 Spitze
561 868 625 908 geht
649 871 705 908 auf
725 871 784 901 dem
799 867 887 909 Halſe
911 879 930 911 9
956 869 999 900 bis
1026 878 1064 902 10
1081 868 1125 902 Li⸗

189 921 255 952 nien
279 923 346 959 lang
367 925 428 952 von
453 923 500 954 der
530 921 620 962 Baſis
651 922 744 960 herab.
789 922 871 954 Man
901 923 951 960 hat
953 922 988 966 in
1030 922 1125 959 dieſen

191 973 342 1012 ſchwarzen
371 973 481 1011 Flecken
512 974 604 1014 einige
626 973 814 1013 Aehnlichkeit
836 976 890 1006 mit
919 974 1010 1006 einem
1033 975 1127 1008 Barte

191 1027 341 1062 gefunden,
366 1028 423 1057 und
446 1027 538 1058 davon
563 1024 658 1064 Anlaß
683 1035 731 1067 zur
754 1026 939 1065 Benennung
963 1026 1127 1067 Bartmeiſe

189 1085 366 1115 genommen.
414 1080 474 1113 Die
498 1076 590 1119 Laͤnge
613 1082 662 1112 des
686 1077 870 1115 Maͤnnchens
894 1097 931 1103 —
957 1082 1010 1112 das
1026 1080 1126 1113 Weib⸗

188 1120 251 1163 chen
274 1127 307 1164 iſt
331 1129 377 1159 ein
405 1125 498 1166 wenig
530 1127 631 1158 kleiner
653 1141 695 1148 —
724 1125 835 1166 betraͤgt
864 1132 953 1157 etwas
983 1126 1052 1158 uͤber
1082 1127 1126 1167 6¼

188 1177 262 1213 Zoll.
308 1177 372 1210 Der
392 1168 561 1216 Schnabel
555 1170 608 1221 iſt
618 1186 656 1209 an
677 1177 699 1209 6
728 1177 827 1209 Linien
851 1180 928 1212 lang,
960 1179 1124 1214 orangefar⸗

190 1232 241 1261 ben
265 1232 303 1260 im
328 1230 435 1265 Leben,
469 1230 534 1259 aber
565 1231 648 1265 gleich
671 1230 737 1262 nach
758 1232 821 1259 dem
844 1230 922 1260 Tode
943 1234 992 1262 des
1010 1230 1124 1269 Vogels

189 1280 327 1320 ſchmutzig
349 1280 422 1319 gelb.
468 1280 531 1314 Der
555 1281 685 1317 Scheitel
707 1279 739 1319 iſt
760 1288 847 1319 grau,
879 1281 926 1311 der
947 1277 1124 1320 Hinterhals

188 1336 247 1366 und
271 1337 315 1366 der
337 1334 415 1366 obere
438 1333 524 1373 Theil
545 1336 594 1368 des
617 1332 753 1369 Ruͤckens
784 1334 928 1375 gelbroth;
961 1336 1003 1367 die
1031 1332 1124 1373 Kehle

189 1390 279 1428 weiß;
300 1390 344 1422 die
358 1388 448 1429 Bruſt
464 1389 660 1429 fleiſchfarbig;
685 1387 798 1427 Bauch,
816 1389 920 1421 Seiten
937 1390 993 1423 und
1011 1389 1121 1427 Schen⸗

189 1445 228 1477 kel
251 1444 310 1483 ſind
345 1450 402 1475 von
431 1444 476 1474 der
506 1441 592 1481 Farbe
622 1446 669 1477 des
693 1441 839 1478 Ruͤckens,
871 1452 928 1474 nur
955 1445 1050 1481 heller;
1076 1445 1124 1475 der

190 1498 274 1536 After
311 1498 345 1538 iſt
384 1497 507 1536 ſchwarz.
559 1496 624 1530 Der
663 1498 747 1536 lange
776 1495 948 1538 keilfoͤrmige
980 1496 1125 1537 Schwanz

189 1555 261 1592 mißt
284 1554 400 1592 beinahe
430 1560 449 1594 3
483 1552 563 1590 Zoll,
595 1555 655 1586 und
686 1555 754 1595 ſieht
774 1554 829 1595 faſt
850 1555 903 1586 wie
934 1557 979 1587 der
1008 1552 1125 1588 Ruͤcken

191 1608 263 1643 aus;
287 1607 329 1637 die
352 1605 443 1637 Beine
466 1605 525 1642 ſind
546 1606 673 1644 ſchwarz.

276 1692 346 1726 Das
359 1690 507 1729 Weibchen
524 1690 576 1730 hat
591 1690 650 1723 eine
670 1697 738 1723 vom
749 1689 918 1727 Maͤnnchen
928 1690 958 1723 in
973 1690 1123 1730 folgenden

190 1743 318 1777 Stuͤcken
338 1743 515 1781 verſchiedene
548 1741 657 1781 Farbe;
689 1747 718 1776 es
742 1743 831 1783 fehlen
853 1742 911 1781 ihm
934 1744 978 1776 die
1009 1744 1122 1781 ſchwar⸗

188 1796 236 1826 zen
259 1790 371 1825 Flecken
394 1798 431 1821 an
450 1780 504 1822 den
540 1790 648 1823 Seiten
685 1791 732 1821 des
761 1789 884 1828 Kopfes;
916 1792 964 1821 der
996 1791 1125 1824 Scheitel

191 1852 224 1889 iſt
247 1851 364 1890 roſtroth
388 1851 442 1881 mit
464 1851 612 1888 ſchwarzen
635 1849 759 1888 Flecken,
792 1851 850 1880 und
878 1851 923 1883 die
947 1850 1053 1889 Federn
1076 1859 1123 1882 am

193 1903 274 1939 After
306 1903 363 1941 ſind
394 1903 467 1936 nicht
504 1902 634 1940 ſchwarz,
678 1903 795 1942 ſondern
830 1902 885 1934 mit
916 1902 970 1934 den
1006 1899 1124 1939 uͤbrigen

189 1955 310 1996 Theilen
335 1961 387 1984 von
412 1954 525 1993 gleicher
546 1954 649 1994 Farbe.

277 2042 359 2078 Man
382 2039 440 2076 will
461 2047 549 2074 etwas
572 2043 748 2085 Beſonderes
770 2041 801 2073 in
823 2044 883 2076 dem
899 2043 1045 2081 Betragen
1069 2043 1123 2075 die⸗
