1639 2358
621 496 649 513 1.

201 517 253 583 A

253 517 277 557 ls
286 520 361 557 nechſt
370 519 407 555 ich
416 520 485 551 mein
497 519 595 556 geſicht'
603 520 649 552 auf
656 518 696 547 ein
708 526 769 552 paar
778 517 856 553 bruͤſte
864 518 975 552 wandte,

289 561 356 593 War
365 562 415 591 mir
426 561 530 593 gelohnt
545 560 590 595 mit
595 556 653 599 feur
666 555 711 595 und
727 560 795 591 glut,

235 603 286 640 Jch
297 602 336 640 ſah
350 611 406 638 zwar
417 603 500 636 nichts
517 607 557 634 als
566 604 642 639 milch
650 605 701 633 und
711 602 779 634 blut,

198 640 256 671 Und
268 647 320 672 was
328 643 373 677 ſich
382 642 475 677 weiſſer
486 642 547 671 noch
562 643 603 670 als
612 641 731 672 alabaſter
740 643 846 673 nannte,

237 683 277 713 Es
284 685 349 718 wieß
356 684 397 713 ein
406 680 592 717 ſchnee⸗gebuͤrg
600 689 646 711 vor
652 682 754 710 meinen
763 687 844 713 augen
853 681 900 714 ſich

240 726 298 756 Und
307 726 375 762 aber,
384 725 443 760 ach!
454 727 562 761 dennoch
571 726 695 758 umgaben
704 725 824 760 flammen
835 724 913 758 mich.

633 771 649 788 2.

202 805 263 849 Wie
277 813 436 846 wunderbahr
446 811 514 843 kanſt
524 804 551 845 du
560 812 677 843 Laurette
686 810 739 847 dich
747 810 888 846 verſtellen!

238 855 290 891 Jch
301 853 372 888 dacht
381 855 425 888 bey
434 852 520 884 deiner
528 851 607 887 bruͤſte
620 859 682 887 paar

239 900 289 929 Als
298 896 378 935 fleiſch
386 897 438 926 und
448 896 517 932 blut,
539 894 578 932 ſey
587 896 655 931 nicht
662 895 759 930 gefahr,

206 936 262 969 Sie
271 938 328 967 aber
337 935 441 965 wurden
451 941 502 966 mir
510 942 539 970 zu
554 937 638 966 lauter
647 933 889 971 flammen⸗quellen,

241 983 290 1020 Jch
300 984 373 1016 wolt'
381 982 428 1017 auf
433 983 517 1014 deiner
526 983 591 1018 bruſt
598 982 638 1013 die
646 978 812 1018 zucker⸗aͤpffel
821 982 888 1020 ſehn,

243 1028 301 1059 Und
310 1025 473 1063 feuer⸗ballen
482 1026 530 1063 ſeh'
541 1025 578 1062 ich
593 1032 644 1056 mir
653 1027 749 1057 daraus
757 1026 875 1060 entſtehn.

591 1076 644 1102 3.

208 1104 260 1137 Ein
269 1104 533 1141 anmuths⸗weſtwind
540 1104 583 1134 der
589 1103 639 1138 auf
644 1102 724 1140 ſelben
732 1102 835 1136 damals
843 1102 944 1140 ſpielte,

243 1150 322 1189 Facht
330 1152 391 1185 noch
398 1153 474 1185 darzu
482 1153 529 1181 das
536 1150 607 1184 feuer
619 1151 673 1184 auf,

248 1192 294 1224 So
304 1192 352 1227 daß
368 1190 407 1220 die
415 1190 518 1225 flamme
527 1190 598 1225 ihren
607 1190 680 1225 lauff,

213 1231 304 1269 Durch
313 1230 381 1264 mein
391 1231 542 1262 entbrauute
551 1232 618 1266 bruſt
625 1231 677 1262 mit
684 1231 761 1262 voller
768 1230 853 1266 macht
861 1228 977 1267 erhielte,

246 1277 355 1316 Jemehr
363 1277 490 1315 dieſelbig'
500 1277 526 1309 in
534 1280 576 1310 der
584 1277 663 1314 bruͤſte
671 1276 744 1314 baͤlge
751 1277 818 1313 ſtieß,

248 1317 285 1353 Je
293 1318 363 1355 mehr
371 1322 396 1348 er
404 1315 465 1353 auch
474 1316 513 1349 die
521 1318 579 1353 glut
588 1314 615 1347 in
624 1315 721 1350 meiner
730 1317 795 1354 bruſt
804 1315 915 1354 anbließ.

595 1368 630 1397 4.

210 1400 267 1432 Und
275 1401 336 1439 noch
347 1400 441 1437 ietzund
449 1401 511 1437 muß
520 1399 556 1436 ich
564 1400 606 1432 der
615 1400 738 1437 flammen
746 1399 830 1437 macht
838 1398 968 1435 erkennen,

250 1447 329 1480 Mein
337 1448 408 1484 hertz,
426 1446 451 1482 ſo
458 1447 561 1477 damals
570 1446 738 1482 angebrandt,

250 1481 342 1523 Brennt
366 1482 425 1523 noch
439 1489 497 1517 zum
511 1482 642 1517 weyrauch
650 1484 735 1515 deiner
744 1481 821 1518 hand,

214 1515 272 1555 Und
280 1525 334 1556 will
342 1522 391 1555 auf
394 1520 458 1555 ewig
466 1523 528 1554 auch
537 1529 567 1555 zu
576 1522 676 1554 deinem
685 1524 776 1557 ruhme
789 1523 918 1551 brennen;

247 1564 326 1595 Denn
334 1563 393 1593 weil
400 1563 440 1593 ein
449 1562 541 1598 kuͤhner
550 1563 610 1593 blick
617 1564 661 1596 hat
670 1562 781 1592 meinem
788 1561 847 1595 geiſt
856 1552 959 1598 beliebt,

251 1606 301 1648 So
302 1606 386 1642 leidet
396 1604 424 1646 er
421 1604 475 1637 mit
488 1601 550 1646 recht
563 1612 604 1636 vor
609 1610 667 1639 das,
675 1611 732 1637 was
746 1613 772 1637 er
779 1604 881 1638 veruͤbt.

619 1660 652 1684 5.

215 1685 312 1726 Jedoch
321 1688 371 1726 ſolt
380 1685 457 1723 dieſer
466 1686 545 1719 brand
553 1685 605 1717 mir
613 1684 786 1723 unertraͤglich
795 1684 884 1720 fallen,

255 1733 301 1763 So
308 1731 390 1768 goͤnne
398 1729 450 1762 mir
464 1737 513 1762 nur
523 1729 595 1761 einen
603 1732 657 1763 tag,

253 1776 296 1806 An
304 1779 362 1808 dem
378 1775 415 1812 ich
423 1775 489 1812 mich
497 1774 619 1812 abkuͤhlen
627 1778 697 1810 mag,

219 1807 260 1845 Jn
269 1811 368 1843 deinem
379 1809 576 1846 ſchnee⸗gebuͤrg'
585 1812 635 1841 und
648 1807 801 1846 waͤßrichten
810 1809 930 1843 corallen,

255 1858 335 1889 Denn
343 1858 433 1894 machſt
440 1860 474 1889 du
483 1859 582 1890 vollend
596 1856 651 1893 dich
659 1864 717 1893 zum
724 1858 829 1889 wunder
838 1858 899 1888 aller
907 1857 978 1891 welt,

254 1901 341 1936 Wenn
349 1899 462 1938 kuͤhlung
470 1901 542 1933 deine
552 1900 645 1937 ſchooß,
654 1898 695 1931 die
702 1900 769 1937 bruſt
777 1898 832 1936 feur
840 1899 867 1931 in
876 1898 921 1937 ſich
929 1897 996 1936 haͤlt.

646 1950 667 1975 6.

219 1967 291 2003 Wilt
299 1972 334 2002 du
341 1963 393 2002 mir
400 1970 459 2002 aber
466 1972 525 2002 glut
534 1974 587 1999 und
596 1967 667 2003 feuer
676 1974 706 2004 zu
714 1974 854 2001 erkennen:

264 2024 379 2062 Wolan:
400 2024 425 2063 ſo
432 2024 478 2061 geh
489 2019 542 2068 ichs
553 2019 626 2069 willig
640 2024 694 2062 ein,
