1677 2665
249 529 453 573 Pamphilus.
498 526 576 563 Was
591 526 649 566 dich
668 518 762 564 nichts
776 520 893 563 angeht.

247 583 377 618 Davus.
419 579 477 619 Jch
492 579 570 617 ſinne
585 579 614 616 ja
634 579 714 614 nach.

251 635 445 677 Pamphilus
499 635 604 672 Was?
627 634 684 677 jetzt
701 635 779 673 erſt?

251 695 382 730 Davus.
425 688 557 728 Gedult!
585 689 625 728 ich
639 686 688 719 bin
704 684 791 725 gleich
804 683 899 719 damit
915 685 1011 725 fertig.

433 800 629 853 Zweiter
662 795 884 845 Auftritt.

294 896 426 938 Myſis,
454 887 666 934 Pamphilus,
695 883 878 926 Charinus,
906 886 1036 921 Davus.

255 974 378 1015 Myſis.
410 965 482 1015 (ins
499 970 568 1004 Haus
585 961 709 1014 hinein)
725 963 796 1001 Den
825 960 1022 1007 Augenblick,
1064 971 1110 993 wo
1131 974 1160 995 er

172 1016 245 1064 auch
263 1021 327 1064 ſey,
350 1020 411 1057 will
425 1020 465 1062 ich
478 1018 578 1063 Jhren
595 1014 781 1059 Pamphilus
793 1013 898 1055 Jhnen
913 1015 1086 1052 auftreiben,
1097 1022 1160 1044 und

174 1086 231 1116 mit
247 1082 304 1117 mir
319 1079 502 1123 herbringen.
546 1074 669 1113 Quaͤlen
682 1074 743 1112 Sie
758 1073 808 1115 ſich
824 1081 880 1106 nur
908 1071 983 1113 nicht
1004 1072 1049 1111 ſo,
1072 1072 1162 1105 liebes

168 1136 285 1177 Kind!

258 1178 462 1220 Pamphilus.
501 1179 623 1216 Myſis,
644 1185 711 1207 was
723 1178 757 1212 iſt
772 1178 835 1207 da?

260 1250 379 1289 Myſis.
418 1245 492 1286 Ach,
526 1241 738 1284 Pamphilus,
768 1239 831 1275 Sie
852 1237 987 1272 kommen
1010 1238 1068 1270 mir
1090 1243 1164 1279 recht

178 1289 345 1333 erwuͤnſcht.

259 1346 462 1394 Pamphilus.
507 1346 585 1382 Was
600 1346 663 1387 haſt
677 1347 744 1382 du?

260 1405 381 1448 Myſis.
421 1402 525 1439 Meine
544 1399 711 1439 Gebieterin
728 1393 793 1439 laͤßt
814 1395 924 1436 bitten,
954 1400 1039 1428 wenn
1053 1398 1114 1429 Sie
1130 1402 1166 1432 ſie

179 1460 296 1502 lieben,
332 1465 383 1500 zur
399 1454 528 1494 Stunde
541 1463 575 1498 zu
597 1452 643 1497 ihr
667 1459 701 1495 zu
723 1450 889 1492 kommen;
918 1448 954 1488 ſie
978 1450 1049 1487 habe
1068 1457 1167 1490 groſes

182 1515 357 1558 Verlangen
371 1513 443 1554 nach
457 1509 575 1554 Jhnen.

208 1586 466 1632 Pamphilus.
511 1584 577 1630 Ha,
600 1583 640 1627 ich
658 1581 839 1619 Verlorner!
862 1579 921 1624 jetzt
936 1579 970 1620 iſt
1003 1577 1062 1611 mein
1084 1577 1169 1614 Elend

184 1639 389 1678 vollkommen.
427 1645 503 1677 (zum
515 1639 628 1675 Davus)
676 1635 747 1677 Alſo
773 1628 881 1674 muͤſſen
915 1631 971 1666 wir
994 1624 1096 1672 beide,
1128 1631 1170 1676 ich

184 1704 248 1735 und
256 1701 301 1742 ſie,
316 1700 401 1738 durch
411 1698 492 1735 deine
500 1694 616 1740 ſchoͤnen
625 1689 783 1737 Anſchlaͤge
791 1692 819 1733 ſo
826 1685 996 1731 erbaͤrmlich
1007 1682 1171 1731 geaͤngſtigt

185 1755 333 1792 werden?
368 1753 461 1790 Denn
485 1757 544 1786 aus
565 1750 656 1788 keiner
681 1749 792 1783 andern
812 1744 932 1787 Urſache
953 1740 1019 1785 laͤßt
1044 1742 1080 1783 ſie
1097 1743 1172 1783 mich

186 1806 292 1847 rufen,
310 1806 359 1839 als
372 1804 438 1840 weil
458 1802 494 1845 ſie
514 1809 571 1837 von
592 1803 648 1838 den
670 1797 824 1843 Anſtalten
846 1805 881 1837 zu
909 1796 1017 1829 meiner
1038 1796 1173 1836 Hochzeit

184 1853 288 1900 gehoͤrt
304 1857 367 1895 hat.

268 1900 440 1936 Charinus.
460 1882 541 1929 Wie
555 1900 623 1936 gute
640 1905 731 1934 Ruhe
744 1905 862 1929 konntet
876 1904 920 1929 ihr
934 1904 1045 1927 haben,
1085 1919 1171 1944 wenn

189 1968 238 2003 der
253 1968 291 2003 da
311 1963 414 2008 geruht
436 1961 524 2007 haͤtte.

270 2008 399 2054 Davus.
449 2013 543 2053 Nun,
566 2019 646 2052 nun,
667 2010 754 2054 hetzen
780 2011 840 2049 Sie
860 2012 909 2048 ihn
933 2012 1018 2047 noch,
1043 2020 1128 2041 wenn
1145 2019 1175 2041 er

192 2078 266 2117 nicht
281 2073 330 2117 fuͤr
347 2075 397 2117 ſich
417 2075 500 2117 ſelber
519 2079 614 2114 genug
633 2072 716 2109 raſet.

272 2140 391 2181 Myſis.
435 2134 482 2179 Ja
497 2132 650 2179 wahrlich!
674 2134 728 2168 das
745 2133 778 2174 iſt
789 2134 819 2168 es
837 2132 924 2172 eben;
944 2120 1067 2175 daruͤber
1074 2125 1176 2175 haͤrmt

180 2180 243 2235 ſich
261 2189 317 2226 das
335 2185 416 2227 arme
429 2185 577 2229 Maͤdchen
594 2183 652 2233 jetzt
667 2187 731 2228 zum
748 2179 924 2218 Erbarmen.
