<?xml version='1.0' encoding='utf-8'?>
<PcGts xmlns="http://schema.primaresearch.org/PAGE/gts/pagecontent/2019-07-15" xmlns:xsi="http://www.w3.org/2001/XMLSchema-instance" pcGtsId="PAGE_01" xsi:schemaLocation="http://schema.primaresearch.org/PAGE/gts/pagecontent/2019-07-15 http://schema.primaresearch.org/PAGE/gts/pagecontent/2019-07-15/pagecontent.xsd">
  <Metadata>
    <Creator>OCR-D DFG Phase III</Creator>
    <Created>2024-01-19T13:08:51Z</Created>
    <LastChange>2024-01-19T13:08:51Z</LastChange>
    <Comments>ODEM: OCR-D extension for mass digitization (2021-2024)</Comments>
  </Metadata>
  <Page imageFilename="urn+nbn+de+gbv+3+1-519298-p0179-9_ger.jpg" imageWidth="1647" imageHeight="2340" type="content" primaryLanguage="German">
    <Border>
      <Coords points="109,137 96,2271 1465,2226 1531,145"/>
    </Border>
    <ReadingOrder>
      <OrderedGroup id="ro_1651831140261" caption="Regions reading order">
        <RegionRefIndexed index="0" regionRef="TextRegion_1649318167125_1048"/>
        <RegionRefIndexed index="1" regionRef="TextRegion_1649318169974_1053"/>
        <RegionRefIndexed index="2" regionRef="TextRegion_1649318169974_1052"/>
      </OrderedGroup>
    </ReadingOrder>
    <TextRegion orientation="-0.101820186" readingDirection="left-to-right" id="TextRegion_1649318167125_1048" custom="readingOrder {index:0;}">
      <Coords points="255,455 1036,448 1038,730 257,730"/>
      <TextLine id="region0000_line0002" custom="readingOrder {index:0;}">
        <Coords points="939,453 905,458 886,455 881,459 871,460 856,460 850,455 837,454 832,457 824,453 813,453 808,460 772,457 766,460 745,461 736,461 730,455 722,455 715,461 708,456 699,456 693,461 665,458 658,463 621,465 570,464 565,460 555,460 546,465 510,465 498,464 490,459 459,461 450,456 389,460 367,457 361,462 317,457 255,456 254,511 456,508 465,509 470,514 480,514 485,509 492,509 533,515 539,511 573,513 626,508 692,507 826,508 830,511 839,511 844,507 858,507 917,507 922,512 941,512 946,507 1034,505 1034,461 1003,460 992,458 986,453"/>
        <Word id="region0000_line0002_word0000" custom="readingOrder {index:0;}">
          <Coords points="276,464 411,465 410,503 275,502"/>
          <TextEquiv conf="0.83437866">
            <Unicode>Staates</Unicode>
          </TextEquiv>
        </Word>
        <Word id="region0000_line0002_word0001" custom="readingOrder {index:1;}">
          <Coords points="498,464 436,464 435,504 585,504 585,464 570,464 547,464 546,465 510,465"/>
          <TextEquiv conf="0.879272">
            <Unicode>beforget,</Unicode>
          </TextEquiv>
        </Word>
        <Word id="region0000_line0002_word0002" custom="readingOrder {index:2;}">
          <Coords points="624,471 684,467 683,494 623,498"/>
          <TextEquiv conf="0.92456496">
            <Unicode>und</Unicode>
          </TextEquiv>
        </Word>
        <Word id="region0000_line0002_word0003" custom="readingOrder {index:3;}">
          <Coords points="689,464 741,464 740,499 688,499"/>
          <TextEquiv conf="0.9291857">
            <Unicode>die</Unicode>
          </TextEquiv>
        </Word>
        <Word id="region0000_line0002_word0004" custom="readingOrder {index:4;}">
          <Coords points="764,462 870,463 869,506 763,505"/>
          <TextEquiv>
            <Unicode>Kraͤfte</Unicode>
          </TextEquiv>
        </Word>
        <Word id="region0000_line0002_word0005" custom="readingOrder {index:5;}">
          <Coords points="1029,505 1030,464 887,464 886,506 990,506"/>
          <TextEquiv conf="0.9403253">
            <Unicode>deſſelben</Unicode>
          </TextEquiv>
        </Word>
        <TextEquiv>
          <Unicode>Staates beforget, und die Kraͤfte deſſelben</Unicode>
        </TextEquiv>
      </TextLine>
      <TextLine id="region0000_line0003" custom="readingOrder {index:1;}">
        <Coords points="897,509 882,517 863,518 795,516 778,514 772,510 700,510 669,511 637,518 613,518 608,511 596,511 592,515 585,512 574,513 565,519 492,520 456,519 450,513 441,513 434,519 428,519 421,510 408,510 393,516 343,513 304,519 254,519 254,565 282,569 290,565 389,565 404,570 411,564 502,563 532,564 537,568 557,568 565,564 579,569 584,564 603,562 890,561 895,565 904,565 909,561 1034,559 1034,515 1021,515 1015,509 1006,509 998,515 953,516 949,513 930,511 922,517 912,517 907,510"/>
        <Word id="region0000_line0003_word0000" custom="readingOrder {index:0;}">
          <Coords points="273,524 323,525 323,558 273,557"/>
          <TextEquiv conf="0.96230215">
            <Unicode>zur</Unicode>
          </TextEquiv>
        </Word>
        <Word id="region0000_line0003_word0001" custom="readingOrder {index:1;}">
          <Coords points="393,516 341,516 341,559 556,559 556,519 492,520 456,519 453,516 437,516 434,519 428,519 425,516"/>
          <TextEquiv>
            <Unicode>Befoͤrderung</Unicode>
          </TextEquiv>
        </Word>
        <Word id="region0000_line0003_word0002" custom="readingOrder {index:2;}">
          <Coords points="612,517 569,517 569,558 661,558 661,517 641,517 637,518 613,518"/>
          <TextEquiv conf="0.9616241">
            <Unicode>ſeiner</Unicode>
          </TextEquiv>
        </Word>
        <Word id="region0000_line0003_word0003" custom="readingOrder {index:3;}">
          <Coords points="850,517 681,517 681,556 951,557 951,518 868,517 863,518"/>
          <TextEquiv conf="0.91644484">
            <Unicode>Vollkommenheit</Unicode>
          </TextEquiv>
        </Word>
        <Word id="region0000_line0003_word0004" custom="readingOrder {index:4;}">
          <Coords points="964,519 1027,519 1027,553 964,553"/>
          <TextEquiv conf="0.9692753">
            <Unicode>und</Unicode>
          </TextEquiv>
        </Word>
        <TextEquiv>
          <Unicode>zur Befoͤrderung ſeiner Vollkommenheit und</Unicode>
        </TextEquiv>
      </TextLine>
      <TextLine id="region0000_line0004" custom="readingOrder {index:2;}">
        <Coords points="964,563 953,569 922,571 867,571 844,567 838,563 811,563 794,568 789,564 779,564 772,570 736,571 718,570 711,563 702,563 691,568 642,566 589,573 577,573 563,566 557,570 536,569 531,573 500,575 460,574 440,567 429,568 423,573 406,573 391,568 384,572 346,568 341,571 307,575 254,574 254,616 255,621 280,623 292,621 384,621 388,624 399,624 404,620 467,619 488,620 494,624 514,621 542,624 550,619 589,617 693,616 699,621 707,621 714,616 730,615 761,618 778,614 814,614 829,619 834,614 932,614 957,615 961,619 978,615 1035,615 1034,567 1009,568 1005,565 996,565 980,569 974,563"/>
        <Word id="region0000_line0004_word0000" custom="readingOrder {index:0;}">
          <Coords points="272,578 322,579 322,612 272,611"/>
          <TextEquiv conf="0.92343116">
            <Unicode>zur</Unicode>
          </TextEquiv>
        </Word>
        <Word id="region0000_line0004_word0001" custom="readingOrder {index:1;}">
          <Coords points="384,572 341,572 341,613 513,613 513,574 500,575 460,574 454,572 424,572 423,573 406,573 403,572"/>
          <TextEquiv conf="0.9147194">
            <Unicode>Erhaltung</Unicode>
          </TextEquiv>
        </Word>
        <Word id="region0000_line0004_word0002" custom="readingOrder {index:2;}">
          <Coords points="533,573 623,573 623,613 533,613"/>
          <TextEquiv conf="0.93171823">
            <Unicode>ſeiner</Unicode>
          </TextEquiv>
        </Word>
        <Word id="region0000_line0004_word0003" custom="readingOrder {index:3;}">
          <Coords points="641,572 731,572 731,613 641,613"/>
          <TextEquiv conf="0.9094857">
            <Unicode>Ruhe</Unicode>
          </TextEquiv>
        </Word>
        <Word id="region0000_line0004_word0004" custom="readingOrder {index:4;}">
          <Coords points="747,573 882,574 882,613 747,612"/>
          <TextEquiv conf="0.9169861">
            <Unicode>wirkſam</Unicode>
          </TextEquiv>
        </Word>
        <Word id="region0000_line0004_word0005" custom="readingOrder {index:5;}">
          <Coords points="895,573 1028,573 1028,613 895,613"/>
          <TextEquiv conf="0.9139694">
            <Unicode>machet:</Unicode>
          </TextEquiv>
        </Word>
        <TextEquiv conf="0.91838497">
          <Unicode>zur Erhaltung ſeiner Ruhe wirkſam machet:</Unicode>
        </TextEquiv>
      </TextLine>
      <TextLine id="region0000_line0005" custom="readingOrder {index:3;}">
        <Coords points="778,615 757,620 733,617 727,622 705,624 676,623 670,619 645,620 604,627 561,626 556,622 529,627 515,627 512,624 492,627 487,623 476,623 471,627 455,627 450,623 440,623 435,627 425,627 417,623 403,623 398,627 369,625 365,628 357,624 345,624 337,629 322,623 255,622 255,626 255,674 256,678 326,676 350,678 354,675 371,674 394,674 404,679 419,673 508,674 579,671 613,676 618,672 734,668 764,673 769,669 904,668 977,669 983,673 997,674 1005,669 1036,668 1035,628 993,624 983,617 956,623 886,623 881,619 872,619 867,623 827,623 817,617 797,622"/>
        <Word id="region0000_line0005_word0000" custom="readingOrder {index:0;}">
          <Coords points="330,626 273,626 273,664 383,665 383,627 366,626 365,628 362,626 340,626 337,629"/>
          <TextEquiv conf="0.92831796">
            <Unicode>Dieſes</Unicode>
          </TextEquiv>
        </Word>
        <Word id="region0000_line0005_word0001" custom="readingOrder {index:1;}">
          <Coords points="400,627 461,627 461,667 400,667"/>
          <TextEquiv conf="0.9234108">
            <Unicode>ſind</Unicode>
          </TextEquiv>
        </Word>
        <Word id="region0000_line0005_word0002" custom="readingOrder {index:2;}">
          <Coords points="478,627 525,627 525,662 478,662"/>
          <TextEquiv conf="0.92973894">
            <Unicode>die</Unicode>
          </TextEquiv>
        </Word>
        <Word id="region0000_line0005_word0003" custom="readingOrder {index:3;}">
          <Coords points="548,628 618,628 618,666 548,666"/>
          <TextEquiv conf="0.92191714">
            <Unicode>drey</Unicode>
          </TextEquiv>
        </Word>
        <Word id="region0000_line0005_word0004" custom="readingOrder {index:4;}">
          <Coords points="641,624 856,625 856,666 641,665"/>
          <TextEquiv conf="0.9180057">
            <Unicode>Grundſaͤulen</Unicode>
          </TextEquiv>
        </Word>
        <Word id="region0000_line0005_word0005" custom="readingOrder {index:5;}">
          <Coords points="873,629 923,629 923,662 873,662"/>
          <TextEquiv conf="0.9300333">
            <Unicode>der</Unicode>
          </TextEquiv>
        </Word>
        <Word id="region0000_line0005_word0006" custom="readingOrder {index:6;}">
          <Coords points="1014,626 943,626 943,666 1029,666 1029,627"/>
          <TextEquiv conf="0.92318016">
            <Unicode>allge⸗</Unicode>
          </TextEquiv>
        </Word>
        <TextEquiv conf="0.92494345">
          <Unicode>Dieſes ſind die drey Grundſaͤulen der allge⸗</Unicode>
        </TextEquiv>
      </TextLine>
      <TextLine id="region0000_line0006" custom="readingOrder {index:4;}">
        <Coords points="512,675 496,679 488,676 475,679 394,678 376,684 356,686 339,686 334,679 323,678 316,686 256,685 256,728 473,729 476,732 487,732 493,728 516,731 521,727 537,727 542,731 551,731 558,726 637,725 654,715 654,684 649,679 591,679 579,676 574,680 561,680 555,675 544,675 536,679 528,675"/>
        <Word id="region0000_line0006_word0000" custom="readingOrder {index:0;}">
          <Coords points="271,686 389,687 389,722 271,721"/>
          <TextEquiv conf="0.9162718">
            <Unicode>meinen</Unicode>
          </TextEquiv>
        </Word>
        <Word id="region0000_line0006_word0001" custom="readingOrder {index:1;}">
          <Coords points="598,725 598,687 411,687 411,728 493,728 519,728 521,727 537,727 538,728 555,728 558,726"/>
          <TextEquiv conf="0.9103563">
            <Unicode>Wohlfahrt.</Unicode>
          </TextEquiv>
        </Word>
        <TextEquiv conf="0.91331404">
          <Unicode>meinen Wohlfahrt.</Unicode>
        </TextEquiv>
      </TextLine>
      <TextEquiv>
        <Unicode>Staates beforget, und die Kraͤfte deſſelben
zur Befoͤrderung ſeiner Vollkommenheit und
zur Erhaltung ſeiner Ruhe wirkſam machet:
Dieſes ſind die drey Grundſaͤulen der allge⸗
meinen Wohlfahrt.</Unicode>
      </TextEquiv>
    </TextRegion>
    <TextRegion orientation="-0.101820186" readingDirection="left-to-right" id="TextRegion_1649318169974_1053" custom="readingOrder {index:1;}">
      <Coords points="257,730 1038,730 1038,838 257,838"/>
      <TextLine id="region0000_line0007" custom="readingOrder {index:0;}">
        <Coords points="828,725 801,727 782,732 761,732 755,726 745,726 737,732 693,735 645,733 638,726 623,726 615,733 581,736 501,736 496,731 490,731 467,737 434,739 410,739 388,733 371,732 272,732 266,738 266,768 279,785 389,786 509,781 544,782 551,788 560,788 569,782 614,781 620,785 628,785 633,781 677,779 861,780 865,783 891,782 901,788 960,779 1000,781 1011,785 1037,783 1036,735 967,733 961,726 950,726 938,733 929,734 889,731 882,728"/>
        <Word id="region0000_line0007_word0000" custom="readingOrder {index:0;}">
          <Coords points="332,739 405,739 405,775 332,775"/>
          <TextEquiv conf="0.919323">
            <Unicode>Wir</Unicode>
          </TextEquiv>
        </Word>
        <Word id="region0000_line0007_word0001" custom="readingOrder {index:1;}">
          <Coords points="426,739 426,772 531,772 531,737 467,737 434,739"/>
          <TextEquiv conf="0.91212934">
            <Unicode>wollen</Unicode>
          </TextEquiv>
        </Word>
        <Word id="region0000_line0007_word0002" custom="readingOrder {index:2;}">
          <Coords points="551,736 551,778 641,778 641,734 603,734 581,736"/>
          <TextEquiv conf="0.9230522">
            <Unicode>zuerſt</Unicode>
          </TextEquiv>
        </Word>
        <Word id="region0000_line0007_word0003" custom="readingOrder {index:3;}">
          <Coords points="662,743 724,743 724,772 662,772"/>
          <TextEquiv conf="0.9220049">
            <Unicode>von</Unicode>
          </TextEquiv>
        </Word>
        <Word id="region0000_line0007_word0004" custom="readingOrder {index:4;}">
          <Coords points="746,736 797,736 797,773 746,773"/>
          <TextEquiv conf="0.9318518">
            <Unicode>der</Unicode>
          </TextEquiv>
        </Word>
        <Word id="region0000_line0007_word0005" custom="readingOrder {index:5;}">
          <Coords points="997,781 1033,781 1033,736 815,735 815,780 861,780 861,780 949,781 960,779"/>
          <TextEquiv conf="0.9194294">
            <Unicode>Geſetzgebung</Unicode>
          </TextEquiv>
        </Word>
        <TextEquiv conf="0.92129844">
          <Unicode>Wir wollen zuerſt von der Geſetzgebung</Unicode>
        </TextEquiv>
      </TextLine>
      <TextLine id="region0000_line0008" custom="readingOrder {index:1;}">
        <Coords points="302,788 296,793 257,793 257,838 398,837 421,835 426,830 426,799 421,794 336,794 317,793 311,788"/>
        <Word id="region0000_line0008_word0000" custom="readingOrder {index:0;}">
          <Coords points="270,795 369,796 369,830 270,829"/>
          <TextEquiv conf="0.90742385">
            <Unicode>reden.</Unicode>
          </TextEquiv>
        </Word>
        <TextEquiv conf="0.90742385">
          <Unicode>reden.</Unicode>
        </TextEquiv>
      </TextLine>
      <TextEquiv>
        <Unicode>Wir wollen zuerſt von der Geſetzgebung
reden.</Unicode>
      </TextEquiv>
    </TextRegion>
    <TextRegion orientation="-0.101820186" readingDirection="left-to-right" id="TextRegion_1649318169974_1052" custom="readingOrder {index:2;}">
      <Coords points="257,838 1038,838 1046,1764 265,1771"/>
      <TextLine id="region0000_line0009" custom="readingOrder {index:0;}">
        <Coords points="928,831 921,837 910,837 906,840 858,837 817,842 800,841 796,838 762,841 738,836 730,844 711,845 669,845 655,844 647,840 613,838 566,839 549,844 524,844 518,839 508,839 501,844 449,848 398,846 381,840 281,840 272,841 267,846 267,877 278,895 352,896 483,890 642,890 669,895 674,891 690,890 885,891 969,886 998,888 1009,892 1038,891 1037,842 968,841 958,833 946,835 941,831"/>
        <Word id="region0000_line0009_word0000" custom="readingOrder {index:0;}">
          <Coords points="386,842 332,842 332,880 396,880 396,845"/>
          <TextEquiv conf="0.96783656">
            <Unicode>Die</Unicode>
          </TextEquiv>
        </Word>
        <Word id="region0000_line0009_word0001" custom="readingOrder {index:1;}">
          <Coords points="422,849 481,849 481,878 422,878"/>
          <TextEquiv conf="0.9651367">
            <Unicode>von</Unicode>
          </TextEquiv>
        </Word>
        <Word id="region0000_line0009_word0002" custom="readingOrder {index:2;}">
          <Coords points="521,842 509,842 509,878 561,878 561,842 555,842 549,844 524,844"/>
          <TextEquiv conf="0.95043015">
            <Unicode>der</Unicode>
          </TextEquiv>
        </Word>
        <Word id="region0000_line0009_word0003" custom="readingOrder {index:3;}">
          <Coords points="651,842 582,842 582,882 689,882 689,845 669,845 655,844"/>
          <TextEquiv conf="0.9437379">
            <Unicode>Natur</Unicode>
          </TextEquiv>
        </Word>
        <Word id="region0000_line0009_word0004" custom="readingOrder {index:4;}">
          <Coords points="762,841 733,841 730,844 711,845 703,845 703,877 763,877 763,841"/>
          <TextEquiv conf="0.9675347">
            <Unicode>mit</Unicode>
          </TextEquiv>
        </Word>
        <Word id="region0000_line0009_word0005" custom="readingOrder {index:5;}">
          <Coords points="786,844 838,844 838,878 786,878"/>
          <TextEquiv conf="0.930563">
            <Unicode>der</Unicode>
          </TextEquiv>
        </Word>
        <Word id="region0000_line0009_word0006" custom="readingOrder {index:6;}">
          <Coords points="874,838 857,838 857,882 1028,882 1028,841 968,841 964,838 908,838 906,840"/>
          <TextEquiv>
            <Unicode>Ausuͤbung</Unicode>
          </TextEquiv>
        </Word>
        <TextEquiv>
          <Unicode>Die von der Natur mit der Ausuͤbung</Unicode>
        </TextEquiv>
      </TextLine>
      <TextLine id="region0000_line0010" custom="readingOrder {index:1;}">
        <Coords points="962,889 946,894 942,891 929,891 922,895 894,898 857,898 846,891 833,891 826,897 810,899 805,890 792,889 783,898 773,898 767,892 757,892 743,898 676,901 622,900 615,899 609,893 599,893 589,899 584,894 575,894 566,900 549,901 535,900 524,893 516,893 505,899 458,903 435,903 430,898 421,898 416,903 384,904 313,903 308,898 299,898 289,903 283,896 275,896 267,903 258,904 258,947 272,953 287,949 317,948 373,949 378,953 395,953 401,949 414,948 506,948 511,952 524,953 530,948 584,945 640,946 665,950 711,944 803,944 808,948 817,948 824,944 830,948 853,944 917,943 928,946 937,943 965,943 969,946 987,947 1002,942 1038,941 1038,927 1038,897 978,897 973,890"/>
        <Word id="region0000_line0010_word0000" custom="readingOrder {index:0;}">
          <Coords points="283,897 273,897 271,899 271,937 351,938 351,903 313,903 308,898 299,898 289,903"/>
          <TextEquiv conf="0.9313317">
            <Unicode>jeder</Unicode>
          </TextEquiv>
        </Word>
        <Word id="region0000_line0010_word0001" custom="readingOrder {index:1;}">
          <Coords points="432,900 419,900 416,903 384,904 378,903 378,939 469,939 469,902 458,903 435,903"/>
          <TextEquiv conf="0.91991025">
            <Unicode>guten</Unicode>
          </TextEquiv>
        </Word>
        <Word id="region0000_line0010_word0002" custom="readingOrder {index:2;}">
          <Coords points="530,897 508,897 505,899 500,899 500,940 669,940 669,900 622,900 615,899 613,897 592,897 589,899 587,897 570,897 566,900 549,901 535,900"/>
          <TextEquiv conf="0.9253537">
            <Unicode>Handlung</Unicode>
          </TextEquiv>
        </Word>
        <Word id="region0000_line0010_word0003" custom="readingOrder {index:3;}">
          <Coords points="770,895 749,895 743,898 701,899 701,939 890,940 890,898 857,898 853,895 827,895 826,897 810,899 808,895 785,895 783,898 773,898"/>
          <TextEquiv conf="0.9026969">
            <Unicode>verknuͤpften</Unicode>
          </TextEquiv>
        </Word>
        <Word id="region0000_line0010_word0004" custom="readingOrder {index:4;}">
          <Coords points="922,898 1028,898 1028,940 922,940"/>
          <TextEquiv>
            <Unicode>ſeligen</Unicode>
          </TextEquiv>
        </Word>
        <TextEquiv>
          <Unicode>jeder guten Handlung verknuͤpften ſeligen</Unicode>
        </TextEquiv>
      </TextLine>
      <TextLine id="region0000_line0011" custom="readingOrder {index:2;}">
        <Coords points="1002,943 989,948 935,945 881,952 873,952 868,947 858,947 849,952 842,946 831,948 826,953 803,955 752,954 747,950 730,953 724,947 713,947 703,953 645,949 586,954 581,949 572,949 566,954 561,954 554,950 544,950 538,955 521,957 477,957 469,949 461,949 454,956 447,951 438,951 432,956 397,956 394,953 378,955 373,951 359,953 354,949 328,951 323,955 307,955 303,952 259,953 259,1003 294,1006 316,1003 325,1008 338,1004 356,1004 361,1008 371,1008 376,1004 407,1004 412,1008 421,1008 426,1004 472,1001 736,1000 743,1007 755,1007 763,1000 783,998 795,998 801,1003 812,1003 821,999 874,998 925,998 932,1002 947,998 957,1002 966,997 994,996 1002,999 1014,996 1039,996 1039,963 1038,947"/>
        <Word id="region0000_line0011_word0000" custom="readingOrder {index:0;}">
          <Coords points="355,950 335,950 328,951 323,955 307,955 303,952 273,952 273,994 423,995 423,956 397,956 394,953 378,955 373,951 359,953"/>
          <TextEquiv>
            <Unicode>Gefuͤhle;</Unicode>
          </TextEquiv>
        </Word>
        <Word id="region0000_line0011_word0002" custom="readingOrder {index:1;}">
          <Coords points="449,953 439,953 439,989 486,989 486,957 477,957 473,953 457,953 454,956"/>
          <TextEquiv conf="0.9669389">
            <Unicode>die</Unicode>
          </TextEquiv>
        </Word>
        <Word id="region0000_line0011_word0003" custom="readingOrder {index:2;}">
          <Coords points="499,957 499,989 557,989 557,955 538,955 521,957"/>
          <TextEquiv conf="0.96895295">
            <Unicode>aus</Unicode>
          </TextEquiv>
        </Word>
        <Word id="region0000_line0011_word0004" custom="readingOrder {index:3;}">
          <Coords points="573,954 624,954 624,989 573,989"/>
          <TextEquiv conf="0.9673863">
            <Unicode>der</Unicode>
          </TextEquiv>
        </Word>
        <Word id="region0000_line0011_word0005" custom="readingOrder {index:4;}">
          <Coords points="703,953 645,953 645,997 819,997 819,953 803,955 752,954 750,953 730,953"/>
          <TextEquiv conf="0.9232899">
            <Unicode>Verletzung</Unicode>
          </TextEquiv>
        </Word>
        <Word id="region0000_line0011_word0006" custom="readingOrder {index:5;}">
          <Coords points="831,953 910,954 910,992 831,991"/>
          <TextEquiv conf="0.93246055">
            <Unicode>jeder</Unicode>
          </TextEquiv>
        </Word>
        <Word id="region0000_line0011_word0007" custom="readingOrder {index:6;}">
          <Coords points="922,954 1030,954 1030,996 922,996"/>
          <TextEquiv conf="0.9687884">
            <Unicode>Pflicht</Unicode>
          </TextEquiv>
        </Word>
        <TextEquiv>
          <Unicode>Gefuͤhle; die aus der Verletzung jeder Pflicht</Unicode>
        </TextEquiv>
      </TextLine>
      <TextLine id="region0000_line0012" custom="readingOrder {index:3;}">
        <Coords points="966,998 957,1003 948,1003 944,1000 933,1003 920,1001 884,1007 871,1007 865,1000 856,1000 844,1005 838,1000 821,1000 808,1006 801,1006 795,999 783,999 755,1008 666,1008 658,1002 652,1002 645,1007 630,1007 627,1003 618,1001 599,1002 587,1008 577,1003 531,1008 525,1002 515,1002 509,1006 481,1002 474,1011 464,1005 451,1005 443,1011 421,1012 390,1012 384,1006 375,1006 368,1012 343,1012 337,1006 324,1009 316,1004 304,1005 298,1012 293,1007 278,1005 270,1010 259,1010 259,1058 283,1061 286,1059 320,1058 325,1062 335,1062 340,1058 377,1055 439,1057 444,1060 465,1060 470,1056 508,1056 512,1059 521,1059 524,1050 530,1046 539,1055 549,1058 558,1055 587,1054 594,1060 611,1059 622,1053 683,1051 849,1051 855,1056 864,1056 870,1051 985,1050 1010,1051 1017,1054 1039,1053 1039,1004 1017,1003 1013,998 992,1003 981,1003 976,998"/>
        <Word id="region0000_line0012_word0000" custom="readingOrder {index:0;}">
          <Coords points="279,1005 278,1005 271,1009 271,1048 342,1049 342,1011 337,1006 324,1009 319,1006 304,1005 298,1012 293,1007"/>
          <TextEquiv>
            <Unicode>fruͤh</Unicode>
          </TextEquiv>
        </Word>
        <Word id="region0000_line0012_word0001" custom="readingOrder {index:1;}">
          <Coords points="387,1009 371,1009 368,1012 358,1012 358,1043 427,1043 427,1011 421,1012 390,1012"/>
          <TextEquiv conf="0.9308851">
            <Unicode>oder</Unicode>
          </TextEquiv>
        </Word>
        <Word id="region0000_line0012_word0002" custom="readingOrder {index:2;}">
          <Coords points="465,1006 449,1006 444,1010 444,1048 527,1048 529,1046 529,1006 509,1006 477,1006 474,1011"/>
          <TextEquiv>
            <Unicode>ſpaͤth</Unicode>
          </TextEquiv>
        </Word>
        <Word id="region0000_line0012_word0003" custom="readingOrder {index:3;}">
          <Coords points="548,1008 708,1008 708,1049 548,1049"/>
          <TextEquiv conf="0.7739018">
            <Unicode>flieſſenden</Unicode>
          </TextEquiv>
        </Word>
        <Word id="region0000_line0012_word0004" custom="readingOrder {index:4;}">
          <Coords points="800,1005 764,1005 755,1008 724,1008 724,1047 908,1048 908,1006 891,1006 884,1007 871,1007 870,1006 809,1005 808,1006 801,1006"/>
          <TextEquiv>
            <Unicode>natuͤrlichen</Unicode>
          </TextEquiv>
        </Word>
        <Word id="region0000_line0012_word0005" custom="readingOrder {index:5;}">
          <Coords points="920,1007 1030,1007 1030,1047 920,1047"/>
          <TextEquiv conf="0.83352816">
            <Unicode>Uebel;</Unicode>
          </TextEquiv>
        </Word>
        <TextEquiv>
          <Unicode>fruͤh oder ſpaͤth flieſſenden natuͤrlichen Uebel;</Unicode>
        </TextEquiv>
      </TextLine>
      <TextLine id="region0000_line0013" custom="readingOrder {index:4;}">
        <Coords points="530,1047 523,1054 524,1062 499,1065 441,1059 393,1061 389,1056 375,1057 372,1065 355,1065 350,1060 339,1060 333,1065 314,1066 308,1066 302,1060 291,1060 286,1064 267,1060 259,1062 259,1084 259,1109 452,1111 523,1108 528,1113 537,1113 548,1108 555,1108 558,1111 585,1108 593,1113 599,1113 609,1107 633,1106 655,1110 660,1106 699,1105 781,1108 809,1105 964,1105 970,1110 986,1105 1039,1104 1039,1056 1017,1055 1010,1052 1001,1053 997,1058 988,1058 982,1052 972,1052 958,1059 905,1061 871,1060 854,1058 847,1052 837,1052 814,1053 810,1056 735,1055 713,1059 692,1059 687,1054 677,1054 668,1060 661,1055 652,1055 646,1061 598,1062 586,1061 580,1057 565,1057 560,1061 549,1059 540,1057"/>
        <Word id="region0000_line0013_word0000" custom="readingOrder {index:0;}">
          <Coords points="302,1060 290,1060 286,1064 270,1060 270,1094 317,1095 317,1065 314,1066 308,1066"/>
          <TextEquiv conf="0.9228727">
            <Unicode>die</Unicode>
          </TextEquiv>
        </Word>
        <Word id="region0000_line0013_word0001" custom="readingOrder {index:1;}">
          <Coords points="342,1060 342,1093 398,1093 398,1060 393,1061 389,1056 375,1057 372,1065 355,1065 350,1060"/>
          <TextEquiv conf="0.9190185">
            <Unicode>das</Unicode>
          </TextEquiv>
        </Word>
        <Word id="region0000_line0013_word0002" custom="readingOrder {index:2;}">
          <Coords points="549,1059 523,1059 524,1062 499,1065 441,1059 425,1059 425,1098 626,1098 626,1061 598,1062 586,1061 583,1059 562,1059 560,1061"/>
          <TextEquiv conf="0.9052495">
            <Unicode>Bewußtſeyn</Unicode>
          </TextEquiv>
        </Word>
        <Word id="region0000_line0013_word0003" custom="readingOrder {index:3;}">
          <Coords points="665,1058 649,1058 649,1096 729,1096 729,1058 718,1058 713,1059 692,1059 691,1058 671,1058 668,1060"/>
          <TextEquiv conf="0.9305715">
            <Unicode>jeder</Unicode>
          </TextEquiv>
        </Word>
        <Word id="region0000_line0013_word0004" custom="readingOrder {index:4;}">
          <Coords points="852,1056 756,1056 756,1098 1029,1099 1029,1057 997,1056 997,1058 988,1058 986,1056 962,1056 958,1059 905,1061 871,1060 854,1058"/>
          <TextEquiv conf="0.9136279">
            <Unicode>Vollkommenheit</Unicode>
          </TextEquiv>
        </Word>
        <TextEquiv conf="0.918268">
          <Unicode>die das Bewußtſeyn jeder Vollkommenheit</Unicode>
        </TextEquiv>
      </TextLine>
      <TextLine id="region0000_line0014" custom="readingOrder {index:5;}">
        <Coords points="983,1108 963,1113 928,1116 857,1115 851,1109 840,1108 835,1112 828,1108 818,1108 813,1112 769,1109 763,1114 693,1118 595,1116 585,1109 572,1109 553,1112 548,1116 468,1111 435,1116 413,1112 407,1117 387,1118 379,1118 364,1112 353,1112 344,1118 337,1111 328,1111 317,1119 303,1119 289,1117 285,1111 279,1110 259,1113 259,1134 260,1161 298,1163 307,1154 312,1157 312,1169 320,1169 328,1163 361,1162 477,1162 484,1166 492,1166 497,1162 520,1162 529,1156 536,1156 542,1161 552,1161 557,1166 576,1161 602,1164 616,1160 646,1161 652,1165 667,1165 672,1162 687,1165 691,1162 729,1160 1040,1158 1039,1113 989,1112"/>
        <Word id="region0000_line0014_word0000" custom="readingOrder {index:0;}">
          <Coords points="288,1115 268,1115 268,1157 304,1157 307,1154 312,1157 312,1157 449,1158 449,1116 435,1116 435,1116 435,1116 408,1116 407,1117 387,1118 379,1118 373,1116 348,1115 344,1118 341,1115 322,1115 317,1119 303,1119 289,1117"/>
          <TextEquiv conf="0.8973365">
            <Unicode>begleitende</Unicode>
          </TextEquiv>
        </Word>
        <Word id="region0000_line0014_word0001" custom="readingOrder {index:1;}">
          <Coords points="548,1116 468,1116 468,1157 527,1157 529,1156 536,1156 537,1157 692,1157 692,1117 595,1116"/>
          <TextEquiv conf="0.9091513">
            <Unicode>Beruhigung,</Unicode>
          </TextEquiv>
        </Word>
        <Word id="region0000_line0014_word0002" custom="readingOrder {index:2;}">
          <Coords points="728,1117 789,1117 789,1152 728,1152"/>
          <TextEquiv conf="0.9244275">
            <Unicode>und</Unicode>
          </TextEquiv>
        </Word>
        <Word id="region0000_line0014_word0003" custom="readingOrder {index:3;}">
          <Coords points="819,1117 867,1118 867,1153 819,1152"/>
          <TextEquiv conf="0.9258383">
            <Unicode>die</Unicode>
          </TextEquiv>
        </Word>
        <Word id="region0000_line0014_word0004" custom="readingOrder {index:4;}">
          <Coords points="891,1124 951,1124 951,1153 891,1153"/>
          <TextEquiv conf="0.92476255">
            <Unicode>von</Unicode>
          </TextEquiv>
        </Word>
        <Word id="region0000_line0014_word0005" custom="readingOrder {index:5;}">
          <Coords points="975,1119 1029,1119 1029,1152 975,1152"/>
          <TextEquiv conf="0.91837484">
            <Unicode>der</Unicode>
          </TextEquiv>
        </Word>
        <TextEquiv conf="0.9166485">
          <Unicode>begleitende Beruhigung, und die von der</Unicode>
        </TextEquiv>
      </TextLine>
      <TextLine id="region0000_line0015" custom="readingOrder {index:6;}">
        <Coords points="307,1155 301,1160 299,1167 260,1167 260,1198 260,1219 328,1219 340,1222 346,1217 349,1221 356,1222 367,1216 426,1215 447,1216 459,1222 468,1222 477,1217 494,1219 519,1214 670,1214 677,1219 687,1219 700,1214 719,1213 844,1212 847,1216 855,1217 866,1212 988,1211 993,1216 1000,1216 1009,1211 1040,1211 1040,1165 1010,1165 1005,1160 993,1160 983,1165 976,1160 958,1160 947,1166 933,1167 915,1167 910,1162 900,1162 893,1166 881,1165 875,1160 851,1164 837,1160 822,1166 797,1169 715,1162 705,1167 670,1169 630,1162 610,1162 602,1165 575,1163 542,1168 542,1162 538,1158 529,1157 515,1169 506,1164 497,1164 487,1171 462,1172 407,1170 402,1165 391,1165 386,1170 378,1170 372,1165 356,1165 347,1172 328,1173 308,1171 311,1169 311,1157"/>
        <Word id="region0000_line0015_word0000" custom="readingOrder {index:0;}">
          <Coords points="311,1166 299,1166 299,1167 269,1167 269,1207 475,1208 475,1171 462,1172 407,1170 404,1167 389,1167 386,1170 378,1170 374,1167 354,1166 347,1172 328,1173 308,1171 311,1169"/>
          <TextEquiv conf="0.9604662">
            <Unicode>Empfindung</Unicode>
          </TextEquiv>
        </Word>
        <Word id="region0000_line0015_word0001" custom="readingOrder {index:1;}">
          <Coords points="495,1165 495,1206 575,1206 575,1163 542,1168 542,1162 538,1158 529,1157 515,1169 506,1164 497,1164"/>
          <TextEquiv conf="0.9600583">
            <Unicode>jedes</Unicode>
          </TextEquiv>
        </Word>
        <Word id="region0000_line0015_word0002" custom="readingOrder {index:2;}">
          <Coords points="658,1167 592,1167 592,1207 742,1207 742,1167 705,1167 670,1169"/>
          <TextEquiv conf="0.9320741">
            <Unicode>Mangels</Unicode>
          </TextEquiv>
        </Word>
        <Word id="region0000_line0015_word0003" custom="readingOrder {index:3;}">
          <Coords points="880,1164 826,1164 822,1166 797,1169 766,1166 766,1208 1028,1209 1028,1165 1010,1165 1010,1165 983,1165 983,1165 983,1165 949,1165 947,1166 933,1167 915,1167 913,1165 896,1164 893,1166 881,1165"/>
          <TextEquiv>
            <Unicode>unabſoͤnderliche</Unicode>
          </TextEquiv>
        </Word>
        <TextEquiv>
          <Unicode>Empfindung jedes Mangels unabſoͤnderliche</Unicode>
        </TextEquiv>
      </TextLine>
      <TextLine id="region0000_line0016" custom="readingOrder {index:7;}">
        <Coords points="1010,1212 998,1219 950,1220 944,1214 934,1214 928,1220 913,1221 894,1221 882,1216 871,1216 844,1219 803,1216 749,1217 706,1222 698,1216 683,1222 655,1223 642,1221 635,1215 626,1215 620,1218 607,1216 599,1221 574,1224 542,1224 536,1218 524,1218 518,1224 511,1224 505,1218 477,1218 466,1225 418,1227 379,1227 373,1219 363,1219 349,1227 271,1222 261,1223 261,1274 355,1272 360,1277 368,1277 376,1272 408,1275 415,1271 505,1268 594,1269 599,1274 609,1274 614,1269 636,1273 643,1268 692,1267 839,1268 844,1272 854,1273 859,1268 866,1268 872,1273 881,1273 890,1267 1004,1265 1019,1270 1026,1265 1041,1265 1041,1219 1027,1219 1020,1212"/>
        <Word id="region0000_line0016_word0000" custom="readingOrder {index:0;}">
          <Coords points="374,1220 360,1220 349,1227 271,1222 269,1222 269,1261 411,1262 411,1227 379,1227"/>
          <TextEquiv conf="0.9063285">
            <Unicode>Unruhe,</Unicode>
          </TextEquiv>
        </Word>
        <Word id="region0000_line0016_word0001" custom="readingOrder {index:1;}">
          <Coords points="508,1221 472,1221 466,1225 423,1226 423,1257 583,1257 583,1222 574,1224 542,1224 539,1221 521,1221 518,1224 511,1224"/>
          <TextEquiv conf="0.9063285">
            <Unicode>verbinden</Unicode>
          </TextEquiv>
        </Word>
        <Word id="region0000_line0016_word0002" custom="readingOrder {index:2;}">
          <Coords points="642,1221 599,1221 599,1263 683,1263 683,1222 655,1223"/>
          <TextEquiv conf="0.92336583">
            <Unicode>ſchon</Unicode>
          </TextEquiv>
        </Word>
        <Word id="region0000_line0016_word0003" custom="readingOrder {index:3;}">
          <Coords points="691,1222 746,1222 746,1257 691,1257"/>
          <TextEquiv conf="0.92394185">
            <Unicode>den</Unicode>
          </TextEquiv>
        </Word>
        <Word id="region0000_line0016_word0004" custom="readingOrder {index:4;}">
          <Coords points="763,1222 925,1223 925,1264 763,1263"/>
          <TextEquiv conf="0.9292946">
            <Unicode>Menſchen</Unicode>
          </TextEquiv>
        </Word>
        <Word id="region0000_line0016_word0005" custom="readingOrder {index:5;}">
          <Coords points="936,1221 1029,1221 1029,1262 936,1262"/>
          <TextEquiv conf="0.92468035">
            <Unicode>durch</Unicode>
          </TextEquiv>
        </Word>
        <TextEquiv conf="0.91898996">
          <Unicode>Unruhe, verbinden ſchon den Menſchen durch</Unicode>
        </TextEquiv>
      </TextLine>
      <TextLine id="region0000_line0017" custom="readingOrder {index:8;}">
        <Coords points="1002,1267 988,1275 927,1271 873,1277 867,1271 858,1271 851,1277 813,1279 765,1278 759,1271 749,1271 742,1278 730,1278 725,1268 711,1268 703,1279 666,1281 570,1273 521,1279 507,1278 502,1273 485,1273 479,1278 459,1274 452,1279 401,1283 389,1283 381,1275 373,1275 365,1281 347,1281 342,1276 332,1276 326,1281 314,1282 307,1282 301,1276 292,1276 286,1281 279,1276 270,1276 261,1279 262,1328 367,1327 399,1328 407,1333 419,1333 427,1328 476,1326 483,1333 491,1333 498,1326 514,1325 568,1327 577,1330 625,1325 656,1330 689,1331 694,1327 768,1324 795,1325 807,1330 820,1325 856,1324 958,1324 1042,1319 1041,1281 1017,1277 1015,1271"/>
        <Word id="region0000_line0017_word0000" custom="readingOrder {index:0;}">
          <Coords points="280,1277 269,1277 269,1314 317,1315 317,1281 314,1282 307,1282 302,1277 290,1277 286,1281"/>
          <TextEquiv conf="0.9309952">
            <Unicode>die</Unicode>
          </TextEquiv>
        </Word>
        <Word id="region0000_line0017_word0001" custom="readingOrder {index:1;}">
          <Coords points="343,1277 334,1277 334,1320 541,1320 541,1277 537,1277 521,1279 507,1278 506,1277 480,1277 479,1278 474,1277 454,1277 452,1279 401,1283 389,1283 383,1277 370,1277 365,1281 347,1281"/>
          <TextEquiv conf="0.91652656">
            <Unicode>dringendſten</Unicode>
          </TextEquiv>
        </Word>
        <Word id="region0000_line0017_word0002" custom="readingOrder {index:2;}">
          <Coords points="727,1272 708,1272 703,1279 666,1281 570,1273 557,1274 557,1319 784,1319 784,1278 765,1278 759,1272 748,1272 742,1278 730,1278"/>
          <TextEquiv conf="0.92010903">
            <Unicode>Beweggruͤnde</Unicode>
          </TextEquiv>
        </Word>
        <Word id="region0000_line0017_word0003" custom="readingOrder {index:3;}">
          <Coords points="801,1285 835,1285 835,1319 801,1319"/>
          <TextEquiv conf="0.9291586">
            <Unicode>zu</Unicode>
          </TextEquiv>
        </Word>
        <Word id="region0000_line0017_word0004" custom="readingOrder {index:4;}">
          <Coords points="860,1278 909,1278 909,1315 860,1315"/>
          <TextEquiv conf="0.93072754">
            <Unicode>der</Unicode>
          </TextEquiv>
        </Word>
        <Word id="region0000_line0017_word0005" custom="readingOrder {index:5;}">
          <Coords points="1016,1276 927,1276 927,1316 1028,1316 1028,1278 1017,1277"/>
          <TextEquiv conf="0.92547095">
            <Unicode>Beob⸗</Unicode>
          </TextEquiv>
        </Word>
        <TextEquiv conf="0.925498">
          <Unicode>die dringendſten Beweggruͤnde zu der Beob⸗</Unicode>
        </TextEquiv>
      </TextLine>
      <TextLine id="region0000_line0018" custom="readingOrder {index:9;}">
        <Coords points="890,1325 878,1333 841,1334 829,1334 820,1328 803,1333 785,1333 779,1328 770,1328 763,1333 741,1334 694,1328 688,1333 640,1329 636,1332 564,1338 556,1329 546,1329 539,1337 439,1336 433,1330 425,1330 417,1336 372,1340 338,1339 332,1334 321,1336 317,1333 307,1333 296,1339 262,1340 262,1384 373,1385 380,1390 391,1390 401,1385 432,1383 540,1382 550,1383 556,1388 570,1388 579,1383 635,1381 682,1382 687,1387 693,1387 702,1381 712,1381 724,1386 738,1381 824,1378 830,1373 848,1377 876,1379 972,1377 977,1381 997,1381 1007,1376 1042,1374 1042,1337 1024,1334 1014,1326 1001,1326 995,1332 936,1332 931,1328 907,1332 901,1325"/>
        <Word id="region0000_line0018_word0000" custom="readingOrder {index:0;}">
          <Coords points="318,1334 304,1334 296,1339 269,1339 269,1374 398,1375 398,1337 372,1340 338,1339 332,1334 329,1334 321,1336"/>
          <TextEquiv conf="0.95886683">
            <Unicode>achtung</Unicode>
          </TextEquiv>
        </Word>
        <Word id="region0000_line0018_word0001" custom="readingOrder {index:1;}">
          <Coords points="436,1333 424,1333 424,1370 476,1370 476,1336 439,1336"/>
          <TextEquiv conf="0.9362517">
            <Unicode>der</Unicode>
          </TextEquiv>
        </Word>
        <Word id="region0000_line0018_word0002" custom="readingOrder {index:2;}">
          <Coords points="559,1333 542,1333 539,1337 501,1336 501,1376 612,1376 612,1334 564,1338"/>
          <TextEquiv conf="0.9613942">
            <Unicode>ewigen</Unicode>
          </TextEquiv>
        </Word>
        <Word id="region0000_line0018_word0003" custom="readingOrder {index:3;}">
          <Coords points="688,1333 637,1333 637,1379 750,1379 750,1333 741,1334 733,1333"/>
          <TextEquiv conf="0.706998">
            <Unicode>Geſetze</Unicode>
          </TextEquiv>
        </Word>
        <Word id="region0000_line0018_word0004" custom="readingOrder {index:4;}">
          <Coords points="770,1335 822,1335 822,1370 770,1370"/>
          <TextEquiv conf="0.91726106">
            <Unicode>des</Unicode>
          </TextEquiv>
        </Word>
        <Word id="region0000_line0018_word0005" custom="readingOrder {index:5;}">
          <Coords points="1024,1334 872,1333 845,1334 845,1374 1025,1375 1030,1375 1030,1335 1024,1334"/>
          <TextEquiv>
            <Unicode>anbetungs⸗</Unicode>
          </TextEquiv>
        </Word>
        <TextEquiv>
          <Unicode>achtung der ewigen Geſetze des anbetungs⸗</Unicode>
        </TextEquiv>
      </TextLine>
      <TextLine id="region0000_line0019" custom="readingOrder {index:10;}">
        <Coords points="830,1374 824,1379 824,1388 811,1389 784,1387 777,1382 738,1382 724,1387 713,1383 682,1389 674,1383 657,1384 647,1389 607,1390 602,1386 589,1386 583,1391 555,1391 549,1384 539,1384 527,1391 521,1391 513,1384 505,1384 494,1390 455,1388 398,1395 376,1395 369,1387 360,1387 353,1394 347,1389 337,1389 331,1394 325,1394 322,1388 302,1388 298,1395 262,1393 263,1438 322,1442 364,1440 367,1443 384,1445 393,1440 496,1439 502,1444 512,1444 518,1438 629,1434 795,1434 801,1438 814,1438 820,1434 887,1431 937,1434 987,1430 1004,1431 1010,1436 1021,1436 1026,1432 1043,1432 1042,1385 1027,1385 1021,1378 1010,1378 999,1384 988,1380 972,1382 968,1379 893,1380 850,1388 849,1379"/>
        <Word id="region0000_line0019_word0000" custom="readingOrder {index:0;}">
          <Coords points="270,1393 270,1427 427,1428 427,1391 398,1395 376,1395 369,1387 360,1387 353,1394 347,1389 337,1389 331,1394 325,1394 322,1388 302,1388 298,1395"/>
          <TextEquiv conf="0.9216963">
            <Unicode>wuͤrdigen</Unicode>
          </TextEquiv>
        </Word>
        <Word id="region0000_line0019_word0001" custom="readingOrder {index:1;}">
          <Coords points="515,1386 501,1386 494,1390 455,1388 454,1388 454,1429 603,1429 603,1386 602,1386 589,1386 583,1391 555,1391 550,1386 535,1386 527,1391 521,1391"/>
          <TextEquiv conf="0.9286632">
            <Unicode>Urhebers</Unicode>
          </TextEquiv>
        </Word>
        <Word id="region0000_line0019_word0002" custom="readingOrder {index:2;}">
          <Coords points="679,1387 651,1387 647,1389 633,1389 633,1422 704,1422 704,1387 692,1387 682,1389"/>
          <TextEquiv conf="0.9205676">
            <Unicode>aller</Unicode>
          </TextEquiv>
        </Word>
        <Word id="region0000_line0019_word0003" custom="readingOrder {index:3;}">
          <Coords points="833,1375 828,1375 824,1379 824,1388 811,1389 784,1387 777,1382 738,1382 727,1385 727,1427 846,1427 846,1378"/>
          <TextEquiv conf="0.90189993">
            <Unicode>Dinge.</Unicode>
          </TextEquiv>
        </Word>
        <Word id="region0000_line0019_word0004" custom="readingOrder {index:4;}">
          <Coords points="920,1387 1028,1387 1028,1428 920,1428"/>
          <TextEquiv conf="0.9248687">
            <Unicode>Gleich</Unicode>
          </TextEquiv>
        </Word>
        <TextEquiv conf="0.91953915">
          <Unicode>wuͤrdigen Urhebers aller Dinge. Gleich</Unicode>
        </TextEquiv>
      </TextLine>
      <TextLine id="region0000_line0020" custom="readingOrder {index:11;}">
        <Coords points="979,1431 974,1432 969,1439 957,1438 952,1434 938,1434 873,1442 869,1435 857,1434 845,1440 839,1434 832,1434 820,1435 809,1442 768,1444 722,1444 717,1437 704,1437 699,1443 692,1438 684,1438 677,1443 651,1443 645,1437 635,1437 621,1444 589,1446 583,1439 573,1439 559,1447 552,1440 542,1440 535,1448 465,1448 459,1442 448,1442 442,1448 408,1450 386,1449 380,1444 355,1446 350,1442 341,1442 327,1448 321,1442 311,1441 299,1450 263,1449 263,1493 336,1495 341,1499 350,1499 355,1495 375,1495 387,1502 396,1502 404,1495 447,1493 566,1494 627,1491 640,1495 658,1490 819,1487 851,1488 855,1492 865,1493 871,1488 927,1487 943,1490 949,1487 1043,1484 1043,1447 995,1442 991,1432"/>
        <Word id="region0000_line0020_word0000" custom="readingOrder {index:0;}">
          <Coords points="270,1449 270,1482 416,1483 416,1449 408,1450 386,1449 380,1444 355,1446 350,1442 341,1442 327,1448 321,1442 311,1441 299,1450"/>
          <TextEquiv>
            <Unicode>maͤchtige</Unicode>
          </TextEquiv>
        </Word>
        <Word id="region0000_line0020_word0001" custom="readingOrder {index:1;}">
          <Coords points="432,1448 432,1476 502,1476 502,1448 465,1448 459,1442 448,1442 442,1448"/>
          <TextEquiv conf="0.9629173">
            <Unicode>oder</Unicode>
          </TextEquiv>
        </Word>
        <Word id="region0000_line0020_word0002" custom="readingOrder {index:2;}">
          <Coords points="552,1440 542,1440 535,1448 522,1448 522,1481 665,1481 665,1443 651,1443 648,1440 629,1440 621,1444 589,1446 583,1440 571,1440 559,1447"/>
          <TextEquiv conf="0.96533227">
            <Unicode>vielmehr</Unicode>
          </TextEquiv>
        </Word>
        <Word id="region0000_line0020_word0003" custom="readingOrder {index:3;}">
          <Coords points="694,1440 685,1440 685,1478 731,1478 731,1444 722,1444 719,1440 701,1440 699,1443"/>
          <TextEquiv conf="0.932967">
            <Unicode>die</Unicode>
          </TextEquiv>
        </Word>
        <Word id="region0000_line0020_word0004" custom="readingOrder {index:4;}">
          <Coords points="845,1440 813,1439 809,1442 768,1444 748,1444 748,1481 909,1482 909,1440 890,1440 873,1442 872,1440 846,1440 845,1440"/>
          <TextEquiv conf="0.92900497">
            <Unicode>nemlichen</Unicode>
          </TextEquiv>
        </Word>
        <Word id="region0000_line0020_word0005" custom="readingOrder {index:5;}">
          <Coords points="957,1438 922,1438 922,1480 1031,1480 1031,1445 995,1442 993,1438 969,1438 969,1439"/>
          <TextEquiv>
            <Unicode>Gruͤn⸗</Unicode>
          </TextEquiv>
        </Word>
        <TextEquiv>
          <Unicode>maͤchtige oder vielmehr die nemlichen Gruͤn⸗</Unicode>
        </TextEquiv>
      </TextLine>
      <TextLine id="region0000_line0021" custom="readingOrder {index:12;}">
        <Coords points="988,1489 980,1497 932,1496 927,1491 917,1491 911,1496 863,1498 858,1493 839,1490 829,1497 790,1500 683,1501 676,1500 672,1492 658,1491 651,1496 621,1494 585,1501 561,1501 555,1496 545,1496 539,1501 496,1502 492,1499 481,1500 476,1496 466,1496 455,1502 449,1497 439,1497 435,1500 423,1498 417,1503 375,1505 330,1505 269,1495 263,1496 264,1544 309,1548 314,1553 322,1553 328,1548 395,1549 401,1555 409,1555 415,1549 420,1553 428,1553 434,1549 461,1549 467,1554 476,1554 483,1548 515,1547 687,1547 692,1551 698,1551 714,1544 776,1549 781,1546 832,1542 1001,1543 1009,1540 1044,1539 1044,1535 1043,1499 1003,1497 999,1490"/>
        <Word id="region0000_line0021_word0000" custom="readingOrder {index:0;}">
          <Coords points="289,1498 268,1498 268,1537 326,1538 326,1504"/>
          <TextEquiv>
            <Unicode>de,</Unicode>
          </TextEquiv>
        </Word>
        <Word id="region0000_line0021_word0001" custom="readingOrder {index:1;}">
          <Coords points="429,1499 421,1499 417,1503 375,1505 349,1505 349,1540 535,1540 535,1501 496,1502 492,1499 481,1500 479,1499 460,1499 455,1502 451,1499 436,1499 435,1500"/>
          <TextEquiv conf="0.96126586">
            <Unicode>verpflichten</Unicode>
          </TextEquiv>
        </Word>
        <Word id="region0000_line0021_word0002" custom="readingOrder {index:2;}">
          <Coords points="559,1500 547,1500 547,1534 604,1534 604,1500 590,1500 585,1501 561,1501"/>
          <TextEquiv conf="0.96693087">
            <Unicode>den</Unicode>
          </TextEquiv>
        </Word>
        <Word id="region0000_line0021_word0003" custom="readingOrder {index:3;}">
          <Coords points="636,1495 619,1495 619,1540 743,1540 743,1500 683,1501 676,1500 673,1495 652,1495 651,1496"/>
          <TextEquiv>
            <Unicode>Buͤrger</Unicode>
          </TextEquiv>
        </Word>
        <Word id="region0000_line0021_word0004" custom="readingOrder {index:4;}">
          <Coords points="764,1506 797,1506 797,1540 764,1540"/>
          <TextEquiv conf="0.96856904">
            <Unicode>zu</Unicode>
          </TextEquiv>
        </Word>
        <Word id="region0000_line0021_word0005" custom="readingOrder {index:5;}">
          <Coords points="817,1498 904,1499 904,1535 817,1534"/>
          <TextEquiv conf="0.9182954">
            <Unicode>allem</Unicode>
          </TextEquiv>
        </Word>
        <Word id="region0000_line0021_word0006" custom="readingOrder {index:6;}">
          <Coords points="1023,1498 919,1498 919,1535 1030,1535 1030,1498"/>
          <TextEquiv conf="0.9224482">
            <Unicode>demje⸗</Unicode>
          </TextEquiv>
        </Word>
        <TextEquiv>
          <Unicode>de, verpflichten den Buͤrger zu allem demje⸗</Unicode>
        </TextEquiv>
      </TextLine>
      <TextLine id="region0000_line0022" custom="readingOrder {index:13;}">
        <Coords points="1002,1543 994,1548 987,1544 977,1544 972,1548 953,1548 948,1544 939,1544 929,1550 906,1552 883,1552 868,1546 858,1546 853,1551 848,1550 843,1545 833,1545 824,1551 812,1551 806,1546 776,1550 757,1547 729,1550 722,1545 714,1545 698,1552 667,1550 631,1556 627,1556 621,1550 611,1550 605,1555 598,1551 573,1555 567,1550 559,1550 542,1557 498,1558 492,1553 483,1553 476,1558 416,1558 388,1561 312,1559 307,1551 296,1550 289,1558 264,1556 264,1587 265,1599 301,1602 309,1606 325,1606 329,1602 365,1603 370,1607 379,1607 384,1603 514,1602 551,1602 555,1607 562,1607 573,1602 639,1600 682,1604 726,1599 751,1599 760,1604 767,1604 771,1599 802,1599 809,1603 822,1603 838,1597 1044,1594 1044,1559 1044,1550 1016,1549 1010,1543"/>
        <Word id="region0000_line0022_word0000" custom="readingOrder {index:0;}">
          <Coords points="298,1550 295,1550 289,1558 272,1556 272,1591 382,1592 382,1560 312,1559 307,1551"/>
          <TextEquiv conf="0.9159227">
            <Unicode>nigen,</Unicode>
          </TextEquiv>
        </Word>
        <Word id="region0000_line0022_word0001" custom="readingOrder {index:1;}">
          <Coords points="492,1553 483,1553 476,1558 419,1558 419,1594 572,1594 572,1554 570,1553 551,1553 542,1557 498,1558"/>
          <TextEquiv conf="0.9223516">
            <Unicode>wordurch</Unicode>
          </TextEquiv>
        </Word>
        <Word id="region0000_line0022_word0002" custom="readingOrder {index:2;}">
          <Coords points="603,1554 590,1554 590,1589 637,1589 637,1555 631,1556 627,1556 625,1554 606,1554 605,1555"/>
          <TextEquiv conf="0.9224316">
            <Unicode>die</Unicode>
          </TextEquiv>
        </Word>
        <Word id="region0000_line0022_word0003" custom="readingOrder {index:3;}">
          <Coords points="728,1549 704,1549 698,1552 667,1550 662,1551 662,1595 882,1596 882,1552 878,1550 854,1550 853,1551 848,1550 848,1550 826,1550 824,1551 812,1551 810,1550 779,1550 776,1550 773,1550 735,1549 729,1550"/>
          <TextEquiv conf="0.9219562">
            <Unicode>Gluͤckſeligkeit</Unicode>
          </TextEquiv>
        </Word>
        <Word id="region0000_line0022_word0004" custom="readingOrder {index:4;}">
          <Coords points="898,1554 958,1554 958,1588 898,1588"/>
          <TextEquiv conf="0.9219562">
            <Unicode>und</Unicode>
          </TextEquiv>
        </Word>
        <Word id="region0000_line0022_word0005" custom="readingOrder {index:5;}">
          <Coords points="980,1554 1027,1554 1027,1588 980,1588"/>
          <TextEquiv conf="0.93133515">
            <Unicode>die</Unicode>
          </TextEquiv>
        </Word>
        <TextEquiv conf="0.9226589">
          <Unicode>nigen, wordurch die Gluͤckſeligkeit und die</Unicode>
        </TextEquiv>
      </TextLine>
      <TextLine id="region0000_line0023" custom="readingOrder {index:14;}">
        <Coords points="838,1598 829,1600 821,1606 807,1606 801,1600 792,1600 782,1605 750,1603 738,1608 720,1605 715,1609 706,1610 667,1604 602,1606 592,1610 572,1610 569,1607 545,1610 531,1605 521,1605 514,1612 504,1612 498,1606 489,1606 474,1613 464,1614 391,1613 368,1609 363,1605 309,1607 301,1603 265,1602 264,1655 456,1658 480,1659 484,1663 492,1663 504,1658 663,1659 786,1652 816,1652 821,1657 832,1657 839,1651 941,1650 987,1646 1027,1648 1044,1645 1044,1617 1044,1605 1042,1605 923,1602 885,1606 879,1600 870,1600 863,1606 856,1606 853,1600"/>
        <Word id="region0000_line0023_word0000" custom="readingOrder {index:0;}">
          <Coords points="365,1607 272,1607 271,1649 543,1650 543,1609 539,1607 518,1607 514,1612 504,1612 499,1607 485,1607 474,1613 464,1614 391,1613 368,1609"/>
          <TextEquiv conf="0.9589344">
            <Unicode>Vollkommenheit</Unicode>
          </TextEquiv>
        </Word>
        <Word id="region0000_line0023_word0001" custom="readingOrder {index:1;}">
          <Coords points="559,1610 612,1610 611,1645 558,1645"/>
          <TextEquiv conf="0.9642108">
            <Unicode>des</Unicode>
          </TextEquiv>
        </Word>
        <Word id="region0000_line0023_word0002" custom="readingOrder {index:2;}">
          <Coords points="699,1609 629,1609 628,1647 762,1647 763,1609 715,1609 706,1610"/>
          <TextEquiv conf="0.9663646">
            <Unicode>Staates</Unicode>
          </TextEquiv>
        </Word>
        <Word id="region0000_line0023_word0003" custom="readingOrder {index:3;}">
          <Coords points="934,1650 935,1607 788,1606 787,1650 877,1650"/>
          <TextEquiv>
            <Unicode>befoͤrdert</Unicode>
          </TextEquiv>
        </Word>
        <Word id="region0000_line0023_word0004" custom="readingOrder {index:4;}">
          <Coords points="953,1616 1028,1616 1028,1644 953,1644"/>
          <TextEquiv conf="0.8619983">
            <Unicode>wer⸗</Unicode>
          </TextEquiv>
        </Word>
        <TextEquiv>
          <Unicode>Vollkommenheit des Staates befoͤrdert wer⸗</Unicode>
        </TextEquiv>
      </TextLine>
      <TextLine id="region0000_line0024" custom="readingOrder {index:15;}">
        <Coords points="971,1649 951,1650 933,1656 856,1655 825,1662 817,1662 811,1656 794,1656 779,1657 768,1664 704,1665 697,1658 689,1658 682,1665 676,1661 665,1661 660,1665 629,1668 608,1667 602,1661 591,1661 586,1665 576,1661 497,1662 467,1668 409,1668 377,1665 370,1657 349,1658 335,1664 302,1664 267,1658 264,1658 264,1660 265,1707 444,1711 531,1714 538,1717 551,1714 629,1712 640,1718 649,1718 655,1712 688,1710 746,1711 787,1708 797,1713 814,1707 894,1707 934,1703 954,1706 959,1702 981,1705 986,1701 1045,1700 1044,1657 990,1655 981,1649"/>
        <Word id="region0000_line0024_word0000" custom="readingOrder {index:0;}">
          <Coords points="279,1660 269,1660 269,1693 326,1694 326,1664 302,1664"/>
          <TextEquiv conf="0.96884763">
            <Unicode>den</Unicode>
          </TextEquiv>
        </Word>
        <Word id="region0000_line0024_word0001" custom="readingOrder {index:1;}">
          <Coords points="342,1661 342,1694 466,1694 466,1668 409,1668 377,1665 370,1657 349,1658"/>
          <TextEquiv>
            <Unicode>koͤnnen.</Unicode>
          </TextEquiv>
        </Word>
        <Word id="region0000_line0024_word0002" custom="readingOrder {index:2;}">
          <Coords points="524,1661 524,1700 647,1700 647,1666 629,1668 608,1667 602,1661 591,1661 586,1665 576,1661"/>
          <TextEquiv conf="0.74556917">
            <Unicode>Allein,</Unicode>
          </TextEquiv>
        </Word>
        <Word id="region0000_line0024_word0003" custom="readingOrder {index:3;}">
          <Coords points="697,1658 689,1658 682,1665 676,1661 667,1661 667,1694 713,1694 713,1664 704,1665"/>
          <TextEquiv conf="0.96710896">
            <Unicode>die</Unicode>
          </TextEquiv>
        </Word>
        <Word id="region0000_line0024_word0004" custom="readingOrder {index:4;}">
          <Coords points="815,1660 773,1660 768,1664 730,1664 730,1700 849,1701 849,1661 830,1660 825,1662 817,1662"/>
          <TextEquiv conf="0.9672759">
            <Unicode>meiſten</Unicode>
          </TextEquiv>
        </Word>
        <Word id="region0000_line0024_word0005" custom="readingOrder {index:5;}">
          <Coords points="866,1659 1027,1659 1027,1698 866,1698"/>
          <TextEquiv conf="0.9653523">
            <Unicode>Menſchen</Unicode>
          </TextEquiv>
        </Word>
        <TextEquiv>
          <Unicode>den koͤnnen. Allein, die meiſten Menſchen</Unicode>
        </TextEquiv>
      </TextLine>
      <TextLine id="region0000_line0025" custom="readingOrder {index:16;}">
        <Coords points="993,1703 983,1707 968,1705 953,1711 894,1713 872,1717 863,1717 857,1710 834,1709 827,1716 818,1716 812,1710 786,1714 782,1717 734,1712 697,1714 665,1722 623,1721 617,1713 601,1715 595,1721 583,1721 577,1716 566,1716 554,1722 521,1723 503,1722 498,1715 485,1715 480,1720 474,1716 463,1716 458,1720 391,1720 357,1717 350,1711 321,1712 317,1715 306,1714 294,1721 265,1721 265,1766 310,1767 314,1770 325,1770 334,1767 372,1765 581,1768 621,1765 813,1765 850,1762 885,1765 888,1762 935,1757 986,1757 992,1762 1003,1762 1008,1757 1045,1756 1045,1710 1009,1709 1003,1703"/>
        <Word id="region0000_line0025_word0000" custom="readingOrder {index:0;}">
          <Coords points="270,1721 270,1752 442,1753 442,1720 391,1720 357,1717 350,1711 321,1712 317,1715 306,1714 294,1721"/>
          <TextEquiv conf="0.9118026">
            <Unicode>mißkennen</Unicode>
          </TextEquiv>
        </Word>
        <Word id="region0000_line0025_word0001" custom="readingOrder {index:1;}">
          <Coords points="465,1716 465,1748 512,1748 512,1722 503,1722 498,1715 485,1715 480,1720 474,1716"/>
          <TextEquiv conf="0.92512023">
            <Unicode>die</Unicode>
          </TextEquiv>
        </Word>
        <Word id="region0000_line0025_word0002" custom="readingOrder {index:2;}">
          <Coords points="531,1722 531,1754 695,1754 695,1714 665,1722 623,1721 617,1713 601,1715 595,1721 583,1721 577,1716 566,1716 554,1722"/>
          <TextEquiv conf="0.92612946">
            <Unicode>erhabenen</Unicode>
          </TextEquiv>
        </Word>
        <Word id="region0000_line0025_word0003" custom="readingOrder {index:3;}">
          <Coords points="735,1712 732,1712 714,1713 714,1753 886,1754 886,1714 872,1717 863,1717 859,1712 830,1712 827,1716 818,1716 814,1712 795,1712 786,1714 782,1717"/>
          <TextEquiv conf="0.92041695">
            <Unicode>Vortheile,</Unicode>
          </TextEquiv>
        </Word>
        <Word id="region0000_line0025_word0004" custom="readingOrder {index:4;}">
          <Coords points="920,1712 920,1754 1025,1754 1025,1712 923,1712"/>
          <TextEquiv conf="0.9179041">
            <Unicode>welche</Unicode>
          </TextEquiv>
        </Word>
        <TextEquiv conf="0.9202747">
          <Unicode>mißkennen die erhabenen Vortheile, welche</Unicode>
        </TextEquiv>
      </TextLine>
      <TextEquiv>
        <Unicode>Die von der Natur mit der Ausuͤbung
jeder guten Handlung verknuͤpften ſeligen
Gefuͤhle; die aus der Verletzung jeder Pflicht
fruͤh oder ſpaͤth flieſſenden natuͤrlichen Uebel;
die das Bewußtſeyn jeder Vollkommenheit
begleitende Beruhigung, und die von der
Empfindung jedes Mangels unabſoͤnderliche
Unruhe, verbinden ſchon den Menſchen durch
die dringendſten Beweggruͤnde zu der Beob⸗
achtung der ewigen Geſetze des anbetungs⸗
wuͤrdigen Urhebers aller Dinge. Gleich
maͤchtige oder vielmehr die nemlichen Gruͤn⸗
de, verpflichten den Buͤrger zu allem demje⸗
nigen, wordurch die Gluͤckſeligkeit und die
Vollkommenheit des Staates befoͤrdert wer⸗
den koͤnnen. Allein, die meiſten Menſchen
mißkennen die erhabenen Vortheile, welche</Unicode>
      </TextEquiv>
    </TextRegion>
  </Page>
</PcGts>
