1876 2786
482 363 546 405 des
564 354 719 408 Weſens
736 353 839 406 dieſer
857 352 976 400 Welt.

1135 355 1214 396 189

231 456 449 506 gewaltſamer
470 450 740 500 Umwaͤlzungen,
778 451 826 486 die
852 462 882 486 er
906 448 1028 485 erlitten
1046 446 1119 491 hat,
1150 447 1216 481 und

232 517 335 545 deutet
350 508 410 550 auf
429 507 494 540 eine
518 505 584 550 ihm
604 502 836 548 bevorſtehende
859 498 1013 543 gaͤnzliche
1039 485 1215 542 Aufloͤſung

234 576 299 623 hin.
366 576 434 615 Die
460 569 681 618 Oſſenbarung
714 567 831 604 belehrt
862 574 942 611 uns,
982 564 1044 609 daß
1069 575 1117 599 ein
1144 562 1216 605 Tag

232 627 430 669 herannahe,
450 631 490 654 an
501 617 644 663 welchem
657 615 711 655 die
720 602 881 665 Himmel
895 610 1057 661 zergehen
1076 614 1218 648 werden

233 688 301 730 mit
316 684 460 737 großem
468 680 655 735 Krachen,
680 682 735 724 die
744 679 927 726 Elemente
945 678 1023 719 aber
1041 685 1100 718 vor
1121 676 1219 718 Hitze

235 735 485 787 zerſchmelzen,
513 734 587 774 und
602 731 657 771 die
669 729 783 780 Erde,
812 731 887 769 und
912 725 967 766 die
984 723 1115 768 Werke
1124 707 1220 769 die

235 800 411 845 darinnen
439 797 530 850 ſind,
583 794 798 839 verbrennen
831 794 1029 839 werden.*)
1110 793 1222 830 Wenn

235 860 316 906 dieſe
350 855 522 906 feſtgeſetzte
545 852 681 893 Stunde
709 850 889 898 gekommen
913 848 983 893 ſeyn
1015 846 1116 891 wird,
1155 846 1221 880 als⸗

238 914 325 948 dann
348 909 427 946 wird
451 894 510 946 das
528 901 660 956 Weſen
674 905 733 944 der
748 899 855 945 Welt
882 901 943 946 ſein
969 898 1062 938 Ende
1086 894 1223 941 erreicht,

240 976 303 1011 und
330 967 486 1015 durchaus
509 967 710 1016 vergangen
728 963 809 1010 ſeyn.
867 961 1074 1009 Unſterbliche
1097 960 1224 1005 Geiſter

241 1029 366 1066 werden
384 1026 522 1064 alsdann
540 1025 600 1070 auf
613 1023 689 1069 dieſe
704 1020 797 1060 Welt
812 1014 1053 1067 zuruͤckblicken,
1089 1015 1147 1051 wie
1165 1014 1226 1050 wir

240 1090 302 1135 auf
324 1083 452 1127 Staͤdte
482 1085 546 1121 und
578 1081 712 1127 Reiche,
751 1080 799 1116 die
832 1078 957 1115 ehedem
991 1072 1125 1120 maͤchtig
1162 1073 1227 1109 und

240 1135 375 1183 bluͤhend
400 1140 527 1176 waren,
555 1137 621 1164 nun
639 1127 714 1164 aber
732 1113 942 1171 weggewiſcht
957 1125 1040 1169 ſind,
1074 1119 1137 1167 daß
1161 1120 1230 1168 ihre

241 1199 348 1232 Staͤte
372 1198 452 1232 nicht
467 1196 556 1232 mehr
579 1204 607 1232 zu
608 1193 738 1232 finden
755 1193 807 1232 iſt,
841 1188 1087 1232 zuruͤckſchauen.

326 1252 442 1301 Laͤnger
451 1254 552 1290 werde
568 1249 612 1297 ich
622 1248 699 1294 mich
710 1246 791 1294 nicht
807 1246 863 1293 bey
871 1247 971 1293 dieſen
981 1243 1230 1290 Vorſtellungen

243 1311 422 1363 aufhalten.
487 1310 540 1350 Es
562 1308 600 1355 iſt
620 1316 724 1354 genug
740 1302 846 1350 geſagt
862 1305 1011 1348 worden,
1033 1312 1090 1337 um
1113 1310 1148 1345 zu
1175 1298 1232 1343 zei⸗

244 1375 322 1411 gen,
351 1363 414 1411 daß
437 1363 471 1401 in
485 1364 568 1409 jeder
584 1346 742 1410 Ruͤckſicht
765 1361 826 1396 das
846 1352 981 1406 Weſen
1002 1350 1106 1404 dieſer
1125 1348 1234 1396 Welt

244 1421 402 1475 vergehe.
439 1423 644 1469 Meinungen
660 1424 724 1459 und
740 1418 879 1465 Sitten,
898 1415 1069 1463 oͤffentliche
1087 1412 1233 1453 Staats⸗

247 1482 362 1534 haͤndel
399 1485 462 1520 und
491 1475 907 1527 Privatangelegenheiten,
950 1476 1011 1511 das
1051 1472 1144 1511 Leben
1180 1474 1234 1509 der

248 1531 438 1581 Menſchen,
476 1532 524 1567 die
551 1513 835 1575 Gluͤcksumſtaͤnde
866 1521 1042 1570 derſelben,
1086 1524 1152 1558 und
1183 1522 1237 1556 der

251 1596 426 1640 Erdboden
444 1593 548 1643 ſelbſt,
573 1595 631 1631 den
648 1592 709 1629 wir
723 1587 909 1636 bewohnen,
936 1588 1014 1624 alles
1032 1596 1086 1623 um
1105 1591 1167 1621 uns
1182 1583 1237 1620 her

249 1650 420 1693 veraͤndert
453 1649 562 1698 ſich.
548 1657 618 1689 —
682 1646 743 1694 Jſt
772 1648 854 1685 denn
884 1643 947 1690 alſo
985 1641 1083 1687 alles,
1125 1638 1238 1677 womit

249 1704 310 1741 wir
326 1702 360 1740 in
368 1687 588 1745 Verbindung
597 1698 682 1743 ſind,
701 1695 877 1739 vergehend
894 1696 958 1728 und
976 1689 1236 1735 voruͤberſchwin⸗

250 1764 358 1805 dend?
397 1761 457 1808 Jſt
478 1763 533 1797 der
555 1765 655 1804 ganze
673 1744 815 1807 Zuſtand
850 1760 908 1793 des
931 1753 1102 1801 Menſchen
1134 1748 1236 1794 nichts

252 1825 389 1870 anders,
413 1820 465 1858 als
482 1820 533 1857 ein
546 1819 672 1857 Traum,
712 1818 786 1855 oder
801 1815 868 1852 eine
883 1812 1089 1862 hinwallende
1098 1810 1236 1857 Erſchei⸗

253 1876 369 1925 nung?
413 1876 470 1924 Jſt
494 1888 527 1915 er
543 1877 597 1915 ins
620 1872 753 1920 Daſeyn
775 1870 922 1919 gerufen,
957 1868 1032 1915 bloß
1062 1877 1118 1904 um
1146 1866 1237 1903 einen

253 1932 445 1983 Augenblick
466 1930 644 1978 dageweſen
667 1938 704 1974 zu
726 1929 822 1975 ſeyn?
871 1927 969 1967 Sind
1005 1925 1065 1961 wir
1089 1924 1123 1961 in
1148 1923 1238 1959 einen

253 1988 359 2043 Strom
384 1985 560 2044 geworfen,
589 1999 638 2025 wo
648 1988 726 2025 alles
737 1985 904 2035 fortfließt,
926 1985 990 2020 und
1002 1981 1102 2028 nichts
1114 1979 1240 2022 bleibt?

257 2050 326 2089 Wo
349 2047 407 2084 wir
430 2048 530 2083 weder
551 2044 595 2081 im
612 2040 749 2081 Stande
766 2040 847 2087 ſind,
875 2042 944 2076 dem
961 2034 1155 2083 ſtroͤmenden
1173 2034 1242 2073 Ge⸗

259 2103 367 2140 waͤſſer
391 2140 429 2153 zu
451 2102 667 2140 widerſtehen,
716 2098 789 2140 noch
821 2099 910 2137 einen
943 2097 1034 2140 feſten
1062 2094 1183 2133 Grund
1204 2102 1241 2138 zu

1079 2146 1242 2197 erreichen,

303 2228 335 2268 *)
356 2210 448 2267 2Pet.
466 2229 502 2263 3,
521 2230 569 2254 10.
