1322 1980
426 366 479 408 Es
491 356 535 415 iſt
534 359 624 409 dieſe
619 358 676 407 der
708 365 817 409 gruud
834 365 891 401 des
910 360 1047 409 uͤbrigen
1064 358 1195 407 troſtes.

374 419 489 462 Dann
502 419 573 453 weil
582 420 631 454 die
642 406 740 460 ſuͤnde
754 414 849 455 allein
859 413 1010 462 diejenige
1011 406 1081 463 iſt/
1086 407 1119 459 ſo
1124 414 1194 452 uns

375 476 442 508 von
453 469 568 508 GOtt
579 470 649 505 und
661 467 756 506 allem
767 469 869 512 guten
883 457 1027 511 ſcheidet/
1043 464 1073 511 ſo
1087 462 1196 511 fuͤhret

377 521 447 557 uns
461 518 510 556 die
529 518 716 561 vergebung
730 519 782 557 der
800 511 925 560 ſuͤnden
932 509 977 561 zu
996 515 1112 555 GOtt
1127 517 1197 553 und

379 566 440 604 dem
455 569 548 606 genuß
583 552 657 602 aller
669 561 762 606 ſeiner
776 562 919 607 gnaden.
960 557 1135 607 Daher/
1143 566 1199 598 wo

379 618 567 664 vergebung
587 622 640 656 der
657 612 779 666 ſuͤnden
799 609 871 664 iſt/
896 617 939 655 da
963 614 999 659 iſt
1018 614 1100 661 auch
1113 614 1199 654 leben

379 673 451 707 und
473 666 619 713 ſeligkeit.

382 723 468 757 779.
492 711 585 752 Wie
594 707 655 759 ſoll
665 718 742 749 uns
758 707 848 749 aber
861 704 952 756 dieſe
974 707 1200 758 vergebung

490 772 538 808 zu
555 755 788 818 gottſeligem
806 756 913 803 leben
922 760 1166 810 anfriſchen?

429 809 522 860 Daß
522 809 593 859 wir
593 809 650 859 der
658 812 765 856 gnade
781 808 865 855 nicht
878 803 1135 856 mißbrauchen/
1163 805 1203 854 ſie

382 858 459 908 auf
471 858 713 908 muthwillen
721 868 766 902 zu
774 857 918 909 ziehen/
932 870 949 891 a
968 859 1048 903 noch
1060 861 1114 897 der
1127 853 1205 903 ſuͤn⸗

382 914 447 955 den
456 914 526 952 uns
541 911 699 950 wiedeum
717 908 800 957 aufs
818 908 880 959 neue
907 907 1070 955 ergeben/
1092 905 1207 951 welche

385 971 424 1011 zu
434 960 617 1011 vergeben/
639 962 705 1002 eine
718 960 750 1007 ſo
760 954 924 1006 maͤchtige
941 963 1049 1004 gnade
1071 958 1205 999 vonnoͤ⸗

385 1015 463 1061 then
472 1008 637 1060 geweſen/
663 1011 840 1061 ſonderlich
850 1004 946 1054 aber/
957 1009 1023 1054 daß
1033 1011 1094 1051 wir
1104 1006 1205 1056 ſolche

382 1060 575 1110 vergebung
593 1058 678 1108 nicht
688 1059 893 1106 muthwillig
909 1068 944 1108 zu
956 1058 1057 1106 nichte
1074 1057 1206 1105 machen

382 1115 484 1161 durch
499 1109 826 1161 unverſoͤhnlichkeit/
835 1113 861 1148 b
894 1112 971 1151 oder
990 1114 1103 1153 andere
1119 1109 1205 1152 herr⸗

385 1164 514 1215 ſchende
522 1159 627 1214 ſuͤnde
638 1164 822 1206 verlieren/
840 1162 911 1204 und
920 1163 1025 1203 damit
1039 1169 1101 1210 gar
1111 1159 1205 1202 Got⸗

386 1221 441 1262 tes
452 1216 610 1264 ſchweren
623 1222 690 1263 zorn
704 1206 785 1265 uͤber
796 1218 865 1258 uns
873 1210 1018 1262 haͤuffen.

386 1286 402 1306 a
413 1269 512 1310 Judoͤ.
522 1277 551 1304 v.
562 1280 590 1306 4.

385 1306 406 1334 b
422 1303 549 1338 Matth.
563 1304 597 1338 6/
608 1308 655 1336 15.
685 1300 747 1335 Wo
759 1297 808 1336 ihr
822 1298 877 1334 den
893 1294 1038 1337 menſchen
1053 1293 1117 1337 ihre
1133 1293 1207 1337 fehle

427 1348 504 1383 nicht
513 1343 664 1387 vergebet/
671 1341 698 1384 ſo
708 1342 784 1379 wird
795 1341 858 1383 euch
873 1349 939 1378 euer
948 1347 1044 1378 vatter
1057 1349 1123 1377 eure
1134 1339 1208 1383 fehle

427 1393 496 1435 auch
504 1391 583 1430 nicht
595 1390 741 1431 vergeben.

384 1436 400 1457 c
409 1434 438 1457 2.
444 1429 528 1462 Petr.
542 1431 571 1457 2/
590 1435 615 1454 20.
634 1434 680 1456 21.
690 1434 738 1455 22.
749 1425 801 1460 So
811 1424 847 1464 ſie
857 1422 1002 1462 entflohen
1010 1422 1072 1462 ſind
1080 1423 1142 1459 dem
1151 1426 1208 1457 un⸗

425 1469 499 1510 flath
508 1470 557 1505 dẽr
566 1468 647 1508 welt/
665 1468 737 1508 durch
745 1471 792 1504 die
800 1463 961 1507 erkaͤntnuͤß
984 1468 1029 1504 des
1043 1468 1136 1504 HErrn
1148 1465 1208 1500 und

426 1512 601 1551 Heylandes
614 1511 705 1554 JEſu
715 1509 848 1551 Chriſti/
860 1512 962 1545 erden
972 1508 1039 1545 aber
1051 1509 1207 1545 wiederum

429 1557 462 1584 in
478 1551 647 1587 dieſelbigen
663 1548 815 1586 geflochten
835 1547 897 1582 und
922 1543 1144 1582 uͤberwunden/
1174 1540 1208 1581 iſt

429 1587 488 1633 mit
488 1587 582 1634 ihnen
599 1594 658 1627 das
664 1603 737 1633 letzte
747 1601 836 1626 aͤrger
844 1589 965 1624 worden
979 1586 1053 1624 denn
1057 1584 1104 1628 das
1116 1584 1206 1623 erſte.

427 1636 528 1675 Dann
538 1636 567 1668 es
583 1633 661 1669 waͤre
669 1635 755 1671 ihnen
765 1627 886 1673 beſſer/
894 1633 952 1671 daß
969 1630 1006 1671 ſie
1022 1633 1078 1667 den
1088 1638 1148 1669 weg
1157 1629 1206 1662 der

428 1679 624 1723 gerechtigkeit
641 1681 715 1720 nicht
730 1680 849 1718 erkannt
862 1672 995 1720 haͤtten/
1009 1673 1092 1711 dann
1106 1672 1160 1711 daß
1170 1671 1205 1711 ſie
