2554 2795
295 425 433 465 Galat.
446 434 477 464 3,
488 429 545 461 26.
563 423 640 472 Jhr
651 425 722 472 ſeyd
740 427 890 468 allzumal
917 421 1055 468 GOttes
1069 430 1216 469 Kinder
1225 429 1323 471 durch
1335 432 1393 469 den
1406 428 1566 471 Glauben
1576 439 1619 470 an
1630 429 1735 480 Chri⸗

394 469 460 524 ſto
477 470 590 522 JEſu.
607 478 726 523 Vergl.
759 477 833 522 Joh.
851 490 949 520 1,12.
974 479 1110 525 Epheſ.
1128 490 1202 523 1,5.
1236 494 1264 517 1.
1289 481 1370 519 Joh.
1385 492 1456 524 3,1.

361 526 416 565 62
455 524 517 570 Er
535 522 637 569 wird
657 524 718 569 ein
728 518 905 575 Tempel
922 525 998 570 des
1010 522 1256 580 dreyeinigen
1267 516 1487 578 GOttes,
1505 526 1574 574 der
1587 527 1627 573 in
1642 527 1733 584 ihm

248 576 409 631 wohnet
427 580 509 627 und
528 581 693 628 wircket.

300 645 330 669 1.
341 634 428 674 Cor.
445 645 476 676 3,
483 639 534 670 16
574 634 700 684 Wiſſet
717 635 767 684 ihr
782 635 879 681 nicht,
898 635 963 682 daß
977 637 1027 681 ihr
1040 638 1204 680 GOttes
1213 636 1363 684 Tempel
1381 637 1460 687 ſeyd,
1477 641 1545 680 und
1562 642 1618 682 der
1633 640 1729 690 Geiſt

395 685 548 728 GOttes
557 685 591 725 in
599 687 676 731 euch
685 685 832 734 wohnet.
858 689 995 730 Vergl.
1002 686 1099 733 Joh.
1114 696 1242 731 14,23.
1268 699 1303 725 2.
1314 687 1402 727 Cor.
1417 692 1452 732 6,
1466 692 1521 728 16.

360 735 426 787 63.
444 735 507 782 Er
520 724 722 791 empfaͤnget
748 723 940 789 goͤttliche
962 724 1115 792 Kraͤfte,
1140 727 1228 787 uͤber
1239 738 1298 785 die
1307 738 1462 789 Suͤnde
1471 750 1517 795 zu
1527 738 1729 794 herrſchen,

247 791 341 846 ſeine
351 789 528 846 geiſtliche
528 790 674 843 Feinde
682 802 729 847 zu
737 784 1007 843 uͤberwinden,
1017 795 1101 839 und
1111 793 1200 844 ſeine
1200 793 1398 851 Pflichten
1420 793 1462 853 zu
1475 797 1730 843 vollbringen.

293 839 333 895 2.
334 846 423 894 Pet.
439 858 513 890 1.3.
542 848 721 893 Nachdem
739 849 868 897 allerley
884 848 984 898 ſeiner
999 847 1177 897 goͤttlichen
1194 845 1348 898 Kraft,,
1366 855 1444 891 was
1458 861 1529 898 zum
1547 852 1643 894 Leben
1661 855 1731 894 und

394 889 579 946 goͤttlichen
603 890 722 941 Wandel
746 899 862 940 dienet,
877 905 946 938 uns
954 899 1149 946 geſchencket
1158 901 1205 948 iſt,
1220 901 1318 947 durch
1330 902 1378 942 die
1388 901 1569 948 Erkentniß
1585 907 1661 947 des,
1672 908 1727 944 der

398 951 469 988 uns
478 946 610 994 berufen
624 947 694 993 hat,
710 949 808 994 durch
821 943 913 997 ſeine
926 944 1141 996 Herrlichkeit
1131 955 1200 992 und
1210 949 1365 999 Tugend.
1394 953 1526 998 Vergl.
1536 953 1659 1001 Eſ.40,
1667 963 1727 991 31.

396 996 492 1042 Cap:
503 1005 632 1041 45,24.
659 998 803 1046 Philip.
821 1007 932 1042 4,13.
958 1000 1094 1047 Epheſ.
1108 1010 1210 1045 3,17.
1238 1000 1331 1046 Cap.
1345 1004 1378 1046 6,
1394 1014 1448 1041 10.
1474 995 1607 1051 Coloſſ.
1628 1015 1657 1048 1,
1675 1012 1732 1042 11.

394 1043 514 1088 Rom.
528 1050 561 1088 8,
580 1056 636 1091 37.
664 1058 697 1085 2.
722 1047 836 1090 Cor.7,
853 1058 892 1083 1.

358 1095 428 1144 64.
441 1095 502 1143 Er
513 1093 583 1148 hat
592 1096 633 1141 in
642 1098 743 1145 allen
768 1090 890 1147 Leiden
914 1098 981 1147 und
1000 1091 1204 1155 Truͤbſalen
1220 1097 1339 1153 dieſer
1358 1099 1438 1156 Zeit
1445 1098 1730 1157 uͤberſchweng⸗

246 1153 363 1207 lichen
383 1153 537 1209 Troſt.

293 1203 339 1251 2.
338 1202 429 1245 Cor.
450 1214 480 1247 1,
495 1215 524 1248 5.
552 1202 733 1251 Gleichwie
743 1205 810 1246 wir
817 1207 875 1247 des
883 1205 1019 1247 Leidens
1025 1205 1148 1256 Chriſti
1148 1205 1215 1254 viel
1223 1206 1341 1256 haben,
1358 1205 1426 1255 alſo
1433 1209 1564 1250 werden
1575 1209 1637 1250 wir
1646 1208 1727 1257 auch

400 1257 540 1302 reichlich
556 1257 731 1307 getroͤſtet
745 1261 844 1303 durch
859 1259 1042 1306 Chriſtum.
1077 1262 1213 1310 Vergl.
1225 1261 1351 1311 Apoſt.
1359 1273 1397 1307 9,
1441 1275 1467 1299 31.
1494 1264 1558 1311 Pſ.
1573 1271 1729 1309 119,92.

395 1308 566 1353 Spruͤch.
582 1320 679 1348 12,2.
707 1323 740 1348 2.
750 1311 867 1356 Theſſ.
877 1324 913 1353 2,
928 1314 982 1349 16.

359 1359 438 1407 65.
458 1361 550 1406 Und
571 1360 611 1404 in
631 1359 751 1408 ſeiner
769 1360 893 1408 Seele
912 1360 1044 1413 bluͤhet
1058 1362 1135 1409 das
1153 1361 1275 1416 Reich
1294 1363 1487 1414 GOttes,
1503 1364 1662 1413 welches
1679 1364 1730 1418 iſt

248 1411 574 1470 Gerechtigkeit,
589 1414 736 1467 Friede
746 1416 828 1464 und
837 1415 995 1469 Freude
1005 1420 1046 1464 in
1057 1419 1147 1464 dem
1158 1419 1317 1473 heiligen
1327 1419 1451 1475 Geiſt,
1464 1420 1599 1469 welche
1608 1420 1728 1476 Freu⸗

247 1465 294 1514 de
315 1459 490 1521 zuweilen
504 1459 728 1523 verknuͤpfet
743 1468 798 1520 iſt
807 1470 887 1515 mit
901 1468 1028 1515 einem
1037 1458 1310 1524 Vorſchmack
1321 1472 1390 1517 des
1403 1472 1550 1524 ewigen
1560 1471 1725 1521 Lebens.

287 1528 478 1570 Rom.14,
491 1538 543 1571 17.
560 1527 649 1569 Das
664 1516 769 1573 Reich
789 1516 901 1568 GOttes
905 1529 979 1576 iſt
979 1529 1226 1578 Gerechtigkeit,
1244 1532 1371 1578 Friede
1380 1535 1449 1572 und
1459 1524 1599 1579 Freude
1608 1532 1642 1572 in
1652 1537 1726 1574 dem

394 1571 542 1625 heiligen
559 1572 678 1622 Geiſt.
673 1580 811 1628 Vergl.
823 1577 926 1627 Phil.
939 1588 1058 1625 4,4.7.
1085 1580 1199 1621 Rom.
1216 1589 1269 1626 15,
1289 1591 1337 1622 13.
1362 1581 1425 1629 Pſ.
1438 1587 1538 1627 84,3.
1570 1577 1654 1636 Eſa.
1669 1587 1725 1629 61,

400 1634 453 1660 10.
482 1621 595 1666 Hebr.
606 1626 685 1668 6,5.

360 1676 429 1719 66.
458 1675 564 1723 Will
574 1686 614 1720 er
623 1676 717 1721 aber
725 1675 837 1728 ſolche
847 1676 1044 1729 Seligkeit
1054 1677 1155 1730 nicht
1180 1677 1305 1725 wieder
1324 1672 1525 1737 verlieren,
1548 1673 1588 1731 ſo
1575 1677 1674 1731 muß
1684 1687 1725 1726 er

245 1732 286 1776 in
297 1728 470 1784 Chriſto
480 1730 597 1785 durch
628 1725 683 1781 den
687 1731 880 1781 Glauben
892 1724 1073 1784 bleiben,
1085 1737 1168 1779 und
1186 1732 1254 1790 ſich
1271 1742 1350 1781 von
1370 1733 1511 1788 ſeinem
1524 1735 1648 1792 Geiſt
1664 1748 1726 1784 re⸗

243 1788 373 1844 gieren
392 1787 518 1842 laſſen.

292 1838 392 1891 Joh.
406 1853 463 1886 15,
478 1853 512 1887 5.
530 1841 599 1891 Jch
611 1843 666 1886 bin
682 1849 736 1887 der
745 1843 953 1893 Weinſtock;
980 1845 1029 1890 ihr
1039 1845 1108 1894 ſeyd
1117 1847 1164 1887 die
1173 1847 1303 1891 Reben.
1342 1848 1433 1889 Wer
1443 1851 1482 1888 in
1494 1849 1566 1887 mir
1578 1849 1725 1894 bleibet,

393 1894 464 1931 und
483 1892 531 1938 ich
549 1892 583 1931 in
598 1891 685 1939 ihm,
704 1895 763 1932 der
776 1892 903 1939 bringet
923 1887 998 1938 viel
993 1893 1137 1942 Frucht;
1161 1899 1246 1936 denn
1266 1894 1348 1941 ohne
1363 1897 1447 1943 mich
1458 1894 1534 1938 koͤnt
1551 1896 1602 1944 ihr
1618 1897 1727 1945 nichts

394 1944 489 1984 thun.
526 1945 645 1994 Vergl.
671 1939 750 1987 Col.
765 1946 873 1993 2,6.7.
903 1947 1027 1994 Apoſt.
1054 1945 1103 1998 11,
1112 1946 1173 1992 23.
1220 1959 1247 1983 1.
1278 1947 1353 1996 Joh.
1380 1947 1468 2000 2,28.
1509 1947 1605 1996 Cap.
1625 1958 1654 1993 3,
1666 1957 1726 1992 24.

392 1991 505 2031 Rom.
520 1994 632 2033 8,14.

358 2041 425 2091 67.
456 2043 517 2091 Er
525 2042 626 2093 muß
639 2041 761 2097 dabey
771 2044 825 2091 die
838 2044 1026 2094 Mittel,
1034 2043 1199 2096 dadurch
1222 2038 1289 2097 der
1312 2046 1443 2095 Glaube
1455 2044 1627 2099 erhalten
1640 2048 1725 2096 und

243 2091 441 2150 geſtaͤrcket
449 2096 608 2142 werden
617 2097 710 2146 kan,
728 2099 890 2148 nemlich
902 2100 1080 2148 GOttes
1091 2100 1221 2148 Wort
1231 2101 1313 2147 und
1326 2101 1385 2148 die
1397 2099 1556 2156 heiligen
1565 2101 1725 2150 Sacra⸗

244 2159 377 2199 mente
407 2158 523 2201 unter
533 2155 758 2209 hertzlichem
771 2159 913 2206 Gebet,
929 2158 1044 2212 fleiſig
1059 2159 1309 2210 gebrauchen.

293 2222 323 2246 1.
340 2211 488 2258 Petr.
467 2207 499 2253 2,
504 2225 536 2248 2.
568 2203 650 2257 Seyd
672 2204 817 2261 begierig
817 2204 906 2259 nach
924 2215 984 2253 der
995 2209 1225 2263 vernuͤnftigen
1243 2217 1370 2256 lautern
1381 2213 1513 2263 Milch,
1537 2217 1593 2257 als
1614 2218 1661 2258 die
1677 2218 1723 2265 itzt

391 2258 578 2305 gebohrnen
587 2252 768 2308 Kindlein,
784 2251 849 2309 auf
860 2258 990 2309 daß
939 2254 996 2315 ihr
1006 2262 1104 2310 durch
1127 2262 1256 2312 dieſelbe
1275 2262 1454 2312 zunehmet.
1485 2266 1617 2314 Vergl.
1628 2268 1717 2304 Luc.

397 2321 453 2353 17,
469 2325 499 2353 5.
523 2311 619 2360 Joh.
630 2317 732 2359 6,56.

355 2359 424 2410 68.
451 2361 504 2412 Er
526 2358 601 2414 muß
605 2358 737 2420 gegen
749 2362 913 2419 Satan,
928 2362 1027 2413 Welt
1030 2364 1137 2415 und
1148 2362 1306 2416 Suͤnde
1312 2365 1501 2422 wachſam
1510 2362 1717 2422 kaͤmpfen.
