2093 2464
181 310 281 362 linge,
289 310 375 360 auch
389 307 549 350 mittlerer
565 306 636 344 und
650 301 810 349 groͤſſerer
838 294 1050 344 Schweine,
1068 288 1248 339 ingleichen
1264 289 1356 326 eines
1371 282 1515 332 Haſens

185 365 340 417 gewahr,
348 364 395 407 da
404 359 560 412 ergriffen
571 359 629 401 der
643 350 772 399 Koͤnig,
783 348 915 400 Printz,
924 343 1126 395 Prinzeßin,
1135 344 1187 383 die
1202 337 1399 391 anweſende
1417 334 1516 387 Her⸗

188 421 271 466 tzoge
279 417 349 458 und
358 410 506 466 Fuͤrſten
514 409 577 450 mit
588 406 717 450 andern
733 400 885 450 Grafen,
894 397 1082 447 Miniſtres
1098 393 1167 436 und
1183 391 1324 439 Herren
1341 387 1412 436 ihre
1427 389 1519 434 gezo⸗

189 465 272 519 gene
287 458 610 517 Kugel⸗Buͤchſen,
605 450 660 503 und
684 458 828 505 erlegten
844 452 954 498 etliche
979 449 1122 497 hundert
1139 444 1279 491 Stuͤcke
1319 437 1362 487 im
1368 437 1522 490 Waſſer

191 518 296 570 ſowol
303 519 339 560 in
349 518 409 558 der
417 511 530 563 Ferne
535 507 602 559 auf
606 522 633 558 3.
643 509 698 550 bis
707 504 874 552 vierthalb
889 501 1031 549 hundert
1040 492 1215 543 Schritte,
1231 494 1290 535 als
1304 491 1392 537 nahe
1403 499 1450 530 an
1459 489 1521 530 der

191 563 487 622 Durchlauchſten
504 563 612 612 Loge.
689 557 784 603 Wie
796 564 872 598 nun
891 551 974 596 auch
991 551 1095 594 vieles
1112 543 1322 591 Wildpreth
1335 540 1418 589 aufs
1424 538 1523 583 Land

192 625 315 677 gieng,
337 615 371 664 ſo
386 616 504 660 wurde
519 611 624 663 dieſes
637 604 896 662 gleichergeſtalt
910 601 976 648 auf
990 601 1047 643 der
1061 600 1190 641 andern
1205 596 1313 639 Seite
1325 594 1386 632 des
1399 588 1526 638 Jagd⸗

193 669 387 718 Gebaͤudes
395 672 463 708 von
475 660 626 709 Dames
636 661 707 703 und
715 653 912 702 Cavalliers
920 646 1111 703 geſchoſſen,
1118 646 1221 691 vieles
1230 645 1292 687 mit
1303 637 1457 690 Hunden
1465 647 1525 687 ge⸗

196 723 304 774 hetzet,
314 719 378 762 mit
384 716 527 766 Javelins
535 707 796 765 durchworffen,
812 704 896 756 auch
913 702 1014 751 durch
1028 701 1079 744 die
1088 712 1125 745 zu
1142 697 1272 751 Pferde
1289 693 1431 743 daſſelbe
1448 697 1527 734 ver⸗

197 771 351 825 folgende
361 764 562 814 Cavalliers
570 764 634 807 mit
642 759 776 810 Lantzen
784 753 1015 806 durchrennet.
1068 747 1177 795 Unter
1195 746 1326 790 andern
1341 741 1425 786 aber
1442 739 1530 789 auch

198 830 262 877 hat
271 829 329 869 der
339 823 437 874 Herr
454 820 558 871 Graf
571 817 698 868 Moritz
716 819 784 858 von
806 808 970 860 Sachſen
982 807 1085 852 einige
1097 803 1217 854 ſtarcke
1227 801 1327 847 Rehe
1337 803 1399 840 mit
1417 796 1528 839 einem

196 877 307 934 Sebel
321 869 452 928 toͤdlich
454 867 629 922 getroffen,
638 867 707 908 und
714 860 846 913 hierbey
861 864 927 900 von
937 853 1118 908 ohngefehr
1131 853 1241 897 einem
1255 856 1324 893 von
1346 845 1455 901 ſeinen
1471 843 1530 887 be⸗

199 936 278 997 ſten
288 930 419 981 Pferde
436 930 534 972 einen
547 916 771 975 gefaͤhrlichen
781 917 874 964 Hieb
885 907 1066 960 zugefuͤget.

349 987 501 1032 Beydes
509 987 570 1024 der
578 978 694 1026 Koͤnig
702 978 773 1019 und
783 978 843 1018 der
859 974 982 1027 Printz
993 966 1137 1019 faͤlleten
1153 965 1260 1013 einige
1274 961 1376 1014 Rehe
1389 961 1454 1004 mit
1474 958 1537 1001 der

200 1041 333 1097 Piſtole
344 1041 413 1080 aus
421 1033 528 1087 freyer
538 1029 667 1080 Hand.

346 1094 429 1143 Und
444 1092 522 1139 weil
530 1091 598 1135 das
606 1086 718 1134 Wild
730 1083 793 1140 ſich
799 1082 881 1127 weit
895 1077 1050 1125 abwerts
1074 1067 1137 1122 vom
1138 1069 1365 1125 Ausſchieſſen
1378 1064 1462 1112 uͤber
1469 1067 1540 1110 das

201 1125 360 1201 Waſſer
375 1144 483 1188 gegen
497 1137 577 1182 dem
584 1133 698 1178 Wall
705 1129 791 1180 nach
797 1128 856 1169 der
872 1123 1022 1177 Feſtung
1037 1121 1109 1162 und
1127 1118 1285 1167 Jungfer
1295 1119 1353 1164 zu,
1372 1119 1429 1152 wo
1438 1111 1540 1159 Jhro

209 1202 388 1263 Majeſtaͤt
413 1200 463 1247 die
485 1191 627 1248 Koͤnigin
651 1196 713 1250 ſich
727 1191 906 1244 befunden,
924 1200 961 1239 zu
975 1186 1131 1231 retiriren
1149 1181 1309 1232 ſuchete;
1335 1180 1405 1221 Als
1423 1178 1542 1220 eileten

209 1262 308 1308 Jhro
323 1248 493 1306 Majeſtaͤt
518 1244 574 1297 der
589 1243 697 1298 Koͤnig
714 1235 821 1294 ſowol
832 1233 884 1288 mit
895 1237 985 1284 einer
1003 1252 1021 1274 a
1036 1244 1151 1288 parten
1166 1223 1429 1285 Hollaͤndiſchen
1437 1223 1544 1270 Gon⸗

207 1311 274 1358 del,
286 1308 344 1348 als
352 1303 437 1353 auch
443 1292 541 1351 Jhro
549 1294 722 1347 Hoheiten
732 1297 791 1339 der
802 1289 925 1342 Printz
939 1291 1006 1332 mit
1021 1290 1079 1330 der
1086 1277 1434 1333 Durchlauchtigſten
1448 1273 1543 1323 Ertz⸗

210 1350 393 1414 Hertzogin
404 1354 441 1393 in
455 1354 546 1394 einer
558 1348 690 1390 andern
699 1346 764 1387 mit
773 1346 892 1390 rothen
906 1337 1083 1386 Sammet
1103 1329 1378 1382 beſchlagenenen
1404 1325 1547 1375 derglei⸗

211 1404 290 1454 chen
312 1397 434 1453 Gondel
447 1402 512 1447 auf
516 1403 576 1443 der
592 1396 677 1440 Elbe
687 1388 779 1442 nach,
795 1385 952 1437 toͤdteten
956 1387 1085 1435 einiges
1097 1385 1145 1428 im
1159 1380 1329 1432 Waſſen,
1337 1379 1408 1420 und
1415 1374 1546 1418 trieben

214 1454 317 1508 durch
326 1449 391 1497 den
405 1449 537 1503 Schuß
553 1450 619 1492 das
634 1439 753 1490 uͤbrige
772 1436 926 1492 heruͤber,
941 1437 1011 1482 daß
1031 1436 1118 1478 alles
1135 1427 1269 1474 gefaͤllet
1277 1429 1412 1469 werden
1430 1425 1544 1464 kunte.

357 1500 435 1539 Da
445 1499 516 1532 nun
523 1493 645 1539 ſolches
651 1487 840 1533 geſchehen,
846 1483 916 1520 und
923 1478 1034 1526 nichts
1042 1481 1111 1515 von
1119 1470 1329 1518 Wildpreth
1344 1466 1440 1512 mehr
1455 1473 1491 1511 zu
1500 1462 1557 1507 ſe⸗

218 1556 283 1605 hen
297 1560 388 1603 war,
409 1545 559 1600 kehreten
576 1546 629 1589 die
645 1538 785 1592 Koͤnigl.
795 1537 904 1588 hohen
922 1531 1175 1587 Herrſchafften
1193 1521 1301 1582 ſowol,
1315 1528 1364 1570 als
1381 1524 1462 1572 auch
1477 1524 1546 1563 alle

219 1611 344 1652 andere
353 1602 539 1647 wiederum
554 1594 639 1643 uͤber
655 1598 708 1641 die
714 1588 857 1640 Bruͤcke
865 1590 949 1641 nach
967 1586 1062 1635 ihren
1078 1589 1298 1636 apartements
1307 1586 1411 1628 gegen
1430 1582 1460 1620 6.
1468 1573 1546 1623 Uhr

219 1660 343 1713 zuruͤck.
395 1657 465 1705 Um
483 1663 518 1702 8.
530 1652 606 1704 Uhr
623 1650 766 1701 erhuben
785 1648 829 1698 ſie
847 1644 911 1697 ſich
926 1643 1011 1691 nach
1029 1641 1105 1684 dem
1125 1640 1217 1682 alten
1236 1630 1549 1679 Redouten⸗Saal

219 1710 292 1757 und
310 1711 493 1756 Theatro,
488 1707 577 1754 und
593 1703 694 1754 ſahen
702 1700 755 1743 die
770 1698 848 1747 heut
871 1692 1061 1748 angeſtellte
1073 1684 1313 1744 Frantzoͤſiſche
1329 1683 1492 1725 Comedie
1513 1682 1551 1716 la

221 1762 382 1811 Princeſſe
396 1763 431 1801 d'
438 1758 537 1801 Elide
542 1746 718 1806 genannt,
730 1751 795 1793 mit
801 1757 862 1793 an.

494 1851 770 1926 Dienſtags
783 1847 872 1908 den
882 1863 953 1917 19.
973 1835 1255 1913 Septembr.

667 1928 1021 1984 Andromaque

580 1986 881 2045 Comedia
917 1988 1074 2034 ltaliana.

1399 2044 1570 2118 Mitt⸗
