3193 3190
979 345 1132 392 Willen
1147 343 1248 392 thun
1274 343 1416 388 wollte.
1475 332 1710 396 Aengſtigeſt
1745 335 1811 383 du
1837 324 1959 389 dich/

975 401 1054 446 daß
1071 407 1123 446 du
1149 401 1301 446 Gottes
1331 399 1482 447 Willen
1520 388 1626 447 nicht
1657 400 1692 447 ſo
1709 391 1938 441 vollkoͤmm⸗

974 452 1049 504 lich
1070 450 1170 501 thun
1190 442 1336 505 kanſt/
1347 450 1414 494 als
1430 454 1483 492 du
1508 454 1623 503 gerne
1665 436 1863 495 wollteſt/
1884 448 1940 491 die

975 507 1103 563 Angſt
1113 513 1182 556 des
1195 507 1384 565 Hertzens
1395 499 1548 554 nimmt
1559 505 1690 554 GOtt
1691 499 1777 553 an/
1794 503 1860 546 als
1879 505 1940 548 ein

975 566 1243 619 angenehmes
1274 564 1458 617 Opffer;
1489 566 1625 613 Denn
1648 562 1717 610 die
1748 555 1952 610 Opffer/

973 626 1047 669 die
1062 623 1215 673 GOtt
1229 612 1441 674 gefallen/
1464 617 1554 672 ſind
1572 618 1641 664 ein
1666 607 1940 672 geaͤngſteter

974 669 1141 729 Geiſt/
1156 673 1224 719 ein
1247 666 1527 729 geaͤngſtetes
1554 670 1648 716 und
1671 662 1940 723 zerſchlagen

977 732 1111 785 Hertz
1157 733 1280 784 wird
1296 732 1497 785 GOTT
1528 730 1646 783 nicht
1688 715 1954 779 verachten/

979 786 1099 840 Pſal.
1134 798 1194 832 51.
1229 789 1269 831 v.
1288 797 1343 833 19.
1395 782 1573 836 Paulus
1600 780 1724 834 fuͤhlet
1738 778 1837 830 auch
1854 779 1942 830 dieſe

977 840 1269 896 Schwachheit
1286 852 1340 888 an
1357 842 1455 894 ſich/
1474 839 1645 890 Roͤm.7.
1659 838 1771 881 v.19.
1828 837 1948 884 Das

978 892 1122 952 Gute/
1132 898 1229 952 ſaget
1250 901 1297 943 er/
1327 897 1386 944 das
1404 895 1463 948 ich
1478 888 1604 944 will/
1610 888 1724 944 thue
1724 888 1790 940 ich
1804 882 1945 942 nicht/

980 955 1085 1002 aber
1102 958 1192 1000 das
1208 945 1361 1006 Boͤſe/
1365 954 1456 998 das
1484 948 1551 1003 ich
1570 946 1687 999 nicht
1709 938 1851 994 will/
1851 946 1943 991 das

980 1008 1173 1060 thueich.
1219 1002 1291 1060 Mit
1315 1017 1382 1056 dem
1405 998 1620 1061 Bereiten/
1624 996 1806 1055 Wollen/
1821 994 1946 1051 Thun/

980 1070 1029 1118 iſt
1042 1058 1166 1113 GOtt
1190 1079 1236 1120 zu
1249 1067 1409 1115 frieden.
1468 1064 1561 1117 Hat
1585 1061 1667 1111 dich
1692 1070 1780 1104 nun
1810 1061 1944 1106 GOtt

983 1124 1083 1174 nach
1100 1124 1238 1172 ſeinem
1243 1110 1422 1165 Willen/
1434 1122 1471 1170 ſo
1501 1120 1584 1168 haſt
1609 1112 1657 1162 du
1686 1110 1822 1154 GOtt
1845 1115 1945 1161 nach

985 1184 1135 1226 deinem
1148 1179 1311 1224 Willen.
1354 1175 1479 1226 Thuſt
1501 1180 1553 1219 du
1578 1173 1674 1221 das/
1699 1178 1792 1218 was
1813 1172 1946 1218 GOtt

983 1237 1095 1283 will/
1112 1236 1246 1281 GOtt
1266 1232 1358 1283 thut
1374 1233 1528 1277 was
1486 1224 1532 1276 du
1544 1228 1658 1275 willt.
1743 1224 1860 1277 Leget
1886 1228 1946 1267 dir

986 1295 1124 1339 GOtt
1139 1290 1322 1335 Armuht
1340 1287 1442 1337 auff/
1462 1290 1514 1332 da
1531 1285 1615 1339 ſage
1630 1282 1681 1333 zu
1702 1282 1855 1329 GOtt:
1883 1281 1948 1328 Ja

987 1345 1247 1398 himmliſcher
1266 1337 1424 1391 Vater/
1445 1341 1504 1392 hie
1521 1341 1587 1384 bin
1607 1332 1696 1390 ich/
1718 1340 1805 1385 dein
1828 1337 1947 1381 Wille

985 1401 1165 1454 geſchehe.
1229 1397 1383 1450 Sageſt
1403 1401 1456 1442 du
1480 1399 1697 1442 wiederum
1720 1402 1772 1444 zu
1792 1393 1948 1438 GOtt:

989 1457 1072 1507 Ach
1084 1452 1344 1507 himmliſcher
1354 1452 1506 1500 Vater!
1530 1448 1586 1502 ich
1605 1450 1734 1495 wollte
1751 1454 1849 1500 gern
1866 1444 1950 1496 ſelig

988 1512 1169 1559 werden;
1180 1504 1269 1563 Ja/
1274 1509 1376 1558 ſaget
1391 1501 1541 1555 GOtt/
1561 1507 1642 1550 mein
1663 1498 1789 1552 Kind/
1802 1507 1855 1545 du
1868 1503 1952 1546 ſollt

989 1565 1076 1619 ſelig
1085 1567 1258 1611 werden.
1286 1550 1402 1609 Was
1420 1558 1505 1615 haſt
1521 1563 1574 1603 du
1590 1555 1819 1608 verlohren?
1839 1555 1952 1603 Was

992 1619 1076 1673 haſt
1089 1617 1154 1672 du
1154 1614 1398 1671 gewonnen?
1428 1612 1606 1670 Jrdiſche
1627 1607 1767 1660 Guͤter
1796 1607 1879 1663 haſt
1901 1613 1954 1654 du

991 1660 1224 1724 verlohren/
1254 1673 1326 1716 den
1347 1665 1533 1722 Himmel
1550 1665 1632 1716 haſt
1654 1667 1707 1711 du
1723 1665 1954 1718 gewonnen.

993 1736 1085 1784 Mit
1119 1732 1254 1779 Gott
1275 1729 1317 1779 iſt
1342 1734 1419 1783 gut
1443 1724 1633 1776 tauſchen.
1692 1715 1754 1771 Er
1776 1719 1860 1775 gibt
1879 1725 1954 1767 das

996 1789 1165 1842 Ewige/
1182 1794 1299 1832 wenn
1310 1795 1350 1830 er
1370 1790 1445 1830 das
1456 1781 1634 1838 Zeitliche
1645 1784 1807 1828 nimmt.

1052 1833 1164 1898 Zum
1187 1841 1231 1884 lI.
1259 1837 1464 1891 beſchauen
1495 1842 1570 1883 wir
1593 1840 1634 1883 in
1655 1834 1813 1887 unſerm
1831 1829 1959 1889 Spie⸗

993 1902 1051 1952 gel
1071 1903 1160 1946 das
1191 1895 1320 1952 Hertz
1336 1884 1477 1943 JEſu
1497 1900 1632 1948 gegen
1650 1890 1756 1944 ſeine
1776 1885 1959 1938 Liebha⸗

994 1947 1097 2006 ber/
1101 1954 1171 2000 die
1181 1950 1315 2007 ſeinen
1336 1949 1503 2003 Willen
1517 1944 1646 2000 thun.
1707 1946 1809 1992 Das
1824 1942 1958 1996 gibt
1916 1936 1959 1988 er

996 2006 1267 2062 zuerkennen/
1282 2014 1399 2051 wenn
1421 2012 1463 2048 er
1484 2006 1538 2048 die
1553 1999 1761 2049 Gottloſen
1774 1996 1962 2044 anredet:

998 2062 1092 2112 Jch
1113 2056 1227 2113 habe
1246 2057 1349 2110 euch
1378 2049 1480 2113 noch
1501 2054 1567 2102 nie
1579 2044 1771 2103 erkannt.
1829 2043 1962 2101 Wei⸗

999 2104 1090 2169 chet
1112 2110 1202 2169 alle
1198 2121 1294 2160 von
1305 2106 1411 2169 mir/
1422 2103 1488 2167 ihr
1526 2102 1798 2161 Ubelthaͤter.
1853 2100 1964 2158 Hin⸗

1001 2183 1122 2231 gegen
1132 2173 1236 2228 ſaget
1261 2182 1301 2218 er
1318 2178 1374 2227 zu
1374 2177 1445 2218 den
1461 2167 1717 2222 Glaͤubigen:
1746 2167 1829 2219 Jch
1848 2163 1959 2211 kenne

1002 2221 1095 2277 euch
1106 2229 1198 2275 wol.
1254 2218 1478 2275 Kommet
1492 2217 1588 2272 her/
1602 2218 1672 2276 ihr
1693 2211 1962 2272 Geſegneten

1002 2283 1170 2332 meines
1191 2276 1393 2333 Vaters/
1405 2277 1568 2328 ererbet
1591 2279 1682 2326 das
1692 2269 1865 2328 Reich/
1872 2276 1962 2319 das

1002 2339 1108 2393 euch
1120 2337 1293 2388 bereitet
1312 2335 1366 2390 iſt
1377 2347 1471 2384 von
1489 2331 1728 2390 Anbeginn
1751 2334 1819 2380 der
1828 2321 1966 2380 Welt.

1004 2397 1230 2449 Matth.25.
1246 2389 1342 2450 v.34.
1345 2395 1446 2443 Das
1458 2392 1518 2443 laß
1532 2398 1592 2440 dir
1609 2396 1719 2439 einen
1734 2389 1852 2435 Troſt
1862 2376 1967 2438 ſeyn/

1004 2439 1153 2508 JEſus
1170 2450 1303 2497 kennet
1317 2449 1411 2500 dich.
1470 2445 1623 2495 Kennet
1642 2443 1723 2495 dich
1735 2431 1915 2498 JEſus/
1928 2441 1950 2493 ſo

1006 2512 1091 2561 haſt
1113 2515 1165 2555 du
1208 2511 1315 2554 einen
1355 2503 1548 2561 gnaͤdigen
1596 2505 1743 2550 GOtt.
1841 2496 1970 2552 Zwey

1008 2559 1263 2615 Spruͤchlein
1274 2552 1370 2609 habe
1370 2552 1435 2608 ich
1459 2548 1671 2613 gefunden/
1691 2558 1745 2600 die
1765 2562 1842 2607 gar
1854 2553 1971 2596 troſt⸗

1008 2614 1108 2671 reich
1120 2620 1220 2668 ſeyn.
1269 2620 1351 2671 Jm
1365 2634 1400 2664 2.
1402 2608 1527 2669 Buch
1544 2617 1670 2665 Moſis
1688 2600 1847 2664 ſpricht
1846 2602 1961 2645 GOtt

1011 2690 1057 2735 zu
1074 2677 1207 2724 Moſe:
1243 2673 1349 2723 Cap.
1367 2669 1432 2726 33.
1439 2677 1475 2714 v.
1496 2686 1549 2714 17.
1602 2667 1694 2721 Jch
1720 2665 1846 2716 kenne
1868 2660 1966 2713 dich

1012 2729 1096 2775 mit
1114 2724 1330 2779 Namen/
1341 2724 1434 2770 und
1459 2718 1558 2776 halt
1579 2722 1745 2771 Gnade
1757 2727 1844 2765 vor
1864 2723 1973 2760 mei⸗

1009 2797 1095 2837 nen
1112 2785 1268 2842 Augen
1286 2780 1464 2837 funden.
1523 2781 1674 2830 Kennet
1702 2779 1784 2832 dich
1805 2770 1977 2826 JEſus/

1011 2845 1050 2899 ſo
1061 2842 1140 2896 haſt
1154 2848 1207 2889 du
1219 2843 1327 2888 einen
1339 2835 1541 2897 gnaͤdigen
1544 2830 1686 2886 GOtt.
1743 2835 1858 2885 Was
1871 2834 1969 2878 willt

1979 329 2031 379 du
2031 327 2179 381 mehr?
2205 320 2267 380 Du
2276 324 2453 382 klageſt:
2483 325 2566 381 Jch
2591 330 2687 376 habe
2708 331 2785 376 kein
2800 323 2920 380 Brot.

1960 387 2084 439 Haſt
2107 393 2160 433 du
2176 392 2285 433 einen
2302 381 2502 442 gnaͤdigen
2519 383 2681 433 GOtt?
2701 383 2779 432 Du
2797 379 2921 445 ſageſt/

1978 435 2057 497 Ja.
2114 435 2237 491 Was
2237 434 2408 490 meyneſt
2418 438 2489 483 du/
2507 432 2577 488 hat
2592 438 2691 480 denn
2716 432 2843 482 GOtt
2866 436 2918 479 im

1978 501 2162 549 Himmel
2172 499 2253 541 kein
2262 497 2401 544 Brot?
2411 496 2482 547 Jſt
2491 505 2532 541 er
2561 490 2602 542 ſo
2593 499 2685 539 arm
2699 493 2917 547 geworden?

1980 561 2058 603 Du
2074 553 2290 608 ſageſt:Jch
2301 553 2399 603 habe
2408 557 2468 595 ein
2483 553 2686 599 trauriges
2709 542 2821 605 Hertz.
2847 541 2919 602 Haſt

1980 618 2031 657 du
2040 610 2170 656 keinen
2180 606 2376 661 gnaͤdigen
2389 606 2522 652 GOtt
2538 609 2594 652 im
2607 603 2811 659 Himmel?
2826 604 2919 653 Haſt

1978 668 2032 711 du
2063 667 2171 711 einen
2193 659 2389 719 gnaͤdigen
2407 653 2565 711 GOtt/
2583 664 2674 712 was
2697 657 2858 710 traureſt
2873 661 2920 705 du

1976 714 2103 762 denn?
2132 704 2216 768 Laß
2237 716 2310 760 den
2332 711 2471 763 Teufel
2488 707 2686 765 trauren/
2727 708 2790 754 der
2801 707 2917 754 keinen

1981 776 2176 827 gnaͤdigen
2190 778 2323 821 GOtt
2334 775 2417 820 hat.
2435 774 2530 818 Biſt
2541 764 2584 816 du
2598 768 2811 824 hungerig?
2824 771 2919 818 Got⸗

1973 838 2041 877 tes
2047 830 2190 878 Gnade
2204 829 2328 881 ſpeiſet
2338 826 2432 873 dich.
2450 826 2545 874 Biſt
2555 830 2607 873 du
2616 822 2774 877 durſtig?
2783 823 2920 871 Gottes

1982 889 2126 935 Gnade
2137 885 2307 933 traͤncket
2319 884 2413 931 dich.
2429 883 2525 930 Biſt
2535 887 2587 926 du
2605 879 2808 932 verlaſſen?
2824 881 2919 927 Got⸗

1983 944 2042 988 tes
2055 941 2198 990 Gnade
2209 935 2361 990 ſchuͤtzet
2374 938 2469 984 dich.
2482 937 2576 986 Biſt
2591 941 2643 982 du
2663 926 2775 984 elend?
2799 926 2921 984 Gottes

1985 1001 2128 1044 Gnade
2139 997 2272 1042 troͤſtet
2287 995 2381 1039 dich.
2403 995 2517 1039 Was
2532 994 2632 1038 willt
2647 995 2697 1037 du
2710 990 2838 1043 mehr?
2863 984 2923 1043 Jch

1981 1051 2096 1087 kenne
2110 1050 2210 1101 dich/
2224 1051 2327 1102 ſaget
2339 1042 2502 1098 GOtt/
2516 1053 2570 1092 du
2593 1045 2675 1096 haſt
2685 1045 2824 1094 Gnade
2841 1044 2923 1096 fun⸗

1982 1106 2057 1143 den
2065 1111 2138 1152 vor
2151 1108 2304 1151 meinen
2321 1104 2477 1156 Augen.
2524 1100 2606 1154 Jch
2617 1099 2712 1148 habe
2721 1100 2797 1151 hier
2808 1099 2923 1151 wenig

1988 1170 2101 1209 guter
2114 1156 2252 1208 Tage/
2261 1162 2351 1205 und
2363 1167 2480 1204 wenn
2501 1162 2582 1204 mir
2592 1157 2723 1205 GOtt
2737 1156 2829 1203 alles
2842 1152 2924 1205 neh⸗

1981 1222 2074 1261 nen
2083 1204 2236 1263 wollte/
2241 1212 2309 1259 bin
2320 1209 2376 1262 ich
2394 1219 2442 1265 zu
2461 1208 2633 1258 frieden/
2654 1212 2766 1254 wenn
2781 1203 2835 1255 ich
2851 1212 2924 1250 nur

1987 1276 2048 1319 diß
2060 1269 2308 1325 Spruͤchlein
2328 1262 2444 1316 habe:
2466 1259 2558 1312 Jch
2591 1265 2715 1313 kenne
2739 1262 2831 1318 dich
2850 1264 2924 1309 mit

1988 1319 2188 1380 Namen/
2198 1327 2261 1372 du
2276 1320 2376 1377 haſt
2388 1321 2557 1373 Gnade
2568 1329 2655 1368 vor
2666 1316 2820 1366 meinen
2836 1316 2922 1368 Au⸗

1989 1393 2070 1437 gen
2088 1379 2267 1434 funden.
2326 1382 2429 1426 Das
2439 1377 2601 1431 ſchreibe
2621 1381 2687 1423 ins
2706 1368 2845 1424 Hertz/
2852 1378 2922 1418 das

1988 1438 2145 1488 ſchreibe
2162 1442 2220 1484 im
2238 1434 2369 1486 Hauſe
2380 1445 2434 1481 an
2451 1436 2521 1481 alle
2535 1426 2716 1480 Waͤnde/
2734 1433 2767 1482 ſo
2786 1431 2862 1483 haſt
2874 1435 2924 1475 du

1994 1491 2261 1545 Reichthums
2270 1488 2429 1543 genug/
2457 1488 2571 1540 mehr
2588 1488 2654 1533 als
2672 1491 2723 1533 du
2741 1482 2925 1539 begehreſt.

1993 1546 2142 1600 Kratzet
2154 1551 2197 1591 es
2209 1547 2275 1591 der
2286 1533 2424 1593 Teufel
2440 1547 2521 1589 von
2541 1543 2606 1587 der
2623 1533 2784 1588 Wand/
2798 1538 2833 1588 ſo
2850 1538 2927 1582 kra⸗

1992 1609 2054 1655 tzet
2072 1613 2113 1650 er
2130 1606 2192 1648 dir
2209 1608 2253 1649 es
2271 1600 2365 1649 doch
2380 1599 2486 1650 nicht
2505 1596 2587 1647 auß
2607 1599 2750 1643 deinem
2767 1592 2963 1647 Hertzen.

1997 1664 2075 1709 Jch
2089 1661 2203 1705 kenne
2218 1653 2326 1702 dich/
2341 1658 2442 1707 ſaget
2472 1648 2621 1693 GOtt.
2677 1654 2793 1701 Sage
2820 1648 2929 1696 auch:

1997 1718 2108 1764 Was
2133 1714 2225 1767 liget
2241 1704 2405 1761 daran/
2416 1709 2494 1761 daß
2518 1710 2620 1755 mich
2644 1713 2699 1751 die
2710 1709 2817 1755 Welt
2837 1703 2932 1755 nicht

1995 1769 2142 1816 kennen
2154 1765 2262 1815 will?
2283 1766 2365 1819 Jch
2385 1766 2502 1812 kenne
2522 1768 2580 1810 die
2599 1755 2711 1812 Welt
2728 1749 2842 1811 wol/
2857 1762 2930 1804 und

2006 1827 2077 1869 will
2103 1825 2149 1875 ſie
2166 1822 2271 1876 nicht
2292 1820 2462 1870 kauffen.
2510 1817 2678 1872 Seliges
2698 1807 2848 1871 Hertz/
2863 1810 2932 1859 das

2000 1884 2132 1930 GOtt
2148 1879 2294 1926 kennet.
2352 1876 2436 1931 Jch
2450 1876 2563 1922 kenne
2573 1874 2682 1925 dich/
2704 1865 2803 1926 ſaget
2804 1864 2933 1919 GOtt /

1997 1943 2048 1983 du
2064 1935 2148 1987 haſt
2179 1935 2326 1980 Gnade
2341 1936 2416 1979 vor
2440 1933 2592 1977 meinen
2616 1927 2755 1982 Augen
2780 1923 2935 1976 funden:

2003 1994 2079 2039 Du
2090 1983 2242 2043 ſageſt/
2256 1989 2314 2041 ich
2347 1985 2446 2039 habe
2472 1989 2551 2032 eine
2578 1982 2799 2036 ungnaͤdige
2819 1980 2933 2027 Welt.

2005 2047 2114 2096 Was
2133 2046 2176 2094 iſt
2195 2049 2326 2090 daran
2344 2041 2529 2097 gelegen:
2560 2035 2652 2088 Der
2676 2042 2787 2088 Welt
2803 2038 2934 2084 Gnade

2000 2101 2082 2157 gibt
2101 2097 2256 2151 nichts/
2282 2088 2362 2147 der
2404 2086 2518 2146 Welt
2565 2093 2757 2146 Ungnade
2802 2093 2937 2136 nimmt

2000 2154 2142 2208 nichts.
2189 2152 2272 2207 Jch
2288 2153 2402 2200 kenne
2412 2149 2514 2204 dich
2517 2147 2619 2205 ſaget
2631 2148 2788 2198 GOtt/
2803 2145 2856 2191 du
2856 2144 2936 2195 haſt

2002 2212 2147 2259 Gnade
2167 2200 2242 2254 vor
2262 2212 2405 2254 meinen
2426 2196 2571 2261 Augen
2590 2202 2746 2254 funden.
2800 2200 2939 2249 Kennet

2002 2267 2084 2314 dich
2094 2259 2270 2322 JEſus/
2278 2258 2319 2315 ſo
2330 2262 2439 2309 liebet
2458 2270 2500 2308 er
2520 2258 2623 2311 dich:
2653 2257 2778 2308 Liebet
2796 2267 2834 2302 er
2850 2250 2944 2302 dich/

2010 2323 2037 2369 ſo
2056 2314 2173 2377 ſorget
2173 2316 2229 2371 er
2261 2319 2310 2366 ſuͤr
2322 2319 2416 2371 dich.
2476 2318 2570 2368 Sey
2590 2319 2717 2361 damit
2730 2323 2776 2368 zu
2795 2312 2940 2361 frieden.

2005 2366 2150 2423 Gnade
2176 2371 2308 2421 findeſt
2331 2375 2383 2416 du
2409 2369 2477 2417 bey
2499 2361 2658 2418 GOtt/
2678 2374 2729 2413 du
2751 2364 2878 2417 darffſt
2901 2363 2941 2411 ſie

2003 2430 2109 2483 nicht
2123 2427 2196 2480 erſt
2211 2436 2313 2474 erwe
2339 2419 2438 2479 ben/
2460 2427 2505 2480 ſie
2533 2425 2576 2477 iſt
2601 2424 2713 2477 ſchon
2732 2418 2943 2468 erworben;

2006 2488 2084 2536 Du
2102 2483 2260 2536 darffeſt
2273 2483 2318 2536 ſie
2341 2480 2441 2534 auch
2457 2478 2563 2532 nicht
2579 2477 2693 2532 lange
2721 2467 2878 2529 ſuchen/
2900 2471 2941 2520 ſie

2006 2543 2151 2586 wartet
2173 2537 2263 2588 auff
2299 2535 2393 2589 dich.
2475 2535 2581 2581 Das
2612 2522 2754 2580 andere
2771 2526 2946 2582 troͤſtliche

2007 2594 2260 2652 Spruͤchlein
2269 2592 2371 2646 finde
2381 2591 2438 2646 ich
2457 2591 2526 2643 bey
2538 2595 2626 2637 dem
2633 2578 2887 2644 Propheten/
2900 2584 2947 2626 da

2009 2662 2139 2705 GOtt
2156 2662 2224 2703 der
2254 2651 2352 2709 HErr
2382 2653 2508 2709 ſaget:
2544 2651 2637 2699 Eſa.
2655 2661 2712 2702 43.
2739 2652 2780 2691 v.
2805 2659 2835 2689 1.
2865 2629 2955 2684 Jch

2008 2679 2119 2745 habe
2138 2693 2237 2741 dich
2253 2692 2331 2744 bey
2353 2687 2525 2737 deinem
2544 2691 2725 2739 Namen
2741 2678 2951 2742 geruffen/

2008 2758 2065 2812 ich
2078 2759 2193 2805 kenne
2201 2753 2302 2806 dich/
2302 2753 2364 2804 du
2375 2751 2460 2805 biſt
2470 2751 2599 2801 mein.
2612 2751 2763 2802 Kennet
2774 2751 2854 2801 dich
2861 2745 2956 2806 JE⸗

2010 2813 2105 2870 ſus/
2122 2813 2157 2869 ſo
2166 2794 2336 2871 gehoͤreſt
2353 2804 2401 2874 du
2411 2809 2579 2867 JEſum
2597 2816 2666 2857 an.
2721 2808 2816 2862 Biſt
2831 2810 2883 2851 du
2897 2805 2954 2851 ein
