1888 2759
664 447 725 482 22

865 435 970 501 Die
970 435 1260 501 Vorſehung
1260 435 1444 501 Gottes

668 542 728 581 ten
752 539 924 593 wohnen,
961 543 1036 583 und
1071 548 1133 590 der
1170 542 1419 602 Gluͤcksguͤter
1448 549 1638 605 beraubet,

666 597 796 640 womit
813 596 858 650 ſie
875 595 1028 651 reichlich
1044 601 1199 654 begabet
1221 602 1309 657 ſind.
1384 608 1463 655 Die
1472 606 1639 660 Vorſtel⸗

664 651 774 703 lung,
798 653 874 706 daß
890 653 1003 704 Gott,
1021 655 1107 710 nach
1126 656 1233 711 ſeiner
1249 661 1374 716 freyen
1391 661 1533 718 Macht,
1549 668 1636 709 was

665 705 754 758 hoch
771 707 808 748 in
825 710 885 749 der
905 705 1012 753 Welt
1026 706 1087 764 iſt,
1113 720 1182 763 gar
1207 713 1290 756 bald
1315 716 1509 762 wiederum
1526 716 1636 761 ernie⸗

662 768 789 815 drigen
818 762 946 818 koͤnne,
978 768 1069 814 wird
1097 768 1143 825 ſie
1171 771 1237 826 bey
1266 772 1377 828 ihrem
1414 776 1634 832 vornehmen

662 811 837 873 Stande,
862 821 984 868 immer
1002 826 1040 869 in
1058 826 1153 870 einer
1179 826 1330 883 heiligen
1354 830 1490 887 Furcht
1516 833 1634 889 erhal⸗

660 885 730 930 ten,
759 880 832 935 daß
847 880 890 938 ſie
913 883 975 937 ſich
1003 885 1112 938 nicht,
1136 889 1287 941 unbillig
1312 886 1400 935 uͤber
1423 899 1554 939 andere
1580 905 1634 939 er⸗

660 939 782 990 heben.
861 945 948 991 Der
977 947 1063 999 Fall
1091 946 1126 1001 ſo
1152 948 1260 993 vieler
1287 949 1454 1006 Haͤuſer,
1486 954 1631 999 worinn

655 997 871 1054 Reichthum
900 1005 974 1046 und
993 1003 1091 1059 Ehre
1115 1004 1289 1060 geweſen,
1316 1008 1408 1054 wird
1433 1011 1540 1065 ihnen
1563 1013 1631 1067 bey

655 1055 768 1109 ihrem
803 1055 938 1109 Gluͤcke
973 1062 1029 1106 ein
1065 1060 1408 1121 immerwaͤhrendes
1446 1068 1630 1120 Denkbild

654 1114 813 1167 bleiben,
842 1118 958 1172 dabey
985 1119 1091 1174 ihnen
1115 1124 1172 1167 die
1188 1124 1323 1170 Worte
1348 1125 1517 1181 einfallen
1539 1122 1631 1185 muͤſ⸗

655 1178 734 1230 ſen:
766 1180 867 1234 Sey
887 1181 993 1234 nicht
1010 1181 1118 1240 ſtolz,
1145 1185 1326 1240 ſondern
1350 1185 1509 1244 fuͤrchte
1527 1190 1629 1247 dich.

653 1236 752 1288 Hat
777 1238 892 1285 Gott
927 1244 1000 1286 der
1024 1240 1194 1298 Zweige
1224 1242 1331 1300 nicht
1374 1247 1630 1304 verſchonet,

654 1290 737 1345 daß
764 1303 808 1341 er
827 1292 1017 1349 vielleicht
1033 1298 1128 1345 dein
1154 1297 1252 1354 auch
1278 1300 1386 1358 nicht
1400 1301 1629 1362 verſchone,

650 1350 783 1396 Roͤm.
782 1355 848 1403 11,
884 1350 956 1398 20.
972 1351 1044 1398 21.
1103 1358 1189 1404 Der
1214 1360 1431 1413 Untergang
1429 1356 1472 1416 ſo
1518 1362 1629 1409 vieler

651 1401 942 1464 ausgebluͤheten
960 1409 1212 1468 Geſchlechter,
1228 1416 1286 1458 die
1303 1415 1369 1469 ſich
1396 1418 1435 1462 in
1459 1422 1522 1463 der
1544 1421 1628 1475 Zeit

649 1462 768 1516 haben
784 1465 983 1518 verewigen
996 1468 1137 1521 wollen,
1157 1471 1249 1515 wird
1270 1472 1308 1517 in
1332 1474 1426 1530 ihrer
1440 1475 1637 1529 betriegli⸗

650 1523 735 1575 chen
751 1525 998 1579 Einbildung,
1024 1532 1092 1572 den
1115 1531 1221 1575 eitlen
1235 1533 1405 1589 Wunſch
1431 1535 1628 1589 ſchwaͤchen

650 1572 805 1626 koͤnnen,
835 1577 910 1630 daß
941 1566 986 1630 ſie
1004 1578 1097 1631 nicht
1130 1582 1232 1634 jenen
1265 1583 1465 1640 Gottloſen
1488 1585 1624 1642 aͤhnlich

649 1632 813 1681 werden,
847 1634 972 1676 davon
993 1633 1125 1681 David
1160 1632 1289 1694 ſinget:
1341 1639 1459 1690 Das
1485 1629 1530 1694 iſt
1557 1641 1626 1698 ihr

648 1691 779 1750 Herz,
791 1693 873 1751 daß
891 1695 980 1748 ihre
1008 1690 1171 1757 Haͤuſer
1175 1699 1356 1756 waͤhren
1374 1704 1623 1763 immerdar,

647 1749 737 1797 und
764 1749 854 1807 ihre
879 1750 1178 1808 Wohnungen
1202 1754 1278 1806 fuͤr
1300 1758 1389 1806 und
1408 1754 1506 1817 fuͤr,
1531 1755 1619 1812 und

647 1807 783 1860 haben
803 1810 932 1867 große
959 1813 1077 1865 Ehre
1101 1817 1183 1868 auf
1195 1818 1357 1868 Erden,
1382 1817 1450 1874 Pſ.
1467 1831 1533 1873 49,
1556 1833 1620 1863 12.

646 1865 728 1912 Die
746 1868 1007 1915 wunderbaren
1024 1870 1195 1927 Gerichte
1210 1873 1365 1927 Gottes,
1390 1877 1447 1923 die
1474 1882 1531 1924 die
1550 1880 1621 1925 Er⸗

644 1921 806 1977 fahrung
835 1924 922 1978 auch
948 1926 1041 1979 ohne
1068 1928 1316 1986 freventliches
1348 1935 1532 1990 Urtheilen
1555 1935 1620 1986 zei⸗

644 1983 724 2033 get,
753 1982 911 2037 dadurch
955 1985 1014 2029 die
1042 1986 1203 2041 Stolzen
1244 1984 1529 2047 gedemuͤthiget,
1559 1994 1616 2041 die

640 2021 937 2092 Hochmuͤthigen
978 2039 1207 2096 erniedriget,
1248 2049 1324 2089 und
1366 2050 1424 2091 die
1456 2041 1615 2101 uͤppigen

641 2091 806 2145 Reichen
820 2099 1000 2139 verarmet
1014 2094 1111 2151 ſind,
1138 2103 1281 2145 werden
1305 2102 1412 2156 ihnen
1437 2111 1479 2153 zu
1497 2102 1614 2159 Spie⸗

643 2151 725 2203 geln
748 2152 888 2204 dienen,
918 2153 1048 2200 darinn
1065 2155 1111 2211 ſie
1133 2159 1190 2214 ihr
1207 2163 1282 2205 und
1300 2163 1394 2213 ihrer
1411 2161 1612 2219 Nachkom⸗

643 2219 722 2253 men
740 2209 924 2265 Schickſal
942 2213 1042 2267 ſehen
1056 2213 1212 2269 koͤnnen,
1240 2226 1344 2261 wenn
1368 2216 1412 2268 ſie
1441 2217 1503 2275 ſich
1522 2221 1612 2277 nicht

642 2278 709 2313 vor
726 2274 793 2316 den
810 2270 954 2327 Laſtern
982 2267 1114 2330 huͤten,
1142 2277 1198 2321 die
1221 2278 1316 2331 jene,
1342 2276 1397 2323 die
1422 2278 1470 2327 im
1494 2280 1611 2336 geſeg⸗

1499 2352 1610 2392 neten
