1725 2270
679 194 771 250 806

829 196 960 251 Leben
960 196 1056 251 und
1056 196 1231 251 Thaten
1231 196 1499 251 FRIDERICI,

685 281 912 330 „aufrichtiger
921 283 1135 332 Begebenheit
1150 284 1320 333 verehren,
1346 289 1413 324 und
1430 295 1467 332 zu
1477 285 1552 326 Ew.
1563 286 1628 327 Koͤ⸗

683 334 790 382 „nigl.
809 335 968 385 Majeſtaͤt
991 336 1107 384 getroſt
1129 337 1209 384 ſeine
1230 336 1380 385 Zuflucht
1401 336 1534 383 nehmen
1558 338 1629 377 kan.

685 380 791 431 „Ja,
812 394 846 423 es
855 388 962 425 wuͤrde
973 386 1075 424 meine
1090 385 1250 434 gnaͤdigſte
1260 387 1340 435 hohe
1349 387 1543 436 Herrſchafft
1552 389 1628 428 voll⸗

683 436 856 481 „kommen
865 435 1027 484 vergnuͤgt
1035 436 1125 482 ſeyn,
1148 444 1248 475 wann
1264 440 1341 482 auch
1358 437 1452 486 Jhro
1467 439 1626 487 Majeſtaͤt

683 486 755 529 „die
771 484 913 531 Koͤnigin
933 491 1033 523 denen
1052 484 1222 533 hieruͤber,
1246 486 1401 525 Namens
1421 486 1539 525 meiner
1552 486 1628 534 gnaͤ⸗

685 535 830 582 „digſten
852 537 948 584 hohen
970 537 1182 587 Herrſchafft,
1206 547 1271 577 von
1294 538 1357 576 mir
1372 537 1569 586 geſchehenen
1584 549 1629 576 er⸗

687 586 850 633 „gebenen
873 594 939 626 und
963 589 1187 637 ehrerbietigen
1212 590 1463 638 Vorſtellungen
1487 590 1628 641 gnaͤdigſt

685 638 807 687 „Platz
823 641 949 687 geben,
976 645 1039 676 und
1058 642 1134 684 auch
1153 642 1248 684 Dero
1265 642 1345 691 hohe
1360 641 1453 688 Huld
1470 640 1563 689 Jhro
1579 651 1629 688 ge⸗

687 687 781 733 „wiß
795 688 868 728 Sie
882 689 1017 735 hertzlich
1032 688 1218 734 liebendem,
1244 693 1311 726 und
1329 690 1549 737 verehrendem
1570 689 1630 727 ein⸗

688 737 808 786 „tzigen
833 740 1151 788 Schweſter ⸗ Sohn
1172 743 1282 788 haͤtten
1314 739 1434 789 guͤtigſt
1463 747 1630 790 zuwenden

688 790 841 832 „wollen.
891 791 1068 839 Jndeſſen,
1092 795 1133 829 da
1150 798 1186 828 es
1203 794 1286 834 nicht
1298 803 1337 838 zu
1354 791 1497 840 erhalten
1513 793 1629 840 geſtan⸗

687 843 792 885 „den,
817 841 935 890 muͤſſen
953 844 1008 891 ſich
1019 842 1111 890 Jhro
1126 841 1262 890 Koͤnigl.
1277 843 1397 891 Hoheit
1410 843 1547 891 troͤſten,
1567 843 1627 890 daß

688 892 787 936 „Sie
800 891 963 941 hierinnen
979 892 1029 928 ein
1038 898 1134 939 gutes
1150 893 1331 940 Gewiſſen,
1350 899 1414 933 und
1430 892 1493 942 daß
1510 894 1581 936 Sie
1588 903 1630 931 an

689 940 822 989 „Jhrer
839 944 942 984 Seite
957 944 1058 985 nichts
1075 943 1266 992 unterlaſſen
1281 942 1404 991 haben,
1420 952 1493 985 was
1507 948 1556 985 ein
1575 944 1630 990 ſol⸗

689 991 782 1034 „ches
800 993 831 1040 ſo
852 999 948 1040 gutes
974 997 1039 1031 und
1060 992 1221 1039 nuͤtzliches
1237 995 1350 1035 Werck
1372 993 1534 1042 befoͤrdern
1558 996 1629 1036 koͤn⸗

688 1053 798 1087 „nen,
822 1049 882 1084 das
892 1045 1045 1095 kuͤnfftige
1060 1046 1136 1088 aber
1146 1046 1249 1091 GOtt
1266 1051 1334 1089 und
1351 1050 1406 1086 der
1421 1043 1493 1098 Zeit
1509 1049 1630 1095 anheim

690 1097 831 1142 „ſtellen.

738 1195 925 1244 „Ubrigens
942 1202 1066 1236 werden
1081 1198 1158 1240 Ew.
1183 1197 1366 1247 Koͤnigliche
1383 1199 1553 1247 Majeſtaͤt,
1571 1204 1630 1238 aus

684 1244 956 1294 „gegenwaͤrtiger
964 1248 1271 1299 Zuruͤckberuffung,
1290 1252 1315 1297 ſo
1316 1249 1512 1297 Deroſelben
1522 1253 1556 1290 in
1568 1251 1633 1300 tief⸗

687 1296 770 1342 „ſter
789 1297 941 1344 Demuth
960 1307 997 1346 zu
1008 1297 1204 1339 uͤberreichen
1222 1299 1271 1337 die
1287 1299 1407 1338 Gnade
1416 1297 1508 1347 habe,
1517 1307 1554 1344 zu
1562 1298 1631 1346 erſe⸗

686 1345 771 1394 „hen
785 1348 938 1394 geruhen,
953 1351 1013 1388 wie
1027 1348 1123 1398 Jhro
1139 1343 1327 1402 Koͤnigliche
1353 1350 1455 1399 Hoheit
1475 1351 1559 1390 meine
1571 1352 1630 1400 Zu⸗

685 1397 881 1447 „ruͤckkunfft
888 1398 1072 1436 verlangen,
1096 1395 1142 1443 und
1151 1403 1221 1437 dem
1231 1397 1339 1445 Herrn
1348 1399 1632 1447 General-Major,

686 1454 777 1490 „von
787 1451 920 1490 Reichel
934 1453 1049 1489 wieder
1066 1452 1166 1491 meine
1183 1452 1295 1492 Stelle
1307 1450 1410 1498 alhier
1418 1461 1456 1498 zu
1466 1457 1630 1495 vertreten,

687 1499 860 1546 „gnaͤdigſt
878 1500 1021 1548 befohlen
1037 1502 1151 1549 haben.
1204 1501 1418 1551 Derohalben
1428 1507 1516 1541 dann
1531 1503 1629 1541 meine

687 1546 916 1601 „gehorſamſte
925 1554 1047 1604 Pflicht
1054 1554 1175 1596 annoch
1185 1556 1355 1602 erſordert,
1363 1554 1438 1595 Ew.
1448 1555 1629 1603 Koͤnigliche

687 1602 877 1648 „Majeſtaͤt
924 1602 1273 1651 allerunterthaͤnigſten
1306 1607 1372 1642 und
1409 1603 1629 1652 demuͤthigſten

687 1654 846 1700 „Danck,
869 1662 930 1694 vor
954 1654 1014 1694 alle
1039 1655 1201 1703 genoſſene
1223 1655 1411 1704 Koͤnigliche
1428 1656 1548 1697 Gnade
1567 1659 1628 1696 und

686 1703 821 1748 „Hulde
836 1704 1000 1752 hierdurch
1016 1704 1206 1752 demuͤthigſt
1212 1706 1421 1753 abzuſtatten,
1428 1707 1505 1750 auch
1514 1708 1578 1745 mir
1585 1707 1630 1746 die

684 1751 958 1796 „Continuation
973 1757 1089 1801 davon
1089 1749 1117 1802 in
1153 1752 1268 1805 tiefſter
1277 1755 1554 1806 Unterthaͤnigkeit
1565 1754 1633 1804 aus⸗

685 1803 864 1852 „zubitten.

1528 1878 1626 1930 Hier⸗
