1643 2226
551 311 597 345 §.
650 317 707 343 39.

276 354 349 404 Jch
371 349 482 398 mache
505 355 573 391 aus
595 351 670 389 dem
694 345 803 389 allen,
823 345 903 385 was
925 342 971 390 ich
990 339 1104 388 bisher

177 406 293 458 geſagt
314 403 417 454 habe,
444 404 530 448 dieſe
552 402 703 450 wichtige
729 397 971 445 Anmerkung:
1015 395 1105 435 Ein

178 459 344 508 Chriſt,
387 457 466 498 kan
496 453 583 496 kein
613 451 771 498 wahrer
801 448 934 493 Chriſt
965 443 1106 491 heiſſen,

180 513 286 546 wann
312 515 345 544 er
367 501 456 547 nicht
478 498 615 547 zugleich
641 500 693 539 die
708 493 914 540 Erkenntnis
936 491 1015 538 hat,
1042 489 1109 536 daß

177 559 340 608 JEſus!
361 559 426 599 der
441 551 655 603 Chriſtus,
686 551 766 591 und
783 550 852 589 des
862 544 1108 590 Lebendigen

180 602 354 641 GOttes
371 596 501 641 Sohn
515 593 588 638 ſey.
626 590 727 631 Man
745 587 824 635 darf
836 587 913 627 aber
929 584 1018 627 nicht
1033 589 1111 621 um⸗

179 656 351 698 gewendet
365 654 401 691 in
416 654 491 692 dem
508 647 654 693 Wahne
670 643 795 692 ſtehen,
822 642 889 686 daß
913 639 1031 686 dieſes
1046 637 1113 679 al⸗

178 703 289 747 leine,
305 712 359 749 zur
368 698 603 747 Beveſtigung
620 698 682 736 des
696 695 832 739 wahren
844 688 1113 738 Chriſtentums,

183 752 384 801 hinlaͤnglich
410 750 481 797 ſey;
509 751 575 790 das
601 748 660 791 iſt:
684 744 828 792 obgleich
845 743 932 783 einer
954 741 1041 786 nicht
1060 739 1114 779 ein

184 803 317 847 wahrer
334 799 463 846 Chriſte
481 797 553 842 ſeyn
570 795 656 835 kan,
681 802 738 833 wo
752 801 785 832 er
800 790 888 835 nicht
903 789 983 833 auch
1008 786 1116 829 erken⸗

186 857 269 895 net,
301 850 370 896 daß
397 848 526 896 JEſus
551 850 608 889 der
636 842 816 889 Chriſtus,
832 844 893 882 des
917 838 1120 882 Lebendigen

188 900 341 946 GOttes
360 896 476 943 Sohn
491 895 561 944 ſey;
583 893 615 939 ſo
635 891 716 939 darf
727 901 809 933 man
825 889 905 931 doch
920 887 1007 932 nicht
1021 885 1122 934 glau⸗

191 948 281 994 ben,
312 946 394 994 daß
424 945 519 988 der,
557 938 722 987 welcher
746 938 840 985 dieſe
866 933 1121 980 Erkenntnis

191 998 290 1045 hat,
321 996 403 1044 auch
426 991 605 1040 deßwegen
628 988 761 1036 ſogleich
786 989 841 1037 fuͤr
863 987 955 1027 einen
978 981 1121 1029 wahren

190 1047 332 1098 Juͤnger
351 1049 412 1087 des
429 1043 562 1092 HErrn
581 1041 737 1085 Chriſtus
754 1049 792 1086 zu
806 1036 920 1083 halten
936 1034 1014 1079 ſeye.
1050 1034 1123 1075 Ein

191 1090 275 1133 ſolch
289 1086 519 1131 Erkenntnis,
538 1082 678 1126 welches
693 1079 759 1117 wir
772 1082 841 1117 von
854 1077 930 1114 dem
944 1070 1124 1120 Heylande

192 1143 323 1192 haben,
355 1143 418 1185 kan
441 1146 511 1183 aus
532 1140 625 1185 mehr
651 1137 709 1179 als
732 1137 819 1178 einer
841 1133 991 1179 Wurzel
1012 1129 1125 1178 herfuͤr

192 1192 341 1243 ſchuͤſſen.
389 1190 497 1234 Denn
513 1195 552 1231 es
569 1187 658 1229 wird
676 1187 840 1228 entweder
854 1181 952 1225 durch
967 1181 1019 1220 die
1036 1177 1124 1223 aͤuſ⸗

193 1243 347 1294 ſerliche
361 1236 678 1289 Vorſtellungen,
697 1234 826 1280 durchs
843 1230 983 1276 Sehen,
1001 1229 1126 1272 durchs

196 1291 330 1345 Hoͤren,
345 1294 416 1334 und
426 1292 459 1337 ſo
470 1289 592 1334 weiter,
603 1290 637 1325 in
646 1290 722 1326 dem
729 1282 938 1332 Verſtande,
950 1280 1126 1327 gezeuget;

622 1336 653 1385 F
681 1344 706 1381 4

1047 1331 1128 1367 oder

240 1431 380 1477 Jndeſſen
401 1430 453 1466 kan
469 1426 508 1470 ich
524 1427 595 1470 mich
610 1426 678 1462 aber
695 1422 764 1466 auch
783 1421 857 1462 nicht
875 1415 1049 1460 uͤberreden,
1071 1417 1129 1458 daß

242 1487 312 1516 man
327 1481 355 1513 es
371 1479 415 1512 bei
428 1479 489 1512 dem
507 1475 613 1514 rechten
627 1473 704 1509 Orte
719 1468 917 1508 angegriffen;
938 1466 1048 1506 ſonſten
1062 1462 1129 1504 haͤt⸗

241 1522 270 1552 te
283 1523 353 1552 man
369 1514 508 1551 entweder
521 1511 626 1553 vorher
647 1509 728 1550 ſehen
748 1502 871 1547 muͤſſen,
895 1505 948 1540 wie
972 1504 1040 1539 weit
1060 1508 1131 1537 man

207 1560 373 1596 kommen
393 1553 497 1592 koͤnne:
526 1555 616 1594 oder,
634 1556 663 1589 es
687 1548 767 1593 haͤtte
789 1552 844 1584 das
868 1546 1010 1588 Predigen
1033 1544 1132 1585 beſſere

241 1598 398 1641 Wuͤrkung
415 1598 505 1639 haben
521 1593 644 1637 muͤſſen:
665 1596 750 1631 oder,
767 1596 796 1627 es
820 1589 898 1628 waͤre
921 1585 1024 1629 noͤthig
1044 1593 1133 1626 gewe⸗

245 1646 312 1683 ſen,
337 1642 381 1677 ein
397 1645 485 1678 ander
499 1641 610 1677 Mittel
630 1644 663 1676 zu
687 1636 834 1675 ergreifen.
876 1635 1005 1671 Welches
1022 1634 1054 1670 iſt
1076 1630 1134 1669 ſol⸗

246 1688 328 1726 ches?
348 1685 406 1725 Jch
422 1679 499 1720 waͤre
513 1689 546 1720 zu
562 1678 715 1720 beſtrafen,
738 1682 823 1712 wenn
839 1675 878 1713 ich
894 1674 998 1711 ſolches
1019 1671 1069 1712 ſeit
1087 1678 1132 1708 ge⸗

246 1733 364 1762 raumer
382 1724 444 1764 Zeit
459 1722 591 1764 gewußt,
615 1722 675 1756 und
701 1717 775 1756 nicht
800 1715 922 1755 verſucht
944 1711 1033 1755 haͤtte.
1076 1711 1136 1752 Jch

246 1768 363 1804 bekenne
377 1765 468 1802 meine
483 1760 651 1803 Schwaͤche.
679 1761 777 1797 Aber,
794 1761 823 1792 es
841 1759 874 1797 iſt
890 1756 958 1795 auch
976 1753 1085 1795 leichter
1100 1759 1136 1791 zu

214 1809 347 1850 ſagen:
369 1806 431 1844 dies
448 1807 481 1846 iſt
496 1805 570 1844 nicht
587 1806 642 1840 das
663 1804 748 1842 rechte
766 1799 895 1838 Mittel;
917 1799 963 1833 als
987 1796 1032 1833 ein
1051 1796 1138 1830 ande⸗

250 1846 297 1888 res
318 1846 489 1889 anzugeben.
530 1843 644 1888 Hiemit
665 1843 733 1884 muß
756 1841 796 1883 ich
819 1847 908 1878 einem
923 1833 1077 1879 Vorwurf
1093 1836 1141 1872 be⸗

252 1901 370 1937 gegnen.
