1843 2659
609 518 876 563 Armenpolizey.

1143 527 1246 557 1061

239 617 326 644 men,
356 609 497 642 wodurch
529 611 583 642 den
617 609 822 651 ſaͤmmtlichen
854 606 1079 650 Jntereſſenten
1110 610 1154 644 die
1185 611 1244 647 Si⸗

239 657 366 695 cherheit
389 661 439 692 der
460 651 644 694 eingelegten
677 662 813 699 Gelder,
859 665 901 689 die
932 665 1074 701 propmte
1104 663 1243 707 Zahlung

239 712 293 741 der
315 701 687 745 Wittwen ⸗ Penſionen,
727 721 786 750 und
810 707 980 750 uͤberbaupt
1007 713 1053 744 die
1075 712 1243 756 Erfuͤllung

237 758 313 792 aller
336 762 397 794 und
421 753 503 795 jeder
524 761 552 793 in
577 766 630 800 den
649 758 810 802 folgenden
831 767 1072 805 eingegangenen
1092 767 1244 803 Verbind⸗

238 803 403 844 lichkeiten,
424 805 483 846 auf
503 806 549 841 die
572 808 869 854 allervollſtaͤndigſte
890 816 959 854 Art,
983 816 1243 861 unwiederruflich

235 861 392 905 gewaͤhret
424 866 516 902 wird.

283 918 330 957 §.
352 930 383 953 2.
427 919 484 955 Um
511 924 565 956 den
586 919 748 957 Gebrauch
774 922 867 961 dieſer
885 924 1006 964 Anſtalt
1033 928 1062 968 ſo
1084 925 1243 967 allgemein

232 970 270 1003 zu
288 963 430 1006 machen
454 973 506 1005 als
521 976 554 1006 es
578 970 639 1003 ihre
657 969 775 1011 Abſicht
795 973 961 1013 erfordert,
985 976 1037 1013 ſoll
1067 979 1145 1012 allen
1164 979 1243 1016 Ehe⸗

232 1016 384 1054 maͤnnern
408 1019 483 1054 ohne
504 1019 695 1058 Unterſchied
720 1024 771 1055 der
793 1026 951 1065 Religion,
974 1030 1026 1059 des
1044 1030 1164 1069 Alters,
1189 1033 1242 1063 des

231 1069 391 1106 Standes
414 1074 474 1106 und
498 1069 553 1101 des
573 1067 788 1110 Vermoͤgens,
823 1072 981 1111 verſtattet
1013 1078 1104 1116 ſeyn,
1134 1086 1164 1109 in
1196 1080 1243 1111 die

232 1119 559 1155 Wittwen ⸗ Societaͤt
581 1118 617 1151 zu
639 1114 763 1152 treten,
782 1123 842 1147 nur
865 1115 1030 1157 diejenigen
1053 1122 1240 1162 ausgenom⸗

222 1174 317 1203 men,
335 1174 441 1203 welche
465 1170 511 1199 die
531 1166 640 1199 Natur
663 1169 714 1201 der
732 1163 838 1201 Sache
858 1164 957 1204 ſelbſt,
980 1176 1043 1205 und
1064 1173 1109 1203 die
1134 1168 1241 1209 Sorg⸗

227 1213 292 1251 falt
311 1211 363 1249 fuͤr
387 1212 442 1246 die
468 1210 741 1256 immerwaͤhrende
770 1220 882 1256 Dauer
904 1222 960 1254 des
983 1222 1136 1262 Inſtituti,
1167 1225 1239 1264 auf⸗

225 1261 393 1304 zunehmen
418 1266 574 1300 verbietet.

285 1322 317 1361 §.
339 1328 371 1359 3.
421 1314 623 1360 Dergleichen
660 1314 794 1364 gaͤnzlich
835 1322 1090 1369 ausgeſchloſſene
1125 1328 1236 1371 Perſo⸗

223 1382 284 1410 nen
317 1374 402 1418 ſind:

306 1433 342 1473 a)
371 1426 512 1467 Maͤnner
544 1423 617 1462 uͤber
654 1418 821 1471 Sechzig
851 1425 966 1465 Jahre,

294 1473 344 1519 b)
367 1475 540 1519 Seefahrer
568 1488 627 1514 von
656 1480 788 1520 Metier,

296 1520 339 1573 c)
363 1530 518 1568 Maͤnner,
539 1529 648 1567 welche
669 1530 729 1559 mit
739 1526 990 1571 Schwindſucht,
1013 1532 1232 1577 Waſſerſucht,

346 1588 416 1613 oder
434 1582 526 1611 einem
551 1585 663 1613 andern
691 1580 803 1610 morbo
818 1574 967 1612 chronico
991 1576 1130 1619 behaftet
1151 1578 1228 1621 ſind,

342 1631 395 1663 der
416 1630 503 1662 einen
528 1624 628 1663 nahen
649 1632 717 1667 Tod
738 1625 912 1670 befuͤrchten
941 1627 1019 1670 laͤßt.

281 1700 314 1738 §.
349 1703 383 1732 4.
445 1691 618 1736 Außerdem
656 1696 776 1735 werden
823 1696 1107 1746 bedingungsweiſe
1150 1706 1227 1740 aus⸗

217 1749 413 1795 geſchloſſen:

299 1802 336 1844 a)
366 1799 525 1845 Wirkliche
544 1803 866 1846 Militair ⸗ Bediente
883 1810 921 1846 in
936 1809 1225 1859 Krieges ⸗ Zeiten;

338 1856 481 1891 wogegen
504 1857 543 1891 zu
562 1851 830 1900 Friedens⸗Zeiten
854 1858 901 1892 ein
927 1859 1224 1899 Militair⸗Bedien⸗

338 1905 386 1938 ter
405 1898 461 1937 ſich
481 1899 576 1939 gleich
595 1898 692 1941 jedem
717 1903 834 1939 andern
857 1906 903 1939 bei
926 1907 977 1939 der
999 1905 1148 1945 Societaͤt
1176 1912 1222 1944 in⸗

336 1946 509 1987 terreſſiren
538 1946 635 1988 kann,
666 1952 735 1989 doch
759 1953 818 1990 daß
843 1962 897 1994 er,
926 1955 1030 1996 ſobald
1059 1958 1105 1992 ein
1132 1960 1222 1993 wirk⸗

339 1999 428 2037 licher
448 1997 543 2039 Krieg
566 2000 720 2040 entſtehet,
744 2007 805 2037 aus
830 2006 882 2038 der
906 2003 1106 2046 Geſellſchaft
1121 2014 1223 2044 treten

335 2050 429 2086 muß,
462 2046 523 2081 und
555 2048 670 2089 ſodann
699 2051 744 2085 die
773 2053 887 2095 erlegte
916 2055 1220 2095 Antritts ⸗ Gelder⸗

333 2101 407 2137 nach
425 2099 481 2130 der
505 2099 599 2131 unten
627 2100 660 2139 §.
686 2109 740 2136 20.
766 2103 814 2136 lit.
843 2105 865 2135 f.
895 2105 1056 2149 folgenden
1083 2109 1218 2150 Beſtim⸗

333 2155 445 2190 mung,
476 2147 586 2190 zuruͤck
612 2150 788 2197 empfaͤngt.

372 2213 421 2248 Es
442 2211 520 2253 wird
534 2213 614 2248 aber
635 2215 689 2250 der
705 2215 835 2259 Anfang
858 2219 912 2253 des
933 2220 1065 2262 Krieges
1095 2223 1125 2256 in
1149 2225 1213 2260 An⸗

329 2261 442 2301 ſehung
472 2262 524 2296 der
550 2263 876 2312 Feld ⸗ Regimenter,
904 2276 964 2304 von
992 2273 1045 2307 der
1073 2272 1140 2315 Zeit
1171 2285 1212 2310 an

1155 2336 1216 2365 ge⸗
