1382 2043
735 339 778 393 §
810 352 888 391 37.

396 395 554 563 J

561 412 613 462 Ch
634 404 736 459 haͤtte
756 400 840 451 noch
860 400 955 444 eines
968 401 1038 445 und
1050 401 1115 445 das
1128 398 1255 442 andere

574 468 633 516 bey
659 462 916 515 Beſchreibung
939 461 1008 506 des
1020 459 1255 507 Gottesdien⸗

571 527 638 576 ſtes
656 535 693 569 in
701 525 841 575 unſerer
859 525 983 571 Kirche
996 526 1066 573 und
1078 524 1254 567 Gemeine

392 595 436 637 zu
457 589 531 632 St.
553 585 743 638 Johannis
773 579 1026 633 anzumercken.
1074 584 1163 632 Zum
1183 582 1252 631 Ex⸗

393 648 520 696 empel,
544 647 610 689 wie
628 653 714 692 man
736 645 790 688 die
809 642 1025 694 oͤffentlichen
1042 641 1253 691 Buß⸗Tage

389 715 433 751 zu
449 707 631 745 celebriren
641 701 786 752 pfleget;
811 703 889 744 was
897 706 962 743 vor
969 700 1082 744 Lieder
1091 700 1162 742 und
1171 701 1253 736 Col-

390 767 502 811 leƈten
518 766 566 809 im
573 762 747 811 Brauch;
772 762 837 805 wie
848 763 902 806 die
919 760 1134 811 oͤffentlichen
1152 758 1253 804 Vor⸗

391 825 523 870 bitten,
545 821 828 874 Verkuͤndigung
846 810 929 864 und
954 806 1254 871 Danckſagungen

392 883 460 932 auf
476 884 536 923 der
556 879 693 931 Cautzel
714 872 935 929 eingerichtet
951 866 1106 923 werden;
1132 862 1253 924 inglei⸗

396 947 478 995 chen
494 948 572 989 was
587 950 653 988 vor
661 933 935 995 Kirchen⸗Buſſe
952 944 1024 987 und
1039 942 1180 993 diſciplin
1193 941 1254 990 bey

394 1011 460 1054 den
469 1007 690 1057 Gefallenen,
700 1006 733 1055 ſo
740 1005 802 1055 ſich
809 1006 932 1049 wieder
940 1004 1008 1048 das
1014 1004 1125 1055 ſechſte
1133 1003 1255 1047 Gebot

395 1066 626 1118 verſuͤndiget,
641 1065 752 1117 uͤblich
751 1058 830 1119 iſt:
862 1056 991 1109 Allein,
1009 1064 1087 1110 weil
1099 1071 1184 1106 man
1193 1062 1254 1110 ſich

392 1139 474 1174 doch
474 1125 645 1183 hierinne
632 1123 893 1177 meiſtentheils
900 1118 959 1170 mit
973 1117 1027 1169 der
1028 1116 1260 1173 Stadt⸗Kir⸗

397 1185 451 1229 che
463 1184 537 1224 und
551 1183 685 1223 andern
691 1178 959 1226 benachtbarten
966 1172 1114 1224 Kirchen
1121 1174 1258 1215 confor-

395 1246 509 1284 miret,
525 1240 596 1280 will
615 1236 664 1284 ich
683 1236 770 1283 mich
794 1233 929 1287 hierbey
953 1234 1047 1283 nicht
1059 1219 1258 1284 aufhalten.

395 1313 458 1354 An
481 1310 570 1361 ſtatt
596 1307 689 1351 eines
721 1302 1007 1356 merckwuͤrdigen
1045 1303 1271 1355 Beſchluſſes

393 1360 466 1409 will
481 1367 529 1415 ich
548 1366 631 1413 noch
653 1363 725 1407 eine
749 1366 984 1414 Specification
999 1363 1057 1405 der
1073 1361 1257 1410 vornehm⸗

353 1428 471 1481 ſten
485 1422 867 1477 Ehren⸗Gedaͤchtniſſe
881 1426 953 1468 und
970 1421 1269 1473 Grabſchrifften,

397 1487 434 1537 ſo
448 1486 512 1537 hin
523 1486 595 1528 und
611 1485 734 1528 wieder
746 1484 785 1526 in
799 1482 858 1525 der
865 1483 999 1531 Kirche,
1012 1485 1071 1524 als
1083 1480 1169 1526 auch
1182 1481 1258 1530 auſ⸗

402 1546 457 1594 ſen
472 1552 520 1587 an
533 1542 592 1585 der
605 1542 860 1590 Kirch⸗Mauer
872 1541 943 1584 und
963 1539 1023 1600 auf
1023 1539 1098 1599 dem
1114 1531 1259 1590 Gottes⸗

398 1611 504 1658 Acker
516 1599 675 1660 zufinden
683 1606 768 1661 ſind;
778 1599 957 1658 beyfuͤgen.
