1548 2408
952 287 1031 338 109

186 386 327 435 ſchaͤdlich
350 386 399 433 fuͤr
420 388 483 434 ihre
503 383 749 433 Gemuͤthsruhe.
818 383 898 421 Aber
920 380 1032 429 geſetzt,

186 438 261 479 ſeine
277 436 451 480 allgemeine
467 434 664 482 Nuͤtzlichkeit
680 434 759 469 waͤre
780 434 931 476 erwieſen,
970 442 1030 466 wa⸗

187 505 255 529 rum
288 493 322 535 iſt
346 493 439 537 dieſes
457 492 592 537 nuͤtzliche
613 491 763 534 Geſchenk
786 494 861 525 denn
887 490 915 531 ſo
935 490 1029 526 vielen

186 543 342 585 tauſenden
362 550 439 585 ganz
455 543 516 573 und
540 551 596 584 gar
609 539 727 584 verſagt
747 539 893 578 worden?

267 602 374 639 Wenn
397 608 470 635 man
485 598 558 642 dieſe
573 597 785 644 gegenſeitigen
805 598 936 634 Gruͤnde
956 596 1030 639 nach

186 653 281 699 ihrem
296 652 400 688 innern
418 648 550 697 Gehalte
564 649 746 694 vergleicht,
781 651 858 686 nicht
887 648 959 690 nach
982 655 1032 684 der

186 708 325 755 Anzahl,
369 710 397 751 ſo
417 710 492 744 wird
513 713 570 745 das
595 707 739 753 Reſultat
758 703 924 751 Horatzens
944 703 1032 743 Aus⸗

187 762 305 805 ſpruche
323 762 432 803 gemaͤß
447 762 532 803 ſeyn:

296 811 467 854 Prudens
489 808 608 850 futuri
628 808 812 858 temporis
833 807 980 848 exitum

296 870 510 918 Caliginoſa
526 876 645 908 nocte
663 871 803 917 premit
822 868 948 907 Deus.

269 924 311 973 3)
337 924 403 962 Ein
418 922 547 970 Urtheil,
577 925 637 958 das
651 921 718 957 blos
738 920 959 965 problematiſch
981 919 1030 964 iſt,

189 978 263 1022 (das
278 976 345 1011 blos
360 978 406 1012 ein
421 976 558 1018 Meynen
574 974 759 1018 ausdruͤckt),
770 971 871 1014 wobey
890 974 931 1010 ich
949 972 1031 1007 mein

189 1031 375 1071 beſtimmtes
394 1029 508 1074 Urtheil
531 1030 601 1069 noch
620 1027 791 1069 aufſchiebe,
822 1027 857 1067 iſt
883 1029 929 1061 ein
953 1032 1033 1063 vor⸗

192 1085 345 1132 laͤufiges
383 1086 531 1133 Urtheil.
562 1082 766 1134 (Judicium
801 1082 1034 1135 praevium).

191 1139 274 1176 Will
294 1138 337 1178 ich
355 1146 382 1182 z.
402 1135 453 1173 B.
469 1143 529 1171 von
552 1135 648 1171 einem
664 1132 804 1179 Begriffe
825 1126 889 1169 eine
909 1134 1034 1178 Defini⸗

189 1193 252 1228 tion
268 1189 370 1233 geben,
404 1191 431 1234 ſo
444 1189 516 1232 darf
528 1190 569 1230 ich
586 1190 645 1225 mir
666 1190 707 1225 im
727 1188 860 1225 Voraus
888 1189 936 1222 ein
963 1197 1031 1225 pro⸗

189 1244 393 1283 blematiſches
409 1241 525 1280 Urtheil
537 1241 665 1278 daruͤber
680 1240 782 1285 faͤllen,
803 1244 863 1274 und
879 1244 960 1275 dann
975 1249 1032 1273 un⸗

193 1294 350 1333 terſuchen,
366 1292 403 1325 ob
416 1293 475 1325 das
489 1288 628 1334 Subjekt
645 1290 690 1323 die
709 1289 799 1329 rechte
808 1287 952 1329 Gattung
967 1289 1031 1320 und

192 1359 250 1391 das
265 1352 416 1398 Praͤdikat
441 1351 544 1394 richtig
569 1355 623 1387 den
648 1350 824 1394 ſpecifiſchen
847 1348 1034 1391 Unterſchied

190 1403 334 1446 enthalte.
406 1397 465 1439 So
494 1399 571 1435 kann
599 1401 679 1444 jedes
705 1397 872 1442 vorlaͤufige
902 1395 1033 1443 Urtheil,

194 1471 282 1499 wenn
304 1461 349 1501 ich
371 1470 404 1498 es
425 1459 555 1508 kritiſch
575 1458 752 1504 gebrauche,
779 1461 810 1493 d.
832 1457 861 1501 h.
882 1467 968 1492 wenn
989 1457 1034 1500 ich

192 1516 283 1557 durch
313 1511 538 1558 Unterſuchung
561 1512 633 1554 noch
662 1515 721 1549 das
745 1511 953 1554 beſtimmende
977 1511 1036 1547 Ur⸗

193 1568 266 1615 theil
282 1577 317 1612 zu
333 1566 434 1610 finden
464 1565 556 1609 ſuche,
586 1566 635 1600 ein
646 1564 855 1609 aſſertoriſches
872 1567 939 1600 oder
961 1573 1033 1603 apo⸗

194 1619 349 1661 diktiſches
366 1619 495 1655 werden.
551 1615 729 1658 Gebraucht
752 1623 824 1651 man
848 1617 894 1650 ein
912 1612 1036 1650 vorlaͤu⸗

194 1675 272 1719 figes
281 1673 400 1719 Urtheil
426 1671 497 1707 aber
511 1674 603 1716 dazu,
636 1682 688 1706 um
704 1673 749 1706 die
764 1670 943 1714 Hoffnung,
984 1668 1034 1703 ein

194 1727 423 1771 beſtimmendes
438 1727 565 1768 dadurch
579 1736 615 1771 zu
633 1724 744 1766 finden,
774 1723 904 1768 gaͤnzlich
921 1734 955 1768 zu
971 1732 1035 1757 ver⸗

196 1783 340 1827 nichten,
374 1781 404 1825 ſo
440 1781 523 1830 heißt
545 1782 636 1829 dieſer
669 1779 831 1825 Gebrauch
866 1774 1035 1828 ſkeptiſch.

952 1840 1030 1872 Das
