1948 2892
636 582 670 630 §.
738 593 769 626 3.

276 667 377 718 Von
416 671 479 714 der
513 660 692 716 Ausgabe
719 663 797 706 und
822 662 903 704 dem
932 652 1123 709 Sportul⸗

493 724 914 786 Diſtributions ⸗ Etat.

307 819 530 872 Saͤmmtliche
553 817 693 868 Gehalte
713 821 766 858 der
784 809 984 862 Magiſtraͤte
1010 807 1121 859 fließen
1149 813 1216 845 aus

196 877 268 927 drey
290 876 452 922 Quellen,
496 868 649 922 nehmlich
676 869 771 919 theils
796 874 858 905 aus
888 868 947 903 den
973 860 1217 908 Caͤmmereyen,

196 943 284 988 wozu
307 952 350 981 an
373 937 494 985 einigen
508 931 648 975 Oertern
662 930 739 979 noch
761 925 927 978 Zuſchuͤſſe
951 932 1014 965 aus
1032 926 1091 962 den
1112 920 1218 972 beſon⸗

194 998 270 1041 dern
284 992 522 1048 Buͤrgercaſſen
535 992 701 1040 kommen,
737 988 831 1039 theils
853 993 918 1025 aus
939 987 998 1024 den
1021 976 1221 1033 rathhaͤusli⸗

198 1056 270 1104 chen
286 1052 556 1110 Sportulcaſſen,
591 1059 705 1092 wovon
729 1048 838 1100 anjetzt
854 1048 904 1088 die
918 1045 1012 1088 Rede
1032 1044 1090 1092 iſt,
1124 1040 1219 1093 theils

200 1114 339 1171 beſtehen
359 1119 399 1168 ſie
422 1117 455 1154 in
470 1109 623 1161 gewiſſen
648 1107 850 1158 approbirten
878 1104 1127 1147 Emolumenten,
1168 1097 1220 1137 als

200 1180 235 1227 a)
265 1183 299 1221 in
316 1180 438 1232 einigen
447 1172 729 1229 Douceurgeldern
744 1179 809 1211 aus
825 1174 882 1212 den
896 1167 1024 1219 Caſſen,
1052 1164 1131 1211 auch
1146 1164 1225 1212 ſtatt

201 1241 256 1281 der
268 1243 462 1295 ehemaligen
476 1236 580 1286 freyen
597 1231 1011 1285 Natural ⸗ Wohnungen,
1042 1235 1085 1264 an
1107 1222 1224 1274 Haus⸗

203 1303 317 1354 miethe
337 1312 402 1343 aus
416 1298 595 1350 denſelben;
637 1295 680 1346 b)
710 1300 774 1335 aus
795 1295 855 1332 den
877 1286 1168 1340 Kornrechnungen
1184 1294 1227 1323 an

203 1360 338 1411 einigem
354 1356 660 1411 Deputatgetreide;
689 1353 730 1402 c)
761 1360 825 1392 aus
845 1353 906 1390 den
926 1346 1228 1398 Forſtrechnungen,

206 1428 315 1477 wohin
336 1427 387 1466 die
402 1421 573 1464 Tantieme
593 1411 658 1460 von
674 1420 747 1456 dem
759 1413 941 1464 verkauften
955 1411 1059 1459 Holz,
1087 1416 1151 1446 von
1174 1407 1240 1454 der

207 1481 341 1532 Borke,
358 1490 433 1520 von
446 1484 519 1518 dem
531 1475 786 1523 Bienenſtande,
817 1472 882 1512 von
900 1476 960 1510 den
973 1466 1142 1516 Strafen,
1171 1465 1233 1510 fer⸗

206 1551 264 1580 ner
283 1544 346 1578 das
358 1526 446 1593 freye
465 1530 708 1585 Deputatholz,
719 1528 813 1588 freye
817 1524 997 1581 Maſtung,
1025 1525 1074 1563 die
1078 1520 1233 1567 Nutzung

205 1601 262 1638 der
279 1593 379 1643 Jagd
393 1603 434 1630 ꝛc.
448 1581 601 1642 gehoͤren:
629 1598 694 1627 von
716 1583 848 1633 welchen
870 1583 952 1623 allen
972 1582 1033 1621 wir
1056 1579 1114 1627 bey
1133 1577 1234 1620 Eroͤr⸗

207 1665 323 1710 terung
336 1658 393 1697 des
408 1649 700 1699 Salarien⸗Etats
714 1648 764 1688 ein
780 1645 938 1696 mehreres
946 1640 1084 1694 ſprechen
1099 1642 1238 1682 werden.

332 1786 372 1836 1)
399 1779 493 1825 Was
509 1790 577 1821 nun
589 1778 639 1819 die
659 1770 801 1827 Gehalte
822 1779 887 1813 aus
901 1772 961 1812 den
981 1763 1240 1820 rathhaͤuslichen

216 1840 468 1897 Sportulcaſſen
487 1836 659 1888 anlanget,
686 1833 796 1883 weicht
818 1836 910 1875 deren
934 1829 1145 1879 Einrichtung
1174 1836 1240 1865 von

218 1905 394 1958 derjenigen
411 1905 465 1944 der
479 1897 685 1951 obgedachten
702 1894 797 1935 obern
812 1897 876 1933 und
898 1893 1017 1942 großen
1039 1885 1245 1939 Juſtizcolle⸗

217 1959 347 2014 giorum
366 1970 400 2011 in
415 1971 516 2006 etwas
533 1961 588 2003 ab.
668 1962 749 2008 Bey
773 1957 874 2004 dieſen
896 1952 1062 2005 geſchiehet
1081 1950 1130 1990 die
1145 1958 1246 2000 ganze

221 2021 428 2072 Salarirung
452 2029 515 2064 aus
538 2013 694 2065 derſelben
709 2000 893 2060 dergeſtalt,
936 2010 1002 2057 daß
1016 2008 1094 2055 auch
1109 2009 1159 2045 die
1175 2009 1248 2051 Po⸗

224 2089 301 2141 ſten,
319 2092 430 2148 welche
447 2091 497 2129 die
512 2085 698 2138 koͤniglichen
713 2083 780 2120 und
804 2083 923 2121 andern
947 2076 1063 2127 Caſſen
1088 2076 1169 2123 dazu
1196 2083 1250 2121 ge⸗

226 2145 305 2198 ben,
332 2155 424 2188 unter
440 2147 542 2186 einem
557 2142 684 2193 eigenen
702 2138 787 2181 Titel
804 2137 917 2178 darinn
939 2131 1144 2184 aufgefuͤhret
1170 2142 1250 2171 wer⸗

228 2212 308 2254 den:
326 2208 386 2263 als
399 2208 534 2254 Titulus
548 2207 608 2248 III.
629 2203 673 2252 a)
697 2208 755 2243 aus
768 2203 818 2241 der
824 2194 1253 2248 Provincial ⸗ Domainen⸗

229 2273 328 2323 caſſe;
356 2274 402 2324 b)
421 2278 485 2312 aus
500 2272 560 2310 den
575 2262 787 2319 ſaͤmmtlichen
796 2261 873 2313 zehn
890 2257 1107 2311 Creiscaſſen;
1138 2257 1171 2303 c)
1189 2260 1253 2293 aus

229 2332 302 2380 drey
325 2334 391 2371 und
414 2329 555 2380 zwanzig
575 2325 807 2375 Caͤmmereyen
829 2324 894 2360 und
917 2319 948 2369 ſo
971 2318 1097 2368 weiter,
1123 2313 1256 2361 welches

232 2395 297 2447 alſo
316 2395 374 2446 bey
390 2396 485 2449 ihnen
497 2394 549 2437 die
562 2380 741 2445 beſtaͤndige
755 2382 942 2436 Einnahme
958 2381 1138 2434 ausmacht.
1179 2377 1258 2418 Da⸗
