1606 2409
513 436 770 493 unſchaͤzbarſten
786 443 938 491 Freund,
952 445 1081 495 welcher
1096 450 1137 498 ſie
1148 447 1298 496 geliebet,
1289 444 1357 496 ehe
1370 454 1426 493 der

516 495 611 536 Welt
626 496 750 540 Grund
763 495 863 543 gelegt
880 502 1029 544 worden,
1049 505 1115 539 und
1132 503 1190 551 ſich
1204 503 1293 554 ſelbſt
1306 503 1360 554 fuͤr
1385 507 1429 554 ſie

516 547 719 592 dargegeben.
771 547 849 586 Der
862 547 901 595 ſei
917 548 1131 598 ihrentwegen
1142 553 1268 601 wahrer
1280 552 1428 603 Menſch,

514 600 583 630 und
596 604 646 631 ein
662 602 766 640 zartes
775 594 879 642 Kind,
894 597 954 634 wie
965 597 1017 644 ſie,
1030 602 1208 647 geworden,
1218 612 1282 641 nur
1295 605 1427 649 darum,

516 651 579 695 daß
595 650 645 689 Er
658 649 712 696 fuͤr
726 650 766 694 ſie
781 649 880 688 leiden
895 653 961 688 und
972 650 1112 700 ſterben,
1132 656 1198 691 und
1211 658 1258 695 die
1273 655 1427 706 Strafen

515 703 601 747 ihrer
612 697 761 739 Suͤnden
778 705 888 746 tragen
904 696 1005 748 koͤnte,
1019 704 1082 752 auf
1091 705 1150 752 daß
1163 705 1203 753 ſie
1213 715 1276 744 von
1287 704 1426 753 Suͤnde,

513 755 590 795 Tod
607 757 674 790 und
689 750 804 799 Hoͤlle,
825 752 933 808 erloͤſet
948 754 1090 797 wuͤrden.
1140 761 1217 799 Der
1238 755 1331 809 habe,
1344 761 1425 810 auch

513 803 571 850 fuͤr
585 801 644 849 ſie,
664 800 726 849 ſein
742 800 834 843 Blut
848 792 1025 854 vergoſſen,
1044 803 1084 854 ſei
1098 807 1133 844 in
1151 810 1210 844 den
1223 808 1297 846 Tod
1308 818 1424 855 gegan⸗

514 860 596 897 gen,
616 853 678 898 daß
694 852 733 900 ſie
755 854 833 902 ewig
846 854 933 894 leben
948 846 1098 907 moͤgten,
1118 859 1184 897 und
1204 859 1280 910 habe
1292 858 1425 912 Hoͤllen⸗

514 908 624 957 aͤngſte
640 909 891 961 ausgeſtanden,
916 914 1013 963 ihnen
1033 919 1090 954 des
1103 916 1272 965 Himmels
1292 919 1426 970 herliche

515 965 664 1010 Freuden
697 974 733 1010 zu
759 966 929 1007 erwerben.
990 971 1043 1017 Ja
1066 970 1117 1012 Er
1149 973 1227 1022 habe
1246 975 1349 1021 ihnen
1374 978 1424 1013 die

513 1007 659 1062 Schaͤzze
674 1011 771 1062 ſeines
781 1014 879 1062 Heils
894 1019 929 1055 in
942 1022 995 1056 der
1005 1020 1054 1066 H.
1063 1019 1175 1068 Taufe
1183 1021 1321 1070 wirklich
1336 1031 1425 1068 zuge⸗

510 1065 627 1112 eignet.
678 1067 750 1108 Sie
771 1068 842 1117 ſeyn
867 1071 996 1117 folglich
1014 1073 1158 1114 GOttes
1176 1075 1303 1116 Kinder
1325 1076 1425 1126 durch

509 1123 569 1159 den
580 1117 736 1161 Glauben
752 1131 794 1159 an
802 1121 929 1171 Chriſto
936 1123 1049 1172 JEſu,
1066 1126 1132 1163 und
1148 1124 1247 1174 haben
1254 1125 1424 1179 Chriſtum

507 1174 698 1212 angezogen,
715 1173 788 1206 oder
802 1169 872 1220 ſeyn
889 1170 950 1209 mit
965 1171 1033 1221 ihm
1046 1171 1201 1222 vereinigt
1218 1177 1360 1222 worden,
1375 1177 1422 1214 al⸗

509 1221 542 1272 ſo
561 1224 622 1270 daß
638 1225 734 1274 ihnen
748 1224 901 1276 Chriſtus
927 1231 1002 1268 und
1012 1223 1075 1282 ſein
1094 1230 1223 1282 heiliges
1245 1232 1422 1283 Verdienſt

506 1283 568 1317 vor
577 1276 683 1321 GOtt
695 1276 894 1328 zugerechnet
909 1283 1021 1322 werde.
1047 1282 1130 1323 Gal.
1139 1287 1230 1327 3,26.
1239 1297 1290 1329 27.
1339 1289 1420 1329 Der

507 1324 585 1364 liebe
599 1323 742 1374 Heiland
758 1327 849 1364 wolle
862 1325 940 1373 gern
958 1331 1070 1375 haben,
1079 1334 1154 1377 daß
1161 1333 1200 1378 ſie
1213 1333 1266 1379 diß
1281 1343 1318 1380 zu
1334 1335 1420 1382 ihrer

506 1375 605 1421 ſuͤſſen
620 1377 746 1422 Freude
762 1376 887 1422 wiſſen,
911 1381 1036 1416 daraus
1057 1377 1138 1426 ſeine
1156 1380 1254 1429 groſſe
1274 1382 1420 1433 herzliche

504 1425 586 1462 Liebe
597 1426 764 1469 erkennen,
775 1424 834 1470 ſich
848 1435 894 1462 an
909 1426 977 1474 ihm
992 1424 1187 1476 vergnuͤgen,
1205 1432 1272 1468 und
1288 1432 1356 1479 ihn,
1371 1433 1417 1481 ih⸗

505 1483 564 1511 ren
580 1471 703 1521 groͤſten
720 1475 898 1523 Liebhaber,
924 1476 1036 1516 wieder
1052 1479 1148 1521 lieben
1166 1482 1270 1531 ſollen.
1322 1483 1417 1525 Dar⸗

504 1537 567 1566 um
584 1526 654 1574 laſſe
667 1529 718 1570 Er
738 1531 779 1576 ſie
797 1531 832 1568 in
854 1531 903 1569 die
919 1529 1052 1579 Schule
1072 1532 1189 1582 gehen,
1214 1534 1326 1585 welche
1344 1537 1416 1575 eine

503 1577 703 1631 Werkſtaͤtte
717 1584 815 1633 ſeines
829 1586 877 1635 H.
886 1585 1014 1631 Geiſtes
1028 1587 1080 1640 ſei,
1094 1592 1147 1629 der
1161 1591 1290 1644 daſelbſt
1302 1596 1361 1636 das
1378 1594 1415 1631 in

503 1634 557 1671 der
572 1628 682 1676 Taufe
696 1627 914 1679 angefangene
928 1632 1156 1683 Gnadenwerk
1174 1637 1334 1686 fortſezze;
1360 1640 1415 1676 da⸗

502 1685 567 1725 mit
588 1683 629 1733 ſie
647 1693 684 1731 zu
705 1683 802 1735 ſeiner
819 1687 998 1736 lebendigen
1015 1686 1201 1740 Erkaͤntniß
1222 1689 1416 1743 angefuͤhret

502 1737 652 1782 werden,
671 1735 705 1772 in
718 1734 817 1784 ſeiner
831 1732 1073 1793 Gemeinſchaft
1086 1740 1226 1790 bleiben,
1247 1745 1313 1782 und
1329 1745 1414 1791 ewig

502 1791 575 1836 ſelig
589 1788 713 1826 werden
725 1781 848 1833 moͤgen.
900 1790 982 1836 Viel
996 1792 1129 1844 tauſend
1139 1793 1276 1843 Kinder,
1286 1797 1332 1834 die
1340 1797 1411 1845 auſ⸗

502 1841 550 1889 ſer
565 1847 618 1881 der
633 1837 845 1894 Chriſtenheit
861 1843 1015 1894 gebohren
1031 1849 1184 1884 worden,
1203 1845 1317 1888 koͤnten
1328 1856 1362 1887 es
1377 1852 1410 1901 ſo

498 1899 562 1937 gut
576 1895 660 1943 nicht
676 1892 789 1946 haben,
803 1898 869 1932 und
882 1895 1002 1948 wuͤſten
1017 1899 1120 1946 nichts
1135 1907 1200 1938 von
1207 1903 1279 1940 dem
1295 1908 1410 1942 treuen

498 1946 618 1996 GOtt,
636 1954 690 1990 der
705 1949 743 1999 ſie
761 1946 939 2001 erſchaffen,
953 1956 1022 1992 und
1029 1954 1098 1994 mit
1113 1956 1186 1995 dem
1199 1953 1293 2000 Blut
1304 1954 1408 2010 ſeines

497 2001 627 2056 liebſten
640 2004 770 2058 Sohns
792 2001 926 2058 erkauft
926 2002 1022 2059 haͤtte
1036 2019 1094 2050 ꝛc.
