2716 3897
398 583 525 632 vid.ej.
546 583 618 642 Aus⸗

400 640 533 694 uͤbung
563 644 618 683 der

297 715 561 760 Sitten⸗

400 763 499 828 Lehre
499 763 592 832 §.7

389 1010 434 1065 2.
452 1016 544 1052 Cor.
567 1017 618 1056 V.

481 1081 535 1103 10.

398 1150 500 1192 Dan
491 1144 616 1184 Xll.2.

371 1264 485 1320 Job.
500 1262 589 1285 XIX.

383 1330 447 1373 25.
461 1325 514 1359 26.
529 1333 581 1369 27.

629 451 717 502 hat
731 446 809 513 ſich
829 443 935 509 auch
953 458 1029 503 zur
1043 448 1196 518 ſeligen
1227 444 1416 522 Ewigkeit
1434 453 1610 512 bereitet
1624 459 1700 514 der
1706 456 1974 524 Wohlſelige
1980 459 2103 521 Herr
2108 464 2340 531 Geheimte
2352 464 2484 532 Rath

629 504 1052 581 THOMASIUS,
1058 520 1141 576 wie
1149 519 1219 574 Er
1229 519 1343 575 denn
1359 520 1468 587 auch
1478 520 1643 588 ſelbſten
1653 525 1739 587 ſein
1748 522 2266 599 Glaubens⸗Bekaͤntniß
2276 545 2337 587 an
2345 532 2484 587 einem

618 570 828 646 gewiſſen
856 573 949 646 Orte
970 574 1195 644 abgeleget,
1224 576 1338 646 damit
1344 592 1456 637 man
1464 570 1613 646 keinen
1613 575 1836 652 Atheiſten
1845 588 1934 642 aus
1943 586 2021 653 ihn
2030 587 2207 652 machen
2214 582 2390 657 moͤchte,
2410 587 2487 656 und

635 633 758 707 kurtz
758 652 845 708 vor
862 643 1015 709 ſeinem
1029 635 1302 720 wohlſeligen
1316 642 1525 710 Ableben,
1540 646 1626 711 hat
1623 643 1679 713 Er
1706 646 1782 715 ſich
1798 646 1922 714 auch,
1936 650 2020 709 wie
2036 652 2128 707 aus
2145 652 2298 721 ſeinem
2304 655 2484 716 Lebens⸗

631 710 783 784 Lauffe
842 709 1029 790 erſehen,
795 723 842 795 zu
1032 711 1287 791 nochmahls
1299 733 1352 789 zu
1362 721 1474 779 allen
1482 722 1686 783 Articuln
1694 725 1845 791 unſers
1868 721 2051 800 Chriſtl.
2071 723 2265 786 Glaubens
2284 732 2377 802 frey
2391 736 2483 791 und

631 781 864 855 aufrichtig
878 779 1059 842 bekant,
1073 777 1162 845 daß
1177 776 1245 835 Er
1261 779 1419 849 glaube
1436 778 1586 841 allem,
1602 785 1706 841 was
1719 782 1972 854 geſchrieben
1989 788 2118 858 ſtehet
2132 791 2195 849 im
2209 791 2374 859 Geſetze
2389 796 2484 853 und

629 849 679 902 in
693 858 776 902 den
783 845 1056 925 Propheten,
1072 851 1164 907 und
1183 851 1270 920 daß
1278 856 1348 913 Er
1362 855 1428 912 die
1434 849 1672 925 Hoffnung
1685 869 1741 926 zu
1752 856 1904 917 GOtt
1918 860 2045 928 habe,
2057 859 2145 930 daß
2160 850 2401 935 zukuͤnfftig
2415 867 2481 934 ſey

628 920 697 975 die
705 916 1040 986 Aufferſtehung
1056 922 1131 976 der
1140 919 1329 984 Todten,
1356 922 1486 989 beyde
1501 926 1578 983 der
1589 924 1830 988 Gerechten
1844 932 1937 987 und
1951 934 2026 989 der
2032 929 2342 1002 Ungerechten,
2366 937 2479 993 denn

629 981 715 1036 wir
733 978 896 1050 muͤſſen
912 985 990 1042 alle
1001 983 1274 1056 offenbahret
1291 991 1466 1048 werden
1481 1001 1564 1048 vor
1579 993 1677 1051 dem
1691 992 1983 1068 Richterſtuhl
1997 996 2188 1069 Chriſti,
2210 999 2298 1070 auf
2308 1000 2397 1067 daß
2413 1004 2481 1061 ein

626 1047 820 1119 jeglicher
834 1050 1050 1122 empfahe,
1059 1054 1265 1121 nachdem
1278 1071 1328 1114 er
1343 1056 1572 1126 gehandelt
1591 1058 1676 1131 bey
1676 1059 1988 1131 Leibes⸗Leben,
2002 1066 2050 1121 es
2066 1062 2134 1135 ſey
2149 1072 2237 1136 gut
2254 1069 2355 1128 oder
2372 1068 2480 1140 boͤſe,

628 1118 724 1173 und
737 1120 846 1175 viele
861 1135 905 1175 ſo
922 1129 1052 1180 unter
1068 1125 1143 1180 der
1156 1126 1307 1184 Erden
1321 1123 1515 1194 ſchlaffen
1529 1129 1690 1196 liegen,
1720 1129 1891 1189 werden
1907 1132 2187 1204 aufwachen,
2213 1126 2357 1204 etliche
2377 1150 2477 1206 zum

629 1186 794 1243 ewigen
802 1175 953 1248 Leben,
968 1186 1107 1256 etliche
1122 1201 1200 1263 zur
1214 1192 1376 1259 ewigen
1394 1192 1623 1259 Schmach
1648 1198 1730 1253 und
1734 1195 1976 1264 Schande,
1995 1190 2088 1259 und
2105 1203 2237 1272 dieſes
2254 1217 2356 1260 war
2369 1202 2477 1269 auch

627 1255 697 1312 der
708 1245 845 1302 Troſt
860 1252 936 1291 des
973 1252 1159 1318 frommen
1183 1250 1307 1319 Hiobs
1351 1250 1399 1296 in
1412 1249 1568 1312 ſeinem
1585 1251 1752 1305 Leiden,
1777 1261 1873 1324 wenn
1897 1266 1939 1305 er
1961 1259 2133 1315 ſprach:
2147 1260 2269 1310 Aber
2280 1262 2341 1332 ich
2350 1265 2476 1322 weiß,

627 1322 718 1388 daß
737 1325 853 1377 mein
867 1323 1040 1392 Erloͤſer
1054 1323 1160 1384 lebt,
1175 1325 1266 1381 und
1287 1339 1334 1381 er
1348 1327 1462 1385 wird
1476 1329 1586 1396 mich
1601 1329 1785 1400 hernach
1802 1336 1893 1389 aus
1911 1337 1988 1391 der
2003 1338 2154 1394 Erden
2169 1339 2534 1408 auferwecken,

622 1390 720 1442 und
736 1387 878 1444 werde
893 1386 1084 1455 darnach
1101 1387 1184 1446 mit
1197 1389 1324 1460 dieſer
1349 1390 1512 1450 meiner
1524 1392 1659 1461 Haut
1687 1393 1899 1465 umgeben
1926 1400 2121 1461 werden,
2152 1391 2246 1458 und
2273 1405 2413 1462 werde
2426 1406 2475 1463 in

622 1458 811 1518 meinem
823 1459 1001 1543 Fleiſche
1017 1462 1169 1524 GOtt
1184 1463 1328 1535 ſehen,
1345 1463 1560 1536 denſelben
1573 1468 1713 1528 werde
1728 1469 1790 1540 ich
1808 1470 1895 1532 mir
1909 1470 2044 1542 ſehen,
2058 1473 2150 1533 und
2166 1475 2302 1535 meine
2312 1466 2475 1547 Augen

618 1526 794 1583 werden
809 1527 887 1584 ihn
903 1524 1082 1595 ſchauen
1095 1531 1187 1585 und
1203 1533 1299 1589 kein
1314 1532 1550 1599 Fremder,
1581 1536 1856 1597 dieſerwegen
1877 1539 1959 1606 ließ
1982 1539 2091 1605 auch
2114 1542 2231 1606 jener
2244 1537 2399 1611 Koͤnig
2423 1545 2471 1602 in

618 1593 875 1665 Schweden
887 1592 1010 1646 einen
1010 1588 1300 1670 ſchlaffenden
1319 1589 1451 1660 Loͤwen
1478 1597 1569 1663 auf
1576 1597 1663 1663 ſein
1668 1590 1807 1658 Grab
1815 1604 1953 1670 ſetzen,
1958 1605 2043 1661 mit
2048 1600 2199 1670 dieſem
2207 1607 2472 1674 Beyworte:

615 1663 895 1714 Reſurgam.

902 1722 1039 1792 Muß
1057 1724 1187 1793 gleich
1202 1727 1278 1784 der
1294 1727 1396 1788 Leib
1409 1730 1487 1786 ins
1502 1729 1647 1799 finſtre
1664 1730 1804 1790 Grab
1819 1730 2042 1802 eingehen,

906 1791 1063 1850 Werd'
1083 1792 1145 1854 ich
1159 1792 1261 1857 doch
1275 1795 1510 1853 wiederum
1534 1790 1622 1854 aus
1638 1796 1772 1854 ſelben
1792 1799 2076 1854 auferſtehen.

299 2133 596 2190 Job.XIV.4.

374 2351 472 2395 Job.
477 2344 590 2389 XV.15.

464 2405 514 2440 16.

373 2467 596 2529 Rom.lll.23.

351 2688 470 2733 Act.
478 2675 596 2716 XXII.

460 2749 518 2776 20.

368 2823 539 2860 1.Tim.1.
555 2823 595 2858 13.

303 3221 548 3262 Pſ.I.I.7.

752 1864 837 1920 III.
870 1861 1081 1932 Beſtehet
1097 1865 1206 1931 auch
1217 1867 1282 1923 die
1296 1866 1626 1936 Vorbereitung
1655 1879 1733 1932 zur
1756 1867 1907 1939 ſeligen
1929 1872 2146 1944 Ewigkeit
2173 1875 2282 1940 nach
2294 1876 2464 1947 unſerm

615 1925 990 1998 Textes⸗Worten
1004 1931 1051 1988 in
1068 1931 1184 1988 einer
1199 1931 1417 2001 frommen
1431 1932 1929 2007 Lebens⸗Beſtrebung,
1962 1947 2057 1997 und
2073 1944 2205 2010 dieſes
2225 1944 2360 2010 lehret
2373 1951 2464 2002 uns

615 1992 875 2059 abermahls
895 1996 968 2054 der
982 1996 1163 2067 Apoſtel
1171 1996 1391 2068 Paulus,
1416 2012 1545 2057 wenn
1569 2015 1615 2058 er
1632 2002 1809 2071 ſpricht:
1834 2005 1908 2070 Jn
1931 2006 2164 2073 demſelben
2187 2011 2291 2064 aber
2306 2006 2388 2068 uͤbe
2403 2016 2464 2079 ich

614 2060 726 2119 mich
739 2072 794 2123 zu
810 2059 952 2124 haben
974 2062 1046 2116 ein
1070 2063 1300 2131 unverletzt
1315 2063 1534 2132 Gewiſſen
1562 2066 1879 2131 allenthalben,
1910 2070 2042 2136 beyde
2054 2083 2190 2139 gegen
2204 2075 2356 2135 GOtt
2371 2079 2462 2136 und

644 2128 725 2194 den
705 2127 959 2190 Menſchen.
1019 2129 1208 2192 Paulus
1223 2141 1323 2184 war
1337 2131 1408 2186 ein
1419 2122 1626 2200 ſuͤndiger
1649 2124 1828 2200 Menſch,
1849 2136 1914 2190 wie
1934 2138 2018 2193 wir
2036 2140 2118 2195 alle
2131 2139 2237 2204 ſind,
2243 2142 2353 2199 denn
2368 2156 2461 2202 wer

617 2191 711 2243 will
722 2192 845 2244 einen
859 2187 1008 2245 reinen
1022 2193 1168 2256 finden
1182 2194 1261 2258 bey
1273 2190 1425 2252 denen,
1433 2194 1473 2256 da
1493 2193 1623 2255 keiner
1662 2198 1756 2254 rein
1774 2199 1840 2266 iſt,
1845 2199 1962 2267 ſiehe,
1968 2209 2099 2260 unter
2114 2202 2252 2270 ſeinen
2260 2205 2461 2275 Heiligen

619 2258 673 2327 iſt
683 2258 826 2318 keiner
843 2257 955 2324 ohne
970 2260 1136 2325 Tadel,
1160 2263 1253 2322 und
1269 2262 1337 2321 die
1347 2264 1548 2332 Himmel
1564 2267 1655 2331 ſind
1668 2267 1784 2332 nicht
1799 2270 1894 2325 rein
1908 2283 1992 2327 vor
2006 2270 2123 2337 ihm,
2153 2273 2237 2329 wie
2253 2277 2461 2348 vielmehr

614 2326 685 2381 ein
701 2322 900 2396 Menſch,
913 2328 989 2386 der
1001 2327 1072 2386 ein
1090 2325 1259 2390 Greuel
1274 2333 1367 2389 und
1384 2328 1554 2402 ſchnoͤde
1569 2333 1636 2403 iſt,
1651 2336 1727 2394 der
1740 2326 1930 2404 Unrecht
1943 2331 2073 2409 ſaͤufft
2086 2340 2173 2399 wie
2180 2343 2380 2414 Waſſer,
2410 2348 2460 2401 es

614 2398 768 2457 bleibet
783 2397 864 2468 bey
876 2399 974 2459 dem
985 2398 1264 2474 Ausſpruche
1271 2403 1432 2473 Pauli,
1437 2406 1487 2463 es
1502 2406 1555 2476 iſt
1569 2407 1637 2473 hie
1651 2408 1747 2468 kein
1754 2407 2039 2479 Unterſcheid,
2046 2412 2100 2474 ſie
2115 2404 2204 2482 ſind
2221 2416 2459 2483 allzumahl

605 2457 830 2528 Suͤnder,
836 2463 929 2525 und
940 2468 1151 2527 mangeln
1169 2464 1250 2523 des
1255 2472 1465 2518 Ruhms,
1473 2463 1555 2517 den
1571 2465 1622 2511 ſie
1646 2474 1696 2527 an
1712 2464 1865 2511 GOtt
1880 2467 2023 2517 haben
2041 2469 2181 2507 ſollen.
2247 2473 2457 2517 Schwer⸗

612 2533 693 2601 lich
707 2534 828 2601 hatte
845 2548 892 2593 er
908 2535 984 2604 ſich
999 2536 1043 2595 ja
1067 2530 1116 2598 an
1137 2528 1273 2602 GOtt
1294 2535 1601 2610 verſuͤndiget,
1629 2544 1691 2601 da
1709 2559 1780 2609 er,
1797 2549 1871 2606 als
1887 2552 1957 2607 ein
1969 2551 2140 2608 Eiferer
2154 2556 2232 2607 des
2247 2550 2458 2619 Geſetzes,

612 2598 681 2657 die
712 2605 839 2667 armen
861 2595 1054 2676 Chriſten
1086 2601 1330 2672 verfolgete,
1343 2606 1435 2662 und
1451 2619 1513 2665 an
1529 2607 1653 2674 ihren
1666 2603 1996 2673 Marter⸗Tode
2011 2604 2132 2672 einen
2138 2615 2344 2682 Gefallen
2360 2620 2456 2684 hat⸗

610 2665 755 2725 te,wie
771 2677 817 2720 er
833 2664 947 2723 denn
966 2666 1075 2734 auch
1094 2668 1245 2733 denen,
1253 2670 1318 2727 die
1326 2670 1416 2735 den
1416 2671 1632 2739 frommen
1644 2675 1947 2746 Stephanum
1963 2677 2169 2740 toͤdteten,
2177 2681 2271 2745 ihre
2277 2682 2454 2745 Kleider

607 2734 893 2804 verwahrete.
937 2735 1210 2810 Schwerlich
1225 2736 1495 2811 verſuͤndigte
1512 2754 1560 2799 er
1574 2743 1650 2813 ſich
1666 2748 1777 2816 auch
1798 2741 1851 2806 an
1856 2748 2025 2806 GOtt,
2048 2753 2108 2803 da
2122 2765 2169 2805 er
2185 2764 2285 2805 war
2300 2751 2452 2814 einLaͤ⸗

607 2800 752 2875 ſterer,
766 2800 860 2856 und
873 2803 943 2859 ein
958 2804 1199 2874 Verfolger
1211 2807 1303 2862 und
1321 2798 1601 2877 Schmaͤher,
1628 2804 1831 2877 wiewohl
1848 2825 1895 2869 er
1907 2814 2061 2880 ſolches
2088 2816 2324 2881 unwiſſend
2338 2814 2452 2888 thaͤt,

605 2877 654 2921 in
663 2864 945 2934 Unglauben,
952 2871 1057 2926 aber
1073 2872 1135 2927 da
1148 2882 1196 2927 er
1207 2881 1270 2926 an
1277 2869 1505 2940 Chriſtum
1518 2867 1696 2948 glaͤubig
1710 2876 1891 2935 worden
1904 2889 2020 2942 war,
2026 2874 2129 2937 uͤbte
2142 2895 2188 2938 er
2203 2881 2280 2949 ſich
2291 2882 2361 2939 ein
2370 2897 2451 2946 un⸗

598 2936 785 3019 verletzt
807 2935 992 3016 Gewiſſen
1006 2953 1061 3010 zu
1074 2940 1218 3010 haben
1230 2943 1537 3012 allenthalben,
1549 2946 1678 3018 beyde
1691 2960 1825 3017 gegen
1833 2951 1986 3010 GOtt
1998 2954 2090 3009 und
2106 2957 2188 3010 den
2196 2954 2456 3024 Menſchen,

603 3003 699 3061 und
715 3004 1019 3077 ſolchergeſtalt
1034 3008 1109 3074 ſich
1126 3022 1205 3077 zur
1221 3008 1370 3079 ſeligen
1377 3010 1597 3081 Ewigkeit
1612 3005 1733 3082 wohl
1746 3028 1800 3082 zu
1813 3013 2010 3074 bereiten.
2075 3022 2180 3072 Und
2196 3020 2347 3081 ſolches
2365 3026 2447 3094 hat

602 3082 701 3119 nun
718 3070 826 3125 auch
834 3073 1019 3142 gethan,
1033 3076 1107 3123 der
1120 3070 1310 3136 Wohlſelige
1420 3073 1522 3147 Herr
1516 3070 1747 3142 Geheimte
1753 3076 1884 3146 Rath
1902 3066 2316 3149 THOMASIUS,
2332 3086 2445 3146 denn

601 3140 660 3194 ob
672 3137 743 3196 Er
764 3138 884 3193 wohl
907 3138 981 3193 als
997 3140 1065 3196 ein
1084 3139 1280 3200 Suͤnder
1301 3142 1350 3200 in
1365 3140 1571 3205 Suͤnden
1583 3141 1846 3213 empfangen
1859 3150 1951 3206 und
1965 3148 2182 3220 gebohren
2196 3161 2317 3217 war,
2349 3156 2443 3215 und

600 3208 686 3261 mit
700 3207 798 3267 dem
809 3198 985 3275 Koͤnige
1000 3210 1164 3269 David
1177 3210 1335 3279 klagen
1350 3214 1442 3272 und
1459 3211 1589 3282 ſagen
1611 3216 1770 3282 muſte:
1803 3218 1975 3287 Siehe,
1996 3218 2167 3283 HErr,
2179 3220 2240 3290 ich
2257 3223 2332 3283 bin
2350 3227 2441 3284 aus

596 3271 837 3342 ſuͤndlichen
844 3271 1065 3329 Saamen
1080 3286 1290 3351 gezeuget,
1296 3272 1392 3334 und
1405 3279 1544 3337 meine
1550 3276 1828 3345 Mutter
1761 3270 1832 3347 hat
1842 3280 1953 3352 mich
1978 3286 2021 3341 in
2022 3276 2224 3345 Suͤnden
2238 3289 2438 3369 empfan⸗

597 3352 698 3401 gen,
708 3342 839 3403 obEr
850 3340 962 3412 auch
975 3346 1094 3410 wohl
1108 3338 1315 3419 vielfaͤltig
1332 3349 1411 3417 ſich
1462 3339 1514 3413 an
1505 3351 1657 3410 GOtt
1669 3353 1762 3409 und
1771 3355 1908 3417 ſeinen
1921 3354 2131 3422 Nechſten
2149 3357 2436 3431 verſuͤndiget,

596 3403 643 3480 ſo
661 3411 749 3479 hat
753 3409 795 3486 Er
831 3410 934 3481 doch
949 3410 1031 3471 alle
1039 3411 1144 3481 ſeine
1155 3411 1439 3484 begangenen
1445 3412 1651 3480 Suͤnden
1658 3418 1841 3491 hertzlich
1848 3411 2032 3484 bereuet,
2040 3425 2131 3484 und
2140 3427 2276 3497 ſeinen
2284 3420 2435 3492 GOtt
