2546 2670
788 277 864 312 44

1265 265 1378 327 Von
1378 265 1457 327 der
1457 265 1624 327 Kinder
1624 265 1678 327 in
1678 265 1827 327 Chriſto

2198 285 2303 343 4.B.

814 347 872 395 Sie
889 350 1009 395 muͤſſen
1027 355 1113 394 nicht
1134 359 1393 405 unverſtaͤndiger
1405 361 1496 405 ſeyn,
1518 359 1582 404 als
1595 362 1661 398 das
1682 366 1777 414 junge
1798 370 2044 409 unvernuͤnftige
2059 366 2168 416 Vieh.
2214 370 2303 419 Fehlt

801 402 874 443 dem
890 397 1000 436 Lamm
1017 402 1069 443 die
1081 408 1205 448 Milch,
1229 411 1261 450 ſo
1281 411 1404 451 bloͤcket
1421 416 1480 454 es,
1503 414 1568 450 das
1585 416 1757 455 Voͤgelein
1773 418 1877 458 pipet,
1905 423 1969 458 und
1990 425 2108 457 ſperret
2118 425 2182 455 den
2189 421 2299 462 Mund

800 450 833 490 ſo
847 447 948 491 lange
966 458 1032 490 auf,
1057 454 1106 487 bis
1121 457 1174 494 die
1183 459 1276 490 Alten
1294 458 1344 498 ihn
1365 459 1469 501 fuͤllen.
1521 462 1576 504 Ja
1593 462 1677 503 ſelbſt
1692 466 1745 498 die
1757 465 1881 505 jungen
1894 471 2009 500 Raben
2029 472 2115 503 rufen
2134 472 2239 504 GOtt
2250 475 2300 507 um

807 500 934 536 Speiſe
952 504 1007 543 an.
1013 501 1110 544 Pſal.
1117 514 1240 550 147,9.
1290 503 1379 549 Wie
1393 507 1486 550 ſolten
1496 511 1585 549 denn
1600 512 1649 549 die
1661 515 1845 553 Kindlein
1856 517 1901 551 in
1910 514 2050 551 Chriſto
2070 518 2154 555 ihren
2168 521 2303 555 Mund

807 547 907 589 nicht
928 557 1013 586 weit
1038 551 1211 597 aufthun,
1236 553 1312 592 daß
1333 554 1398 597 ihn
1408 555 1469 596 der
1486 560 1613 599 Vater
1618 562 1736 606 fuͤlle?
1753 561 1922 606 Pſ.81,11.

954 597 1024 645 (13)
1049 600 1217 640 Endlich
1233 613 1313 645 muß
1333 608 1383 642 die
1408 613 1529 650 Kinder
1544 613 1703 650 GOttes
1723 619 1805 647 auch
1816 614 1873 650 ins
1892 611 2005 650 Gebet
2040 614 2233 664 hineinjagen
2253 618 2303 660 die

803 640 921 690 Noth
929 650 1005 684 und
1013 649 1081 686 der
1091 653 1226 690 Druck,
1230 658 1339 692 darein
1357 657 1396 696 ſie
1405 657 1532 696 pflegen
1539 661 1579 700 zu
1589 663 1759 700 gerathen.
1805 661 1867 697 Als
1890 668 1959 711 jene
1970 663 2123 700 Wittwe
2129 674 2193 709 von
2201 674 2294 707 ihrem

807 696 1038 739 Widerſacher
1062 697 1237 741 gedraͤnget
1252 704 1380 743 ward,
1419 707 1462 742 da
1475 714 1565 743 ward
1586 709 1628 743 ſie
1642 716 1859 749 genoͤthiget,
1898 714 1954 750 den
1980 711 2134 753 Richter
2144 724 2183 757 zu
2204 720 2294 754 uͤber⸗

804 742 950 784 lauffen.
973 746 1046 781 Luc.
1059 756 1159 788 18,3.
1206 750 1357 791 Kinder
1377 753 1539 791 GOttes
1568 761 1711 792 kommen
1739 764 1821 795 bald
1837 767 1919 796 nach
1934 764 2034 795 ihrem
2051 767 2296 803 Durchbruch

804 792 927 830 wieder
942 793 999 827 ins
1023 799 1240 841 Gedraͤnge.
1294 799 1380 835 Das
1403 802 1535 845 Fleiſch
1564 809 1613 845 wil
1643 813 1755 841 wieder
1781 809 1924 850 maͤchtig
1938 814 2079 856 werden.
2127 816 2221 853 Der
2229 816 2294 855 Un⸗

803 841 939 881 glaube
952 846 1044 882 reget
1057 846 1131 891 ſich,
1158 850 1230 880 und
1241 853 1300 881 der
1308 850 1531 901 Eigenwille
1531 855 1675 895 ſtreubet
1678 859 1760 902 ſich.
1806 859 1942 902 Solten
1958 862 2002 902 ſie
2008 866 2059 903 da
2069 863 2153 903 nicht
2161 870 2225 903 aus
2242 867 2293 903 der

800 888 903 931 Tiefe
920 902 998 927 zum
1014 891 1158 941 HErrn
1170 894 1311 944 rufen?
1329 898 1517 944 Pſ.130,1.
1557 909 1622 942 So
1642 905 1799 940 kommen
1810 906 1855 944 ſie
1873 914 1954 949 auch
1959 910 2002 949 in
2023 910 2207 963 aͤuſſerlich
2222 909 2293 955 Ge⸗

801 942 959 985 draͤnge,
981 944 1035 977 da
1042 942 1101 981 die
1108 949 1213 981 Welt
1226 948 1304 988 ſamt
1316 955 1384 985 dem
1396 946 1512 985 Teufel
1540 959 1586 988 an
1590 953 1636 994 ſie
1647 955 1741 997 ſetzet.
1782 960 1888 992 Wie
1898 960 2048 1001 machens
2063 960 2136 1001 aber
2147 966 2196 995 die
2204 966 2293 1004 Kin⸗

800 984 893 1026 der,
914 995 1000 1023 wenn
1020 988 1064 1027 ſie
1070 991 1135 1030 von
1145 998 1275 1030 andern
1294 994 1455 1036 geaͤngſtet
1475 997 1636 1036 werden?
1672 1005 1737 1039 O!
1753 1005 1793 1043 ſie
1809 1001 1947 1049 koͤnnen
1953 1011 1979 1049 ſo
1993 1013 2068 1047 fein
2078 1005 2131 1059 zur
2139 1001 2297 1051 Mutter

799 1028 919 1077 gehen,
933 1038 1002 1072 und
1017 1028 1176 1085 derſelben
1193 1029 1263 1089 ihre
1264 1028 1378 1096 Noth
1398 1028 1571 1099 klagen.
1585 1048 1675 1091 Wie
1684 1051 1842 1099 machens
1851 1053 1903 1093 die
1907 1053 2121 1105 Kuͤchlein,
2140 1065 2233 1099 wenn
2244 1058 2295 1100 ein

800 1088 1006 1132 Ungewitter
1019 1092 1192 1141 entſtehet,
1216 1100 1295 1137 oder
1307 1099 1359 1137 die
1367 1098 1629 1151 Raub⸗Voͤgel
1646 1105 1753 1156 hinter
1767 1107 1810 1154 ſie
1818 1108 1875 1156 her
1889 1110 1987 1156 ſeyn?
2035 1115 2095 1155 O!
2124 1107 2161 1156 da
2169 1113 2293 1156 koͤnnen

800 1125 840 1164 ſie
838 1131 919 1168 fein
923 1141 984 1172 zur
1004 1135 1109 1176 Alten
1120 1139 1225 1180 eilen,
1253 1136 1326 1188 und
1338 1145 1493 1186 derſelben
1516 1157 1608 1185 unter
1625 1153 1672 1184 die
1680 1153 1804 1189 Fluͤgel
1821 1156 1970 1195 kriechen.
2020 1160 2134 1193 Solte
2149 1163 2233 1196 denn
2238 1164 2291 1196 die

802 1179 946 1221 Kinder
960 1185 1121 1229 GOttes
1128 1186 1198 1225 ihre
1214 1193 1324 1228 Noth
1344 1197 1404 1229 und
1417 1197 1610 1238 Drangſal
1621 1195 1717 1241 nicht
1733 1211 1788 1239 zu
1806 1203 1921 1241 GOtt
1932 1204 2073 1243 treiben,
2101 1206 2162 1250 daß
2174 1207 2219 1253 ſie
2236 1211 2290 1243 mit

800 1229 933 1270 David
947 1229 1079 1275 ſagen:
1114 1231 1245 1275 GOtt
1248 1236 1312 1277 ſey
1330 1241 1399 1282 mir
1406 1239 1582 1286 gnaͤdig,
1619 1250 1711 1284 denn
1731 1252 1934 1286 Menſchen
1959 1250 2090 1292 wollen
2105 1256 2208 1302 mich
2219 1257 2290 1289 ver⸗

802 1274 957 1320 ſencken!
982 1286 1213 1331 Pſalm56,2.
1219 1281 1502 1335 Pſ.55,2.f.17.f.
1515 1292 1714 1339 Pſ.57,2.f.
1728 1293 1910 1342 Pſ.3,2.4.

943 1328 988 1369 §.
996 1335 1043 1373 7.
1089 1330 1251 1374 Wolan!
1269 1331 1355 1380 liebe
1366 1335 1491 1374 Seele!
1514 1341 1622 1378 pruͤfe
1626 1345 1739 1385 dich,
1754 1346 1799 1382 ob
1804 1346 1849 1382 du
1860 1346 1934 1385 dich
1945 1346 2019 1389 auch
2024 1350 2076 1384 im
2090 1350 2197 1391 Gebet
2201 1348 2287 1394 fleiſ⸗

797 1370 857 1419 ſig
873 1376 1050 1419 erwieſen?
1099 1378 1239 1427 Solteſt
1259 1382 1303 1433 du
1321 1384 1443 1434 etwan
1461 1389 1550 1431 noch
1565 1394 1707 1433 gehoͤren
1718 1403 1764 1435 zu
1785 1391 1859 1442 dem
1875 1399 1996 1441 rohen
2013 1402 2177 1444 Hauffen
2190 1401 2286 1451 derje⸗

797 1419 917 1465 nigen,
929 1428 990 1465 die
993 1433 1064 1467 gar
1067 1430 1181 1472 nicht
1182 1437 1266 1470 ans
1274 1433 1392 1477 Gebet
1397 1440 1565 1476 dencken?
1607 1446 1714 1484 Oder
1711 1448 1760 1483 zu
1758 1445 1836 1484 dem
1843 1444 2012 1488 Hauffen
2012 1446 2087 1490 der
2087 1451 2286 1495 Heuchler,

796 1467 847 1504 die
850 1470 914 1517 ſich
919 1467 1031 1512 damit
1040 1481 1228 1522 begnuͤgen,
1249 1485 1340 1524 wenn
1342 1487 1391 1522 ſie
1399 1488 1571 1521 Morgens
1581 1492 1659 1523 und
1662 1492 1816 1539 Abends,
1835 1502 1901 1530 vor
1911 1499 1979 1528 und
1997 1506 2076 1537 nach
2096 1509 2165 1532 dem
2176 1496 2286 1548 Eſſen,

793 1516 853 1559 Ihr
859 1523 973 1559 Gebet
983 1528 1056 1562 nach
1067 1524 1297 1573 Gewohnheit
1304 1527 1492 1576 verrichten,
1503 1535 1552 1574 o!
1554 1531 1599 1582 ſo
1602 1534 1758 1587 moͤchteſt
1766 1541 1816 1585 du
1819 1542 1862 1589 ja
1870 1549 1989 1588 deinen
1994 1546 2129 1588 elenden
2128 1548 2281 1592 Zuſtand

796 1569 980 1609 erkennen,
992 1567 1069 1608 und
1073 1574 1262 1620 zuvorderſt
1272 1587 1332 1620 um
1346 1582 1472 1617 wahre
1478 1581 1703 1630 Bekehrung
1712 1591 1820 1634 beten.
1876 1591 1954 1631 Bist
1965 1589 2012 1634 du
2019 1596 2105 1633 aber
2104 1602 2278 1642 verſichert,

799 1613 860 1659 daß
874 1616 919 1655 du
930 1623 1016 1653 vom
1030 1617 1126 1663 Tode
1140 1630 1215 1669 zum
1227 1628 1340 1669 Leben
1340 1631 1748 1678 hindurchgedrungen
1756 1637 1859 1683 ſeyſt,
1865 1640 1902 1678 ſo
1911 1640 2028 1681 dencke
2039 1644 2171 1688 zuruͤck,
2178 1645 2229 1687 ob
2232 1651 2277 1685 du

799 1662 880 1701 auch
887 1672 953 1706 von
960 1669 1024 1709 der
1026 1665 1090 1708 Zeit
1102 1681 1155 1709 an
1161 1677 1246 1708 deſto
1252 1677 1419 1713 fleißiger
1425 1684 1499 1716 und
1511 1685 1674 1724 eifriger
1675 1685 1727 1723 im
1734 1691 1849 1723 Gebet
1859 1695 1997 1726 geweſen
2002 1695 2100 1737 ſeyſt,
2110 1699 2181 1731 und
2185 1698 2218 1727 in
2228 1704 2281 1733 der

796 1709 900 1749 Gabe
910 1713 978 1751 und
988 1719 1099 1763 Kraft
1102 1719 1172 1755 des
1175 1722 1307 1761 Gebets
1319 1724 1549 1769 zugenommen
1568 1734 1707 1769 habeſt?
1744 1738 1929 1779 Vielleicht
1933 1737 2009 1783 ſagt
2018 1742 2072 1779 dir
2075 1745 2125 1783 da
2129 1744 2197 1786 dein
2211 1749 2277 1783 Ge⸗

793 1759 927 1804 wiſſen,
930 1762 1001 1800 daß
1005 1762 1051 1805 du
1055 1769 1109 1804 im
1112 1766 1239 1811 Gebet
1243 1773 1347 1812 nicht
1358 1772 1549 1822 fleißiger;
1564 1777 1706 1823 ſondern
1717 1787 1970 1826 nachlaͤßiger,
1987 1793 2069 1833 nicht
2079 1798 2277 1833 bruͤnſtiger;

791 1808 928 1847 ſondern
935 1811 1175 1851 kaltſinniger
1184 1823 1367 1855 geworden
1372 1820 1463 1859 ſeyſt.
1504 1826 1578 1861 Da
1600 1834 1646 1869 du
1649 1827 1695 1864 in
1702 1830 1763 1872 der
1778 1832 2019 1883 Buß⸗Angſt
2025 1843 2098 1877 und
2110 1847 2210 1882 unter
2218 1852 2271 1879 der

796 1850 920 1898 Preſſe
930 1854 1095 1891 ſtundeſt,
1113 1865 1155 1897 o!
1173 1868 1250 1905 wie
1259 1866 1431 1911 bruͤnſtig
1451 1876 1522 1904 und
1535 1879 1649 1918 eifrig
1666 1880 1791 1921 konteſt
1806 1884 1855 1918 du
1872 1884 1943 1923 aus
1952 1890 2022 1923 der
2037 1890 2133 1935 Tiefe
2143 1890 2186 1928 zu
2197 1900 2271 1929 dem

795 1903 919 1940 HErrn
929 1908 1054 1952 rufen?
1074 1908 1313 1960 Pſalm130,1
1356 1913 1434 1963 Da
1438 1921 1474 1954 du
1488 1929 1559 1963 zum
1562 1927 1792 1971 Durchbruch
1794 1932 1927 1971 kameſt
1932 1942 2006 1975 und
2009 1940 2071 1979 der
2076 1943 2194 1981 Gnade
2209 1933 2261 1986 dei⸗

793 1957 854 1985 nes
855 1956 1011 1985 GOttes
1018 1961 1182 1991 verſichert
1195 1964 1344 2002 wurdeſt,
1367 1970 1420 2000 o!
1431 1968 1497 2004 wie
1506 1970 1666 2011 kindlich
1686 1981 1746 2017 und
1761 1985 1934 2018 hertzlich
1943 1986 2057 2023 konteſt
2067 1991 2127 2025 du
2127 1992 2190 2028 dich
2199 1995 2263 2025 mit

788 1993 915 2034 deinem
930 1995 1052 2038 Vater
1063 1990 1377 2054 beſprechen?
1306 1990 1354 2055 Du
1391 2007 1519 2057 fingeſt
1529 2013 1580 2045 an
1596 2015 1670 2055 fein
1683 2023 1729 2055 zu
1741 2023 1888 2060 laufen:
1899 2034 1989 2055 wer
2002 2029 2088 2056 aber
2102 2031 2169 2063 hat
2182 2030 2263 2069 dich

787 2048 1051 2093 aufgehalten?
1099 2056 1237 2101 Solteſt
1252 2061 1295 2097 du
1312 2059 1396 2104 nicht
1411 2071 1484 2099 aus
1498 2063 1622 2112 Kraft
1636 2066 1675 2104 in
1693 2068 1818 2114 Kraft
1839 2078 2008 2117 gegangen
2029 2076 2125 2118 ſeyn?
2162 2078 2265 2119 Sol⸗

786 2085 845 2138 teſt
874 2090 914 2138 du
928 2094 1011 2140 nicht
1028 2097 1162 2138 immerr
1178 2100 1271 2147 beſſer
1287 2104 1321 2141 in
1336 2104 1385 2143 die
1403 2105 1522 2155 Kraft
1540 2111 1603 2147 des
1620 2112 1765 2151 Gebets
1786 2122 2021 2162 eingedrungen
2038 2124 2141 2163 ſeyn?
2188 2129 2262 2161 Und

783 2142 882 2190 ſiehe,
903 2149 946 2185 du
957 2146 1017 2189 biſt
1028 2147 1095 2187 wol
1106 2159 1169 2196 gar
1183 2147 1291 2197 zuruͤck
1303 2162 1485 2202 gegangen.
1529 2156 1589 2198 O!
1612 2163 1780 2211 gedencke,
1805 2176 1944 2204 wovon
1954 2174 2004 2205 du
2018 2172 2172 2219 gefallen
2179 2175 2259 2219 biſt,

781 2197 861 2234 und
879 2196 966 2244 thue
978 2198 1118 2250 Buſſe,
1150 2203 1228 2245 und
1254 2198 1334 2259 thue
1356 2206 1422 2255 die
1444 2207 1556 2258 erſten
1578 2209 1729 2261 Wercke
1753 2216 1901 2268 Offenb.
1914 2227 1995 2268 2,5.
2045 2219 2129 2272 Sey
2150 2222 2259 2265 bruͤn⸗

2182 2280 2259 2327 ſtig
