1689 2457
804 510 892 551 Aber
919 509 1000 555 nicht
1026 512 1105 556 dieſe
1128 509 1260 554 Unthat
1286 511 1352 547 und
1376 512 1425 549 die
1443 506 1530 556 Haͤr⸗

688 569 718 601 te
757 571 856 608 gegen
901 563 963 603 das
1006 563 1109 611 Hauß
1145 559 1249 613 York
1280 566 1346 603 und
1381 563 1531 609 deſſelben

688 624 837 670 Freunde
871 625 964 662 allein
999 623 1134 662 raubten
1169 621 1337 672 Heinrich
1367 626 1446 662 VII.
1482 625 1532 663 die

687 685 772 724 Liebe
798 691 854 724 des
883 686 1004 726 Volks.
1062 685 1155 724 Sein
1182 683 1290 734 Geiz,
1321 688 1375 721 der
1392 687 1440 721 die
1456 685 1533 725 Na⸗

686 744 758 781 tion
798 738 978 790 pluͤnderte,
1014 736 1079 778 und
1104 741 1167 787 ſein
1195 739 1380 790 muͤrriſcher
1408 740 1534 788 Deſpo⸗

688 802 811 840 tismus
840 801 982 847 machten
1006 799 1060 839 ihn
1086 803 1119 840 in
1148 806 1219 841 dem
1247 799 1365 842 Grade
1387 800 1537 849 verhaßt,

686 855 725 889 in
758 855 904 897 welchem
933 854 1014 894 ſeine
1040 854 1199 898 Klugheit
1235 859 1302 889 und
1337 857 1399 898 ſein
1428 857 1536 901 Muth

689 922 748 970 ihn
791 920 957 966 furchtbar
999 919 1145 966 gemacht
1166 923 1306 969 hatten.
1367 920 1416 962 Er
1429 914 1536 971 ſtarb

688 971 914 1020 gefuͤrchtet,
948 971 1026 1009 aber
1080 963 1299 1009 uͤnbedauret
1318 984 1377 1008 am
1419 978 1537 1020 22ſten

691 1036 787 1082 April
821 1036 936 1085 1509,
959 1036 1024 1074 und
1058 1036 1179 1080 machte
1212 1037 1246 1074 in
1277 1036 1407 1082 ſeinem
1424 1037 1536 1086 Teſta⸗

688 1102 779 1136 ment
821 1098 884 1138 die
911 1096 993 1143 nicht
1037 1093 1259 1149 ausfuͤhrbare
1294 1094 1537 1143 Verordnung,

688 1154 756 1202 daß
785 1163 861 1193 man
888 1155 998 1201 Allen,
1023 1144 1161 1200 welchen
1176 1152 1236 1198 er
1236 1152 1380 1198 Unrecht
1401 1153 1538 1202 gethan,

688 1224 751 1257 den
784 1220 946 1258 Schaden
964 1218 1120 1264 erſetzen
1132 1220 1214 1262 ſolle.
1232 1217 1408 1266 Einige
1434 1216 1539 1266 Geſe⸗

690 1273 741 1317 tze
759 1272 858 1315 ſeiner
882 1259 1074 1316 Regierung
1104 1267 1225 1315 muͤſſen
1250 1270 1318 1317 hier
1343 1270 1418 1315 noch
1441 1281 1540 1315 ange⸗

690 1330 787 1380 fuͤhrt
811 1334 949 1368 werden.
1005 1329 1072 1376 Jm
1094 1327 1138 1374 J.
1156 1328 1257 1375 1495
1266 1334 1452 1367 verordnete
1473 1335 1540 1367 das

692 1390 914 1439 Parlament,
959 1392 1033 1428 oder
1062 1392 1116 1428 der
1134 1387 1263 1438 Koͤnig,
1280 1388 1421 1436 welcher
1443 1389 1540 1438 durch

690 1456 755 1491 das
781 1451 981 1497 Parlament
1014 1449 1148 1499 ſprach,
1185 1451 1262 1499 daß
1280 1452 1332 1489 die
1351 1448 1543 1500 Anhaͤnger

692 1508 806 1547 eines
826 1506 1053 1553 jedesmaligen
1105 1504 1245 1553 Koͤnigs
1262 1496 1414 1554 ſtraflos
1467 1510 1542 1552 ſeyn

691 1573 811 1618 ſollten.
872 1569 1083 1621 Hierdurch,
1111 1571 1235 1616 ſcheint
1267 1578 1343 1620 es,
1367 1570 1457 1616 ſollte
1489 1572 1541 1610 die

691 1631 829 1670 Dauer
847 1626 1055 1676 buͤrgerlicher
1080 1629 1239 1677 Unruhen
1264 1626 1430 1677 abgekuͤrzt
1456 1638 1537 1667 wer⸗

691 1691 764 1726 den.
833 1684 909 1725 Ein
946 1690 1083 1727 anderes
1107 1685 1250 1733 Geſetz
1275 1686 1419 1723 erlaubte
1463 1691 1535 1734 dem

689 1754 794 1803 hohen
826 1755 892 1790 und
926 1754 1057 1793 niedern
1090 1754 1194 1801 Adel,
1221 1747 1323 1805 ſeine
1352 1751 1468 1794 Guͤter
1500 1763 1537 1800 zu

689 1812 891 1862 veraͤußern;
928 1812 1006 1857 dieſe
1031 1810 1236 1858 Erlaubniß,
1264 1808 1450 1851 verbunden
1478 1813 1538 1851 mit

689 1875 746 1910 der
777 1871 860 1911 Liebe
896 1880 951 1920 zur
979 1871 1111 1915 Pracht
1136 1874 1203 1910 und
1233 1860 1440 1926 Wohlleben,
1456 1859 1538 1923 ver⸗

693 1927 839 1976 anlaßte,
867 1925 930 1974 daß
963 1924 1015 1962 die
1049 1927 1171 1974 großen
1200 1922 1312 1965 Guͤter
1338 1932 1395 1967 der
1422 1927 1540 1969 Baro⸗

694 1991 756 2017 nen
802 1986 880 2027 nach
916 1988 982 2020 und
1019 1981 1096 2025 nach
1132 1978 1359 2025 verſchwendet
1392 1992 1578 2027 wurden,

693 2052 758 2101 daß
782 2054 883 2094 damit
906 2054 973 2104 ihre
999 2053 1120 2100 Macht
1145 2049 1286 2101 gaͤnzlich
1311 2052 1442 2103 verfiel,
1474 2056 1542 2091 und
