1974 2747
584 239 648 270 264

731 234 836 279 Sebah
836 234 894 279 und
894 234 1033 279 Zalmuna

1123 228 1206 273 Das
1206 228 1301 273 Buch

1334 234 1464 281 (Cap.8.)

1499 242 1638 280 gefangen
1638 242 1699 280 und
1699 242 1840 280 erwuͤrget.

638 304 668 329 4.
680 294 723 328 Da
738 305 789 330 nun
798 297 902 332 Gideon
909 304 943 329 an
955 297 1000 329 den
1013 297 1122 340 Jordan
1135 296 1203 337 kam,

596 333 656 375 ging
667 341 693 366 er
703 334 811 371 hinuͤber
826 342 865 370 mit
881 336 919 369 den
936 332 992 381 drey
995 336 1103 378 hundert
1111 344 1202 376 mann,

596 377 635 409 die
655 370 694 416 bey
718 373 762 418 ihm
776 384 875 411 waren.
886 377 937 411 und
952 372 1040 411 waren
1052 377 1136 420 muͤde,
1151 378 1201 411 und

590 413 684 458 jagten
697 420 772 459 nach.

627 456 662 498 5.
679 457 736 496 Und
744 457 773 501 er
792 462 878 505 ſprach
891 471 919 503 zu
936 464 982 496 den
995 465 1077 497 leuten
1093 457 1136 508 zu*
1150 465 1201 498 Su⸗

595 508 669 544 coth:
693 508 802 547 Lieber,
819 508 887 547 gebet
901 508 955 540 dem
970 508 1047 548 volck,
1068 508 1115 541 das
1126 513 1200 540 unter

597 537 648 577 mir
658 545 693 586 iſt,
704 546 788 588 etliche
796 541 884 580 brodt:
893 547 954 580 denn
964 548 993 588 ſie
1002 548 1052 588 ſind
1061 546 1142 588 muͤde,
1145 542 1202 592 daß

596 589 635 622 ich
644 583 767 629 nachjage
785 590 830 623 den
844 589 948 631 koͤnigen
966 591 1007 624 der
1023 591 1198 629 Midianiter,

595 622 696 667 Sebah
700 624 750 665 und
760 630 902 671 Zalmuna.
1004 630 1116 671 *1Moſ.
1116 638 1201 669 33,17.

642 678 669 707 6.
675 671 751 708 Aber
760 676 799 707 die
807 674 914 714 oberſten
924 682 951 714 zu
961 673 1062 708 Sucoth
1072 672 1198 715 ſprachen:

597 716 668 749 Sind
679 716 717 751 die
726 716 803 758 faͤuſte
812 717 906 751 Sebah
920 717 969 750 und
982 709 1113 757 Zalmuna
1128 714 1201 765 ſchon

598 765 626 789 in
641 757 728 791 deinen
741 750 863 799 haͤnden,
883 750 956 800 *daß
967 767 1015 792 wir
1029 758 1126 791 deinem
1140 765 1201 791 heer

598 801 673 839 ſollen
685 802 758 835 brodt
769 803 870 844 geben?
993 804 1122 834 *1Sam.
1125 795 1201 842 25,11.

640 853 656 877 7.
689 842 790 879 Gideon
802 844 903 886 ſprach:
925 844 1046 886 Wolan,
1067 852 1142 877 wenn
1156 844 1200 877 der

596 872 719 915 HERR
741 877 834 917 Sebah
857 878 907 909 und
925 882 1057 913 Zalmuna
1077 883 1105 909 in
1117 882 1200 907 meine

597 929 666 968 hand
681 931 742 970 gibt,
764 931 815 964 will
825 931 861 973 ich
876 924 936 965 euer
945 931 1024 974 fleiſch
1039 931 1086 965 mit
1103 932 1200 964 dornen

597 971 647 1001 aus
661 962 703 1002 der
714 970 812 1012 wuͤſten,
822 969 872 1003 und
883 970 931 1003 mit
938 970 1026 1011 hecken
1034 970 1200 1012 zerdreſchen.

636 1020 661 1046 8.
682 1013 738 1049 Und
761 1021 788 1047 er
797 1021 841 1053 zog
859 1020 909 1046 von
928 1014 1029 1047 dannen
1046 1012 1143 1055 hinauf
1152 1020 1200 1054 gen

595 1054 715 1072 *Pnuel,
724 1054 767 1087 und
779 1054 861 1086 redete
870 1052 933 1095 auch
943 1053 995 1093 alſo
1004 1061 1032 1093 zu
1038 1054 1128 1095 ihnen.
1140 1053 1199 1087 Und

595 1095 634 1128 die
644 1095 708 1128 leute
719 1103 745 1135 zu
756 1095 848 1136 Pnuel
855 1092 1024 1129 antworteten
1031 1096 1096 1135 ihm,
1108 1095 1200 1137 gleich⸗

595 1148 643 1174 wie
652 1142 690 1174 die
700 1149 727 1179 zu
741 1139 857 1180 Sucoth.
994 1141 1200 1182 *1Koͤn.12,25.

636 1193 664 1219 9.
678 1182 736 1217 Und
750 1191 777 1217 er
791 1183 877 1229 ſprach
891 1184 953 1225 auch
970 1192 998 1224 zu
1012 1184 1058 1217 den
1072 1184 1158 1217 leuten
1172 1192 1200 1223 zu

593 1218 701 1268 Pnuel:
736 1219 839 1253 komm
863 1220 900 1261 ich
917 1218 966 1253 mit
979 1222 1075 1260 frieden
1096 1222 1201 1260 wieder,

592 1274 618 1301 ſo
632 1270 683 1301 will
691 1268 728 1306 ich
745 1269 827 1309 dieſen
838 1268 919 1311 thurn
927 1269 1082 1306 zerbrechen.

636 1318 677 1341 10.
698 1297 794 1348 Sebah
817 1308 879 1341 aber
900 1309 951 1341 und
968 1309 1101 1345 Zalmuna
1113 1317 1202 1341 waren

594 1365 622 1395 zu
633 1357 750 1399 Karkor,
772 1359 823 1392 und
841 1359 883 1402 ihr
899 1360 959 1396 heer
969 1354 1017 1392 mit
1034 1360 1131 1399 ihnen,
1155 1360 1201 1396 bey

595 1402 730 1441 funfzehen
743 1403 858 1442 tauſend,
874 1398 913 1438 die
923 1400 969 1443 alle
977 1398 1139 1438 uͤberblieben
1147 1396 1202 1437 wa⸗

595 1451 640 1476 ren
659 1450 707 1475 vom
725 1440 826 1486 gantzen
841 1444 899 1483 heer
921 1445 993 1479 derer
1010 1446 1060 1478 aus
1082 1451 1201 1485 morgen⸗

594 1485 671 1518 land:
694 1486 770 1520 Denn
786 1478 898 1527 hundert
909 1485 960 1518 und
971 1485 1087 1527 zwantzig
1097 1481 1201 1527 tauſend

594 1537 683 1563 waren
692 1532 810 1571 gefallen,
826 1532 866 1565 die
879 1532 927 1566 das
936 1525 1054 1575 ſchwerdt
1062 1526 1201 1574 ausziehen

594 1570 693 1602 konten.

636 1623 671 1646 11.
681 1612 738 1647 Und
748 1613 854 1649 Gideon
864 1619 906 1653 zog
913 1612 1010 1655 hinauf
1017 1614 1065 1655 auf
1072 1614 1116 1648 der
1127 1613 1201 1656 ſtraſ⸗

594 1651 645 1694 ſen,
662 1652 692 1686 da
701 1661 762 1687 man
774 1654 800 1687 in
808 1654 899 1697 huͤtten
908 1653 1020 1695 wohnet,
1034 1660 1113 1694 gegen
1130 1662 1201 1687 mor⸗

593 1709 650 1737 gen,
662 1711 707 1739 gen
715 1706 817 1744 Nobah
829 1705 881 1739 und
889 1704 1028 1746 Jagbeha,
1050 1704 1102 1738 und
1118 1704 1202 1747 ſchlug

590 1738 640 1772 das
648 1731 722 1781 heer,
746 1740 812 1773 denn
820 1740 869 1774 das
877 1738 938 1780 heer
946 1746 1004 1773 war
1014 1740 1101 1781 ſicher.

634 1786 674 1817 12.
697 1786 756 1817 Und
772 1783 869 1826 Sebah
881 1786 932 1817 und
949 1786 1081 1824 Zalmuna
1096 1782 1200 1826 flohen;

592 1830 654 1863 aber
677 1837 704 1862 er
721 1831 796 1870 jagte
817 1830 895 1872 ihnen
919 1829 992 1870 nach,
1015 1830 1066 1863 und
1089 1832 1140 1872 fing
1163 1831 1202 1864 die

591 1880 673 1908 zween
692 1874 778 1917 koͤnige
791 1876 834 1910 der
845 1870 1019 1917 Midianiter,
1035 1876 1132 1918 Sebah
1150 1876 1201 1909 und

591 1914 741 1955 Zalmuna,
774 1915 825 1949 und
854 1915 1011 1958 zerſchreckte
1046 1916 1095 1950 das
1117 1916 1202 1958 gantze

593 1959 663 1995 heer.

636 2012 671 2036 13.
686 2004 731 2039 Da
740 2012 792 2038 nun
801 2003 914 2046 Gideon,
923 2005 966 2038 der
987 2004 1038 2047 ſohn
1048 2003 1133 2047 Joas,
1143 2005 1203 2039 wie⸗

593 2040 695 2074 derkam
709 2049 769 2075 vom
788 2040 871 2083 ſtreit,
899 2040 945 2083 ehe
963 2041 1002 2075 die
1021 2042 1097 2082 ſonne
1107 2043 1204 2083 herauf

595 2080 708 2114 kommen
723 2089 790 2122 war,

635 2134 679 2159 14.
700 2124 768 2167 Fing
785 2133 812 2160 er
823 2127 895 2162 einen
905 2128 1002 2162 knaben
1016 2130 1066 2161 aus
1084 2127 1130 2161 den
1147 2128 1201 2163 leu⸗

592 2173 635 2202 ten
645 2177 673 2207 zu
681 2169 794 2213 Sucoth,
809 2170 859 2203 und
874 2172 958 2212 fragte
967 2171 1030 2213 ihn;
1053 2172 1096 2205 der
1108 2173 1201 2214 ſchrieb

594 2210 650 2242 ihm
658 2211 704 2251 auf
719 2212 756 2244 die
772 2211 883 2253 oberſten
894 2220 921 2252 zu
932 2211 1054 2253 Sucoth,
1076 2214 1128 2244 und
1144 2214 1201 2253 ihre

596 2238 708 2289 aͤlteſten,
719 2247 799 2289 ſieben
808 2251 859 2281 und
869 2253 991 2288 ſiebentzig
1002 2258 1094 2280 mann.

637 2310 676 2337 15.
687 2303 744 2338 Und
754 2312 780 2338 er
788 2304 844 2338 kam
859 2313 887 2344 zu
897 2304 944 2337 den
957 2304 1040 2338 leuten
1049 2312 1076 2343 zu
1085 2303 1199 2345 Sucoth,

595 2346 647 2379 und
655 2346 756 2386 ſprach:
779 2348 872 2390 Siehe,
886 2348 929 2389 hie
938 2349 965 2390 iſt
972 2348 1068 2390 Sebah
1079 2349 1130 2382 und
1138 2350 1200 2390 Zal⸗

597 2393 695 2426 muna,
717 2378 780 2421 uͤber
802 2386 913 2428 welchen
930 2389 974 2428 ihr
992 2391 1056 2427 mich
1077 2387 1199 2427 ſpottetet,

595 2430 646 2462 und
662 2430 794 2473 ſprachet:
817 2432 863 2474 Jſt
878 2433 942 2465 denn
958 2430 1052 2473 Sebah
1072 2434 1123 2465 und
1137 2435 1198 2471 Zal⸗

1238 306 1319 331 muna
1330 298 1396 340 fauſt
1404 299 1476 341 ſchon
1487 300 1513 333 in
1522 300 1611 333 deinen
1619 299 1730 340 haͤnden,
1744 295 1783 341 daß
1792 309 1836 332 wir

1239 340 1326 373 deinen
1337 333 1430 382 leuten,
1451 340 1490 374 die
1507 340 1582 375 muͤde
1599 339 1661 382 ſind,
1676 340 1749 374 brodt
1762 341 1834 381 geben

1238 385 1334 419 ſollen?

1278 426 1319 455 16.
1341 421 1401 457 Und
1413 430 1441 456 er
1448 422 1531 461 nahm
1541 423 1580 456 die
1596 422 1698 465 aͤlteſten
1712 423 1754 456 der
1767 423 1834 465 ſtadt,

1235 465 1286 496 und
1301 465 1397 499 dornen
1406 468 1456 499 aus
1465 458 1512 499 den
1519 464 1622 508 wuͤſten,
1632 465 1682 499 und
1691 465 1833 508 hecken,
1798 464 1837 508 und

1234 509 1288 544 ließ
1302 512 1329 542 es
1345 509 1383 544 die
1389 511 1457 544 leute
1466 518 1494 551 zu
1503 510 1606 546 Sucoth
1617 503 1718 551 fuͤhlen.

1277 562 1316 590 17.
1341 552 1399 587 Und
1415 554 1463 586 den
1479 553 1557 594 thurn
1569 547 1662 595 Pnuel
1673 552 1788 595 zerbrach
1801 561 1833 593 er,

1236 592 1287 625 und
1299 592 1440 633 erwuͤrgete
1450 594 1489 627 die
1498 594 1563 627 leute
1578 595 1621 627 der
1630 594 1702 635 ſtadt.

1279 644 1318 670 18.
1330 629 1390 671 Und
1397 645 1425 671 er
1433 636 1520 684 ſprach
1529 644 1556 677 zu
1564 635 1659 679 Sebah
1671 637 1720 670 und
1734 637 1834 678 Zalmu⸗

1234 684 1285 710 na:
1308 671 1375 714 Wie
1389 684 1479 712 waren
1495 684 1533 710 die
1544 676 1663 718 maͤnner,
1686 677 1724 709 die
1742 676 1783 718 ihr
1801 685 1835 710 er⸗

1235 719 1377 763 wuͤrgetet
1370 717 1402 762 zu
1406 723 1539 764 Thabor?
1570 723 1621 757 Sie
1634 723 1766 765 ſprachen:
1788 724 1835 757 Sie

1235 771 1324 796 waren
1336 763 1386 797 wie
1393 764 1437 805 du,
1458 764 1510 797 und
1525 765 1566 798 ein
1576 757 1693 810 ieglicher
1703 754 1781 810 ſchoͤn
1791 771 1834 797 wie

1236 811 1306 842 eines
1320 808 1410 843 koͤnigs
1430 809 1528 843 kinder.

1278 858 1320 886 19.
1331 848 1373 883 Er
1387 849 1451 883 aber
1460 845 1565 890 ſprach:
1574 851 1617 885 Es
1629 850 1679 892 ſind
1689 851 1771 883 meine
1779 850 1834 883 bruͤ⸗

1235 889 1289 930 der,
1311 897 1393 924 meiner
1400 895 1495 924 mutter
1502 884 1589 932 ſoͤhne,
1600 891 1700 932 geweſt.
1715 890 1758 925 So
1766 890 1835 929 wahr

1235 936 1278 968 der
1291 936 1416 975 HERR
1423 937 1499 976 lebet,
1522 944 1562 968 wo
1577 936 1620 977 ihr
1632 936 1664 976 ſie
1678 936 1758 978 haͤttet
1771 930 1836 970 leben

1235 976 1323 1018 laſſen,
1336 977 1398 1011 wolt
1413 978 1451 1014 ich
1465 976 1524 1020 euch
1536 978 1603 1020 nicht
1615 971 1760 1018 erwuͤrgen.

1278 1031 1324 1054 20.
1344 1019 1403 1055 Und
1413 1020 1500 1062 ſprach
1516 1028 1544 1061 zu
1560 1022 1654 1062 ſeinem
1669 1015 1836 1064 erſtgebornen

1235 1063 1298 1099 ſohn
1309 1062 1422 1103 Jether:
1441 1063 1527 1105 Stehe
1537 1065 1593 1103 auf,
1605 1063 1656 1097 und
1671 1063 1786 1105 erwuͤrge
1800 1064 1836 1105 ſie.

1235 1095 1310 1137 Aber
1320 1104 1363 1136 der
1370 1102 1449 1136 knabe
1461 1109 1503 1142 zog
1517 1101 1568 1143 ſein
1576 1101 1696 1144 ſchwerdt
1709 1102 1777 1144 nicht
1777 1102 1836 1144 aus,

1236 1149 1301 1181 denn
1317 1155 1343 1181 er
1354 1147 1452 1190 furchte
1461 1148 1517 1191 ſich,
1533 1149 1592 1183 weil
1602 1155 1629 1182 er
1641 1149 1703 1191 noch
1714 1156 1754 1182 ein
1765 1149 1838 1183 knabe

1236 1196 1329 1221 war.

1281 1237 1321 1260 21.
1331 1226 1428 1269 Sebah
1438 1228 1501 1262 aber
1509 1229 1560 1261 und
1568 1228 1700 1263 Zalmuna
1708 1226 1839 1269 ſprachen:

1237 1270 1322 1312 Stehe
1331 1270 1376 1305 Du
1384 1271 1493 1311 auf,
1453 1266 1494 1312 und
1502 1263 1589 1313 mache
1597 1271 1651 1312 dich
1662 1279 1695 1304 an
1705 1273 1766 1312 uns,
1774 1265 1839 1304 denn

1239 1315 1350 1355 darnach
1366 1316 1410 1349 der
1420 1323 1501 1350 mann
1510 1316 1548 1357 iſt,
1569 1316 1598 1357 iſt
1612 1316 1674 1357 auch
1689 1316 1755 1357 ſeine
1768 1317 1839 1356 kraft.

1238 1358 1303 1396 Alſo
1313 1358 1382 1398 ſtund
1391 1358 1493 1394 Gideon
1504 1358 1634 1398 auf,und*
1643 1353 1782 1399 erwuͤrgete
1791 1360 1839 1393 Se⸗

1238 1400 1291 1435 bah
1301 1400 1351 1433 und
1359 1401 1508 1441 Zalmuna,
1523 1400 1574 1433 und
1583 1400 1664 1439 nahm
1677 1401 1715 1434 die
1725 1394 1840 1442 ſpangen,

1238 1439 1276 1472 die
1290 1435 1318 1472 an
1328 1437 1398 1480 ihrer
1412 1439 1526 1472 camelen
1537 1432 1626 1481 haͤlſen
1637 1446 1736 1474 waren.

1476 1475 1574 1512 *Pſ.83,
1584 1490 1611 1506 12.

1278 1517 1324 1540 22.
1358 1510 1403 1543 Da
1431 1507 1551 1550 ſprachen
1580 1516 1609 1548 zu
1631 1510 1737 1543 Gideon
1760 1510 1840 1551 etliche

1237 1556 1264 1589 in
1274 1554 1385 1594 Jſrael:
1398 1554 1458 1594 Sey
1465 1549 1529 1595 herr
1542 1555 1603 1588 uͤber
1613 1557 1674 1596 uns,
1687 1556 1720 1589 du
1729 1557 1778 1590 und
1788 1549 1840 1589 dein

1237 1596 1309 1636 ſohn,
1332 1596 1384 1630 und
1399 1598 1484 1633 deines
1495 1597 1572 1639 ſohns
1593 1597 1665 1644 ſohn,
1682 1598 1743 1631 weil
1756 1599 1786 1632 du
1794 1600 1840 1632 uns

1237 1647 1287 1672 von
1299 1639 1341 1672 der
1354 1640 1520 1677 Midianiter
1527 1640 1597 1681 hand
1609 1633 1699 1682 erloͤſet
1704 1640 1770 1673 haſt.

1278 1692 1317 1716 23.
1338 1681 1414 1717 Aber
1421 1683 1526 1718 Gideon
1536 1681 1621 1723 ſprach
1637 1690 1665 1722 zu
1677 1682 1770 1724 ihnen:
1782 1683 1839 1723 Jch

1237 1723 1289 1755 will
1298 1723 1364 1764 nicht
1371 1723 1434 1764 herr
1442 1724 1500 1765 ſeyn
1508 1723 1570 1758 uͤber
1579 1718 1651 1766 euch,
1664 1722 1704 1764 und
1717 1720 1771 1765 mein
1783 1723 1839 1764 ſohn

1235 1767 1281 1801 ſoll
1292 1767 1356 1802 auch
1364 1767 1434 1804 nicht
1441 1768 1505 1806 herr
1514 1767 1578 1802 uͤber
1585 1768 1644 1810 euch
1652 1768 1723 1809 ſeyn,
1738 1768 1839 1810 ſondern

1235 1807 1281 1840 der
1292 1802 1417 1851 HERR
1431 1810 1476 1844 ſoll
1486 1808 1549 1844 herr
1562 1807 1624 1843 uͤber
1634 1809 1692 1848 euch
1701 1808 1770 1844 ſeyn.

1278 1862 1325 1886 24.
1339 1850 1443 1887 Gideon
1457 1854 1518 1887 aber
1531 1852 1617 1896 ſprach
1625 1860 1654 1893 zu
1664 1847 1757 1888 ihnen:
1772 1854 1838 1888 Eins

1237 1891 1346 1933 begehre
1354 1893 1393 1934 ich
1398 1887 1452 1927 von
1459 1892 1527 1935 euch:
1535 1893 1591 1927 Ein
1599 1885 1716 1936 ieglicher
1724 1894 1785 1935 gebe
1792 1900 1838 1926 mir

1237 1934 1276 1967 die
1286 1925 1440 1975 ſtirnbaͤnde,
1464 1933 1503 1967 die
1517 1940 1544 1966 er
1554 1932 1661 1972 geraubt
1678 1933 1743 1975 hat:
1767 1934 1838 1969 Denn

1237 1977 1297 2011 weil
1310 1979 1337 2010 es
1347 1977 1503 2019 Jſmaeliter
1517 1972 1616 2021 waren,
1635 1978 1727 2020 hatten
1737 1980 1769 2021 ſie
1787 1977 1839 2020 guͤl⸗

1236 2021 1297 2054 dene
1309 2020 1465 2060 ſtirnbande.

1278 2068 1321 2096 25.
1340 2059 1392 2095 Sie
1403 2061 1542 2104 ſprachen:
1564 2062 1616 2096 Die
1633 2064 1723 2096 wollen
1736 2062 1784 2095 wir
1800 2067 1837 2101 ge⸗

1236 2105 1296 2139 ben.
1339 2104 1397 2139 Und
1411 2106 1533 2140 breiteten
1542 2106 1581 2140 ein
1594 2106 1655 2140 kleid
1665 2107 1725 2146 aus,
1738 2105 1788 2138 und
1802 2105 1838 2138 ein

1235 2147 1355 2189 ieglicher
1365 2150 1435 2188 warf
1448 2150 1487 2184 die
1499 2149 1643 2190 ſtirnbande
1653 2150 1741 2191 drauf,
1763 2150 1800 2183 die
1813 2155 1837 2181 er

1234 2192 1343 2229 geraubt
1363 2192 1452 2229 hatte.

1277 2234 1323 2265 26.
1345 2231 1405 2266 Und
1427 2231 1466 2266 die
1491 2231 1598 2273 guͤldene
1619 2231 1779 2275 ſtirnbande,
1801 2231 1836 2264 die

1235 2282 1262 2308 er
1277 2276 1404 2316 forderte,
1417 2274 1533 2319 machten
1550 2283 1593 2309 am
1605 2275 1710 2317 gewicht
1736 2276 1835 2317 tauſend

1234 2317 1315 2358 ſieben
1322 2316 1434 2358 hundert
1446 2310 1507 2358 ſekel
1514 2318 1622 2359 goldes;
1641 2317 1707 2359 ohne
1721 2317 1759 2352 die
1768 2317 1835 2359 ſpan⸗

1233 2366 1281 2398 gen
1293 2360 1344 2391 und
1358 2361 1447 2400 ketten,
1459 2362 1509 2394 und
1520 2361 1675 2403 ſcharlacken
1683 2362 1783 2404 kleider,
1801 2361 1835 2394 die

1234 2407 1277 2437 der
1291 2404 1457 2439 Midianiter
1469 2403 1555 2445 koͤnige
1576 2408 1684 2444 tragen,
1706 2405 1757 2437 und
1774 2402 1834 2445 ohne

1234 2444 1272 2476 die
1284 2443 1430 2485 halsbande
1440 2444 1510 2486 ihrer
1518 2444 1642 2478 camelen.

1725 2491 1834 2526 27.Und
