1619 2478
562 359 636 415 29

192 459 266 504 lich.
288 476 339 485 —
363 454 445 505 Bey
463 455 566 497 einem
580 450 802 493 verbrannten
818 453 1027 496 Unterſchen⸗

165 503 241 551 kel
253 509 387 547 wurden
402 507 437 545 in
457 508 480 543 6
496 506 611 552 Tagen
628 512 653 547 7
669 505 785 538 Quart
801 507 869 542 (14
883 507 1024 544 Pfund)

192 556 403 607 Bleywaſſer
430 560 642 598 verbraucht,
682 558 790 589 worin
816 560 849 585 in
875 561 969 586 allem
999 570 1024 593 7

194 611 303 658 Unzen
328 610 544 658 Bleyextrakt
576 610 741 653 befindlich
775 616 903 641 waren.
956 613 1025 639 Am

194 669 276 709 4ten
302 663 394 713 Tage
424 670 491 701 von
520 665 594 699 dem
622 662 721 705 erſten
750 662 944 703 Gebrauche
966 667 1026 691 des

195 713 340 759 Mittels
356 723 402 752 an
419 715 600 761 gerechnet,
626 715 712 757 fieng
728 718 791 746 das
813 715 909 744 Bein
926 724 970 741 an
988 724 1028 749 zu

196 768 322 817 zittern,
347 774 414 807 und
428 768 477 806 die
490 767 739 815 Leibesoͤffnung
753 768 836 801 blieb
857 779 943 797 aus:
970 778 1028 795 am

199 824 279 863 6ten
297 825 371 865 kam
388 820 570 867 Erbrechen
585 823 651 858 und
669 820 770 856 Colik
784 825 878 864 dazu.
930 824 1030 853 Man

198 872 291 923 hoͤrte
316 874 384 922 alſo
407 872 473 920 auf
497 876 559 910 das
582 873 792 918 Bleywaſſer
823 877 1030 912 aufzulegen,

199 938 269 971 und
284 942 348 982 gab
369 937 432 973 das
449 928 635 973 Ricinusoͤl
650 928 711 967 mit
728 931 799 965 dem
814 930 1032 974 Mohnſafte,

200 968 355 1027 wodurch
377 978 428 1017 die
452 978 583 1026 Zufaͤlle
610 978 686 1012 bald
709 981 854 1019 gehoben
881 988 1032 1008 wurden.

196 1054 254 1063 —
280 1039 347 1083 Hr.
371 1034 425 1083 P.
448 1033 576 1082 ſchließt
598 1039 664 1069 aus
687 1035 785 1074 dieſer
804 1037 1035 1075 zuverlaͤßigen

203 1073 463 1121 Beobachtung,
479 1081 545 1115 daß
561 1088 640 1106 man
654 1084 728 1103 dem
749 1085 951 1110 aͤußerlichen
964 1082 1035 1102 Ge⸗

204 1126 326 1172 brauch
350 1130 406 1165 der
427 1128 632 1169 Bleymittel
657 1130 745 1163 nicht
765 1135 898 1155 allemal
916 1141 1036 1153 trauen

206 1179 322 1223 koͤnne,
335 1177 534 1227 wenigſtens
548 1174 720 1225 vorſichtig
745 1180 850 1211 damit
864 1183 901 1217 zu
916 1181 1038 1211 Werke

206 1228 321 1278 gehen,
344 1233 412 1269 und
439 1228 498 1277 bey
525 1229 581 1265 der
604 1228 786 1275 geringſten
811 1232 966 1272 Gelbheit
992 1238 1040 1260 im

208 1283 372 1335 Geſichte,
415 1281 671 1332 Verſtopfung,
717 1285 832 1323 Colik,
872 1289 1040 1324 Laͤhmung

209 1343 247 1376 u.
271 1335 294 1385 ſ.
314 1344 360 1376 w.
385 1332 547 1386 aufhoͤren
570 1331 680 1383 muͤſſe.
734 1340 882 1379 Freylich
906 1353 979 1364 war
1003 1354 1041 1364 es

208 1390 273 1430 mit
287 1388 435 1441 Heilung
455 1391 514 1428 des
538 1389 656 1429 Beins
686 1396 783 1428 durch
808 1400 872 1418 das
893 1397 1044 1425 gedachte

210 1441 336 1489 Mittel
356 1442 390 1482 in
427 1446 433 1485 8
463 1441 578 1488 Tagen
603 1445 715 1475 weiter
740 1449 949 1483 gekommen,
989 1455 1045 1468 als

212 1490 298 1545 ſonſt
314 1495 375 1536 mit
391 1499 450 1534 den
466 1494 715 1538 Schmieralien
737 1504 772 1527 in
812 1502 816 1534 3
838 1501 984 1532 Wochen
1006 1513 1047 1531 zu

210 1549 378 1606 geſchehen
397 1551 510 1601 pflegt.

268 1646 547 1705 Neuigkeiten.
588 1653 688 1691 Eine
702 1655 884 1691 Nachricht
905 1668 972 1681 von
987 1664 1047 1681 den

216 1698 403 1751 Anſtalten,
419 1706 468 1738 die
474 1714 540 1736 von
554 1711 627 1736 dem
635 1711 852 1745 Policeyhofe
860 1716 894 1730 in
904 1715 1049 1730 Schott⸗

219 1757 299 1799 land
315 1768 373 1807 zur
389 1756 547 1809 Rettung
567 1767 776 1795 ertrunkener
788 1768 958 1802 Perſonen
973 1777 1050 1785 vor⸗

219 1811 352 1862 gekehrt
369 1817 514 1854 worden.
565 1817 621 1851 Es
636 1819 722 1847 wird
737 1823 797 1844 den
813 1821 1051 1850 verſchiedenen

221 1864 419 1914 Diſtrickten
444 1867 626 1914 auferlegt,
652 1879 690 1907 zu
716 1875 777 1896 den
804 1873 1051 1902 erforderlichen

223 1916 440 1964 Maſchienen
456 1923 522 1957 und
538 1922 789 1964 Belohnungen
806 1925 856 1948 die
872 1923 996 1953 Koſten
1014 1933 1052 1953 zu

224 1972 346 2025 finden.
396 1971 475 2015 Der
490 1976 841 2021 verehrungswuͤrdige
850 1976 970 2010 Greiß,
986 1977 1055 2007 Hr.

1061 1659 1153 1709 206.

911 2038 1057 2081 Cullen
