1500 2238
976 324 1024 356 49

321 479 547 530 Zweiter
594 483 891 532 Abſchnitt.

195 548 408 591 Grundriss
424 551 485 589 der
504 551 624 609 Kritik
638 557 731 602 aller
741 544 1017 606 Offenbarung.

355 739 496 781 Erste
529 741 849 793 Abtheilung.

243 816 325 855 Von
350 818 429 855 dem
451 816 577 857 Daſein
610 820 705 858 einer
729 820 963 868 Offenbarung

496 883 699 933 überhaupt.

185 961 352 1030 „Wenn
370 1001 405 1027 es
422 991 625 1035 vernünftige
642 993 756 1040 Weſen
773 999 857 1047 gibt,
892 999 1015 1043 welche

186 1060 245 1081 zur
265 1052 451 1085 Sittlichkeit
474 1053 571 1086 nicht
588 1055 698 1085 anders
729 1064 770 1085 zu
797 1057 929 1096 bringen
950 1057 1014 1089 ſind

185 1104 233 1133 als
261 1103 358 1134 durch
387 1104 552 1145 Religion,
588 1106 652 1137 und
678 1115 735 1138 zur
756 1107 901 1147 Religion
925 1112 1012 1140 nicht

185 1156 296 1194 anders
312 1157 356 1189 als
374 1158 469 1190 durch
488 1158 723 1202 Offenbarung:
751 1159 784 1193 ſo
801 1162 866 1195 ſind
883 1163 942 1195 wir
961 1164 1012 1196 be-

184 1211 357 1257 rechtiget,
389 1213 603 1259 Offenbarung
621 1217 666 1250 als
694 1216 838 1254 wirklich
857 1221 1011 1254 anzuneh-

184 1280 289 1308 men.“

231 1324 371 1360 Dieſer
395 1325 544 1365 Schluſs,
584 1326 638 1361 auf
661 1328 802 1363 welchen
830 1327 880 1361 die
907 1339 1010 1371 ganze

182 1373 280 1415 Kritik
313 1378 372 1418 der
385 1377 602 1420 Offenbarung
627 1382 688 1410 ſich
715 1385 866 1422 gründet,
909 1386 1010 1414 erhält

169 1431 267 1463 ſeine
295 1431 467 1476 Gültigkeit
496 1438 593 1477 durch
632 1438 681 1468 die
709 1439 908 1477 Vorſtellung
946 1447 1009 1469 von

169 1481 279 1517 Gott:
311 1485 377 1517 daſs
403 1497 453 1523 er,
483 1491 529 1518 als
555 1491 752 1521 moraliſcher
783 1490 921 1522 Urheber
944 1493 1008 1521 und

183 1539 306 1584 Regent
327 1545 382 1577 der
392 1545 493 1583 Welt,
520 1546 719 1588 vernünftige
738 1547 847 1582 Weſen
866 1558 923 1580 zur
934 1548 1009 1594 Sitt-

167 1597 310 1634 lichkeit
332 1607 373 1631 zu
397 1599 516 1638 führen,
544 1602 603 1633 den
621 1603 734 1636 Willen
759 1602 857 1641 habe;
889 1603 952 1634 und
969 1605 1007 1635 da

181 1655 277 1690 dieſer
295 1654 415 1698 Begriff
435 1667 497 1690 von
516 1658 594 1690 Gott
619 1659 704 1691 ſelbſt
729 1668 784 1691 aus
812 1660 865 1692 der
891 1660 1008 1693 Forde-

175 1715 264 1755 rung
278 1713 337 1746 des
357 1713 606 1757 Sittengeſezes,
636 1715 734 1749 ſeiner
758 1717 908 1760 einzigen
933 1718 1006 1751 äch-

181 1764 236 1793 ten
251 1761 384 1802 Quelle,
405 1766 603 1798 unmittelbar
624 1767 789 1808 abgeleitet
804 1769 857 1801 iſt:
882 1771 913 1801 ſo
928 1769 1006 1802 ſteht

179 1809 237 1844 das
255 1820 374 1853 ganze,
385 1817 534 1852 Gebäude
557 1821 611 1849 auf
630 1823 729 1851 einem
751 1821 875 1859 lezten,
908 1822 1005 1859 allge-

179 1876 435 1916 meingeltenden
460 1883 673 1925 Fundamente
693 1876 750 1915 feſt
770 1894 813 1920 —
833 1880 903 1910 dem
925 1876 1007 1911 Prin-

620 1948 650 1981 D

953 1944 1003 1989 cip
