1413 2069
336 386 414 419 Dies
430 386 462 426 iſt
474 390 576 424 genug,
597 384 667 417 bleib
682 384 749 429 hier,
772 392 802 420 es
817 388 888 419 wird
904 388 959 429 dich
972 389 1042 429 nicht
1055 394 1188 428 gereuen;

333 484 391 516 Du
406 482 498 519 kannſt
510 484 562 512 den
574 482 728 522 Leipzigern
744 484 846 517 Staub
871 484 903 515 in
916 486 958 517 die
979 486 1054 524 Naſe
1075 485 1189 524 ſtreuen.

334 577 426 610 Wie?
444 576 503 615 (fiel
520 575 579 617 ihm
591 576 682 614 Krach
696 577 742 608 ins
768 570 851 622 Wort,
869 583 922 609 vom
939 578 1050 611 Daries
1062 575 1188 618 gelehrt,)

336 672 414 705 Dies
430 673 462 711 iſt
473 673 515 704 die
529 672 595 712 beſte
610 672 704 710 Welt;
725 673 758 711 ſie
772 673 844 704 wird
855 671 927 712 nicht
946 671 1117 714 umgekehrt;

333 764 419 805 Zwey
432 767 531 805 Dinge
544 769 654 798 werden
670 767 725 798 wir
738 769 783 799 nie
798 767 883 805 voͤllig
897 768 1002 810 aͤhnlich
1014 769 1123 808 finden;

335 862 425 895 Denn
446 864 513 899 das,
535 866 598 894 was
620 862 668 902 iſt,
691 864 741 895 das
761 865 803 904 iſt.
849 864 918 898 Wer
937 865 1007 897 kann
1027 865 1096 903 mich
1108 865 1186 897 uͤber⸗

841 908 971 939 winden?

334 956 434 991 Wann
447 956 525 996 unſer
541 958 687 998 Raufbold
702 957 794 997 bleibt,
815 957 842 996 ſo
857 958 927 992 weis
941 958 980 999 ich
998 959 1066 992 alles
1078 957 1165 999 ſchon,

334 1050 387 1085 So
403 1051 434 1091 iſt
448 1052 488 1085 die
503 1052 580 1083 ratio
595 1050 743 1084 ſufficiens
756 1054 846 1084 davon
864 1068 909 1077 —

333 1144 471 1185 Pedante,
491 1146 579 1186 (rufte
591 1147 685 1186 Torf)
699 1148 744 1186 laß
761 1148 838 1179 deine
851 1154 965 1186 magern
984 1147 1122 1190 Schluͤſſe,

334 1244 408 1279 Waͤr
422 1250 451 1277 es
465 1246 508 1277 ein
523 1246 650 1279 Wunder
665 1244 748 1289 wohl,
769 1247 820 1287 daß
834 1247 877 1280 die
890 1245 1002 1282 Geduld
1017 1252 1072 1281 uns
1085 1248 1168 1285 riſſe?

332 1333 410 1374 Herr
430 1335 546 1368 Bruder
567 1335 729 1374 Raufbold,
750 1334 816 1376 thu,
846 1338 908 1367 was
930 1337 974 1368 dir
994 1344 1040 1368 am
1066 1327 1204 1377 kluͤgſten

838 1391 929 1428 duͤnkt,

331 1435 393 1475 Jtzt
414 1438 446 1476 iſt
461 1440 506 1469 der
529 1437 595 1477 beſte
620 1437 713 1478 Rath,
736 1438 790 1476 ſetzt
808 1439 885 1475 euch,
918 1440 963 1479 ihr
978 1440 1099 1476 Narrn,
1125 1443 1182 1474 und

835 1481 928 1513 trinkt.

330 1527 394 1559 Und
410 1527 505 1564 trinkt,
526 1529 582 1559 und
595 1526 696 1564 trinkt,
718 1527 833 1568 (ſchrien
850 1528 916 1567 auch
935 1529 977 1560 die
999 1531 1105 1561 andern
1131 1538 1183 1562 um

836 1580 877 1611 die
892 1576 1008 1616 Wette,)

331 1622 394 1653 Und
409 1621 495 1659 ſauft,
517 1623 571 1652 und
586 1620 671 1659 ſaufet
687 1621 748 1660 euch
761 1621 806 1653 bis
819 1629 932 1661 morgen
950 1624 982 1654 in
1002 1623 1053 1656 das
1067 1625 1187 1658 Bette.

331 1719 467 1759 Sogleich
488 1718 571 1754 bruͤllt
590 1712 733 1759 Raufbold
759 1723 836 1754 laut:
865 1722 986 1760 Schafft
1004 1725 1099 1757 Bier!
1135 1726 1181 1755 der

831 1765 1004 1806 Hausknecht
1025 1768 1096 1803 kam,
