1717 2445
567 446 727 479 Wiederher⸗

674 481 731 513 ſtellung
547 481 659 513 der

547 513 658 546 Colonie
674 513 729 547 von

547 551 689 582 Emmaus.

545 587 637 619 Euſeb.

544 624 646 653 Chron.

542 657 650 688 Tillem.
665 645 723 689 Hiſt.

540 691 630 717 eccleſ.
658 697 724 717 tom.

540 717 592 752 III.
633 717 684 753 not.
689 717 723 757 3.

536 751 566 790 in
577 761 630 790 Jul.
644 750 719 790 Afric.

811 444 884 486 Die
899 443 1035 485 Colonie
1055 454 1118 483 von
1136 442 1323 490 Emmaus,
1346 447 1397 485 die
1415 449 1494 486 vom
1509 448 1579 489 Ve⸗

728 481 898 546 ſpaſianus
925 493 1005 544 nach
1026 500 1082 535 der
1102 496 1292 544 Einnahme
1314 503 1369 537 der
1387 498 1501 540 Stadt
1514 500 1579 548 Je⸗

731 545 890 592 ruſalem,
915 549 976 586 wie
999 546 1047 595 ich
1070 552 1105 585 es
1128 550 1174 587 im
1199 556 1258 590 16.
1278 550 1382 601 Buch
1404 551 1500 595 dieſer
1516 553 1578 599 Hi⸗

730 599 823 644 ſtorie
838 598 1014 647 angefuͤhrt
1031 599 1133 647 habe,
1155 600 1333 647 gegruͤndet
1348 604 1479 647 wurde,
1505 612 1578 641 war

744 646 812 703 ſehr
830 646 868 695 in
863 653 998 699 Verfall
1017 652 1183 701 gerathen.
1236 656 1364 703 Julius
1379 656 1576 705 Africanus,

722 699 805 755 der,
827 704 889 741 wie
910 713 987 743 man
1009 703 1143 749 glaubt,
1170 709 1212 742 da
1229 704 1409 754 gebohren,
1437 712 1492 747 der
1508 709 1577 750 Re⸗

738 750 836 810 ligion
840 756 921 807 nach
936 762 988 797 ein
1001 757 1130 808 Chriſt,
1152 765 1221 798 und
1236 759 1423 810 beruͤhmter
1437 762 1575 810 Verfaſ⸗

722 810 770 858 ſer
792 811 880 848 einer
903 809 1064 858 gelehrten
1082 809 1317 862 Zeitrechnung
1340 821 1429 856 war,
1455 823 1573 854 wovon

723 871 792 905 uns
802 866 967 911 Euſebius
976 869 1075 916 groſſe
1083 868 1214 910 Stuͤcke
1224 869 1321 919 uͤbrig
1336 869 1486 918 behalten
1500 869 1572 918 hat,

718 920 812 957 ward
827 927 881 957 am
898 918 993 959 Ende
1014 923 1069 958 der
1084 919 1275 967 Regierung
1298 923 1357 960 des
1371 920 1570 968 Heliogaba⸗

716 973 779 1009 lus
801 972 836 1008 in
858 976 914 1010 der
927 970 1055 1019 Abſicht
1080 970 1160 1020 nach
1177 972 1271 1015 Rom
1296 973 1490 1021 abgeſandt,
1515 977 1569 1015 die

715 1020 1047 1072 Wiederherſtellung
1072 1026 1128 1063 der
1157 1023 1296 1068 Colonie
1321 1026 1566 1076 auszuwirken,

713 1076 783 1111 und
801 1061 982 1119 Alexander
997 1072 1176 1123 Severus,
1191 1072 1255 1122 ſein
1270 1075 1492 1127 Nachfolger,
1514 1086 1567 1123 ge⸗

713 1128 841 1177 waͤhrte
855 1130 925 1179 ihm
941 1132 1023 1178 ſeine
1031 1132 1147 1174 Bitte.
1198 1134 1291 1175 Man
1308 1136 1391 1174 kann
1405 1133 1562 1182 zweifeln,

763 1181 806 1221 ob
822 1186 859 1222 es
873 1181 959 1231 nicht
975 1185 1105 1222 damals
1121 1192 1211 1228 war,
1238 1183 1301 1230 daß
1323 1189 1379 1225 der
1392 1186 1509 1227 Name

850 1232 1020 1276 Emmaus
1035 1236 1069 1273 in
1085 1235 1263 1280 Nicopolis
1277 1244 1424 1276 verwan⸗

1022 1289 1100 1336 delt
1108 1289 1236 1325 wurde.

885 1400 1005 1444 Ende
1023 1402 1095 1446 des
1114 1401 1191 1445 IX.
1212 1399 1373 1452 Theils.
