1495 2358
342 305 387 339 die
407 302 446 336 im
463 296 595 343 Himmel
603 292 735 346 gruͤnen,
764 307 826 340 und
841 312 896 341 vor
919 307 964 341 dir
979 306 1058 343 leben
1074 306 1169 353 frey,
1178 310 1207 349 ſo
1229 310 1292 348 will

341 355 381 398 ich
395 355 468 397 ewig
483 354 615 399 ruͤhmen,
638 359 695 399 daß
711 359 776 394 dein
799 361 872 402 Herz
895 365 973 395 treue
989 360 1043 402 ſey.
1089 362 1191 398 Amen.

679 422 776 458 Vater
799 424 885 464 Unſer
908 430 945 456 ꝛc.

748 488 874 528 Segen.

523 542 676 588 Geſungen
697 545 741 580 die
761 551 839 587 zwey
854 544 969 588 ſchoͤnen
985 547 1098 585 Lieder:

402 611 460 650 Ach
474 610 549 644 bleib
566 609 618 652 bey
637 613 700 647 uns
714 611 790 653 Herr
805 613 878 654 Jeſu
892 613 987 655 Chriſt
1000 623 1035 647 ꝛc.

401 671 458 710 Ach
474 671 546 706 bleib
561 672 613 708 mit
629 673 724 708 deiner
740 674 848 708 Gnade
869 674 923 713 bey
938 675 999 708 uns
1013 675 1090 715 Herr
1104 676 1178 717 Jeſu
1195 682 1231 709 ꝛc.

436 795 513 844 Fuͤr
529 796 682 843 Seelen,
705 799 763 836 die
778 809 840 837 um
863 798 922 845 ihr
938 799 1079 848 ewiges
1094 798 1181 845 Zeil

637 847 864 892 bekuͤmmert
887 849 979 900 ſind.

332 916 383 989 H

383 916 491 959 eiliger,
510 915 688 959 dreyeiniger
705 920 793 960 Gott,
808 919 877 961 ſiehe
892 920 946 956 mit
959 921 1124 958 Erbarmen
1139 921 1194 961 auf
1207 921 1278 962 mich

406 961 435 994 in
453 957 559 991 meiner
574 956 796 999 Schwachheit,
818 961 878 990 und
894 961 985 994 nimm
1002 961 1061 996 dich
1079 960 1185 994 meiner
1202 962 1279 997 See⸗

332 1006 359 1036 Ie
377 1004 495 1041 treulich
510 1013 569 1042 an,
593 1006 650 1043 daß
671 1006 707 1046 ſie
722 1008 799 1042 nicht
812 1007 955 1042 verderbe.
1020 1010 1078 1048 Ach
1093 1012 1203 1048 Abba,
1224 1010 1280 1043 lie⸗

332 1046 389 1076 ber
401 1043 516 1079 Vater,
543 1045 592 1079 laß
607 1047 678 1081 mich
694 1047 819 1083 Gnade,
841 1040 898 1078 nur
914 1048 1021 1080 Gnade
1036 1055 1090 1079 vor
1106 1051 1151 1079 dir
1168 1050 1279 1088 finden,

331 1087 393 1118 und
409 1085 522 1123 vergieb
537 1086 593 1118 mir
609 1087 652 1120 die
667 1086 797 1123 Suͤnden
813 1088 924 1121 meines
939 1097 1046 1127 ganzen
1061 1090 1176 1124 Lebens.
1221 1090 1278 1128 Laß

330 1123 402 1163 noch
418 1127 472 1158 den
487 1127 581 1163 Bund
602 1127 655 1160 des
669 1128 813 1169 Friedens
832 1134 891 1161 von
908 1130 1016 1162 meiner
1029 1129 1128 1167 Taufe
1141 1130 1190 1166 her
1205 1130 1276 1165 uͤber

329 1166 388 1200 mir
402 1164 512 1205 gelten,
537 1168 630 1201 damit
653 1168 693 1206 ich
710 1170 761 1203 als
781 1169 844 1203 dein
868 1170 948 1206 Kind
967 1170 1107 1203 darinnen
1122 1171 1199 1206 leben
1216 1175 1277 1206 und

328 1208 438 1247 ſterben
454 1207 552 1239 koͤnne.
596 1206 671 1246 Ach,
694 1213 737 1240 du
760 1207 863 1245 Sohn
877 1207 1014 1246 Gottes,
1036 1200 1074 1242 du
1089 1208 1154 1250 Arzt
1170 1209 1277 1245 meiner

328 1253 440 1291 Seele,
461 1254 531 1293 heile
544 1253 617 1290 mich
632 1256 719 1296 durch
740 1256 822 1290 deine
841 1256 951 1297 blutige
965 1256 1105 1292 Wunden
1127 1264 1187 1292 von
1206 1259 1274 1293 mei⸗

327 1306 394 1332 nem
417 1298 575 1338 ſtinkenden
598 1296 856 1342 Suͤndenausſatz,
891 1302 950 1336 und
974 1300 1017 1343 ſey
1041 1303 1114 1337 mein
1136 1304 1218 1340 Alles
1242 1305 1273 1339 in

328 1342 434 1383 Allem,
442 1341 542 1378 mitten
560 1342 588 1377 in
603 1342 713 1379 meinen
733 1344 903 1385 innerlichen
918 1349 977 1381 und
991 1343 1168 1388 aͤußerlichen
1184 1349 1272 1386 Elen⸗

327 1391 374 1424 de.
417 1384 465 1430 O
481 1390 561 1430 ſegne
583 1391 641 1425 das
654 1391 743 1433 Amt,
760 1392 819 1426 das
839 1394 920 1429 deine
933 1393 1114 1434 Vrſoͤhnung
1133 1393 1275 1434 prediget,

328 1430 404 1468 recht
418 1429 571 1469 beſonders
585 1439 624 1463 an
638 1431 712 1469 mir,
734 1435 794 1466 und
809 1432 858 1470 laß
879 1432 943 1468 dein
959 1436 1077 1471 theures
1090 1433 1274 1474 Abendmahl

326 1472 373 1505 die
388 1471 458 1510 beſte
472 1473 581 1512 Arzney
596 1471 645 1508 fuͤr
659 1475 736 1505 mein
751 1474 851 1505 armes
864 1475 952 1512 Herze
964 1477 1042 1512 ſeyn,
1049 1478 1106 1511 daß
1121 1479 1161 1511 ich
1174 1481 1273 1512 wahr⸗

326 1511 424 1550 haftig
438 1510 493 1542 mit
514 1510 557 1543 dir
577 1510 735 1551 vereinigt,
757 1515 818 1545 und
838 1513 925 1549 durch
948 1517 1010 1545 und
1030 1513 1118 1548 durch
1142 1518 1274 1549 erneuert

326 1557 387 1584 und
404 1552 553 1593 geheiliget
567 1555 669 1587 werde.
736 1555 810 1595 Ach,
834 1555 918 1589 Gott
932 1555 1058 1597 heiliger
1075 1556 1180 1596 Geiſt,
1202 1557 1271 1598 hoͤre

327 1598 403 1628 nicht
419 1595 491 1628 auf,
514 1598 551 1624 an
570 1599 624 1625 mir
640 1592 774 1631 blinden,
799 1593 973 1632 thoͤrichten,
997 1591 1192 1634 unglaͤubigen
1210 1600 1270 1631 und

325 1639 520 1664 verdorbenen
542 1636 697 1670 Menſchen
721 1635 775 1666 mit
790 1634 860 1669 aller
882 1633 989 1672 Macht
1002 1641 1036 1675 zu
1051 1627 1196 1675 arbeiten,
1220 1638 1270 1671 da⸗

327 1678 382 1708 mit
406 1682 445 1716 ich
466 1683 515 1710 als
538 1688 582 1711 ein
605 1681 735 1715 Kranker
757 1678 825 1720 eile,
848 1683 908 1715 und
932 1680 1024 1714 meine
1045 1681 1135 1716 Seele
1158 1688 1269 1718 errette.

327 1721 478 1759 Vertreibe
506 1727 548 1757 die
569 1725 703 1764 peinliche
724 1724 831 1767 Furcht
853 1727 905 1759 des
932 1725 1034 1761 Todes
1059 1727 1118 1760 aus
1148 1728 1269 1762 meinem

329 1766 449 1806 Herzen.
494 1769 625 1804 Schenke
646 1770 704 1801 mir
717 1769 798 1804 einen
812 1768 1004 1808 Vorſchmack
1025 1776 1082 1805 von
1098 1772 1149 1806 den
1164 1772 1268 1811 himm⸗

330 1809 431 1849 liſchen
453 1809 592 1849 Freuden.
636 1811 691 1850 Laß
706 1814 777 1849 mich
799 1814 856 1848 das
877 1812 976 1853 heilige
990 1811 1172 1851 Sacrament
1191 1817 1268 1854 nicht

333 1853 461 1890 anders,
485 1854 533 1887 als
554 1858 598 1889 ein
619 1858 771 1899 gebeugter
786 1856 912 1893 Suͤnder
926 1856 966 1890 im
979 1858 1097 1903 wahren
1119 1861 1269 1898 Glauben,

329 1906 366 1941 zu
379 1898 501 1935 meinem
515 1900 621 1941 ewigen
633 1901 701 1943 Heil
714 1902 862 1944 genießen.
906 1903 1010 1942 Amen.
