1746 2868
204 456 286 507 Die
286 456 429 507 teutſche
429 456 570 507 Litaney
570 456 649 507 aus
649 456 809 507 GOttes
809 456 929 507 Wort
929 456 1041 507 troͤſtl.
1041 456 1199 507 erklaͤret.

1234 462 1329 513 637

150 525 234 583 Der
250 543 299 580 du
315 546 383 579 uns
397 536 589 587 erſchaffen,
607 540 676 577 und
695 534 763 581 alſo
787 529 941 578 geliebet,
957 531 1024 575 daß
1049 534 1094 570 du
1119 541 1186 569 uns
1208 534 1324 570 deinen

259 598 494 651 eingebohrnen
517 594 628 648 Sohn
649 587 806 648 gegeben!
854 592 864 637 O
881 591 1060 642 HERR!
1081 590 1172 644 ſegne
1188 591 1254 634 und
1271 590 1324 633 be⸗

254 654 329 711 huͤte
348 661 430 699 uns.

158 721 293 782 HErr
314 720 448 775 GOtt
465 720 603 774 Sohn
620 725 692 772 der
709 718 829 772 Welt
847 712 1054 772 Heyland,

276 777 485 825 Erbarme
503 775 584 825 dich
603 777 700 825 uͤber
716 773 825 825 uns!

155 843 236 890 Der
253 846 297 886 du
313 849 385 886 uns
400 841 470 892 alſo
486 841 622 891 geliebet
638 840 731 890 haſt,
753 839 820 886 daß
839 841 881 880 du
898 836 967 882 dich
983 833 1075 885 ſelbſt
1091 838 1145 888 fuͤr
1162 842 1233 879 uns
1248 838 1327 876 dar⸗

260 901 400 947 gegeben
410 906 478 940 uns
487 907 525 945 zu
535 895 676 949 erloͤſen,
712 898 725 942 O
735 896 841 949 HErr!
877 894 933 941 laß
949 891 1022 933 dein
1039 888 1212 942 Angeſicht
1227 892 1329 940 leuch⸗

256 962 312 997 ten
321 953 399 997 uͤber
410 964 478 997 uns
489 957 557 996 und
567 953 616 997 ſey
625 961 692 996 uns
700 948 835 997 gnaͤdig.

157 1019 295 1079 HErr
311 1016 444 1069 GOtt
460 1016 569 1075 Heil.
587 1001 725 1074 Geiſt,
741 1010 927 1064 erbarme
942 1007 1023 1067 dich
1041 1020 1091 1058 ꝛc.

162 1107 236 1153 Der
244 1095 289 1129 du
297 1094 367 1130 uns
376 1085 668 1138 wiedergebiereſt,
679 1083 862 1133 erneureſt,
870 1083 938 1123 und
955 1078 1114 1129 heiligeſt,
1130 1081 1187 1125 der
1194 1084 1240 1124 du
1257 1090 1331 1124 uns

244 1145 420 1192 vertritteſt
438 1145 499 1184 mit
520 1137 843 1190 unausſprechlichen
871 1134 1060 1185 Seuffzen,
1076 1133 1130 1173 O
1150 1136 1333 1185 HERR!

242 1200 322 1244 hebe
329 1198 405 1237 dein
416 1193 591 1243 Angeſicht
598 1190 678 1235 uͤber
690 1197 774 1234 uns,
783 1192 852 1231 und
858 1187 914 1239 gib
922 1190 993 1228 uns
1002 1187 1115 1227 deinen
1126 1185 1256 1235 Friede.

144 1264 257 1322 Sey
274 1266 362 1312 uns
379 1258 556 1318 gnaͤdig,
585 1256 792 1316 Verſchon
816 1257 929 1310 uns,
955 1252 1076 1303 lieber
1101 1251 1333 1312 HERRE

277 1320 479 1374 GOTT!

162 1395 232 1453 Ach
264 1386 379 1448 HErr,
392 1381 529 1445 handele
545 1387 634 1436 nicht
649 1385 713 1430 mit
730 1389 799 1429 uns
823 1382 903 1430 nach
929 1380 1048 1434 unſern
1074 1380 1248 1432 Suͤnden,
1263 1384 1337 1424 und

266 1447 383 1496 vergilt
406 1453 462 1489 uns
475 1440 556 1498 nicht
573 1444 653 1490 nach
670 1442 799 1492 unſerer
818 1441 1018 1492 Miſſethat,
1037 1438 1145 1490 ſtraffe
1162 1445 1230 1482 uns
1247 1438 1336 1486 nicht

271 1504 305 1546 in
314 1500 439 1546 deinem
449 1498 561 1553 Zorn,
572 1498 643 1542 und
654 1495 773 1546 vergilt
783 1503 849 1541 uns
866 1494 953 1547 nicht
969 1494 1051 1545 nach
1074 1491 1202 1545 unſerer
1219 1492 1340 1548 Miſſe⸗

262 1563 348 1609 that.

163 1626 262 1690 Sey
271 1627 363 1679 uns
374 1620 548 1686 gnaͤdig,
559 1621 669 1684 Hilff
680 1624 784 1677 uns,
796 1620 918 1671 lieber
928 1620 1084 1682 HErre
1100 1617 1259 1674 GOtt!

162 1703 260 1757 Hilff
260 1703 308 1748 du
320 1707 410 1751 uns,
442 1700 612 1748 GOTT
642 1699 734 1746 unſer
760 1695 905 1746 Helffer,
923 1706 981 1738 um
1008 1694 1123 1738 deines
1150 1692 1341 1738 Nahmens

270 1747 343 1802 Ehre
365 1746 487 1800 willen,
503 1748 619 1794 errette
636 1756 727 1797 uns,
747 1750 813 1790 und
838 1746 950 1797 vergib
979 1752 1050 1789 uns
1072 1745 1184 1795 unſere
1206 1744 1338 1789 Suͤnde

267 1814 327 1846 um
345 1806 454 1848 deines
468 1803 654 1850 Nahmens
670 1801 790 1844 willen.

170 1870 259 1936 Fuͤr
283 1869 391 1921 allen
415 1868 629 1927 Suͤnden,
648 1861 774 1926 behuͤt
809 1866 920 1919 uns,
956 1863 1079 1911 lieber
1108 1859 1340 1919 HERRE

284 1937 487 1976 GOTT!

166 1989 306 2051 Behuͤte
315 2002 405 2044 uns,
424 1996 490 2045 daß
502 1995 569 2038 wir
585 1993 674 2040 nicht
688 1993 792 2042 wider
813 1990 880 2033 dich
900 1985 1067 2041 ſuͤndigen.
1078 1985 1148 2036 Ach
1163 1984 1342 2040 HERR!

269 2050 353 2095 lehre
377 2055 430 2092 uns
440 2051 524 2098 thun
535 2048 615 2094 nach
625 2048 749 2092 deinem
766 2040 1033 2094 Wohlgefallen,
1060 2043 1131 2084 und
1148 2039 1223 2083 dein
1242 2048 1341 2091 guter

271 2101 377 2155 Geiſt
377 2101 475 2154 fuͤhre
503 2111 559 2145 uns
579 2099 636 2145 auf
579 2145 637 2151 auf
649 2102 764 2143 ebener
778 2097 899 2145 Bahn.

170 2158 258 2210 Fuͤr
276 2146 402 2206 allem
419 2149 597 2215 Jrrſal,
606 2149 775 2212 Behuͤte
793 2156 843 2196 ꝛc.

164 2201 309 2267 Wende
319 2201 425 2264 unſere
436 2210 556 2259 Augen
564 2205 757 2257 ab,
638 2211 687 2262 daß
703 2202 751 2261 ſie
767 2197 848 2255 nicht
866 2190 948 2257 ſehen
959 2197 1040 2248 nach
1056 2196 1208 2252 unnuͤtzer
1231 2199 1342 2248 Lehre,

264 2260 319 2312 laß
333 2261 403 2302 dein
433 2250 509 2314 Wort
528 2258 603 2312 ſeyn
614 2255 729 2310 unſers
740 2255 857 2309 Fuſſes
866 2249 1014 2302 Leuchte,
1024 2254 1095 2296 und
1109 2253 1161 2299 ein
1176 2252 1262 2303 Licht
1279 2252 1343 2304 auf

277 2310 392 2361 unſern
392 2310 546 2360 Wegen.

174 2367 259 2423 Fuͤr
274 2367 402 2418 allem
414 2363 537 2425 Ubel,
555 2364 725 2425 Behuͤte
742 2360 828 2411 uns
847 2368 895 2409 ꝛc.

179 2420 303 2478 HErr,
308 2414 425 2473 erloͤſe
419 2424 489 2461 uns
499 2425 563 2460 von
580 2423 679 2466 allem
698 2414 801 2463 Ubel,
813 2416 880 2456 und
895 2408 975 2465 hilff
985 2416 1057 2456 uns
1075 2417 1144 2457 aus
1163 2421 1202 2464 zu
1214 2413 1343 2453 deinem

276 2477 495 2532 himmliſchen
509 2475 627 2534 Reich.

1245 2524 1337 2582 Fuͤr
