1658 2529
535 335 608 364 132

532 397 659 438 welche
683 406 723 433 ſie
753 392 934 426 alternatim
948 385 1013 426 von
1036 400 1151 435 halben
1171 393 1313 428 Stunden
1327 404 1369 427 zu
1386 399 1503 431 halben

533 448 679 475 Stunden
696 445 885 475 einnehmen
902 443 1007 477 ſollte.
1059 436 1121 478 Die
1141 445 1304 478 Salzſäure
1324 452 1501 489 vereinigte

532 500 598 529 ſich
615 499 677 529 mit
692 498 747 530 der
762 497 942 539 Magneſia,
969 498 1033 531 und
1048 498 1131 532 trieb
1139 498 1193 531 das
1213 499 1314 532 damit
1327 503 1503 541 vereinigte

534 550 600 579 Gas
618 556 690 583 aus,
717 545 857 580 welches
874 548 1071 584 natürlicher
1088 550 1195 584 Weiſe
1210 551 1264 584 die
1280 550 1361 583 Frau
1377 552 1503 585 aufblä-

527 599 627 637 hete,
654 600 718 631 und
738 601 802 633 alſo
817 602 868 633 ihr
884 602 987 634 Uebel
1002 606 1094 643 ärger
1108 602 1242 636 machte.
1301 604 1381 636 Man
1398 603 1503 646 fragte

531 660 565 687 in
585 649 641 682 der
655 648 746 681 Noth
763 650 855 681 einen
871 650 950 695 Arzt
968 660 1022 683 um
1037 650 1152 686 Hülfe.
1185 651 1296 687 Dieſer
1311 651 1534 686 vorordnete

531 701 590 733 der
615 702 777 735 Patientin
814 702 1011 741 Magneſiam
1033 702 1243 740 calcinatam,
1281 703 1347 735 und
1379 703 1504 738 machte

533 749 577 779 ſie
595 748 724 786 geſund.
776 750 877 781 Sollte
893 758 967 784 man
983 750 1073 781 nicht
1085 752 1185 790 jeden
1198 751 1411 789 Feldſcherer,
1436 752 1503 787 der,

533 794 620 825 ohne
636 802 678 823 zu
691 793 814 829 wiſſen,
836 803 904 825 was
926 795 1044 827 Säuren
1062 795 1140 829 oder
1155 797 1303 830 Alkalien
1327 798 1411 834 ſind,
1438 799 1504 830 ſich

531 837 729 879 unterſteht,
760 840 811 870 ein
826 839 948 881 Recept
962 834 1003 871 zu
1018 841 1202 879 ſchreiben,
1226 840 1368 883 ſogleich
1383 853 1423 875 an
1441 846 1502 876 den

529 888 631 921 erſten
650 889 756 922 beſten
778 889 880 921 Baum
899 898 930 922 u.
946 890 967 921 ſ.
983 890 1053 926 w.?
1074 906 1124 915 —

631 959 883 1020 Herrenhauſen,
902 973 1020 1015 1784.
1046 969 1159 1011 März,
1190 979 1220 1004 1.

996 1179 1051 1205 12.

882 1241 1145 1302 Rülingia,

778 1324 863 1360 eine
886 1321 1246 1369 Pflanzengattung.

509 1463 655 1493 Habitui
669 1464 838 1503 plantarum
854 1465 931 1494 adeo
946 1458 1111 1503 adhærere,
1134 1474 1168 1493 ut
1181 1464 1237 1492 rite
1252 1458 1385 1496 adſumta
1400 1471 1499 1500 fructi-

609 1511 757 1546 ficationis
772 1513 922 1556 principia
934 1512 1142 1556 deponantur,
1166 1515 1205 1546 eſt
1219 1515 1371 1549 ſtultitiam
1384 1515 1498 1557 ſapien-

612 1556 657 1586 tiæ
672 1554 743 1587 loco
757 1563 901 1597 quærere.

1320 1618 1441 1661 Linné.

527 1692 697 1734 Character
713 1692 886 1743 eſſentialis.

526 1763 627 1803 Calyx
642 1762 815 1804 diphyllus.

526 1805 659 1837 Corolla
676 1805 885 1846 pentapetala.

524 1853 668 1888 Stamina
687 1855 798 1884 multa.

523 1891 666 1934 Germen
684 1899 845 1938 ſuperum.

525 1952 634 1992 Stylus
650 1952 778 1984 unicus.

522 2004 678 2046 Stigmata
695 2004 767 2036 tria.

523 2052 656 2092 Capſula
673 2052 896 2091 unilocularis,
923 2050 1099 2093 duplicata:
1133 2054 1254 2100 ſingula
1271 2054 1429 2094 trivalvis.

522 2103 650 2136 Semina
665 2104 798 2135 arillata.

1411 2192 1489 2227 Cha-
