1770 2503
204 430 238 480 te
255 425 321 471 mir
342 421 434 466 keine
455 416 577 474 groͤßre
596 414 837 470 Beleidigung
858 409 1108 465 widerfahren,
1135 407 1194 451 als

203 484 310 522 wenn
328 465 414 516 man
446 472 531 522 mich
562 471 597 514 in
625 463 972 523 Zuſammenkuͤnfte,
1016 468 1099 503 oder
1130 463 1201 514 auf

205 542 319 601 Baͤlle
334 539 415 595 bat,
442 548 506 585 wo
518 535 628 589 nichts
643 534 703 579 als
719 527 948 587 buͤrgerliches
961 525 1197 584 Geſchmeiße,

207 603 280 645 und
297 593 358 652 fuͤr
383 594 468 644 mich
489 594 580 639 keine
604 598 676 635 von
698 589 787 636 Adel
811 595 945 633 waren.
1001 581 1129 629 Sollte
1146 584 1196 630 ich

209 648 298 708 mich
323 650 460 706 kuͤnftig
501 644 537 705 ſo
539 644 766 703 wegwerfen,
810 650 856 691 da
880 641 929 694 ich
952 640 1100 691 wirklich
1125 642 1199 683 eine

208 713 360 772 gnaͤdige
376 714 476 769 Frau
494 715 578 762 bin?
612 710 785 762 Glauben
800 710 878 758 Sie
892 706 979 758 mir,
1006 702 1076 752 daß
1091 700 1140 748 ich
1159 711 1200 757 zu

207 762 307 816 leben
322 760 431 822 weiß,
471 770 540 811 und
560 762 631 818 daß
645 771 713 804 mir
735 764 793 804 der
817 764 982 811 Umgang
1006 759 1073 796 mit
1096 763 1203 798 denen

210 840 284 878 von
299 831 389 875 Adel
404 825 521 881 nichts
535 814 644 870 neues
658 822 711 871 iſt.
790 819 865 873 Jch
889 819 975 873 habe
999 816 1144 867 Grafen
1161 826 1204 868 zu

210 877 394 933 Anbetern
407 882 551 937 gehabt,
578 879 643 924 mit
656 877 833 923 Baronen
859 882 916 921 bin
932 877 981 924 ich
996 875 1031 923 ſo
1047 879 1205 916 vertraut

213 944 391 1000 geweſen,
425 945 488 986 als
505 941 565 992 ich
574 929 682 990 kaum
705 928 771 981 mit
794 935 920 989 Jhnen
944 938 1082 978 werden
1105 934 1207 986 kann,

212 1009 297 1060 und
313 1003 390 1046 eine
416 988 528 1061 ganze
549 987 671 1052 Menge
704 987 827 1047 junger
851 996 1029 1039 Edelleute
1050 994 1137 1044 habe
1159 995 1209 1039 ich

213 1055 320 1122 laſſen
336 1048 501 1121 vergebens
537 1054 677 1116 ſeufzen,
693 1064 801 1108 gegen
816 1056 870 1096 die
885 1057 939 1097 ein
956 1056 1076 1102 ſolcher
1093 1055 1212 1100 Dorf⸗

214 1106 357 1176 junker,
384 1117 451 1161 wie
466 1114 543 1162 Sie
559 1112 652 1167 ſind,
683 1128 748 1163 gar
770 1115 884 1152 nichts
906 1117 1012 1154 heißt.
1069 1105 1215 1159 Verlaſ⸗

216 1184 276 1240 ſen
291 1178 371 1231 Sie
384 1169 564 1233 Sich
500 1175 567 1236 auf
584 1176 701 1232 mich,
728 1167 819 1218 man
838 1166 898 1219 ſoll
921 1165 989 1215 mir
1006 1170 1043 1210 in
1061 1172 1121 1213 der
1137 1174 1220 1209 vor⸗

217 1237 393 1295 nehmſten
400 1224 621 1292 Geſellſchaft
652 1236 745 1281 meine
767 1225 938 1288 Erziehung
963 1225 1053 1273 nicht
1067 1224 1216 1279 anſehn;

216 1298 304 1345 aber
341 1281 547 1350 dergleichen
573 1278 809 1345 Geſellſchaft
834 1286 907 1329 will
953 1283 1004 1334 ich
1048 1282 1217 1337 beſuchen,

223 1355 502 1418 ſchlechterdings
518 1355 592 1402 will
607 1352 657 1407 ich
671 1350 716 1406 ſie
733 1348 903 1406 beſuchen,
920 1350 991 1392 und
1008 1352 1110 1391 wenn
1129 1344 1219 1401 Sie,

222 1414 427 1477 Gnaͤdiger
444 1408 546 1473 Herr,
573 1411 637 1456 mit
652 1405 741 1458 allen
757 1409 822 1449 den
839 1403 1043 1458 altadlichen
1069 1401 1221 1448 Damen

222 1481 263 1522 in
286 1476 533 1530 leinwandnen
551 1462 773 1532 Andrienen,
816 1464 935 1519 raſend
958 1459 1106 1508 daruͤber
1127 1459 1222 1507 wuͤr⸗

223 1545 308 1584 den.
341 1526 547 1588 Urtheilen
560 1533 641 1583 Sie
658 1527 821 1582 hieraus,
857 1527 902 1569 ob
919 1521 968 1572 ich
990 1522 1129 1576 geneigt
1150 1523 1223 1576 bin,

227 1595 297 1643 mir
314 1592 381 1637 viel
395 1600 466 1634 von
480 1576 733 1643 Hochachtung
749 1588 819 1627 und
832 1578 1042 1639 Ehrfurcht,
1063 1588 1134 1625 von
1146 1583 1225 1625 Be⸗

230 1653 344 1708 fehlen
361 1654 434 1697 und
449 1634 649 1702 Gehorſam
663 1639 904 1697 vorſchwatzen
918 1649 959 1693 zu
974 1641 1092 1692 laſſen.
1129 1641 1226 1681 Das

225 1702 427 1768 unterſtehn
444 1711 521 1760 Sie
538 1707 635 1756 Sich
650 1716 718 1751 nur
734 1700 844 1757 nicht,
879 1705 961 1747 oder
981 1703 1031 1746 ich
1053 1699 1128 1743 will
1151 1697 1227 1750 Jh⸗

227 1769 299 1824 nen
341 1770 461 1825 Jhren
504 1766 740 1826 hochadlichen
782 1761 893 1819 Kopf
917 1772 958 1817 zu
979 1760 1088 1811 rechte
1118 1758 1228 1810 ſetzen.

228 1821 411 1880 Daruͤber
433 1821 516 1880 aber
539 1822 622 1882 gebe
643 1821 693 1875 ich
718 1820 845 1874 Jhnen
869 1822 959 1863 mein
982 1815 1118 1870 Wort,
1155 1818 1229 1857 und

228 1885 305 1941 das
321 1889 393 1935 will
406 1888 457 1932 ich
473 1885 574 1939 heilig
583 1882 722 1937 halten,
753 1880 827 1935 daß
842 1879 893 1930 ich
906 1877 1035 1930 Jhnen
1050 1879 1165 1918 weder
1188 1882 1232 1927 zu

230 1933 354 2004 Hauſe
368 1942 453 1995 noch
471 1942 508 1985 in
521 1936 790 1995 Geſellſchaften
804 1935 875 1987 auf
881 1937 956 1977 eine
969 1935 1146 1977 vertraute
1161 1935 1233 1976 Art

230 1994 446 2065 ſchmeicheln
461 2005 589 2051 werde.
636 1990 680 2057 Es
698 1994 829 2053 wuͤrde
843 1995 911 2041 mir
928 1991 999 2047 ſehr
1016 1992 1234 2046 empfindlich

231 2067 341 2126 ſeyn,
366 2072 475 2111 wenn
492 2059 571 2112 Sie
592 2064 635 2108 es
648 2055 744 2115 thun
764 2056 920 2103 wollten.
1002 2051 1096 2100 Das
1119 2055 1235 2095 unter⸗

235 2114 336 2187 ſtehn
350 2107 430 2190 Sie
440 2109 544 2188 Sich
559 2127 628 2173 nur
649 2116 754 2176 nicht.
814 2112 941 2165 Gegen
965 2111 1032 2169 alle
1047 2109 1237 2163 Cavaliere
