1524 2254
558 397 650 434 1681.
674 393 714 435 *)
729 391 863 434 uͤbergab
889 393 933 427 die
960 391 1141 434 Landſchaft
1159 391 1205 431 ihr
1223 391 1341 430 Beden⸗

490 444 544 482 ken
561 451 662 484 wegen
686 445 735 479 der
755 440 1342 486 Wechſel ⸗ Kaufmanns ⸗ Gerichts⸗

496 499 562 529 und
572 492 855 534 Judenordnung;
880 491 1062 533 desgleichen
1075 500 1176 531 wegen
1193 493 1342 532 unterlaſ⸗

495 554 579 596 ſener
604 554 777 595 Obſervanz
809 555 859 587 der
882 552 1094 592 Taxordnung
1124 551 1178 592 bey
1201 550 1341 586 Aemtern

496 612 562 644 und
587 606 790 646 Advokaten;
835 608 954 648 ſodann
976 608 1037 648 daß
1057 607 1089 640 in
1104 605 1267 647 Anſehung
1290 606 1344 638 der

493 657 614 702 Strafe
638 663 700 693 der
724 658 847 699 Chriſt
870 646 989 693 denen
1023 655 1161 698 Juden
1185 657 1239 695 bey
1270 663 1343 688 vor⸗

496 716 650 758 gehender
678 717 853 760 Partirerey
884 715 1004 757 gleich
1040 723 1081 756 zu
1118 714 1340 755 traktiren,

493 764 572 811 auch
593 766 656 804 dem
671 765 798 810 Juden,
828 773 915 802 wenn
938 776 967 800 er
990 765 1164 806 ponitieret,
1189 770 1258 806 und
1275 770 1346 800 dem

496 824 631 866 Chriſten
656 826 709 857 den
737 823 844 854 dolum
868 818 1008 862 eroͤffnet,
1030 822 1083 869 die
1107 820 1223 860 Strafe
1242 828 1276 859 zu
1300 830 1342 853 er⸗

494 883 662 925 laſſen**).
702 874 765 925 Jm
786 871 1092 921 Landtagsabſchiede
1115 880 1218 913 wurde
1241 879 1343 917 wegen

495 940 550 972 der
569 935 827 977 umgeſchlagenen
843 935 934 972 Biere
948 938 1133 969 verordnet:
1159 934 1217 971 daß
1240 926 1350 968 davon

496 989 545 1022 die
554 986 751 1028 Trankſteuer
767 992 858 1025 gegen
877 974 1108 1027 glaubwuͤrdige
1120 983 1266 1017 Atteſtata
1280 988 1348 1018 von

498 1051 553 1082 der
573 1045 733 1088 Obrigkeit
755 1048 818 1079 nnd
855 1033 1133 1086 Steuereinnahme
1161 1042 1240 1083 nicht
1260 1042 1346 1084 ſollte

497 1104 632 1147 bezahlet
655 1106 772 1140 werden
795 1107 872 1146 ***).

568 1160 661 1187 1685.
684 1155 881 1188 beſchwerten
905 1148 972 1186 ſich
991 1158 1037 1203 die
1056 1153 1205 1204 Staͤnde,
1227 1160 1286 1206 daß
1314 1160 1349 1204 in

499 1215 691 1257 Beſtrafung
707 1205 800 1247 derer
825 1204 1052 1252 Delinquenten
1075 1212 1120 1245 die
1143 1210 1346 1256 Rechtscolle⸗

500 1268 569 1308 gien
587 1266 666 1306 nicht
687 1256 764 1308 einig
786 1263 888 1303 waͤren
905 1263 998 1309 ****).
1027 1258 1108 1304 Auch
1122 1269 1247 1298 wurden
1262 1266 1349 1306 beym

500 1324 713 1366 Conventtage
748 1321 944 1363 verſchiedene
963 1309 1080 1363 Klagen
1110 1317 1183 1355 uͤber
1207 1323 1252 1353 die
1281 1331 1346 1354 ver⸗

503 1381 634 1424 ſtopften
656 1380 858 1417 Commercien
885 1376 1045 1421 gefuͤhret,
1076 1378 1129 1414 als
1153 1377 1239 1419 daß:
1274 1385 1346 1414 vom

503 1436 606 1479 Koͤnig
629 1440 694 1471 von
711 1435 888 1481 Frankreich
918 1433 1060 1470 verboten
1089 1436 1232 1472 worden,
1270 1434 1347 1469 keine

499 1494 674 1538 ſaͤchſiſchen
689 1489 807 1535 Tuͤcher
819 1492 904 1533 mehr
919 1492 950 1526 in
964 1490 1010 1526 die
1031 1487 1244 1534 franzoͤſiſchen
1264 1489 1346 1531 Pro⸗

503 1545 608 1589 vinzen
626 1547 701 1587 ohne
715 1545 779 1587 ſehr
804 1544 879 1587 hohe
894 1539 1023 1587 Auflage
1046 1538 1262 1585 einzufuͤhren;
1305 1556 1345 1568 —

537 1662 569 1691 *)
585 1649 652 1696 Denn
670 1657 749 1693 dahin
783 1654 813 1691 iſt
826 1654 871 1687 der
884 1652 1057 1691 Druckfehler
1065 1650 1160 1688 (1687)
1173 1654 1200 1685 in
1210 1651 1253 1684 der
1268 1653 1343 1694 ausf.

557 1707 658 1743 Nachr.
667 1707 707 1738 S.
715 1710 759 1741 48.
768 1708 798 1741 zu
805 1702 970 1742 berichtigen.
988 1696 1016 1746 f.
1028 1701 1047 1738 D.
1052 1699 1179 1741 Weiſens
1188 1700 1248 1743 Zuſ.
1257 1702 1343 1740 S.25.

537 1765 586 1798 **)
603 1762 644 1794 S.
663 1757 793 1795 mehreres
811 1759 841 1789 in
855 1758 981 1795 Weiſens
1005 1754 1066 1793 Zuſ.
1091 1755 1132 1789 S.
1147 1764 1189 1793 27.

538 1822 594 1857 ***)
612 1818 653 1850 S.
674 1816 747 1851 ausf.
760 1815 860 1850 Nachr.
883 1814 925 1848 S.
939 1821 984 1848 50.

535 1879 604 1913 ****)
625 1876 666 1909 S.
687 1872 813 1911 Weiſens
837 1872 899 1910 Zuſ.
918 1872 960 1906 S.
974 1875 1018 1905 28.
