1629 2522
504 369 541 408 zu
565 360 639 400 dem
664 354 841 404 Naͤchſten.

1085 356 1162 395 475

183 447 280 496 denen
307 454 353 494 Er
378 453 472 499 zuerſt
497 452 599 496 ſagte:
632 449 758 493 Fuͤrchte
784 448 848 487 dich
872 446 970 488 nicht,
1008 446 1048 480 du
1074 444 1165 479 kleine

185 510 320 554 Heerde:
345 511 423 544 denn
437 511 471 542 es
483 506 519 549 iſt
531 508 618 540 eures
630 503 750 540 Vaters
763 499 998 543 Wohlgefallen,
1024 499 1092 539 euch
1106 499 1165 531 das

186 565 279 609 Reich
297 573 333 607 zu
349 562 460 606 geben,
484 561 546 594 und
561 557 653 602 gleich
669 557 785 600 darauf
798 553 976 598 hinzuthat:
999 551 1167 596 Verkaufet

183 625 258 656 was
276 621 325 660 ihr
344 617 433 659 habt,
457 614 519 648 und
542 612 629 656 gebet
647 611 816 655 Allmoſen,
842 607 906 642 Luc.
934 614 986 642 12,
1013 611 1067 642 31.
1089 614 1120 639 u.
1141 605 1166 645 f.

186 677 247 712 Als
274 675 323 710 die
352 669 498 708 Gemeine
525 667 637 711 Chriſti
663 675 700 709 zu
728 663 900 708 Jeruſalem
929 660 1014 702 ihren
1041 661 1167 702 Anfang

188 731 302 767 nahm,
327 721 466 766 geſchahe
479 722 571 765 dieſes
594 729 653 755 von
671 719 766 754 vielen
784 716 948 756 Bruͤdern,
972 714 1035 747 und
1052 717 1085 746 es
1102 720 1169 746 war

191 782 263 822 auch
284 788 319 819 zu
341 777 393 811 der
409 776 475 820 Zeit
494 774 620 818 noͤthig,
645 775 668 815 ſ.
688 770 838 816 Apoſtelg.
861 777 894 809 4,
915 775 969 807 34.
987 775 1017 800 u.
1050 761 1090 812 f.
1106 766 1171 803 Die

192 832 312 878 Apoſtel
332 833 384 865 des
405 829 521 871 HErrn
542 827 640 865 haben
660 825 733 860 aber
749 823 844 866 dieſes
862 821 995 856 niemals
1015 819 1066 853 als
1084 818 1172 853 einen

192 896 235 924 an
255 888 313 922 alle
336 880 514 926 Glaͤubigen
537 885 727 923 ergangenen
748 878 860 920 Befehl
882 874 1010 918 Chriſti,
1037 875 1092 908 den
1108 873 1173 908 Ge⸗

186 939 307 976 meinen
329 932 543 982 vorgehalten;
568 935 631 969 und
650 932 709 967 das
729 930 785 967 kan
803 938 875 965 man
893 927 971 970 recht
989 925 1115 970 deutlich
1132 925 1173 967 ſe⸗

193 1000 249 1040 hen
261 998 322 1030 aus
336 1002 358 1029 2
370 992 442 1029 Cor.
458 996 491 1032 8,
507 999 538 1025 1.
554 1000 586 1024 u.
601 990 626 1033 f.
648 989 745 1025 Denn
760 988 798 1022 da
811 982 966 1031 empfiehlt
976 982 1102 1025 Paulus
1117 983 1174 1017 den

193 1049 393 1094 Corinthern,
427 1049 478 1084 der
498 1045 675 1090 Nothdurft
698 1046 749 1078 der
770 1041 918 1079 Gemeine
942 1048 979 1081 zu
1001 1036 1177 1080 Jeruſalem

191 1103 245 1146 ſich
261 1099 484 1145 anzunehmen;
508 1106 540 1131 er
557 1097 627 1136 thut
633 1094 677 1142 es
681 1095 768 1132 aber
785 1092 845 1134 auf
858 1092 922 1126 eine
940 1093 970 1134 ſo
988 1087 1177 1132 muͤtterliche

190 1155 300 1199 Weiſe,
326 1156 385 1196 daß
398 1159 472 1186 man
489 1154 522 1184 es
539 1160 575 1192 zu
591 1147 773 1183 bewundern
789 1148 853 1187 hat.
880 1147 924 1181 S.
941 1144 1034 1181 Roͤm.
1051 1149 1104 1179 12,
1122 1147 1176 1177 13.

281 1197 384 1245 Wenn
402 1203 521 1243 Petrus
542 1202 629 1245 ſagt:
655 1199 747 1243 Seyd
769 1199 899 1241 gaſtfrey
923 1199 1011 1230 unter
1034 1199 1178 1230 einander

192 1253 270 1304 ohne
294 1257 462 1300 murmeln,
497 1265 514 1288 1
539 1255 629 1294 Petr.
654 1261 688 1293 4,
716 1260 748 1293 9.
783 1252 845 1285 und
870 1251 921 1286 der
945 1248 1042 1291 Brief
1065 1257 1105 1282 an
1132 1247 1179 1280 die

194 1315 334 1358 Ebraͤer:
367 1312 512 1359 Gaſtfrey
538 1319 574 1354 zu
592 1311 666 1354 ſeyn
689 1309 833 1354 vergeſſet
857 1306 955 1349 nicht:
988 1306 1066 1341 denn
1089 1303 1180 1345 durch

195 1372 324 1416 daſſelbe
340 1369 438 1410 haben
454 1363 574 1410 etliche,
598 1364 677 1404 ohne
691 1364 740 1404 ihr
754 1361 889 1406 Wiſſen,
911 1358 1011 1404 Engel
1028 1357 1182 1397 beherber⸗

199 1427 268 1469 get,
292 1422 370 1459 Ebr.
389 1431 447 1464 13,
465 1428 499 1455 2.
522 1419 554 1463 ſo
570 1419 645 1460 muß
662 1425 736 1452 man
753 1418 800 1453 die
816 1415 925 1453 Worte
943 1413 1019 1455 dazu
1034 1410 1180 1458 nehmen:

215 1475 412 1523 Herberget
435 1480 557 1517 gerne,
587 1475 684 1508 Roͤm.
712 1476 767 1507 12,
792 1475 847 1505 13.

200 1533 313 1576 Dieſes
326 1531 362 1573 iſt
375 1531 440 1565 eine
452 1524 646 1573 Hauptſache
659 1523 715 1569 bey
728 1523 786 1559 alle
800 1524 879 1563 dem,
902 1523 972 1556 was
985 1529 1059 1555 man
1072 1517 1183 1561 ſeinem

201 1585 352 1632 Naͤchſten
366 1585 469 1622 Liebes
483 1585 546 1621 und
559 1582 665 1620 Gutes
679 1576 825 1624 erzeiget,
850 1577 910 1622 daß
930 1584 1002 1612 man
1023 1578 1056 1609 es
1080 1579 1184 1618 gerne

202 1643 284 1683 thue.

203 1692 343 1733 Uebet
363 1687 487 1733 jemand
508 1684 786 1732 Barmherzigkeit,
823 1683 860 1726 ſo
885 1683 969 1725 thue
996 1690 1032 1717 er
1059 1687 1096 1715 es
1120 1683 1187 1714 mit

252 1747 359 1791 Luſt,
392 1742 488 1782 Roͤm.
510 1751 564 1783 12,
590 1748 622 1777 8.
690 1741 778 1776 Und:

254 1803 354 1840 Einen
370 1796 557 1843 froͤhlichen
572 1796 693 1833 Geber
706 1798 761 1835 hat
778 1796 871 1831 GOtt
885 1793 955 1834 lieb,
980 1801 1002 1826 2
1014 1789 1086 1823 Cor.
1103 1794 1136 1826 9,
1152 1791 1188 1824 7.

205 1851 306 1897 Dazu
329 1851 463 1887 kommen
487 1849 559 1891 noch
582 1848 629 1883 die
652 1847 761 1881 Worte
783 1845 914 1887 Chriſti:

259 1906 361 1942 Wenn
379 1905 420 1940 du
436 1900 586 1947 Allmoſen
605 1897 701 1943 gibſt,
724 1898 756 1939 ſo
775 1897 835 1938 laß
855 1897 954 1932 deine
973 1893 1064 1928 linke
1082 1889 1189 1933 Hand

260 1956 353 1998 nicht
370 1953 508 1997 wiſſen,
530 1956 614 1987 was
636 1951 691 1986 die
713 1945 822 1985 rechte
842 1947 942 1986 thut,
965 1942 1025 1984 auf
1041 1944 1101 1985 daß
1122 1945 1190 1978 dein

260 2009 412 2055 Allmoſen
439 2003 606 2048 verborgen
630 2005 699 2047 ſey;
734 2002 796 2037 und
826 2001 893 2035 dein
923 1998 1042 2039 Vater,
1079 1999 1129 2031 der
1158 1996 1192 2030 in

262 2065 322 2099 das
336 2060 532 2106 Verborgene
550 2055 654 2099 ſiehet,
678 2056 757 2092 wird
776 2055 844 2089 dirs
860 2048 1010 2095 vergelten
1030 2048 1191 2095 oͤffentlich,

265 2121 389 2155 Matth.
411 2122 443 2155 6,
467 2126 499 2155 3.
521 2126 554 2155 u.
573 2115 599 2155 f.

1125 2162 1196 2196 Wir
