1223 2009
165 220 242 260 vor
256 205 349 257 dem
357 197 633 257 Abendmahl.

697 198 776 251 185

57 296 166 353 dieſes
204 283 469 346 Geheimniß.
567 276 785 331 Bewahre

61 351 179 404 meine
196 346 349 406 Seele,
379 344 457 399 daß
483 340 535 394 ſie
559 337 666 392 nicht
691 332 786 390 falle

63 417 103 466 in
134 412 209 461 das
243 408 342 466 Netz
380 405 449 455 der
473 399 669 459 Zweifler
708 396 788 442 und

65 461 394 527 Widerſprecher,
413 457 558 513 welche
574 452 681 506 nicht
698 449 808 499 wei⸗

65 532 123 577 ter
136 520 305 583 glauben
321 518 493 574 wollen,
527 516 591 563 als
609 511 694 567 ihre
711 510 794 555 Au⸗

68 597 136 646 gen
152 582 284 642 ſehen,
320 581 403 630 und
432 576 517 630 ihre
537 573 671 624 blinde
690 570 798 617 Ver⸗

68 640 197 701 nunfft
239 633 422 699 gruͤnden
463 633 554 684 kan.
621 623 800 679 Staͤrcke

71 695 222 753 meinen
245 693 470 752 Glauben,
513 690 592 744 daß
619 685 675 741 ich
703 681 803 736 mich

71 759 149 818 veſt
179 771 234 810 an
261 756 355 809 dein
378 753 514 808 Wort
536 748 674 806 halte,
720 745 803 790 und

73 817 175 875 nicht
198 814 336 869 davon
357 808 531 866 weiche,
576 805 711 855 weder
738 811 806 853 zur

76 875 272 935 Rechten,
289 869 389 927 noch
405 879 475 919 zur
483 864 658 919 Lincken.
699 860 809 910 Ver⸗

77 930 216 995 ſiegele
236 929 352 980 deine
371 921 601 987 Wahrheit
635 918 680 967 in
718 926 812 964 mei⸗

78 999 169 1042 nem
189 987 362 1049 Hertzen
384 984 506 1041 durch
532 983 610 1031 das
627 973 814 1036 Zeugniß

79 1052 147 1100 des
171 1041 277 1111 Heil.
308 1035 490 1105 Geiſtes;
506 1042 544 1100 ſo
572 1037 679 1089 wird
707 1031 816 1083 mein

79 1107 210 1164 Gang
241 1101 375 1164 gewiß
403 1099 495 1159 ſeyn
534 1095 635 1151 nach
659 1088 820 1142 deinem

80 1167 231 1221 Wort,
251 1162 334 1213 und
350 1159 480 1210 meine
499 1155 632 1210 Seele
653 1153 721 1204 ſoll
736 1149 820 1201 dich

84 1224 128 1273 in
142 1221 286 1274 deinen
293 1210 600 1277 Geheimniſſen
615 1204 823 1264 verehren,

48 1282 201 1335 loben
235 1279 318 1329 und
356 1272 506 1331 preiſen
545 1271 590 1321 in
615 1267 709 1330 Zeit
741 1264 823 1315 und

86 1328 304 1398 Ewigkeit,
330 1332 484 1384 Amen.

175 1421 258 1460 Mel.
282 1416 408 1465 JEſu!
424 1414 536 1451 meine
549 1408 681 1454 freude,
694 1411 743 1441 ꝛc.

93 1502 121 1528 1.
125 1486 190 1569 J

190 1485 222 1531 ch
249 1488 316 1526 trag
347 1480 419 1524 groß
445 1475 623 1520 verlangen,
650 1470 774 1517 JEſum
798 1476 831 1508 zu

213 1525 383 1565 empfangen
417 1522 467 1560 Jn
503 1522 568 1553 dem
569 1508 832 1558 liebes ⸗ mahl,

90 1574 228 1619 Welches
250 1571 323 1614 mich
349 1565 492 1614 ergoͤtzet,
531 1566 605 1601 Das
625 1572 657 1600 er
678 1557 834 1602 eingeſetzet

91 1616 141 1663 Jn
158 1625 211 1657 dem
233 1612 438 1658 kirchen ⸗ ſaal.
473 1614 549 1652 Nun
564 1610 604 1652 ich
623 1608 691 1652 geh,
711 1597 835 1646 Dieweil

93 1668 135 1699 ich
150 1664 215 1704 ſeh,
235 1661 357 1706 JEſum
380 1657 459 1701 ſelbſt
481 1659 539 1695 aus
558 1653 613 1690 lieb
634 1654 692 1689 und
713 1648 835 1692 gnaden,

95 1709 181 1748 Mich
206 1708 278 1747 dazu
301 1700 442 1743 einladen.

745 1761 776 1785 2.
778 1747 840 1786 Die
