2898 4404
278 469 428 526 Denn
437 471 490 536 ſie
505 462 558 532 iſt
589 461 647 525 des
666 463 900 535 Prieſters
925 455 1095 536 Zierde,
1119 453 1214 527 wenn
1245 458 1296 528 ſie
1315 454 1429 525 dieſe
1447 458 1539 516 nur
1548 453 1645 514 will
1656 450 1775 525 ſeyn,

280 542 386 596 Sie
403 537 649 597 erleichtert
660 533 806 607 ſeinen
815 530 1061 599 Kummer,
1091 529 1144 600 ſie
1154 527 1360 601 verſuͤſſet
1371 525 1484 598 ſeine
1495 525 1641 597 Pein.

280 608 399 665 Eine
407 592 546 674 rechte
568 591 903 679 Prieſter⸗Fran
921 596 1052 672 fuͤhrt
1069 601 1140 658 ein
1160 594 1487 666 Exemplariſch
1502 595 1673 660 Leben,

281 680 384 740 Jhr
393 676 602 743 Exempel
610 674 696 736 kan
705 672 745 745 ſo
764 673 888 741 wohl
898 672 972 730 als
992 669 1072 732 der
1089 668 1259 732 Mann
1269 666 1527 732 Erbauung
1546 666 1702 729 geben,

281 718 400 793 Wie
415 734 495 793 der
507 734 710 803 Prieſter
730 737 777 785 in
799 737 868 784 der
895 735 1070 801 Kirchen
1092 740 1214 779 einer
1232 739 1371 789 hellen
1382 734 1589 775 Sonnen
1610 734 1789 782 gleicht,

284 817 394 885 Alſo
416 817 595 887 gleichet
613 817 664 886 ſie
680 814 783 874 dem
799 809 1047 878 Monden,
1070 808 1177 867 weil
1187 809 1239 876 ſie
1249 810 1296 864 in
1306 808 1405 864 dem
1414 804 1574 873 Hauſe
1594 805 1756 868 leucht.

284 888 411 956 Jhre
426 887 606 950 Kinder
622 885 762 956 ziehet
777 885 845 952 ſie,
856 884 943 954 daß
955 884 1007 953 ſie
1027 882 1187 944 GOtt
1196 882 1289 940 und
1325 872 1534 951 Menſchen
1567 873 1743 947 dienen,

289 945 392 996 Und
405 946 485 995 der
494 943 671 1004 Segen
689 946 900 992 GOttes
916 947 1022 999 muß
1039 948 1151 984 uͤber
1168 948 1313 992 ihrem
1324 944 1483 992 Hauſe
1505 942 1704 986 gruͤnen,

287 1029 392 1084 Und
412 1022 451 1095 ſo
471 1025 599 1097 fuͤhrt
606 1027 660 1096 ſie
677 1027 753 1090 ihr
764 1020 962 1089 Geſinde
982 1033 1035 1088 zu
1052 1018 1132 1077 der
1148 1019 1337 1087 wahren
1356 1010 1692 1084 Froͤmmigkeit,

289 1098 455 1159 Denn,
467 1110 596 1166 wozu
610 1098 662 1159 ſie
680 1093 819 1166 dieſes
830 1090 996 1164 fuͤhret,
1014 1090 1129 1158 dazu
1140 1090 1192 1159 iſt
1203 1089 1256 1158 ſie
1273 1087 1394 1160 ſelbſt
1410 1083 1564 1143 bereit.

291 1174 417 1234 Jhre
434 1165 751 1238 Wirthſchafft
768 1163 928 1234 pfleget
945 1164 999 1233 ſie
1008 1163 1111 1229 klug
1141 1159 1210 1219 und
1224 1157 1384 1230 fleißig
1403 1166 1458 1223 zu
1468 1152 1736 1220 verwalten,

289 1208 395 1288 Und
410 1225 497 1294 laͤſt
497 1225 630 1293 ihren
650 1224 796 1281 lieben
811 1223 982 1279 Mann
1000 1228 1064 1275 mit
1101 1233 1178 1274 den
1188 1222 1620 1281 Kirchen ⸗ Sachen
1628 1219 1838 1277 ſchalten,

292 1311 397 1370 Sie
415 1307 569 1376 bringt
584 1305 705 1366 keine
713 1298 1125 1373 Lumpen⸗Haͤndel
1140 1300 1265 1368 ihres
1284 1295 1505 1358 Mannes
1537 1291 1676 1366 Ohren
1700 1300 1805 1355 vor,

292 1381 397 1439 Und
406 1380 478 1439 die
488 1382 610 1439 alten
626 1372 1080 1444 Weiber⸗Klatſchen
1098 1367 1363 1440 banniſieret
1371 1367 1422 1437 ſie
1431 1369 1542 1425 vors
1562 1365 1708 1433 Thor.

293 1455 430 1509 Dem
448 1448 646 1517 Geſinde
661 1447 800 1521 giebt
801 1441 856 1510 ſie
879 1439 1011 1518 nicht
1035 1442 1359 1518 Hunde⸗Brodt
1376 1441 1470 1501 und
1489 1435 1844 1508 Amſel⸗Futter,

298 1524 477 1592 Rauhe
492 1520 647 1592 Kloͤſe,
680 1504 1038 1593 Zapffen⸗Bier,
1055 1512 1256 1584 finngten
1275 1511 1430 1577 Speck
1441 1510 1535 1567 und
1556 1507 1756 1577 ſtinckgte
1770 1502 1977 1569 Butter,

297 1593 403 1653 Sie
425 1586 546 1660 giebt
556 1588 692 1654 ihnen
708 1589 819 1654 ſtatt
841 1586 908 1643 des
933 1576 1083 1652 Lohnes
1102 1582 1227 1638 keine
1245 1580 1367 1638 alten
1383 1576 1582 1641 Lumpen
1600 1571 1736 1636 dran,

296 1661 407 1729 Alſo
427 1673 561 1720 wenn
576 1664 631 1717 ſie
660 1647 815 1724 Maͤgde
836 1641 1029 1721 miethet,
1055 1653 1205 1708 bieten
1212 1652 1285 1717 ſich
1306 1646 1428 1713 wohl
1438 1644 1636 1715 hundert
1653 1654 1743 1707 an.

297 1733 457 1789 Wenn
467 1730 548 1787 die
566 1711 963 1787 Bauer⸗Muͤtter
980 1720 1098 1787 nicht
1114 1718 1316 1787 reichlich
1327 1720 1377 1776 in
1391 1712 1466 1775 die
1483 1710 1639 1783 Kuͤche
1647 1707 1857 1779 bringen,

299 1800 456 1864 Darff
472 1815 519 1852 er
528 1800 650 1853 nicht
661 1794 752 1858 auf
752 1793 828 1851 ihr
848 1790 1050 1861 Geheiß,
1061 1789 1214 1848 davon
1231 1783 1317 1860 auf
1317 1783 1400 1854 der
1407 1781 1592 1855 Cantzel
1608 1779 1775 1851 ſingen.

298 1870 459 1925 Wenn
479 1862 558 1920 der
569 1860 738 1919 Mann
746 1859 821 1921 die
832 1858 1134 1916 Accidenzen
1150 1850 1292 1915 denen
1307 1861 1466 1912 armen
1480 1847 1680 1917 Leuthen
1686 1845 1886 1918 ſchenckt,

299 1939 446 1994 Wird
465 1937 537 1999 ihr
556 1939 718 2004 Hertze
733 1929 856 1995 nicht
868 1926 1137 1999 gekraͤncket,
1156 1921 1244 1996 weil
1269 1925 1322 1995 ſie
1336 1924 1456 1991 nicht
1474 1934 1550 1981 am
1561 1919 1691 1992 Geitz
1702 1917 1919 1985 gedenckt.

300 2007 462 2065 Wenn
477 1999 558 2062 der
568 1987 775 2072 Prieſter
796 1997 943 2068 Gaͤſte
958 1994 1115 2065 kriegt,
1133 1990 1176 2064 ſo
1187 1992 1385 2062 verſteckt
1394 1991 1448 2060 ſie
1456 1991 1573 2060 nicht
1584 1991 1671 2046 den
1681 1983 1939 2055 Schincken

303 2081 411 2139 Sie
432 2078 567 2149 thuts
588 2072 994 2145 Mutter⸗Faͤßgen
1013 2067 1116 2141 auf,
1116 2066 1207 2139 daß,
1228 2065 1283 2146 ſie
1290 2066 1405 2139 deſto
1427 2064 1558 2138 beſſer
1577 2062 1787 2132 trincken,

303 2154 463 2211 Wenn
473 2150 526 2220 ſie
545 2164 599 2221 zu
607 2148 697 2209 der
712 2144 937 2219 Hochzeit
952 2142 1097 2213 gehet,
1105 2140 1254 2208 packet
1271 2141 1323 2209 ſie
1338 2138 1455 2209 nicht
1471 2137 1584 2197 alles
1604 2135 1696 2203 ein,

304 2227 439 2282 Weil
450 2226 502 2293 ſie
515 2220 731 2292 ſieht,
663 2215 743 2289 daß
761 2218 892 2280 andre
912 2214 1067 2285 Leuthe
1088 2213 1199 2283 auch
1219 2216 1306 2274 mit
1321 2213 1404 2280 bey
1415 2211 1494 2272 der
1511 2207 1729 2282 Hochzeit
1738 2205 1861 2280 ſeyn.

306 2303 447 2362 Nun,
458 2299 586 2364 Herr
613 2280 823 2357 Bruder,
835 2278 958 2359 macht
979 2292 1076 2358 ihm
1090 2291 1207 2357 nicht
1221 2286 1362 2359 dieſes
1371 2285 1539 2352 Dieng
1556 2284 1664 2350 auch
1675 2283 1747 2343 ein
1753 2269 2066 2345 Bedencken?

307 2370 453 2434 Sich,
467 2364 542 2432 eh'
542 2364 615 2426 Er
627 2364 839 2435 getrauet
853 2358 989 2426 wird,
999 2369 1090 2420 von
1105 2356 1188 2419 der
1196 2356 1371 2419 Braut
1385 2353 1491 2422 noch
1512 2349 1811 2421 abzulencken.

307 2442 425 2498 Wie
436 2451 568 2497 wenn
586 2438 682 2496 eine
692 2429 987 2499 Xantippine
1000 2431 1082 2500 ſich
1102 2442 1164 2488 an
1178 2425 1293 2500 ſeine
1312 2427 1462 2488 Seite
1479 2425 1590 2493 legt,

308 2517 415 2571 Die
431 2510 517 2566 den
538 2510 650 2573 Hut
659 2501 740 2563 mit
764 2499 896 2565 ſammt
927 2503 1013 2562 den
1023 2500 1180 2572 Hoſen
1189 2501 1295 2571 ſtets
1308 2500 1357 2557 in
1374 2496 1537 2568 ſeinem
1551 2492 1713 2564 Hauſe
1729 2489 1875 2562 traͤgt.

309 2586 417 2643 Die
428 2580 546 2646 nicht
558 2580 656 2639 ihre
663 2573 805 2646 Kuͤhe
813 2574 977 2641 melckt,
990 2570 1178 2639 ſondern
1199 2584 1288 2631 nur
1306 2568 1379 2629 die
1389 2566 1597 2630 Bauren
1614 2560 1865 2634 ſchneutzet,

310 2660 418 2712 Die
428 2655 513 2709 den
559 2641 703 2709 Mann
703 2643 785 2708 zur
809 2637 1029 2714 Ungedult
1041 2640 1136 2706 und
1145 2656 1249 2714 zum
1256 2633 1538 2709 Aergerniſſe
1551 2635 1712 2707 reitzet,

310 2722 417 2783 Die
435 2717 521 2788 auf
534 2705 655 2787 ihrer
664 2700 1064 2783 Weiber⸗Cantzel
1080 2707 1167 2769 den
1186 2693 1623 2774 Epanorthoticum

313 2796 397 2852 An
414 2791 515 2848 dem
531 2801 688 2848 armen
704 2784 901 2848 Manne
916 2782 1042 2844 uͤbet.
1105 2780 1258 2842 Denn
1273 2781 1366 2841 viel
1384 2777 1582 2840 Weiber
1601 2774 1814 2842 machens
1826 2774 1994 2829 tumm.

314 2867 448 2917 Nein
465 2865 517 2914 es
531 2862 615 2917 hat
624 2861 724 2920 hier
733 2860 853 2916 keine
863 2856 1017 2917 Noth,
1073 2853 1133 2913 Er
1152 2851 1282 2911 wird
1299 2848 1419 2924 nicht
1430 2846 1565 2916 durch
1579 2845 1684 2904 Sie
1695 2844 1928 2906 betrogen,

311 2921 465 2981 Denn
484 2915 592 2975 Sie
609 2919 664 2982 iſt
684 2918 759 2971 ein
773 2893 1152 2985 Prieſter⸗Kind,
1167 2908 1449 2980 prieſterlich
1449 2905 1546 2960 und
1562 2902 1687 2964 wohl
1706 2906 1910 2961 erzogen.

316 2991 420 3054 Und
441 2988 546 3048 Sie
565 2989 693 3054 haͤlts
701 2995 788 3041 vor
793 2983 925 3053 Jhre
937 2982 1088 3051 Ehre,
1088 2981 1220 3040 wenn
1237 2981 1291 3044 ſie
1308 2978 1439 3045 ihren
1448 2976 1616 3035 Mann
1623 2972 1743 3039 recht
1758 2970 1877 3039 ehrt,

317 3058 450 3124 Weil
463 3056 515 3123 ſie
533 3052 584 3116 in
584 3051 672 3114 des
690 3051 881 3122 Vaters
890 3047 1057 3113 Hauſe
1070 3048 1160 3104 das
1175 3046 1362 3113 geſehen
1375 3045 1472 3101 und
1479 3039 1672 3109 gehoͤrt.

317 3130 389 3194 Er
407 3118 624 3187 bekoͤmmt
641 3119 714 3178 ein
721 3115 883 3200 ſolches
896 3103 1051 3183 Bild,
1058 3116 1147 3183 daß
1161 3113 1261 3171 kein
1274 3107 1493 3180 Kuͤnſtler
1508 3104 1641 3177 beſſer
1658 3103 1848 3175 mahlet,

319 3217 454 3283 Weil
473 3192 720 3290 Sophia
739 3185 1020 3282 Charitas
1037 3204 1189 3262 lauter
1199 3193 1393 3269 Tugend
1411 3204 1502 3254 von
1519 3191 1649 3257 Sich
1669 3189 1872 3264 ſtrahlet,

320 3284 616 3381 Weißheit
633 3292 735 3358 und
747 3290 819 3356 die
834 3274 994 3362 Liebe
1011 3289 1161 3363 haben
1185 3281 1314 3358 Jhre
1329 3279 1491 3345 Seele
1509 3276 1782 3348 ausgeziert.

322 3394 450 3472 Jhre
466 3376 762 3475 Weißheit
779 3384 905 3460 Jhre
921 3371 1081 3452 Liebe
1102 3379 1249 3449 haben
1266 3379 1375 3450 Jhn
1392 3388 1447 3442 zu
1457 3373 1562 3442 Jhr
1576 3371 1778 3439 gefuͤhrt.

321 3445 452 3531 Jhre
468 3467 620 3522 lautre
642 3451 966 3530 Gottesfurcht
975 3450 1058 3523 hat
1071 3445 1165 3520 ſein
1183 3445 1346 3521 Hertze
1364 3441 1700 3512 eingenommen

322 3531 428 3603 Und
443 3536 583 3607 durch
599 3531 727 3610 Jhre
745 3530 964 3603 Demuth
972 3531 1023 3590 iſt
1042 3525 1160 3600 ſeine
1174 3522 1304 3588 Liebe
1323 3519 1677 3591 angeglommen.

288 3604 558 3677 Mancher
570 3610 736 3671 rennet
747 3601 878 3666 blind
893 3601 975 3662 ins
984 3582 1139 3670 Netze,
1152 3596 1243 3658 wie
1258 3597 1314 3655 in
1330 3588 1584 3657 Torgſchen
1591 3582 1927 3661 Enden⸗Fang,

327 3682 490 3748 Wenn
505 3676 588 3746 ihn
601 3673 694 3749 Liſt
713 3679 808 3742 und
839 3663 977 3750 Koͤder
997 3702 1157 3740 locket,
1191 3667 1297 3741 doch
1316 3665 1404 3728 das
1422 3664 1473 3733 iſt
1492 3658 1583 3731 ſein
1600 3655 1914 3731 Untergang.
