1565 2358
131 515 268 565 verſetzte
289 513 350 568 ſie,
383 509 463 557 uͤber
491 521 571 554 was
600 510 650 564 ihr
676 510 752 562 euch
775 509 981 561 beſchwert?

131 566 203 599 Uber
224 565 319 603 dieſe
341 565 423 595 alles
443 557 719 602 gleichſchaͤtzende
740 555 900 596 Manier,
932 534 983 590 die

130 618 178 667 ich
192 629 257 662 von
276 616 354 668 euch
372 617 426 658 nie
441 607 574 665 geſehen
581 613 691 666 habe,
716 619 909 657 antwortete
928 612 985 652 der

133 674 236 730 Fuͤrſt
258 678 421 729 zitterend.
487 675 568 722 Die
591 670 754 726 Fuͤrſtin,
786 672 905 722 welche
928 669 985 716 ihn

133 724 352 777 beobachtete,
376 725 469 766 kunte
488 723 544 774 ihn
568 725 651 775 ohne
677 721 886 772 Bewegung
903 718 988 770 nicht

134 777 302 830 anhoͤren:
335 779 448 827 dann,
465 785 543 818 was
561 778 604 830 ſie
626 776 709 825 nach
726 777 844 826 dieſem
870 774 987 821 Wort

137 834 322 884 empfand,
357 830 575 876 verminderte
593 831 645 873 die
665 830 831 883 ſchlimme
854 826 990 875 Einbil⸗

135 887 227 941 dung,
274 888 325 931 die
348 887 390 942 ſie
402 895 469 929 von
488 886 592 936 ihrem
603 884 759 936 Gemahl
775 883 896 937 gehabt
914 885 990 929 hat⸗

137 948 180 986 te.
230 943 312 992 Sie
332 941 420 989 hatte
440 939 494 983 bis
504 941 606 990 daher
624 936 725 991 dafuͤr
742 938 910 990 gehalten,
933 936 990 988 ſei⸗

137 1006 178 1038 ne
195 994 378 1047 natuͤrliche
400 992 611 1046 Eyferſucht,
634 1003 701 1036 von
719 997 775 1036 der
798 991 995 1041 Erfahrung

136 1042 226 1094 ihres
243 1045 352 1095 letzten
359 1043 524 1092 Handels
538 1037 752 1095 verſtaͤrcket,
764 1042 848 1090 habe
859 1043 914 1088 ihn
930 1052 995 1080 an⸗

138 1096 325 1152 getrieben,
346 1097 409 1149 ſich
421 1095 506 1137 ihrer
522 1107 559 1144 zu
567 1093 790 1143 entſchlagen,
817 1096 915 1134 allein
937 1097 995 1138 ſei⸗

140 1157 183 1189 ne
198 1143 398 1196 freymuͤtige
411 1144 558 1187 Manier
577 1144 722 1188 beredete
740 1142 781 1190 ſie
803 1144 862 1183 des
880 1141 998 1183 widri⸗

138 1207 213 1247 gen.
276 1196 488 1246 Unterdeſſen
507 1192 614 1248 fuͤhlte
632 1196 675 1247 ſie
697 1193 803 1244 wol,
851 1193 917 1244 daß
947 1196 999 1242 ihr

142 1251 325 1304 Schmertz
348 1244 483 1301 toͤdtlich
507 1247 580 1302 ſey,
617 1248 686 1292 und
708 1255 774 1291 von
797 1245 895 1296 Gifft
925 1246 998 1295 her⸗

142 1300 300 1356 komme;
324 1294 423 1345 allein
442 1300 484 1353 ſie
495 1301 599 1354 wuſte
617 1299 725 1352 nicht,
752 1308 826 1341 wen
856 1298 896 1345 ſie
921 1298 999 1351 deß⸗

142 1366 259 1407 wegen
275 1357 424 1414 anfaſſen
443 1357 558 1411 ſollte,
591 1365 697 1402 wann
726 1357 782 1401 der
808 1353 913 1410 Fuͤrſt
936 1366 1001 1398 un⸗

143 1405 289 1457 ſchuldig
311 1415 420 1448 waͤre.
494 1403 555 1454 Jn
578 1399 773 1455 waͤhrender
804 1403 901 1447 dieſer
924 1402 1002 1451 Ge⸗

145 1446 502 1503 muͤts⸗Verwirrung
513 1451 633 1495 kriegte
659 1453 702 1502 ſie
726 1451 1003 1502 unterſchiedliche

146 1505 479 1558 Verſtrupffungen,
493 1507 559 1551 die
567 1500 620 1556 ihr
636 1510 699 1549 alle
712 1504 934 1559 Kennlichkeit
945 1504 1004 1546 be⸗

146 1556 316 1607 nahmen,
349 1558 421 1600 und
452 1553 598 1601 daruͤber
621 1556 664 1608 ſie
688 1558 813 1609 endlich
834 1554 1006 1606 verſchied,

149 1613 206 1663 ehe
225 1613 267 1666 ſie
283 1614 359 1656 dem
384 1611 542 1661 Printzen
561 1610 653 1662 ihren
660 1609 864 1662 Verdacht,
879 1607 946 1661 daß
962 1608 1006 1658 ſie

148 1661 313 1718 vergifftet
329 1658 488 1717 worden,
504 1660 665 1709 entdecket
678 1663 782 1715 hatte.

197 1742 267 1799 Der
286 1741 405 1803 Fuͤrſt
421 1749 533 1798 erſahe
548 1748 639 1801 ihren
661 1749 747 1798 Tod
766 1749 829 1790 mit
843 1746 876 1796 ſo
884 1745 1009 1797 groſſen

151 1799 399 1851 Schmertzen,
435 1798 502 1848 daß
520 1801 575 1842 der
583 1799 839 1850 Verſtorbenen
856 1801 1008 1837 vertrau⸗

152 1864 185 1901 te
203 1858 358 1910 Freunde
376 1853 588 1911 zweiffelten,
610 1857 678 1905 daß
697 1869 731 1899 er
746 1857 854 1897 daran
867 1851 1012 1905 ſchuldig

153 1905 230 1965 ſey;
253 1919 289 1955 er
302 1915 401 1951 wars
420 1905 505 1959 auch
522 1906 560 1953 in
581 1911 639 1953 der
649 1907 750 1958 That
769 1903 879 1959 nicht;
908 1905 1011 1951 dieſes
