1586 2402
240 353 295 408 in
295 350 385 406 der
385 345 551 403 groſſen
551 341 684 398 Loge
684 339 744 394 zu
744 336 909 392 Berlin.

993 351 1075 404 191

143 450 281 480 macht;
302 439 378 473 eine
387 430 616 471 Geſellſchafft
632 428 706 476 aber
724 436 811 469 auch,
830 413 887 464 die
904 425 1000 469 durch
1009 425 1072 476 Ei⸗

151 481 268 529 nigkeit
279 481 349 529 und
350 469 447 534 Liebe
447 466 657 533 vornemlich
657 463 850 530 unterſtuͤtzt
850 462 959 523 wird.
959 461 1080 526 Was

153 537 219 577 kan
237 537 303 573 uns
324 530 391 580 alſo
419 539 455 577 zu
479 528 609 575 unſerer
627 526 759 574 eigenen
777 516 971 570 Erhaltung
984 526 1078 571 mehr

154 584 334 632 angelegen
344 581 430 633 ſeyn,
440 583 495 623 als
504 581 569 621 das
579 582 694 628 letztere
706 588 743 626 zu
755 574 976 622 beobachten?

207 636 347 681 Wollen
366 633 429 675 wir
455 635 535 674 aber
561 632 623 680 auf
648 631 751 680 dieſen
769 627 897 669 Grund
922 633 990 666 uns
1007 626 1079 667 eine

157 686 343 737 beſtaͤndige
360 685 485 727 Dauer
503 684 630 729 bauen,
646 682 676 732 ſo
694 679 818 729 muͤſſen
837 678 899 719 wir
911 684 978 717 uns
997 678 1080 723 auch

158 738 212 780 ein
230 736 453 787 untruͤgliches
471 732 692 782 Regelmaaß
716 735 877 778 nehmen,
900 729 982 773 nach
1003 730 1082 768 wel⸗

157 789 248 835 chem
257 786 321 829 wir
329 785 440 833 unſere
452 781 691 831 Vereinigung
707 778 881 829 abmeſſen.
933 776 986 819 Es
997 777 1082 823 muß

157 842 254 877 unter
280 835 398 881 unſern
415 833 582 876 Gliedern
609 831 678 870 eine
703 829 815 875 wahre
833 823 1084 876 Aufrichtigkeit

160 891 244 936 ohne
270 884 493 935 geſchminckte
520 884 692 932 Abſichten
723 878 899 928 herrſchen.
961 876 1083 924 Unſere

161 940 251 984 Liebe
268 944 369 983 gegen
387 935 546 978 einander
564 932 646 981 muß
664 930 723 983 ſich
742 928 871 981 aͤuſſern
887 929 922 971 in
939 926 1085 970 wuͤrckli⸗

160 993 239 1038 chen
256 984 527 1037 Bezeugungen,
554 983 662 1026 damit
678 982 741 1024 wir
758 985 826 1024 uns
844 976 1087 1030 unterſcheiden

141 1052 229 1086 von
250 1037 586 1086 Wort ⸗ Freunden,
613 1036 732 1083 welche
749 1034 809 1082 die
835 1030 937 1085 groͤſte
962 1032 1088 1084 Geſell⸗

164 1095 280 1146 ſchafft
305 1097 364 1134 der
382 1091 482 1135 Welt
496 1089 711 1134 ausmachen.
761 1089 834 1132 Die
861 1084 1024 1133 Neigung
1049 1091 1089 1129 zu

165 1144 287 1191 unſern
303 1141 468 1185 Bruͤdern
486 1139 568 1186 muß
590 1136 758 1185 beſtaͤndig
778 1134 863 1184 ſeyn,
873 1132 940 1181 daß
955 1131 1017 1174 wir
1029 1142 1089 1173 un⸗

152 1185 210 1231 ſer
224 1185 349 1224 Band
364 1182 452 1224 nicht
470 1183 659 1224 zerreiſſen,
682 1182 830 1226 ſondern
846 1182 975 1219 immer
987 1180 1095 1226 feſter

163 1235 330 1287 knuͤpffen.
381 1230 481 1281 Nach
510 1232 616 1280 dieſen
642 1230 779 1275 Regeln
803 1230 889 1271 wird
910 1233 1007 1268 unter
1026 1229 1092 1267 den

166 1275 333 1332 Gliedern
359 1281 490 1334 unſerer
506 1270 733 1332 Geſellſchafft
750 1279 819 1320 kein
838 1275 1000 1322 Umſtand
1018 1283 1092 1317 vor⸗

168 1339 269 1391 fallen
291 1335 428 1383 koͤnnen,
447 1335 490 1376 da
510 1333 572 1378 wir
590 1333 674 1381 nicht
691 1332 811 1377 allezeit
828 1333 878 1373 die
895 1331 1023 1379 Pflicht
1034 1340 1095 1370 un⸗

167 1392 252 1440 ſerer
263 1385 494 1435 Verbindung
503 1383 602 1434 ſolten
611 1379 860 1430 wahrnehmen.
898 1378 1002 1425 Unſer
1010 1388 1094 1424 gan⸗

159 1445 233 1486 tzes
242 1436 360 1486 Weſen
378 1440 516 1477 beſtehet
542 1441 602 1475 aus
616 1432 724 1473 einem
738 1432 970 1466 unſterblichen
984 1427 1095 1468 Geiſt,

141 1490 239 1537 und
257 1481 325 1529 aus
340 1485 448 1527 einem
466 1479 711 1533 vergaͤnglichen
728 1480 828 1522 Leibe.
880 1478 1002 1525 Beyde
1022 1480 1092 1527 ſind

170 1544 230 1583 der
235 1537 418 1591 Inbegriff
423 1536 553 1588 unſerer
569 1533 791 1583 bruͤderlichen
799 1532 901 1574 Liebe.
955 1530 1091 1579 Finden

171 1591 235 1631 wir
245 1588 339 1630 einen
349 1587 505 1635 Bruder,
515 1585 618 1636 deſſen
629 1582 726 1631 Geiſt
741 1581 846 1622 einem
862 1576 1094 1625 ungebaueten

169 1639 280 1684 Lande
305 1637 458 1687 gleichet,
474 1638 613 1683 welches
636 1633 735 1681 wuͤſte
756 1632 813 1678 iſt;
839 1631 870 1680 ſo
888 1629 1012 1679 muͤſſen
1030 1631 1093 1671 wir

170 1691 287 1742 ſuchen
312 1689 420 1740 ſeinen
439 1688 613 1737 Verſtand
642 1681 871 1735 aufzuklaͤren,
896 1685 966 1724 und
984 1680 1093 1729 ſeinen

166 1744 304 1790 Willen
330 1751 386 1790 zur
404 1737 550 1787 Tugend
569 1748 607 1787 zu
634 1736 739 1778 leiten.
790 1733 921 1778 Stehet
939 1731 1001 1779 ſein
1022 1732 1094 1774 Leib

173 1794 242 1836 und
259 1791 362 1834 Leben
379 1793 413 1833 in
429 1788 585 1838 Gefahr;
612 1786 644 1837 fo
661 1784 783 1833 muͤſſen
799 1783 862 1826 wir
879 1785 960 1822 alles
977 1779 1093 1830 moͤgli⸗

173 1839 228 1883 che
254 1828 460 1884 anwenden,
485 1834 541 1882 ihn
571 1842 608 1880 zu
631 1830 786 1880 erhalten.
838 1829 953 1870 Leiden
979 1819 1093 1875 unſere

169 1891 315 1938 Bruͤder
340 1896 387 1929 an
411 1888 498 1936 ihrer
523 1886 614 1935 Ehre
639 1888 709 1929 und
732 1888 847 1932 gutem
871 1879 1036 1928 Namen;
1060 1882 1094 1930 ſo

174 1938 300 1988 muͤſſen
318 1935 380 1978 wir
397 1933 495 1980 ihnen
513 1936 617 1984 dieſes
633 1938 701 1975 edle
723 1929 870 1973 Kleinod
887 1931 969 1972 nach
988 1927 1094 1975 Moͤg⸗

175 1980 301 2031 lichkeit
320 1979 444 2028 retten,
467 1979 540 2030 und
561 1983 667 2034 gegen
693 1978 754 2027 alle
779 1971 932 2017 unbillige
949 1974 1092 2017 Urtheile

1030 2035 1098 2069 ver⸗
