4182 2775
393 633 927 1258 D

944 742 1396 891 Erhalben
1450 773 1686 896 beuge
1715 774 1833 894 ich
1872 776 2119 892 meine
2160 758 2420 895 Knie
2474 780 2716 903 gegen
2758 766 2929 889 dem
3001 750 3301 900 Vater
3371 756 3645 894 unſers

995 925 1386 1075 HErrn
1413 947 1734 1075 JEſu
1761 945 2156 1082 Chriſti,
2203 959 2337 1069 der
2363 952 2499 1069 der
2527 948 2770 1071 rechte
2793 935 3094 1082 Vater
3126 934 3213 1072 iſt
3239 936 3445 1068 uͤber
3499 940 3630 1065 al⸗

977 1136 1150 1261 les,
1203 1131 1424 1248 was
1412 1117 1517 1241 da
1552 1102 1904 1257 Kinder
1962 1142 2211 1265 heiſſet
2252 1137 2358 1255 im
2418 1124 2815 1261 Himmel
2875 1132 3040 1252 und
3083 1124 3234 1260 auf
3267 1116 3638 1259 Erden/

411 1330 570 1444 daß
613 1346 691 1432 er
735 1308 916 1445 euch
934 1310 1227 1436 Kraft
1253 1310 1478 1442 gebe,
1531 1320 1730 1436 nach
1759 1315 1926 1422 dem
1955 1298 2472 1436 Reichthum
2508 1295 2741 1435 ſeiner
2772 1292 3366 1439 Herrlichkeit,
3419 1289 3647 1425 ſtarck

417 1513 509 1614 zu
552 1493 866 1595 werden
908 1492 1148 1610 durch
1191 1482 1433 1595 ſeinen
1475 1473 1738 1612 Geiſt
1790 1496 1899 1589 an
1951 1476 2132 1590 dem
2190 1470 2687 1605 inwendigen
2772 1456 3262 1605 Menſchen.
3403 1450 3644 1588 Und

422 1642 874 1775 Chriſtum
916 1668 1005 1772 zu
1047 1645 1391 1754 wohnen
1434 1640 1679 1768 durch
1721 1649 1862 1752 den
1901 1621 2335 1754 Glauben
2377 1633 2463 1749 in
2507 1645 2739 1746 euren
2782 1619 3190 1757 Hertzen,
3189 1610 3372 1748 und
3403 1619 3646 1754 durch

980 1812 1099 1922 die
1154 1791 1440 1924 Liebe
1483 1790 2052 1936 eingewurtzelt
2090 1795 2257 1922 und
2295 1778 2732 1932 gegruͤndet
2768 1789 3102 1912 werden.
