1621 2424
504 328 578 365 262

624 322 700 372 (C.
718 319 804 367 18.)
830 316 1062 368 Evangelium
1078 315 1154 363 St.
1173 312 1375 367 Johannis.

710 398 810 457 Das
810 402 1060 456 achtzehende
1083 398 1243 450 Capitel.

508 491 532 512 1.

570 480 651 518 Jeſus
668 481 729 513 tritt
745 479 797 517 ſein
810 477 902 509 Leiden
920 484 963 507 am
978 474 1093 510 Oelberg
1113 480 1162 507 an,
1190 472 1242 503 und
1258 472 1321 503 wird
1339 477 1389 502 von
1405 471 1450 502 der

576 524 656 553 gegen
676 519 722 551 ihn
739 512 930 552 ausgeſandten
955 511 1063 548 Schaar
1084 510 1211 546 gefangen
1228 514 1387 544 genommen.
1423 512 1449 535 v.

581 558 641 588 1—
644 557 695 587 11.

509 611 535 633 2.

569 602 643 634 Man
671 597 758 637 fuͤhret
778 597 824 634 ihn
842 604 870 633 zu
887 597 946 628 dem
964 593 1175 635 Hohenprieſter,
1212 591 1241 624 in
1256 591 1336 628 deſſen
1354 591 1452 629 Pallaſt

574 644 672 678 Petrus
692 641 736 677 ihn
756 634 932 675 verlaͤugnet,
958 637 1011 667 und
1039 641 1069 671 zu
1083 634 1191 679 Pilato,
1217 634 1262 666 der
1276 631 1322 669 ihn
1338 629 1451 668 verhoͤrt.

582 684 607 708 v.
622 685 652 704 12
715 684 759 705 40.

480 761 499 785 1

481 844 502 869 2

482 925 502 958 3

482 1046 509 1078 4

484 1124 505 1155 5

488 1243 507 1271 6

486 1286 507 1320 7

488 1367 507 1400 8

488 1447 515 1486 9

468 1539 512 1566 10

468 1669 506 1695 11

515 740 591 819 D

590 740 612 794 a
626 745 722 787 Jeſus
739 742 847 783 ſolches
861 743 958 783 geredt
981 738 1081 779 hatte,
1109 736 1200 778 gieng
1213 743 1244 769 er
1265 734 1380 776 hinaus
1400 735 1455 769 mit

617 787 711 825 ſeinen
726 782 868 828 Juͤngern
877 782 946 818 uͤber
955 786 1009 817 den
1025 781 1107 821 Bach
1121 779 1253 815 Kidron:
1281 781 1317 812 da
1331 785 1393 811 war
1408 778 1455 811 ein

517 831 633 872 Garte,
658 832 757 862 darein
771 836 858 868 gieng
872 826 967 868 Jeſus
981 829 1040 859 und
1055 827 1128 864 ſeine
1141 822 1271 864 Juͤnger.
1314 824 1335 850 *
1349 823 1456 861 Judas

519 875 606 912 aber,
629 873 678 904 der
694 870 745 909 ihn
761 869 901 908 verrieth,
924 866 1012 903 wuſte
1021 869 1073 901 den
1088 866 1153 901 Ort
1168 865 1250 904 auch,
1272 863 1345 896 denn
1360 860 1457 902 Jeſus

521 914 716 954 verſammlete
735 914 787 953 ſich
802 912 847 949 oft
864 910 985 950 daſelbſt
998 910 1050 943 mit
1067 908 1161 946 ſeinen
1180 903 1328 947 Juͤngern.
1381 909 1393 933 *
1400 905 1457 940 Da

522 959 585 984 nun
600 949 704 991 Judas
720 957 751 990 zu
764 947 816 988 ſich
831 949 909 983 hatte
923 952 1092 986 genommen
1105 945 1149 977 die
1164 936 1303 984 Schaar,
1332 942 1392 974 und
1404 942 1457 973 der

521 991 747 1036 Hohenprieſter
772 995 830 1026 und
857 988 1019 1032 Phariſaͤer
1038 986 1181 1021 Diener:
1208 986 1310 1021 kommt
1324 993 1354 1018 er
1365 978 1459 1019 dahin

523 1042 578 1072 mit
590 1036 722 1078 Fackeln,
746 1032 881 1074 Lampen,
903 1036 963 1067 und
977 1037 1031 1066 mit
1045 1030 1176 1074 Waffen.
1224 1031 1312 1065 *Als
1326 1037 1388 1062 nun
1404 1034 1460 1060 Je⸗

523 1074 573 1108 ſus
590 1072 679 1106 wuſte
693 1070 788 1106 alles,
809 1070 880 1098 was
897 1066 956 1103 ihm
970 1063 1119 1101 begegnen
1126 1061 1225 1100 ſollte,
1247 1066 1333 1099 gieng
1351 1066 1380 1091 er
1394 1048 1461 1101 hin⸗

520 1115 598 1154 aus,
621 1116 682 1147 und
698 1112 795 1151 ſprach
813 1120 845 1150 zu
863 1109 968 1149 ihnen:
990 1114 1057 1140 wen
1069 1108 1158 1148 ſuchet
1177 1108 1247 1144 ihr?
1288 1105 1382 1141 *Sie
1396 1104 1461 1140 ant⸗

519 1154 664 1183 worteten
679 1149 756 1187 ihm:
778 1146 892 1187 Jeſum
911 1151 971 1178 von
991 1141 1152 1185 Nazareth.
1199 1130 1293 1183 Jeſus
1309 1140 1460 1183 ſpricht
1427 1146 1465 1185 zu

519 1195 627 1235 ihnen:
651 1195 692 1231 ich
709 1194 790 1227 bins.
833 1190 941 1229 Judas
962 1187 1047 1226 aber,
1077 1188 1126 1221 der
1140 1186 1193 1227 ihn
1207 1186 1356 1227 verrieth,
1379 1185 1462 1226 ſtund

523 1236 593 1273 auch
609 1234 662 1274 bey
679 1233 779 1268 ihnen.
822 1233 918 1266 *Als
935 1238 996 1265 nun
1010 1226 1106 1269 Jeſus
1121 1236 1152 1269 zu
1167 1226 1255 1267 ihnen
1273 1225 1390 1266 ſprach,
1418 1225 1460 1266 ich

521 1276 610 1309 bins:
638 1266 750 1313 wichen
765 1272 800 1312 ſie
815 1268 947 1313 zuruͤcke,
976 1271 1035 1303 und
1061 1268 1145 1310 fielen
1183 1265 1216 1309 zu
1211 1266 1330 1303 Boden.
1372 1269 1395 1291 *
1406 1266 1462 1300 Da

515 1317 616 1367 fragte
632 1326 661 1352 er
677 1317 712 1359 ſie
722 1316 866 1350 abermal:
890 1321 955 1348 wen
969 1313 1058 1352 ſuchet
1069 1312 1139 1351 ihr?
1159 1305 1221 1348 Sie
1229 1312 1298 1346 aber
1309 1309 1461 1351 ſprachen:

519 1360 626 1403 Jeſum
640 1368 700 1394 von
714 1356 876 1400 Nazareth.
906 1359 928 1379 *
948 1357 1029 1393 Jeſus
1044 1348 1229 1392 antwortete:
1255 1352 1295 1390 ich
1307 1350 1386 1392 habs
1396 1348 1463 1392 euch

521 1399 659 1436 geſaget,
689 1396 745 1435 daß
761 1394 823 1434 ichs
840 1392 895 1433 ſey.
931 1377 1061 1435 Suchet
1078 1384 1125 1431 ihr
1138 1388 1216 1421 denn
1229 1390 1313 1426 mich,
1340 1391 1368 1423 ſo
1384 1391 1464 1428 laſſet

515 1444 595 1485 dieſe
611 1442 712 1486 gehen.
755 1442 879 1487 *(Auf
887 1441 944 1481 daß
959 1443 1015 1475 das
1029 1433 1102 1477 Wort
1115 1431 1265 1477 erfuͤllet
1261 1434 1374 1476 wuͤrde,
1396 1435 1463 1470 wel⸗

524 1486 590 1526 ches
604 1493 636 1519 er
652 1484 745 1527 ſagte:
774 1482 817 1523 ich
836 1481 907 1523 habe
929 1484 978 1517 der
994 1479 1091 1515 keinen
1109 1477 1264 1519 verloren,
1295 1476 1339 1511 die
1353 1477 1391 1511 du
1407 1476 1465 1509 mir

525 1531 648 1573 gegeben
662 1529 751 1573 haſt).
785 1533 795 1557 *
803 1531 858 1566 Da
872 1529 951 1565 hatte
965 1526 1081 1561 Simon
1090 1524 1205 1563 Petrus
1222 1531 1269 1558 ein
1283 1520 1464 1563 Schwerdt,

523 1575 583 1607 und
591 1580 642 1613 zog
651 1573 685 1605 es
692 1573 773 1607 aus;
781 1574 841 1605 und
851 1570 944 1610 ſchlug
953 1568 1023 1606 nach
1032 1569 1086 1600 des
1107 1558 1336 1608 Hohenprieſters
1351 1557 1464 1604 Knecht,

523 1618 582 1650 und
607 1614 671 1653 hieb
694 1614 754 1654 ihm
778 1611 836 1649 ſein
857 1611 931 1650 recht
954 1610 1027 1645 Ohr
1041 1608 1100 1642 ab:
1131 1610 1189 1641 und
1205 1611 1254 1641 der
1267 1606 1376 1644 Knecht
1399 1605 1466 1647 hieß

522 1656 680 1695 Malchus.
731 1659 755 1683 *
774 1656 828 1691 Da
855 1652 953 1692 ſprach
975 1650 1070 1692 Jeſus
1092 1659 1126 1682 zu
1139 1640 1258 1689 Petro:
1275 1637 1377 1689 ſtecke
1400 1648 1467 1682 dein

515 1695 689 1736 Schwerdt
704 1695 735 1729 in
751 1696 795 1727 die
810 1692 950 1733 Scheide.
1000 1683 1079 1728 Soll
1079 1681 1128 1729 ich
1139 1690 1188 1723 den
1203 1685 1282 1729 Kelch
1303 1686 1378 1727 nicht
1393 1681 1469 1735 trin⸗

520 1737 584 1777 ken,
606 1739 661 1770 den
676 1737 732 1769 mir
746 1736 821 1769 mein
836 1732 934 1768 Vater
946 1730 1070 1773 gegeben
1093 1730 1170 1771 hat?
1193 1724 1227 1770 a)

472 1823 513 1850 12

473 1911 514 1941 13

473 1984 525 2023 14

584 1815 677 1852 *Die
687 1812 809 1854 Schaar
821 1810 890 1845 aber
898 1813 955 1844 und
973 1812 1023 1844 der
1033 1804 1327 1848 Oberhauptmann,
1349 1805 1409 1838 und
1422 1797 1469 1838 die

526 1855 641 1889 Diener
658 1858 708 1887 der
730 1851 854 1894 Juͤden,
882 1856 1008 1889 nahmen
1031 1848 1164 1889 Jeſum,
1191 1849 1251 1879 und
1265 1846 1382 1880 bunden
1399 1846 1468 1885 ihn.

525 1895 616 1935 *Und
634 1897 767 1940 ſuͤhreten
786 1897 838 1937 ihn
852 1895 924 1933 aufs
938 1894 1007 1933 erſte
1038 1889 1079 1931 zu
1073 1891 1226 1937 Hannas:
1258 1893 1308 1924 der
1323 1898 1387 1925 war
1402 1890 1469 1926 Cai⸗

525 1939 604 1980 phas
618 1937 808 1983 Schwaͤher,
830 1937 949 1978 welcher
968 1938 1022 1970 des
1033 1934 1137 1975 Jahrs
1154 1930 1376 1974 Hoherprieſter
1392 1931 1471 1967 war.

525 1979 605 2012 *Es
623 1989 688 2012 war
696 1979 765 2012 aber
777 1977 932 2012 Caiphas,
955 1978 1004 2010 der
1021 1977 1075 2009 den
1086 1970 1190 2012 Juͤden
1205 1972 1301 2012 rieth,
1337 1972 1371 2006 es
1373 1970 1471 2006 waͤre

1378 2010 1473 2056 gut,

596 2082 630 2115 2)
668 2081 737 2108 Soll
750 2081 787 2112 ich
802 2084 851 2108 das
869 2082 939 2110 nicht
952 2086 1016 2109 gern
1032 2069 1140 2107 leiden,
1156 2070 1213 2102 was
1224 2063 1303 2103 mein
1315 2075 1404 2120 Vater
1420 2077 1472 2118 mir

527 2128 653 2168 auflegt?
