1758 2629
306 487 421 533 friſst,
445 502 486 525 an
509 490 579 526 den
596 491 773 526 Stämmen
791 491 854 526 der
873 493 1003 529 Bäume
1022 505 1067 529 zu
1085 492 1194 529 ſitzen

306 534 443 585 pflegt,
480 550 598 575 woran
630 538 674 575 ſie
696 538 765 575 ſich
788 540 875 575 auch
904 551 988 584 gern
1013 547 1195 591 einſpinnt

307 586 381 621 und
398 590 630 625 verwandelt.
682 590 741 624 Sie
763 586 939 626 erſcheint
958 591 993 624 in
1013 599 1195 627 zweierlei

307 641 438 679 Geſtalt
460 642 533 677 und
551 643 704 679 erreicht
723 642 782 679 bei
801 656 818 679 2
838 646 919 679 Zoll
939 645 976 679 in
995 646 1052 679 die
1071 648 1193 689 Länge.

306 693 366 727 Sie
390 693 526 728 kommt
559 694 617 730 oft
641 689 749 729 ſchon
778 704 822 728 zu
852 693 951 729 Ende
978 693 1038 730 des
1062 699 1193 743 Aprils,

308 745 531 792 gewöhnlich
555 745 637 784 aber
661 748 709 784 im
739 748 808 785 Mai
834 761 892 784 aus
913 748 993 785 dem
1020 751 1082 795 Ei,
1117 751 1194 788 lebt

305 795 369 832 auf
383 796 474 832 allen
504 796 615 834 Arten
638 796 894 841 Obſtbäumen,
926 797 988 833 faſt
1014 801 1078 834 auf
1100 801 1194 835 allen

306 843 567 887 Laubhölzern,
580 843 667 881 auch
683 847 746 882 auf
753 847 921 889 Kiefern,
937 858 1012 882 von
1032 849 1195 884 welchen

304 898 442 934 leztern
471 895 517 933 ſie
538 895 622 933 aber
646 908 714 931 nur
732 899 792 935 die
817 901 989 936 Flechten
1015 902 1192 937 verzehrt.

302 949 353 983 Da
383 946 428 982 ſie
453 949 510 982 für
534 947 604 983 den
631 946 866 983 Oekonomen
901 950 958 984 ein
988 949 1193 985 fürchterli-

305 999 386 1035 ches
404 997 586 1045 Geſchöpf
601 997 671 1043 iſt;
697 995 735 1033 ſo
753 1000 923 1035 verdient
945 997 989 1035 ſie
1006 1000 1192 1037 ernſtliche

301 1048 543 1093 Verfolgung.
603 1050 725 1086 Schon
755 1053 803 1087 im
827 1054 981 1089 Winter
1012 1053 1102 1086 kann
1129 1052 1193 1088 der

300 1096 505 1133 Landwirth
521 1094 701 1133 wirkſame
718 1096 897 1134 Anſtalten
914 1109 958 1132 zu
983 1099 1079 1134 ihrer
1099 1100 1194 1137 Ver-

301 1149 441 1193 tilgung
465 1147 607 1187 treffen.
666 1151 710 1187 Es
736 1150 781 1187 iſt
807 1151 990 1195 bekannt,
1030 1151 1102 1188 daſs
1128 1153 1192 1188 der

303 1198 491 1238 weibliche
510 1199 786 1245 Schmetterling
816 1201 886 1238 ſich
916 1201 978 1238 faſt
1011 1214 1069 1247 gar
1091 1204 1193 1238 nicht

301 1258 377 1282 von
402 1246 466 1283 der
504 1248 615 1285 Stelle
653 1248 839 1292 entfernt,
887 1260 943 1284 wo
972 1259 1011 1285 er
1039 1261 1098 1286 aus
1129 1253 1193 1288 der

300 1297 423 1346 Puppe
440 1299 700 1344 ausgekrochen
718 1299 780 1344 iſt,
815 1300 890 1336 und
913 1301 1000 1339 auch
1020 1313 1061 1338 an
1096 1304 1192 1339 dem-

302 1352 421 1393 ſelben
454 1355 567 1391 Fleck
598 1354 692 1391 ſeine
717 1366 825 1400 ganze
858 1356 1026 1394 Eierbrut
1063 1356 1192 1403 ablegt,

300 1403 360 1440 die
378 1414 416 1441 er
430 1406 495 1439 mit
524 1403 601 1440 dem
617 1415 691 1441 von
709 1401 836 1441 ſeinem
862 1406 965 1441 After
991 1416 1191 1451 genomme-

302 1468 373 1492 nen
392 1457 476 1494 Pelz
497 1456 733 1495 überkleidet.
784 1459 849 1496 Die
870 1460 1119 1505 Eierklumpen
1139 1470 1193 1494 er-

296 1503 417 1540 halten
443 1504 562 1540 davon
593 1504 654 1541 das
684 1503 846 1543 Anſehen
886 1507 984 1540 eines
1018 1517 1077 1541 aus
1111 1507 1190 1542 dem

299 1556 451 1590 Stamme
468 1554 718 1601 gewachſenen
735 1557 987 1599 Schwammes,
1011 1557 1113 1595 daher
1127 1560 1190 1596 der

298 1605 408 1641 Name
420 1606 719 1642 Schwam- Motte.
761 1607 903 1654 Wegen
922 1604 1034 1644 dieſer
1050 1606 1192 1644 ſonder-

296 1653 404 1693 baren
421 1656 553 1693 Geſtalt
568 1656 677 1695 fallen
693 1654 739 1692 ſie
756 1658 845 1694 auch
869 1656 926 1694 bei
946 1660 1060 1693 einem
1078 1658 1190 1695 flüch-

297 1702 396 1747 tigen
418 1693 524 1740 Blick
540 1704 580 1739 in
612 1703 672 1739 die
700 1703 833 1750 Augen.
913 1707 990 1742 Man
1023 1708 1126 1741 ſuche
1143 1711 1189 1743 ſie

297 1754 368 1793 alſo
383 1759 431 1792 im
454 1758 608 1807 Ienner,
643 1759 801 1797 Februar
829 1759 919 1796 oder
934 1762 1031 1798 Merz
1055 1763 1093 1796 in
1117 1762 1189 1797 den

284 1803 569 1844 Baumſtämmen
585 1806 672 1849 auf,
709 1804 854 1845 verſehe
890 1807 960 1844 ſich
983 1811 1049 1844 mit
1073 1813 1189 1844 einem

284 1843 513 1892 ſchiklichen
533 1854 743 1899 Werkzeug
759 1865 839 1891 zum
857 1858 1091 1901 Abſcharren,
1116 1865 1192 1894 und

283 1901 405 1950 einen
427 1907 533 1955 Topf
545 1920 603 1944 um
620 1905 667 1943 ſie
687 1909 788 1944 darin
809 1922 853 1945 zu
885 1908 1055 1945 ſammeln.
1116 1915 1190 1946 Hat

284 1968 375 1994 man
402 1954 447 1992 ſie
466 1959 531 1993 auf
554 1957 659 1996 dieſe
681 1961 745 1995 Art
765 1956 977 2007 abgelöſet;
1021 1959 1058 1996 ſo
1079 1964 1189 1997 werfe

284 1992 374 2036 man
393 1998 438 2036 ſie
461 2003 516 2037 ins
533 2001 660 2039 Feuer.
720 2004 845 2041 Wenn
873 2021 949 2037 man
969 2012 1051 2038 aber
1068 2011 1189 2042 dieſen

284 2057 469 2103 Vortheil
486 2056 661 2098 verſäumt
678 2059 756 2101 hat,
779 2060 866 2097 muſs
887 2072 963 2096 man
983 2061 1046 2096 der
1067 2062 1191 2110 Raupe

283 2106 520 2146 nachſtellen.
598 2111 657 2146 Sie
698 2108 917 2148 verſammelt
942 2108 1010 2147 ſich
1035 2115 1190 2149 nämlich

283 2146 356 2199 bei
385 2156 483 2194 ieder
500 2156 698 2210 Häutung,
720 2156 768 2192 als
789 2161 876 2195 auch
896 2160 954 2193 bei
977 2165 1189 2206 regnichten
