1491 2214
491 356 622 396 Vierter
635 354 742 396 Brief.

941 359 1009 394 501

225 427 349 468 Doch
364 427 471 463 wollen
500 426 558 460 wir
585 426 617 457 es
642 424 715 462 noch
739 429 869 463 genauer
890 418 1012 462 pruͤfen.

208 479 280 515 Wir
300 478 407 512 wollen
428 476 487 514 auf
502 475 548 509 die
565 471 884 513 Unbequemlichkeiten
907 472 1010 510 ſehen,

207 535 311 574 welche
332 533 560 571 unvermeidlich
581 532 659 570 ſind,
685 537 770 565 wenn
793 532 852 564 uns
874 529 1013 569 Chriſtus

207 584 380 627 anfaͤnglich
397 587 484 618 unter
504 585 583 620 einer
602 584 715 619 andern
736 582 785 617 als
813 584 861 616 der
890 582 954 618 ihm
971 581 1014 616 ei⸗

208 650 300 682 genen
319 641 434 681 Geſtalt
455 640 616 680 vorgeſtellt
634 639 721 676 wird.
762 639 807 675 Es
826 639 859 678 iſt
876 636 1014 677 durchge⸗

207 698 303 737 hends
321 704 380 730 von
397 695 473 729 allen
492 695 570 734 ohne
589 693 773 733 Unterſchied
794 697 1013 732 angenommen

209 752 350 790 worden,
374 750 430 790 daß
451 751 497 784 die
518 750 606 787 erſten
619 747 720 789 Jdeen
737 748 855 785 unſerer
868 746 1016 786 Kindheit

212 808 272 842 uns
285 806 374 845 ſelten
393 805 501 839 wieder
511 810 584 844 ganz
599 802 752 844 verlaſſen.
773 802 848 838 Von
859 801 1016 841 Kindern,

210 858 316 899 welche
332 856 411 897 nicht
426 863 494 896 zum
504 854 675 892 Studieren
693 854 870 893 angehalten
887 854 1014 891 werden,

208 913 284 952 darf
294 920 367 946 man
383 906 462 950 kuͤhn
478 908 668 950 behaupten,
692 908 748 947 daß
769 906 909 946 dieſelben
926 907 1016 945 ihnen

207 970 269 1006 auf
292 965 400 1001 immer
429 963 567 1001 ankleben
595 963 725 999 werden.
788 962 911 1001 Machet
943 967 1018 995 man

209 1030 274 1057 nun
304 1021 430 1064 JEſum
463 1019 578 1061 ihnen,
619 1020 691 1059 nach
724 1019 801 1052 dem
821 1012 1019 1057 angefuͤhrten

208 1073 395 1120 Grundſatz,
422 1068 594 1114 anfaͤnglich
613 1079 672 1106 nur
690 1072 740 1106 als
757 1072 841 1107 einen
862 1069 1017 1111 frommen

210 1137 273 1171 und
300 1133 538 1177 rechtſchaffenen
558 1132 664 1171 Mann
687 1129 837 1174 kennbar;
871 1130 929 1167 wie
956 1130 1030 1166 will

212 1196 286 1225 man
301 1189 383 1222 dann
400 1187 526 1226 hernach
543 1186 729 1225 vermeiden,
746 1185 804 1223 daß
821 1186 856 1224 ſie
870 1185 923 1225 ihn
941 1183 1021 1224 nicht

212 1242 321 1277 immer
337 1238 406 1278 bloß
420 1239 479 1277 auf
492 1239 582 1276 dieſer
603 1238 697 1274 Seite
714 1237 898 1275 betrachten;
920 1234 1021 1273 zumal

211 1299 253 1332 da
259 1289 325 1341 ſich
343 1287 454 1339 unſere
470 1286 614 1338 Vernunft
629 1291 758 1331 ohnehin
773 1297 846 1329 gern
862 1289 956 1324 wider
972 1291 1022 1325 die

213 1348 393 1391 Wahrheit:
416 1348 519 1385 GOtt
535 1347 572 1385 iſt
590 1343 807 1389 geoffenbaret
824 1346 872 1379 im
888 1343 1020 1384 Fleiſch,

214 1401 358 1445 empoͤret.
399 1404 464 1440 Die
492 1402 560 1442 erſte
592 1400 785 1444 gefliſſentlich
805 1400 894 1442 falſch
923 1399 956 1435 in
985 1399 1021 1439 ſie

215 1459 325 1501 gelegte
341 1458 501 1500 Begriffe,
524 1457 571 1493 die
588 1459 617 1498 ſo
637 1456 751 1499 lebhaft
770 1456 831 1496 auf
846 1456 882 1496 ſie
901 1453 1023 1496 gewirkt

214 1511 331 1554 haben,
353 1505 465 1557 werden
493 1509 544 1551 ſich
565 1511 618 1549 bey
640 1510 691 1544 der
716 1505 902 1549 maͤnnlichen
923 1506 1023 1546 Reiffe

214 1570 245 1608 ſo
265 1575 321 1609 gar
342 1566 421 1607 nicht
435 1567 465 1606 ſo
485 1565 570 1606 leicht
586 1564 739 1601 verlieren.
781 1564 880 1600 Einen
895 1563 1024 1599 Beweis

216 1621 316 1654 davon
341 1616 432 1660 geben
449 1620 509 1653 uns
530 1608 577 1651 die
601 1615 682 1657 mehr
711 1617 760 1650 als
782 1613 943 1655 kindlichen
960 1614 1023 1650 Be⸗

208 1666 323 1716 griffe,
348 1674 458 1712 welche
472 1673 520 1708 die
536 1672 653 1709 Kinder
672 1678 732 1707 von
749 1672 835 1710 ihren
851 1666 1026 1710 Aufwaͤrte⸗

219 1730 326 1766 rinnen
349 1729 519 1771 eingeſogen
542 1727 675 1768 haben.
711 1726 775 1764 Sie
802 1728 886 1767 ſehen
913 1725 1023 1769 endlich

220 1788 276 1823 den
296 1785 443 1827 Ungrund
469 1784 550 1825 ihrer
568 1784 692 1825 vorigen
712 1782 872 1822 Gedanken
898 1780 1025 1822 deutlich

568 1842 657 1885 Ji3

925 1845 1024 1880 genug
