1529 2294
566 451 633 480 370

566 525 638 563 dung
656 525 700 558 als
719 526 754 560 ich
773 529 898 561 erwartet
908 529 992 565 hatte,
1005 529 1097 574 ſolgte
1108 530 1195 568 ihrem
1206 530 1290 572 Jbra⸗

565 579 635 613 him,
654 579 684 608 in
702 581 755 609 und
775 582 819 615 fuͤr
837 582 887 612 den
908 581 941 615 ſie
953 587 1026 624 ganz
1045 581 1116 617 lebt,
1134 586 1222 617 froͤlich
1236 587 1292 618 und

563 641 630 674 ohne
657 628 803 677 Bedauern
827 642 901 678 ihres
924 645 1120 677 Vaterlandes.
1160 648 1291 684 Jbrahim

563 704 638 736 ſelbſt
662 709 719 729 war
746 703 852 736 gefaßt,
886 704 937 732 wie
959 708 990 732 es
1015 708 1058 736 ein
1082 706 1171 738 weiſer
1197 710 1293 752 Mann

562 778 615 803 nur
631 771 729 810 immer
743 774 807 810 ſeyn
823 776 908 809 kann,
926 776 987 807 oder
1002 776 1066 820 ſeyn
1081 777 1138 815 ſoll.
1173 781 1213 812 Er
1231 780 1291 815 hat⸗

562 830 589 854 te
609 830 680 860 zwar
706 825 756 856 den
777 825 888 864 groͤßten
910 829 987 864 Theil
1011 830 1113 872 ſeines
1115 833 1289 868 Vermoͤgens

560 896 591 928 in
611 897 769 935 Baarſchaft
786 898 830 930 bei
855 899 917 937 ſich:
943 899 1006 936 aber
1033 907 1061 936 er
1080 900 1222 940 hinterließ
1239 902 1289 940 ſei⸗

558 952 613 978 nen
632 947 749 984 Feinden
766 950 826 984 noch
845 949 943 981 immer
961 949 1024 984 viel.
1060 957 1122 985 „Es
1140 957 1172 992 iſt
1190 957 1289 989 immer

557 1013 611 1038 nur
629 1010 674 1037 ein
691 1009 810 1047 maͤßiger
822 1013 912 1049 Preis
929 1017 1015 1048 (ſagte
1033 1023 1062 1048 er
1080 1018 1148 1059 oft,)
1163 1007 1212 1049 fuͤr
1225 1015 1289 1048 das,

558 1070 618 1097 was
638 1067 689 1096 wir
707 1063 824 1101 dagegen
845 1072 950 1104 erkauft
968 1064 1086 1105 haben.“

628 1137 726 1180 Zulma
741 1137 848 1177 endlich,
868 1137 956 1175 meine
974 1140 1087 1181 geliebte
1100 1142 1208 1186 Zulma,
1221 1144 1286 1183 barg

555 1203 615 1243 ihre
636 1204 739 1244 Freude
755 1205 841 1243 nicht,
859 1207 911 1246 daß
932 1207 967 1246 ſie
987 1209 1047 1242 dem
1060 1210 1148 1243 Lande
1161 1211 1287 1248 entrann,

555 1272 597 1298 wo
614 1264 649 1303 ſie
665 1272 720 1298 nur
734 1266 972 1308 Ungerechtigkeit,
989 1272 1117 1310 Schmerz
1129 1272 1185 1305 und
1197 1274 1286 1307 Kum⸗

555 1337 614 1362 mer
630 1330 756 1368 erfahren
782 1334 867 1370 hatte.
911 1334 983 1372 Jhre
1000 1333 1158 1374 freundliche
1174 1338 1284 1376 zutrau⸗

555 1390 618 1428 liche
637 1390 723 1425 Seele
741 1389 876 1428 ſchmiegte
894 1391 938 1431 ſich
952 1390 1045 1431 taͤglich
1065 1394 1141 1434 feſter
1155 1403 1192 1428 an
1205 1397 1281 1432 mich.

554 1450 625 1487 Auch
646 1450 738 1488 ſoͤhnte
764 1451 874 1489 gleiches
895 1453 1024 1492 Schickſal
1049 1457 1105 1489 und
1134 1457 1282 1495 Nothwen⸗

552 1511 651 1547 digkeit
668 1510 795 1552 Fatimen
817 1518 866 1548 gar
894 1513 955 1546 bald
978 1515 1034 1548 und
1052 1512 1207 1556 vollſtaͤndig
1226 1517 1281 1551 mit

552 1573 595 1608 ihr
614 1576 678 1607 aus.
712 1576 778 1609 Das
796 1575 862 1608 alles
881 1575 1037 1612 entwickelte
1056 1577 1114 1616 ihre
1129 1578 1278 1617 gutmuͤthi⸗

551 1638 583 1667 ge
605 1635 693 1666 Laune
717 1634 773 1666 und
800 1633 875 1671 ſogar
898 1636 959 1670 eine
993 1637 1049 1676 ſehr
1074 1639 1278 1683 unterhaltende

551 1695 705 1735 Luſtigkeit,
728 1699 809 1730 deren
825 1697 863 1734 ich
881 1697 915 1736 ſie
933 1702 1025 1739 bisher
1041 1702 1119 1734 kaum
1139 1701 1212 1740 faͤhig
1232 1709 1276 1740 ge⸗

548 1753 641 1789 halten
658 1749 751 1787 haͤtte:
771 1753 840 1784 denn
855 1753 898 1789 ihr
913 1758 1045 1791 Kummer
1068 1756 1143 1792 hatte
1164 1757 1198 1794 ſie
1219 1758 1277 1795 ſehr
