1680 2293
186 403 290 452 heiten
314 398 534 455 geſchwaͤcht,
557 404 625 443 und
649 399 716 449 daß
745 402 795 439 die
816 398 931 440 Idéen,
950 394 1070 441 welche

184 457 231 502 im
256 461 390 510 Gehirn
406 459 475 499 und
496 456 532 498 in
551 457 608 496 der
625 453 761 499 Seelen
777 451 875 496 durch
892 451 944 491 die
953 445 1068 493 Suͤn⸗

182 510 245 555 den
262 515 293 563 ſo
316 509 391 560 tieff
401 501 614 557 eingepraͤget
627 505 769 553 werden,
785 501 884 550 durch
907 501 1068 541 contraire

184 559 400 615 ſchreckliche
414 559 531 608 Idéen,
551 557 640 608 und,
661 555 694 603 ſo
713 563 750 604 zu
768 554 878 601 reden,
892 550 991 600 durch
1013 550 1068 592 die

183 612 482 665 Neben ⸗ Gleiße,
493 610 609 658 welche
637 610 687 658 die
715 601 1002 652 Lebens ⸗ Geiſter
1018 601 1071 645 im

184 665 338 717 Gehirne
363 663 524 714 machen,
546 662 633 711 deſto
655 659 755 711 beſſer
776 654 910 707 getilget
926 652 1074 702 werden,

182 715 294 762 damit
310 722 367 763 der
389 713 543 764 Suͤnder
562 711 715 762 hernach,
734 704 890 756 vermoͤge
918 707 980 749 des
998 709 1076 745 Ha-

179 770 281 816 bitus,
311 770 399 820 nicht
421 770 453 819 ſo
476 767 540 819 offt
555 777 602 808 an
619 764 701 816 ſeine
717 761 879 810 Suͤnden
894 767 932 808 zu
949 758 1073 806 geden⸗

182 821 275 868 cken,
294 821 374 870 noch
396 827 463 859 von
488 825 607 858 neuem
633 815 718 863 dazu
739 810 863 861 gereitzt
875 818 914 860 zu
934 809 1072 852 werden

182 874 382 926 veranlaſſet
408 872 539 919 werde;
570 869 616 915 ich
640 866 734 918 ſage,
754 873 855 909 wenn
883 864 924 916 ſie
951 860 1075 913 ſolches

184 932 269 972 alles
299 930 481 976 erwegten,
520 925 552 975 ſo
575 919 714 968 wuͤrden
743 921 785 971 ſie
818 923 913 968 gantz
942 918 1072 960 anders

180 972 345 1027 ſchreiben
367 975 436 1017 und
457 973 571 1016 reden.
642 966 780 1021 Sagen
806 967 887 1016 doch
910 963 1074 1015 ohnedem

185 1032 299 1077 unſere
322 1023 726 1076 GOttes ⸗ Gelehrten,
762 1022 832 1072 daß
853 1021 924 1062 das
952 1015 1077 1068 groſſe

184 1079 316 1125 Maaß
351 1075 414 1123 der
439 1073 600 1122 Thraͤnen
630 1072 718 1119 nicht
746 1080 823 1120 zum
850 1069 990 1120 Weſen
1020 1068 1080 1108 der

184 1130 380 1169 Contrition
392 1127 463 1165 und
472 1125 583 1167 Reue
596 1119 723 1173 gehoͤre,
746 1120 891 1173 ſondern,
912 1123 1014 1157 wenn
1036 1117 1076 1155 es

184 1179 273 1226 ſonſt
320 1176 382 1218 mit
415 1172 523 1217 einem
553 1170 761 1221 bußfertigen
802 1167 960 1212 Suͤnder
993 1166 1079 1212 ſeine

179 1227 390 1279 Richtigkeit
409 1225 484 1276 hat,
494 1224 547 1268 ein
566 1220 781 1272 aufrichtiger
811 1220 893 1269 Haß
900 1220 972 1260 und
979 1218 1083 1262 Ver⸗

181 1278 394 1329 abſcheuung
417 1279 479 1327 der
499 1272 637 1324 Suͤnde
659 1281 770 1322 genug
797 1270 868 1317 ſey,
896 1271 950 1311 die
972 1268 1079 1318 rechte

183 1329 406 1381 Erkaͤnntniß
428 1329 511 1374 aber
535 1330 593 1373 der
618 1321 784 1375 Suͤnden
800 1322 880 1371 doch
909 1322 982 1364 eine
1007 1329 1078 1363 von

186 1388 355 1436 GOTT
380 1389 445 1431 den
468 1380 633 1429 ſuͤndigen
665 1379 849 1430 Menſchen
873 1375 1082 1423 anbefohlne

183 1432 319 1490 Pflicht
341 1440 418 1481 und
445 1432 697 1484 Schuldigkeit
729 1431 791 1480 ſey.
863 1424 1080 1476 Jnzwiſchen

188 1491 309 1542 weiſen
327 1489 407 1537 doch
427 1487 482 1530 die
489 1483 616 1531 Oerter
625 1481 762 1530 heiliger
774 1478 943 1531 Schrifft,
953 1477 989 1519 in
999 1476 1082 1519 wel⸗

185 1541 266 1590 chen
301 1534 417 1588 GOtt
436 1531 508 1583 auch
534 1535 589 1577 die
610 1531 820 1584 Zerreiſſung
846 1531 906 1574 der
938 1525 1083 1577 Hertzen

189 1596 261 1637 und
283 1596 337 1637 die
351 1583 629 1640 Buß⸗Thraͤnen
646 1582 861 1633 anbeſohlen,
879 1580 962 1631 auch
979 1576 1081 1628 gezei⸗

189 1650 264 1695 get,
290 1645 358 1696 daß
378 1637 566 1696 geaͤngſtete
592 1640 661 1683 und
690 1634 908 1685 zerſchlagene
938 1630 1082 1682 Hertzen

188 1695 244 1737 ein
261 1695 331 1743 ihm
357 1691 585 1742 angenehmes
599 1686 729 1741 Opffer
745 1684 831 1735 ſeyn,
848 1691 904 1733 zur
922 1679 1084 1730 Genuͤge,

192 1749 261 1797 daß
273 1750 324 1789 die
338 1741 559 1794 Traurigkeit
573 1749 687 1791 wegen
717 1735 927 1786 begangener
945 1732 1086 1781 Suͤnde

192 1806 261 1840 von
277 1794 465 1846 ſuͤndlichen
490 1787 799 1846 Schwachheiten,
830 1787 864 1835 ſo
887 1784 1087 1833 manchmal

194 1844 305 1891 dabey
320 1843 523 1894 zuſchlagen,
543 1837 779 1891 abgeſondert,
806 1836 938 1884 unſerm
955 1832 1088 1881 GOtte

196 1899 231 1940 ſo
248 1897 358 1945 wenig
383 1895 530 1944 zuwider
545 1896 606 1946 ſey,
620 1890 686 1940 daß
703 1900 736 1934 er
750 1889 792 1937 ſie
808 1885 968 1936 vielmehr
988 1887 1090 1933 durch

195 1949 251 1993 die
267 1945 495 1996 Erleuchtung
511 1947 572 1994 des
589 1938 823 1992 Verſtandes,
838 1937 909 1982 und
924 1935 1027 1984 durch
1038 1934 1093 1979 die
