2494 3080
136 596 194 644 len
207 599 421 655 vorziehen;
433 590 500 648 und
508 598 580 649 daß
600 589 657 647 wir
662 598 771 644 lieber
781 597 837 645 die
846 593 1038 652 Schmach
1049 590 1257 648 erwehlen/
1286 593 1348 639 als
1357 592 1429 648 daß
1448 595 1514 639 wir

139 660 268 702 wollen
280 663 333 702 die
344 657 513 713 Tugend
520 653 747 712 verwerffen.

248 719 321 768 Es
336 712 390 774 iſt
408 716 505 766 das
522 711 661 771 Looß
678 714 792 765 aller
807 703 1097 772 Frommen/
1082 711 1247 767 (daß
1203 703 1251 768 ſie
1258 721 1300 769 zu
1310 713 1401 764 ihrer
1413 710 1517 770 Pruͤ⸗

138 744 253 808 fung/
275 762 496 807 Ausuͤbung
513 765 586 791 und
613 763 856 804 Bewehrung
882 765 974 800 ihrer
998 761 1199 805 Tugend/
1218 759 1396 800 verfolget
1423 768 1521 801 wer⸗

140 832 247 886 den/)
265 835 342 881 und
360 830 491 887 ſolches
518 840 599 881 zum
626 828 820 886 wenigſten
836 829 908 886 auf
928 831 1003 875 eine
1027 828 1134 874 kleine
1146 824 1288 883 Zeit/
1282 837 1416 872 wovon
1434 826 1518 876 St.

141 886 295 960 Paulus
311 888 432 946 ſaget:
464 880 592 940 Alle/
587 889 660 938 die
672 884 943 947 Gottſeelig
952 885 1076 935 leben
1087 882 1261 934 wollen
1271 886 1318 933 in
1327 881 1518 943 Chriſto

140 944 305 1011 JEſu/
319 950 391 998 die
405 945 577 1007 muͤſſen
603 944 907 1005 Verfolgung
935 944 1089 993 leiden.
1116 949 1177 994 (2.
1199 934 1282 991 Tim.
1300 946 1358 993 III,
1372 960 1414 987 12.
1435 934 1515 990 Act.

139 1013 281 1061 XIV,22.
316 1007 535 1055 Hebr.XII,
555 1010 661 1057 6.⸗)
698 1007 783 1054 Und
808 1007 846 1054 in
874 1011 934 1053 der
958 1004 1165 1060 Wahrheit
1190 999 1403 1059 derjenige/
1403 1001 1520 1051 wel⸗

140 1055 239 1112 cher
258 1039 419 1112 GOtt
436 1051 713 1117 auffrichtig
727 1052 889 1103 liebet/
904 1051 982 1102 der
1023 1050 1136 1103 wird/
1170 1046 1444 1110 Gelegenbeit
1444 1058 1514 1109 zu

138 1117 503 1174 uͤberkommen/
508 1115 800 1175 wuͤnſchen/
806 1114 922 1166 umb
937 1113 1071 1175 ſeinet
1094 1114 1253 1165 willen
1263 1122 1427 1163 etwas
1451 1122 1514 1169 zu

141 1177 327 1233 leiden/
330 1177 445 1229 umb
464 1176 572 1237 ſeine
601 1170 783 1232 getreue
799 1174 927 1227 Liebe
941 1172 1180 1229 dardurch
1206 1169 1514 1230 zubezeugen:

140 1236 263 1293 Aber/
273 1240 358 1284 was
374 1246 440 1281 vor
457 1237 532 1283 eine
548 1223 794 1292 ertraͤglichere
810 1231 1092 1289 Verfolgung/
1101 1230 1172 1284 was
1192 1241 1258 1275 vor
1268 1240 1323 1276 ein
1335 1231 1517 1275 leichteres

141 1298 430 1352 Marterthumb
453 1295 610 1344 koͤnnten
627 1306 695 1340 wir
712 1292 936 1349 wuͤnſchen/
937 1293 1016 1342 als
1032 1289 1181 1347 durch
1206 1290 1298 1339 eine
1315 1285 1420 1352 boͤſe
1432 1287 1518 1341 Laͤ⸗

142 1349 397 1412 ſter⸗Zunge
414 1347 652 1412 geſtaͤupet
670 1361 731 1408 zu
745 1348 962 1402 werden/
984 1352 1077 1396 oder
1092 1350 1263 1404 vielmehr
1282 1348 1516 1403 wahrzuneh⸗

141 1411 256 1467 men/
272 1418 346 1459 das
363 1402 515 1458 anderer
532 1410 642 1458 Leute
658 1407 804 1465 Ohren
824 1409 932 1463 durch
957 1412 1023 1456 das
1032 1406 1295 1460 Schwißpein
1318 1410 1381 1452 der
1403 1406 1518 1457 Ver⸗

139 1464 407 1521 leumbdungen
423 1466 619 1515 infeſtiret
630 1463 799 1510 werden!
815 1474 937 1512 was
954 1461 1066 1511 aber
1078 1458 1135 1522 iſt
1150 1457 1295 1523 dieſes
1311 1458 1522 1522 anders/

143 1524 221 1573 als
231 1527 298 1575 ein
307 1527 465 1590 wenig
482 1518 636 1582 Lufft/
645 1521 819 1573 welche
838 1520 912 1571 da
912 1520 1035 1571 bald
1043 1515 1347 1577 zerfladdert/
1348 1523 1434 1565 was
1449 1530 1520 1564 an⸗

139 1581 265 1642 ders/
279 1581 333 1634 als
351 1580 420 1627 ein
440 1576 613 1636 bloßes
637 1575 841 1634 Sauſen
866 1576 955 1625 des
977 1572 1214 1628 Windes/
1237 1575 1388 1629 welches
1414 1576 1519 1622 deme

143 1638 262 1688 keinen
282 1638 465 1692 Schaden
479 1631 637 1693 zufuͤgen
654 1633 762 1689 kan/
776 1632 916 1687 welcher
927 1632 974 1682 es
995 1632 1083 1687 ihme
1113 1625 1203 1691 nicht
1220 1633 1315 1688 nahe
1340 1631 1518 1683 nimmt/

142 1699 224 1743 oder
242 1697 308 1752 ſich
327 1697 482 1751 dadurch
500 1696 594 1748 nicht
612 1691 673 1738 wil
699 1684 933 1750 beunruhigen
954 1683 1090 1751 laſſen!
1116 1689 1267 1744 welches
1288 1691 1336 1735 da
1352 1686 1440 1743 auch
1458 1688 1523 1735 ein

143 1755 261 1800 reines
278 1752 428 1807 Hertz/
420 1753 501 1797 und
516 1756 626 1805 gutes
641 1747 827 1804 Gewiſſen
844 1750 939 1802 nicht
962 1747 1060 1804 wohl
1082 1743 1289 1803 empfinden
1302 1744 1404 1803 kan;
1424 1743 1523 1796 Ein

139 1804 331 1871 Menſch
350 1805 472 1869 muß
489 1811 583 1859 eine
599 1801 892 1866 Standfeſte
905 1807 1136 1852 Humeur,
1158 1803 1273 1852 oder
1288 1802 1357 1848 ein
1374 1809 1521 1861 gutes

148 1870 319 1928 Gehoͤr
337 1865 515 1925 haben/
533 1863 716 1924 welches
747 1867 819 1917 ein
833 1862 886 1924 ſo
898 1862 1031 1926 leiſes
1046 1862 1284 1920 Krachen/
1298 1863 1413 1915 oder
1424 1863 1524 1916 klei⸗

142 1936 215 1978 ner
233 1921 333 1988 Eckel
362 1927 486 1987 nicht
496 1924 547 1989 ſo
557 1923 690 1985 leicht
698 1918 893 1987 ſchaden
921 1917 1038 1985 mag;
1045 1925 1122 1977 denn
1149 1917 1249 1978 deren
1254 1917 1373 1987 Krafft
1392 1922 1434 1980 iſt
1440 1925 1520 1970 und

146 1989 232 2035 wird
243 1987 514 2044 unterbrochen/
530 1979 600 2040 alle
595 1988 648 2034 die
657 1985 810 2042 Gefahr
821 1989 895 2032 und
905 1981 1137 2040 Mißtrauen
1149 1982 1193 2040 iſt
1202 1981 1354 2040 alſofort
1362 1981 1524 2038 gehoben

148 2043 250 2102 durch
266 2042 341 2102 eine
362 2039 556 2106 Heroiſche
548 2040 889 2099 Verachtung
817 2034 884 2093 und
906 2037 1152 2100 Zernichtung
1167 2036 1294 2096 ſolcher
1311 2039 1526 2090 Verleum⸗

149 2099 307 2161 dungen.
325 2102 401 2156 Es
410 2101 465 2165 iſt
473 2105 566 2152 eine
605 2101 714 2159 mehr
721 2096 1150 2159 Lobens⸗wuͤrdige
1161 2091 1238 2160 Art
1263 2109 1323 2148 zu
1340 2096 1532 2155 leyden/

147 2151 385 2217 darumb/
399 2155 501 2219 daß
516 2169 632 2207 man
656 2154 826 2209 Gutes
843 2153 1050 2216 gerhan/
1073 2149 1152 2205 als
1178 2151 1283 2221 daß
1301 2165 1414 2202 man
1456 2156 1527 2201 ein

153 2211 323 2282 Chriſte
338 2213 494 2281 heiße;
514 2217 570 2262 ein
589 2213 830 2275 auffrichtiger
853 2213 1149 2270 Marterthumb
1163 2222 1231 2260 vor
1251 2215 1307 2260 die
1327 2213 1528 2266 Thaͤtliche

153 2269 388 2333 Bezeigung/
403 2274 465 2320 als
484 2282 551 2321 vor
568 2274 622 2319 die
645 2273 917 2329 Benennung/
927 2269 1026 2326 (daß
1042 2278 1134 2317 man
1156 2273 1225 2318 den
1252 2271 1406 2319 Namen
1431 2271 1533 2315 eines

149 2327 325 2390 Chriſten
325 2328 474 2393 fuͤhre)
491 2339 534 2385 zu
555 2328 693 2382 leiden;
714 2336 840 2381 wegen
852 2327 1009 2388 deſſen/
1013 2328 1088 2382 daß
1106 2339 1198 2374 man
1216 2327 1468 2386 wohlgelebet/
1486 2326 1536 2386 als

153 2387 223 2440 daß
234 2406 322 2440 man
331 2383 398 2440 ſich
408 2403 451 2440 zu
460 2394 521 2440 der
530 2388 741 2440 Wahrheit
754 2391 912 2438 bekannt
926 2392 1035 2440 habe.

772 2447 894 2506 Uuu
931 2464 1018 2505 uu

1227 2450 1537 2512 Welcher

200 2523 283 2570 (a).
307 2523 475 2569 Ant.V.
452 2519 478 2575 §.
491 2534 517 2571 3.
538 2529 571 2560 II.
592 2521 639 2558 16.
658 2530 690 2565 9.
711 2523 762 2560 18.

205 2573 275 2625 (b.)
292 2576 385 2627 Quid
394 2577 535 2617 Stultius
545 2575 686 2614 homine
696 2573 795 2615 verba
805 2578 1002 2614 metuente?
1012 2573 1093 2612 Sen.
1104 2570 1214 2624 Ep.91.

1582 632 1661 684 (a.)

1587 2105 1667 2147 (b.)
