1527 2283
186 433 319 493 ligion,
346 445 403 483 der
419 443 559 490 Glaube
582 460 626 488 an
654 447 747 494 Gott
773 458 842 495 und
868 459 935 506 ſein
960 459 1035 502 Ge⸗

185 498 274 553 bot,
301 508 371 544 und
386 510 438 546 die
465 509 614 560 Hinſicht
641 513 707 560 auf
727 517 786 565 ihn
814 519 874 565 bey
899 523 1031 571 unſerm

181 562 284 616 Thun
312 571 382 607 und
398 570 511 618 Laſſen.
567 574 685 617 Wenn
702 580 772 625 alſo
790 583 842 620 die
867 583 1030 635 Religion

182 628 217 666 in
234 629 371 679 Verfall
392 631 539 685 koͤmmt,
566 645 665 680 wenn
683 638 722 687 ſie
748 648 816 680 von
834 645 938 696 ihrem
956 651 1028 690 An⸗

179 691 275 742 ſehen
294 695 364 732 und
380 702 448 734 von
472 698 559 749 ihrer
571 700 680 752 Kraft
704 707 774 747 und
792 707 1034 761 Wirkſamkeit

177 756 331 803 verliert;
362 757 396 805 ſo
425 762 559 804 verliert
586 767 639 806 die
666 768 811 819 Tugend
834 774 890 813 der
915 776 1027 819 Men⸗

175 820 265 866 ſchen
282 823 352 872 ihre
362 823 572 875 Haltbarkeit
587 834 657 871 und
665 833 818 883 Staͤrke;
843 840 914 878 und
924 850 1022 879 wenn

173 883 275 932 dieſer
290 885 434 936 Verfall
450 892 507 929 der
524 892 687 942 Religion
704 895 764 943 bey
786 899 892 940 einem
909 902 1024 947 Volke

172 938 494 1000 uͤberhandnimmt,
519 951 552 998 ſo
578 954 617 1000 iſt
639 961 678 994 es
699 968 758 996 um
783 962 838 998 die
856 960 1018 1012 Sittlich⸗

171 1002 234 1042 keit
253 1007 322 1044 und
338 1006 446 1045 damit
458 1010 599 1059 zugleich
619 1024 676 1054 um
695 1005 747 1056 die
769 1017 1019 1074 Gluͤckſeligkeit

170 1070 328 1120 deſſelben
339 1074 529 1127 geſchehen.
589 1083 675 1125 Das
696 1086 846 1136 beweiſet
865 1092 917 1130 die
942 1092 1026 1136 Ge⸗

167 1133 297 1184 ſchichte
312 1137 431 1185 aͤlterer
446 1143 524 1185 und
533 1155 668 1189 neuerer
680 1148 826 1202 Voͤlker,
840 1156 904 1195 die
914 1154 1014 1204 durch

165 1196 397 1249 herrſchenden
435 1201 639 1256 Unglauben
680 1213 750 1250 und
793 1212 1014 1265 leichtſinnige

164 1259 388 1314 Verachtung
401 1266 530 1319 deſſen,
557 1278 632 1312 was
653 1274 739 1323 ſonſt
770 1281 827 1318 der
855 1280 1012 1332 Menſch⸗

165 1306 233 1364 heit
256 1308 356 1369 heilig
375 1322 435 1371 iſt,
463 1325 500 1363 in
518 1326 596 1376 tiefe
615 1328 856 1383 Verderbniſſe
878 1337 1011 1385 verſan⸗

161 1384 238 1436 ken,
258 1384 436 1436 beſonders
457 1392 535 1437 aber
551 1397 601 1435 die
617 1390 798 1453 Geſchichte
819 1405 930 1454 derer,
956 1407 1010 1445 die

160 1438 221 1490 bey
243 1443 477 1504 zunehmender
495 1447 713 1510 Aufklaͤrung
718 1459 752 1497 in
773 1464 903 1502 andern
912 1464 1019 1507 Din⸗

157 1514 223 1544 gen
246 1505 280 1540 in
288 1507 337 1554 der
338 1501 528 1556 Religion
544 1512 642 1552 allein
657 1511 912 1567 zuruͤckblieben,
932 1527 1004 1559 und

155 1571 226 1614 alſo
249 1583 352 1624 gegen
377 1576 442 1629 ſie,
482 1581 539 1621 als
570 1585 624 1624 ein
651 1587 846 1630 veraltertes
872 1591 1004 1643 Heilig⸗

151 1633 279 1687 thum,
304 1637 461 1690 Achtung
479 1645 551 1685 und
564 1644 813 1704 Ehrerbietung
831 1654 1000 1697 verloren.

151 1697 208 1742 Es
227 1700 265 1749 iſt
280 1704 335 1741 ein
349 1702 540 1756 Jrrthum,
566 1710 674 1750 meine
691 1711 871 1766 Freunde,
898 1724 1015 1760 wenn

148 1769 233 1803 man
258 1765 321 1804 den
352 1766 492 1816 Verfall
517 1773 617 1822 dieſer
646 1775 774 1820 Voͤlker
802 1781 889 1831 ihrer
908 1782 1011 1830 Auf⸗

147 1819 292 1871 klaͤrung
307 1820 444 1873 Schuld
460 1825 575 1879 giebt,
602 1833 673 1871 und
687 1836 814 1875 daraus
828 1836 917 1887 wohl
933 1849 995 1888 gar

146 1885 246 1927 einen
263 1883 436 1939 Verdacht
450 1898 555 1940 gegen
572 1896 626 1937 die
641 1896 858 1951 Aufklaͤrung
874 1903 910 1943 in
935 1909 993 1946 der
