1515 2450
556 490 639 524 160.
669 486 785 527 Wenn
798 501 833 523 m
846 496 906 524 vor
921 488 991 526 dem
1006 486 1126 533 Stoſſe
1143 487 1233 535 ruht,
1263 490 1295 535 ſo
1317 488 1370 527 be⸗

477 531 599 571 koͤmmt
616 539 652 568 es
670 532 748 578 nach
769 534 840 571 dem
863 533 982 581 Stoſſe
1003 534 1054 571 die
1074 533 1372 582 Geſchwindigkeit

1034 634 1092 679 Jſt
1112 635 1153 671 M
1154 627 1292 680 groͤſſer
1318 638 1372 673 als

474 713 530 744 m;
558 703 589 748 ſo
607 707 644 751 iſt
663 708 718 743 der
734 708 770 742 in
789 707 818 740 C
837 708 1065 749 multiplicirte
1083 707 1223 752 Factor,
1252 707 1372 753 groͤſſer

473 755 530 791 als
550 765 590 798 1;
618 756 695 793 aber
713 757 831 793 kleiner
847 759 901 794 als
922 767 966 800 2;
996 756 1083 796 Eine
1100 759 1235 804 groͤſſere
1247 748 1370 804 Maſſe,

472 802 548 846 gibt
561 802 628 848 alſo
642 806 731 840 einer
748 804 872 841 kleinen
891 802 1059 850 ruhenden
1078 805 1168 851 mehr
1181 804 1421 851 Geſchwin⸗

473 857 614 904 digkeit,
652 859 706 895 als
733 859 773 903 ſie
802 859 893 903 ſelbſt
918 869 980 897 vor
1007 861 1077 897 dem
1105 859 1225 906 Stoſſe
1256 859 1374 906 beſaß,

472 903 554 942 aber
571 904 658 950 nicht
679 906 758 951 noch
776 897 923 953 einmahl
943 907 1051 952 ſoviel.

554 978 639 1008 161.
669 974 784 1011 Wenn
802 984 836 1006 m
864 982 926 1009 vor
950 975 1021 1010 dem
1046 972 1165 1021 Stoſſe
1192 973 1309 1022 ruhte,
1337 974 1371 1020 ſo

472 1014 534 1060 hat
559 1017 611 1052 die
633 1026 734 1061 zuvor
761 1018 854 1063 ſchon
882 1018 1026 1063 bewegte
1050 1020 1164 1064 Maſſe
1190 1024 1270 1065 nach
1298 1020 1401 1057 dem

467 1089 597 1144 Stoſſe
620 1100 670 1134 die
686 1093 981 1145 Geſchwindigkeit

473 1187 533 1233 I.).
589 1186 692 1234 Dazu
714 1188 745 1225 C
769 1186 897 1231 addirt,
935 1186 1025 1234 giebt
1048 1188 1098 1227 die
1121 1187 1371 1237 Geſchwindig⸗

472 1238 536 1275 keit
555 1236 610 1275 der
625 1246 725 1285 zuvor
743 1236 910 1285 ruhenden
921 1227 1034 1285 Maſſe
1051 1238 1128 1285 nach
1147 1243 1217 1279 dem
1229 1239 1369 1287 Stoſſe;

469 1292 554 1337 Alſo
581 1294 621 1338 iſt
648 1293 704 1330 der
727 1301 789 1330 vor
814 1295 886 1331 dem
914 1291 1034 1339 Stoſſe
1061 1291 1228 1340 ruhenden
1256 1294 1371 1342 Maſſe

471 1345 771 1393 Geſchwindigkeit
790 1346 869 1391 nach
885 1348 955 1385 dem
969 1345 1109 1393 Stoſſe;
1140 1350 1189 1386 die
1202 1346 1368 1391 Summe,

469 1399 539 1425 von
576 1391 636 1426 den
666 1381 788 1433 beyden
814 1390 1151 1439 Geſchwindigkeiten
1176 1397 1231 1431 der
1260 1405 1303 1429 an
1328 1398 1369 1438 ſie

470 1447 648 1494 ſtoſſenden
666 1447 795 1492 Maſſe,
824 1456 886 1484 vor
903 1449 970 1485 und
990 1448 1068 1493 nach
1087 1450 1155 1486 dem
1173 1448 1342 1497 Stoſſe.

554 1513 637 1546 162.
672 1509 751 1551 Der
775 1509 888 1555 Maſſe
909 1513 956 1547 M
981 1510 1279 1557 Geſchwindigkeit
1305 1520 1369 1550 vor

471 1562 545 1600 dem
573 1561 712 1609 Stoſſe,
748 1561 879 1609 verhaͤlt
903 1563 961 1609 ſich
990 1564 1045 1610 zur
1070 1565 1369 1613 Geſchwindigkeit

412 1609 528 1650 der
545 1611 658 1658 Maſſe
676 1625 710 1647 m
731 1612 809 1656 nach
829 1614 899 1651 dem
918 1611 1044 1660 Stoſſe
1044 1611 1092 1659 =
1105 1611 1274 1663 M+m:
1301 1616 1424 1654 2M

469 1664 586 1709 (160)
616 1666 682 1702 und
709 1677 747 1712 zu
774 1669 828 1705 der
847 1666 1160 1716 Geſchwindigkeit,
1190 1669 1304 1714 welche
1348 1671 1368 1707 M

468 1716 562 1762 ſelbſt
583 1718 716 1755 verliert
738 1715 853 1763 (158)
868 1729 917 1750 =
934 1714 1114 1767 M+m:
1136 1728 1213 1761 2m,
1240 1720 1307 1756 und
1328 1719 1385 1766 zu

466 1766 559 1813 ihrer
579 1770 713 1815 eigenen
732 1769 1031 1816 Geſchwindigkeit
1054 1778 1117 1813 vor
1134 1772 1205 1809 dem
1224 1770 1366 1817 Stoſſe,

399 1815 533 1850 wie
553 1817 708 1851 M—m:
724 1814 883 1864 M+m.
926 1805 1029 1860 Dieſe
1048 1817 1123 1862 drey
1137 1820 1367 1866 Verhaͤltniſſe

467 1871 537 1917 ſind
554 1872 643 1918 alſo:
672 1875 754 1911 Wie
771 1874 820 1912 die
830 1872 984 1914 Summe
1001 1873 1054 1910 der
1063 1874 1207 1921 Maſſen,
1218 1884 1273 1920 zur
1287 1874 1367 1918 dop⸗

466 1921 576 1964 pelten
594 1921 715 1970 vorhin
734 1921 924 1970 bewegten;
970 1922 1052 1962 Wie
1071 1928 1119 1964 die
1139 1925 1293 1965 Summe
1310 1925 1367 1963 der

413 1953 605 2010 Maſſen
634 1975 689 2011 zur
716 1966 889 2011 doppelten
920 1969 1041 2010 vorhin
1059 1975 1244 2014 ruhenden,
1273 1977 1365 2011 und;

465 2026 551 2069 Wie
567 2026 619 2066 die
635 2026 789 2068 Summe
809 2028 865 2068 der
880 2025 1016 2077 Maſſen
1038 2035 1110 2078 zum
1127 2029 1363 2078 Unterſchiede.
