2809 4243
548 370 637 486 J

637 369 694 429 ſt,
704 360 849 426 ſtiller
849 353 1080 424 Wittber,
1092 347 1150 419 dis
1177 346 1253 421 die
1273 344 1464 431 Schrifft,

637 415 722 479 Die
756 415 869 468 Dich
885 413 927 485 ſo
938 408 1239 465 unvermuthet
1251 413 1393 461 trifft?

441 487 535 550 Die
548 485 718 546 Deinen
734 481 906 537 Winter
924 480 969 541 ſo
981 468 1198 545 vergehen,

554 551 653 601 Und
669 547 801 605 Dich,
817 544 909 601 was
917 536 1028 602 wohl
1040 548 1108 592 ein
1121 539 1260 587 Omen
1270 528 1529 596 macht,

554 608 698 662 Gleich
711 607 793 658 mit
805 599 877 657 des
891 610 1023 654 neuen
1031 588 1492 664 Lentzen⸗Pracht,

446 667 516 724 Jn
531 657 659 722 denen
674 657 912 723 Zwillingen
925 654 1022 719 heiſt
1034 649 1228 724 ſtehen?

560 760 655 880 S

655 760 686 833 o
697 769 781 828 iſts.
836 750 949 822 Weil
967 747 1073 825 Dich
1092 758 1168 815 der
1183 745 1375 821 Himmel
1386 744 1569 816 liebt,

682 820 770 880 Und
785 812 881 885 Dir
894 816 987 874 ietzt
1001 816 1077 865 das
1083 804 1322 871 Geſchencke
1338 810 1484 874 giebt,

451 893 566 945 Was
584 887 726 942 Deine
742 880 980 942 Seltenheit
1000 874 1242 936 verdienet,

562 936 797 993 Wodurch,
813 936 863 995 da
883 933 1028 994 beydes
1052 930 1182 990 Rath,
1211 924 1299 986 und
1290 933 1425 980 That,

564 1014 634 1063 Jn
647 1010 744 1060 Dir
755 1010 793 1061 ſo
808 998 985 1061 Frucht,
1005 991 1076 1059 als
1096 987 1260 1057 Bluͤthe
1257 994 1419 1056 hat,

454 1068 565 1126 Das
578 1066 696 1118 Land
712 1063 757 1115 in
759 1046 898 1123 vielen
922 1045 1072 1128 Flohre
1074 1050 1261 1111 gruͤnet.

570 1163 673 1291 S

673 1162 732 1227 ieh
746 1162 872 1228 dieſes
876 1151 936 1233 iſt
952 1157 1017 1214 die
1037 1150 1189 1231 theure
1191 1159 1381 1211 Braut;

680 1232 755 1278 Wo
791 1238 892 1282 man
913 1227 980 1278 der
1002 1223 1170 1277 Tugend
1189 1221 1370 1273 Bildniß
1395 1214 1530 1265 ſchaut,

460 1297 530 1358 Jn
545 1291 682 1348 reiner
699 1277 1000 1342 Sitten⸗Gold
1009 1269 1212 1349 geaͤtzet,

574 1345 696 1402 Und,
708 1338 860 1409 weil
816 1333 869 1398 es
891 1327 984 1398 Neid
1006 1336 1083 1390 und
1109 1314 1233 1401 Tadel
1259 1325 1448 1393 frey,

574 1414 673 1466 Jſts
685 1412 730 1457 in
745 1410 841 1457 dem
853 1401 1016 1461 artigen
1031 1396 1199 1456 Gebaͤu,

465 1452 569 1507 Des
581 1452 778 1510 wuͤrdgen
800 1448 979 1509 Coͤrpers
1000 1442 1263 1514 aufgeſetzet.

577 1553 701 1665 W

701 1553 757 1623 as
766 1561 836 1624 ſag
848 1549 911 1618 ich
935 1551 1033 1614 mehr
1062 1564 1114 1616 zu
1126 1550 1255 1606 ihren
1270 1544 1422 1610 Preiß,

701 1631 809 1673 Sie
811 1624 887 1674 iſt,
909 1623 1002 1669 was
1010 1617 1125 1667 ſchon
1137 1610 1326 1667 einjeder
1340 1606 1461 1667 weiß,

470 1685 560 1737 Ein
574 1678 744 1736 Muſter
762 1669 1031 1735 wohlgearter
1031 1668 1224 1734 Frauen.

583 1747 653 1797 Jn
668 1740 822 1798 GOtt,
841 1736 910 1790 als
924 1732 1013 1787 eine
1028 1720 1208 1784 Hanna
1219 1722 1314 1790 ſtill,

556 1787 654 1863 Jn
665 1787 945 1857 Haͤußlichkeit
961 1780 1263 1848 Abigail,

473 1865 574 1919 Und
586 1856 679 1922 eine
686 1852 844 1922 Rahel
863 1847 918 1917 in
935 1848 1184 1923 Vertrauen.

589 1960 676 2076 Z

686 1967 772 2017 war
788 1959 964 2008 nimmſt
979 1957 1052 2011 Du
1068 1951 1161 2012 eine
1183 1942 1512 1999 Herrmannin,

694 2028 809 2070 Wo,
824 2029 944 2058 wenn
958 2034 1064 2064 man
1074 2017 1151 2066 ſich
1160 2013 1234 2063 den
1254 2009 1603 2061 Woͤrter ⸗ Sinn,

480 2098 570 2141 Zur
587 2089 916 2135 Vorbedeutung
931 2082 1005 2128 laͤſt
1015 2072 1257 2122 verfuͤhren,

587 2142 721 2201 Man
727 2137 818 2204 auf
818 2135 918 2196 den
907 2130 1079 2199 Schluß
1075 2122 1303 2194 gerathen
1303 2121 1477 2189 kan,

595 2188 689 2257 Sie
697 2186 826 2255 werde
842 2190 993 2247 beydes
1003 2177 1152 2252 Herr,
1166 2169 1257 2241 und
1270 2173 1479 2246 Mann,

486 2267 574 2330 Jm
582 2249 759 2319 Weiber
776 2240 1130 2310 Mode ⸗ Wappen
1144 2243 1325 2307 fuͤhren:

595 2343 698 2470 D

698 2347 767 2425 och
780 2356 905 2418 dieſes
918 2354 1056 2407 hoffeſt
1056 2354 1158 2403 Du
1166 2333 1302 2406 nicht:
1316 2336 1454 2398 Nein.

712 2424 800 2465 Sie
815 2419 920 2474 wird
932 2414 1135 2477 vielmehr
1135 2412 1212 2469 ein
1223 2410 1361 2463 Engel
1372 2407 1482 2465 ſeyn,

491 2489 658 2544 Worzu
671 2482 722 2542 ſie
734 2480 873 2541 That,
885 2482 973 2533 und
986 2460 1191 2534 Nahmen
1206 2467 1380 2524 croͤnen:

603 2549 783 2602 Dahero
797 2539 904 2596 wird
918 2541 1006 2594 kein
1017 2534 1272 2589 Wiederhall

606 2592 828 2659 Vielmehr
843 2595 911 2651 ein
934 2594 1050 2658 ſteter
1062 2583 1396 2655 Engel⸗Schall,

496 2667 568 2721 Jn
581 2664 697 2721 Dir,
710 2663 798 2719 und
811 2654 1001 2720 Deinem
1015 2653 1154 2717 Hauſe
1169 2647 1335 2712 thoͤnen.
