1735 2676
1078 332 1147 378 403

134 408 341 448 unbekannten
354 409 530 447 Landsleute
546 416 604 443 von
620 407 672 443 der
688 406 769 442 alten
789 403 975 449 aͤgyptiſchen
992 408 1079 445 Sitte
1096 407 1147 443 be⸗

131 464 236 509 lehren
258 464 366 499 wollte.

238 533 323 571 Doch
343 533 390 566 die
409 529 515 567 Worte
539 529 654 565 koͤnnen
674 532 771 564 etwas
792 528 902 564 anders
932 526 1018 570 ſagen
1039 526 1145 571 ſollen,

134 581 184 616 als
205 589 277 616 man
296 580 331 621 ſie
347 578 529 622 gewoͤhnlich
552 579 638 621 ſagen
656 577 728 620 laͤßt.
785 579 829 615 Es
844 580 964 618 braucht
978 579 1059 612 keine
1076 577 1142 616 all⸗

132 630 279 677 gemeine
307 631 468 674 hiſtoriſche
494 627 600 675 Notiz
622 639 655 673 zu
679 629 760 670 ſein:
797 635 829 666 es
853 629 930 664 kann
955 632 1050 664 etwas
1067 627 1140 671 ſein,

136 684 194 722 das
212 694 271 722 nur
286 693 344 719 von
365 687 420 720 den
438 684 561 726 Leuten,
599 683 646 719 die
665 684 786 720 damals
802 683 832 719 in
852 681 989 728 Joſephs
1005 682 1142 727 Zimmer

136 746 263 783 waren,
298 737 443 780 praͤdicirt
459 738 558 778 wird,
586 737 615 779 ſo
639 736 697 781 daß
719 746 781 774 nun
801 728 878 767 רךכלך
901 739 962 773 und
985 743 1042 766 הרא
1064 735 1144 777 nicht

134 798 184 833 als
196 792 367 839 Praͤſentia,
383 792 508 834 ſondern
526 795 574 829 als
586 790 743 838 Praͤterita
754 790 901 835 anzuſehn
913 791 984 833 ſind.
1019 787 1144 834 Denn

132 846 217 893 dieſe
234 843 404 892 Aegypter
428 841 564 890 durften
593 846 701 890 (oder,
739 845 889 890 mogten)
907 841 969 881 mit
983 846 1048 881 den
1065 841 1145 888 He⸗

135 900 261 942 braͤern
278 897 366 948 nicht
381 895 478 950 eſſen,
500 899 574 940 dies
592 908 670 939 war
686 896 787 939 ihnen
808 897 861 938 ein
876 895 1025 940 Graͤuel.
1064 900 1145 936 Eine

136 952 353 993 Bemerkung,
380 952 437 987 wie
461 952 559 995 dieſe,
588 952 650 991 laͤßt
668 949 719 991 ſich
734 958 793 984 von
814 953 880 985 dem
899 949 1063 986 Sammler
1086 956 1146 990 gar

133 1003 217 1043 wohl
236 1006 396 1038 erwarten.
449 999 697 1042 Wahrſcheinlich
720 1001 818 1034 wollte
838 1009 869 1034 er
893 1000 1021 1039 dadurch
1044 997 1146 1039 ſeinen

133 1051 232 1090 Leſern
246 1058 280 1092 zu
300 1046 440 1083 erkennen
458 1043 557 1089 geben,
586 1049 643 1087 daß
661 1048 708 1081 die
724 1056 758 1088 zu
774 1049 857 1089 ihrer
871 1048 937 1089 Zeit
953 1047 1147 1088 herrſchende

131 1107 223 1143 Sitte
240 1106 290 1138 der
306 1104 473 1143 Aegypter,
499 1104 555 1136 mit
570 1102 716 1144 Fremden
739 1101 816 1138 nicht
835 1110 868 1142 zu
884 1100 982 1140 Tiſche
999 1110 1033 1141 zu
1051 1099 1144 1143 ſitzen,

135 1157 218 1198 ſchon
238 1155 268 1190 in
293 1152 402 1196 fruͤhen
417 1153 541 1198 Zeiten,
570 1154 602 1186 in
620 1154 674 1187 den
691 1152 793 1195 Zeiten
816 1153 868 1189 des
890 1159 945 1187 vor
963 1154 1027 1187 vier
1043 1149 1146 1194 Jahr⸗

136 1205 303 1253 hunderten
322 1205 462 1242 lebenden
478 1203 640 1249 Joſephs,
667 1203 804 1245 gegolten
819 1202 910 1248 habe.

445 1317 587 1355 XLVII.
640 1318 686 1356 18
705 1333 756 1343 —
774 1316 836 1353 26.

113 1399 214 1432 18.
288 1393 368 1439 „Jm
384 1392 543 1438 folgenden
558 1391 661 1439 Jahre
684 1393 789 1430 kamen
806 1391 851 1429 die
869 1391 1019 1435 Aegypter
1037 1399 1070 1435 zu
1086 1390 1146 1436 Jo⸗

236 1448 358 1497 „ſeph,
383 1448 444 1485 und
461 1447 600 1491 ſprachen
620 1456 655 1492 zu
678 1445 763 1490 ihm:
814 1447 910 1492 „Wir
934 1443 1075 1488 muͤſſen's
1096 1448 1146 1484 dir

237 1499 400 1547 „„ſagen,
435 1509 452 1535 o
468 1501 565 1546 Herr!
587 1494 623 1543 da
658 1502 722 1538 kein
737 1499 848 1541 Silber
861 1499 945 1539 mehr
965 1502 1001 1535 da
1020 1500 1062 1545 iſt,
1083 1499 1146 1533 und

239 1554 335 1595 „„du
352 1555 424 1593 auch
446 1556 522 1589 das
536 1557 613 1595 Vieh
639 1556 812 1590 bekommen
836 1554 921 1597 haſt,
949 1555 981 1594 iſt
996 1551 1050 1600 fuͤr
1070 1553 1147 1593 dich,

239 1601 394 1644 „„Herr,
424 1603 520 1638 nichts
538 1604 625 1644 mehr
644 1599 755 1645 uͤbrig,
786 1603 835 1635 als
854 1600 940 1641 unſre
964 1602 1062 1636 Leiber
1083 1602 1147 1635 und

131 1661 216 1690 19.
238 1642 383 1688 „„unſer
401 1648 491 1684 Land.
536 1637 602 1683 Du
623 1647 704 1688 wirſt
725 1648 794 1684 doch
812 1648 871 1681 uns
890 1638 950 1680 und
966 1646 1051 1685 unſer
1066 1645 1147 1682 Land

237 1700 374 1746 „„nicht
387 1700 493 1737 wollen
505 1694 736 1740 verſchmachten
752 1698 838 1744 ſehn!
870 1700 979 1735 Nimm
994 1701 1070 1734 denn
1080 1700 1149 1736 dies

160 1754 359 1799 „„und
374 1744 434 1789 uns
452 1751 501 1795 fuͤr
518 1755 621 1789 Brodt
640 1753 712 1798 hin:
741 1752 798 1788 wir
813 1751 875 1787 und
894 1750 979 1791 unſer
988 1751 1067 1788 Land
1083 1751 1148 1787 moͤ⸗

240 1814 353 1849 „„gen
376 1806 441 1841 dem
464 1801 581 1848 Koͤnige
605 1803 802 1850 zinspflichtig
821 1805 963 1848 werden,
994 1811 1081 1839 wenn
1105 1804 1148 1840 du

240 1870 356 1904 „„nur
372 1859 535 1897 Saatkorn
553 1860 636 1901 gibſt,
658 1861 754 1894 damit
775 1861 832 1895 wir
855 1867 904 1893 am
923 1858 1013 1894 Leben
1033 1858 1151 1894 bleiben

164 1923 220 1947 20.
245 1916 363 1956 „„und
379 1914 436 1950 das
446 1913 524 1948 Land
540 1914 617 1954 nicht
631 1912 684 1949 oͤde
697 1910 839 1949 werde.“
889 1909 1006 1954 Joſeph
1020 1918 1151 1953 gewann

241 1966 299 2008 „ſo
313 1969 364 2002 der
380 1966 529 2006 Aegypter
547 1964 624 2000 Land
642 1968 706 2000 dem
722 1963 857 2007 Koͤnige:
900 1963 936 2003 ſie
959 1961 1148 2005 uͤbergaben,

240 2013 315 2055 „als
347 2017 394 2050 die
412 2013 633 2057 Hungersnoth
653 2003 691 2052 ſie
716 2013 852 2058 druͤckte,
878 2011 944 2055 ihre
961 2013 1089 2059 Felder,
1117 2011 1149 2050 ſo

160 2079 214 2113 21.
240 2069 326 2115 „daß
337 2072 395 2105 das
411 2070 490 2106 Land
513 2070 543 2104 in
564 2071 621 2107 des
639 2067 759 2111 Koͤnigs
780 2068 903 2105 Gewalt
924 2067 1056 2109 gerieth:
1085 2067 1149 2100 und

244 2127 334 2167 „nun
343 2110 411 2164 ließ
427 2125 460 2154 er
478 2116 652 2165 (Joſeph)
680 2126 739 2154 von
756 2127 852 2156 einem
869 2118 953 2155 Ende
976 2118 1153 2160 Aegyptens

612 2177 679 2213 Cc
679 2177 721 2213 2

983 2179 1149 2228 22.„zum
