<?xml version="1.0" encoding="utf-8"?>
<PcGts xmlns="http://schema.primaresearch.org/PAGE/gts/pagecontent/2019-07-15" xmlns:xsi="http://www.w3.org/2001/XMLSchema-instance" pcGtsId="PAGE_01" xsi:schemaLocation="http://schema.primaresearch.org/PAGE/gts/pagecontent/2019-07-15 http://schema.primaresearch.org/PAGE/gts/pagecontent/2019-07-15/pagecontent.xsd">
  <Metadata>
    <Creator>OCR-D DFG Phase III</Creator>
    <Created>2024-01-19T13:08:24Z</Created>
    <LastChange>2024-01-19T13:08:24Z</LastChange>
    <Comments>ODEM: OCR-D extension for mass digitization (2021-2024)</Comments>
  </Metadata>
  <Page imageFilename="https://opendata.uni-halle.de/retrieve/1cbaf4bd-65f2-4502-8983-1d1c8045decd/00000016.jpg" imageWidth="2140" imageHeight="2677" type="content" primaryLanguage="German">
    <Border>
      <Coords points="251,63 187,2583 2011,2596 2030,123"/>
    </Border>
    <ReadingOrder>
      <OrderedGroup id="ro_1673601804014" caption="Regions reading order">
        <RegionRefIndexed index="0" regionRef="region0001"/>
        <RegionRefIndexed index="1" regionRef="region0002"/>
        <RegionRefIndexed index="2" regionRef="TextRegion_1673601388754_846"/>
        <RegionRefIndexed index="3" regionRef="TextRegion_1673601388753_845"/>
        <RegionRefIndexed index="4" regionRef="TextRegion_1673601384165_841"/>
        <RegionRefIndexed index="5" regionRef="region_1673601334307_825"/>
      </OrderedGroup>
    </ReadingOrder>
    <TextRegion orientation="-1.8608607" readingDirection="left-to-right" id="region0001" custom="readingOrder {index:0;}">
      <Coords points="539,185 2003,185 2003,641 539,641"/>
      <TextLine id="region0001_line0001" custom="readingOrder {index:0;}">
        <Coords points="1225,196 1211,205 1172,205 1158,202 1153,205 1112,205 1075,202 1073,197 1066,193 1055,192 1036,201 1024,201 997,200 990,192 978,192 963,198 938,197 930,191 918,191 909,196 868,200 834,198 828,192 815,191 809,197 778,198 771,193 755,188 723,189 718,186 702,187 697,191 692,186 677,186 671,195 634,192 626,186 539,185 539,244 572,247 582,239 592,239 605,245 659,245 668,242 682,242 700,251 712,251 722,246 761,243 776,247 785,253 794,252 799,245 808,245 814,249 826,250 834,245 843,245 849,251 886,252 899,245 927,251 949,245 972,245 980,246 987,253 1014,246 1035,252 1053,247 1067,257 1074,253 1126,256 1138,250 1166,258 1231,251 1266,252 1275,258 1287,261 1296,258 1341,262 1368,259 1377,267 1408,259 1416,259 1422,263 1428,259 1438,260 1444,265 1481,268 1503,264 1508,267 1539,268 1544,276 1572,277 1575,270 1581,267 1588,268 1594,272 1628,274 1640,279 1648,270 1663,268 1672,268 1680,281 1708,271 1725,273 1730,280 1740,282 1749,280 1757,271 1766,270 1784,273 1792,279 1805,278 1814,272 1822,272 1830,278 1939,280 1958,286 1970,281 2003,282 2002,235 1984,232 1974,221 1945,222 1937,230 1929,225 1920,224 1913,229 1869,231 1818,228 1809,219 1799,218 1794,221 1780,218 1768,227 1734,227 1705,224 1698,215 1665,219 1660,223 1648,223 1645,214 1631,213 1622,222 1615,221 1588,218 1581,210 1564,210 1556,211 1553,215 1537,215 1524,208 1509,207 1381,202 1377,205 1364,202 1358,207 1346,210 1305,210 1303,202 1299,199 1283,200 1274,208 1265,198 1253,200"/>
        <Baseline points="539,232 970,236 2003,271"/>
        <Word id="region0001_line0001_word0000" custom="readingOrder {index:0;}">
          <Coords points="550,189 548,240 579,240 582,239 592,239 597,241 664,243 668,242 682,242 685,243 722,245 724,194 672,192 671,195 634,192 633,191"/>
          <TextEquiv conf="0.8912392">
            <Unicode>Friderich</Unicode>
          </TextEquiv>
        </Word>
        <Word id="region0001_line0001_word0001" custom="readingOrder {index:1;}">
          <Coords points="741,196 739,244 761,243 776,247 779,249 795,249 799,245 800,245 802,198 790,197 778,198 776,197"/>
          <TextEquiv conf="0.9215053">
            <Unicode>bey</Unicode>
          </TextEquiv>
        </Word>
        <Word id="region0001_line0001_word0002" custom="readingOrder {index:2;}">
          <Coords points="817,199 893,202 891,245 815,242"/>
          <TextEquiv conf="0.9226639">
            <Unicode>dem</Unicode>
          </TextEquiv>
        </Word>
        <Word id="region0001_line0001_word0003" custom="readingOrder {index:3;}">
          <Coords points="1135,207 914,200 912,247 924,250 928,250 949,245 972,245 980,246 986,252 989,252 1014,246 1035,252 1053,247 1063,254 1070,255 1074,253 1126,256 1133,252"/>
          <TextEquiv conf="0.9090764">
            <Unicode>Lutherthum</Unicode>
          </TextEquiv>
        </Word>
        <Word id="region0001_line0001_word0004" custom="readingOrder {index:4;}">
          <Coords points="1343,260 1344,214 1157,208 1155,254 1192,255 1231,251 1266,252 1274,257 1294,258 1296,258 1304,258"/>
          <TextEquiv conf="0.9263292">
            <Unicode>verblieben</Unicode>
          </TextEquiv>
        </Word>
        <Word id="region0001_line0001_word0005" custom="readingOrder {index:5;}">
          <Coords points="1414,217 1361,215 1360,259 1368,259 1376,266 1378,266 1408,259 1413,259"/>
          <TextEquiv conf="0.9220414">
            <Unicode>iſt.</Unicode>
          </TextEquiv>
        </Word>
        <Word id="region0001_line0001_word0006" custom="readingOrder {index:6;}">
          <Coords points="1536,267 1537,221 1463,218 1462,264 1495,265 1503,264 1505,265"/>
          <TextEquiv conf="0.92763674">
            <Unicode>Die</Unicode>
          </TextEquiv>
        </Word>
        <Word id="region0001_line0001_word0007" custom="readingOrder {index:7;}">
          <Coords points="1546,219 1545,276 1572,277 1575,270 1581,267 1588,268 1594,272 1628,274 1640,279 1648,270 1663,268 1672,268 1680,281 1708,271 1725,273 1730,280 1740,282 1749,280 1752,276 1754,227 1734,227 1710,225 1660,223 1660,223 1648,223 1648,222 1622,222 1622,222 1618,221"/>
          <TextEquiv conf="0.91464907">
            <Unicode>Hauptfrag</Unicode>
          </TextEquiv>
        </Word>
        <Word id="region0001_line0001_word0008" custom="readingOrder {index:8;}">
          <Coords points="1813,229 1776,228 1775,271 1784,273 1785,274 1809,274 1812,273"/>
          <TextEquiv conf="0.92529327">
            <Unicode>iſt</Unicode>
          </TextEquiv>
        </Word>
        <Word id="region0001_line0001_word0009" custom="readingOrder {index:9;}">
          <Coords points="1831,240 1899,243 1898,276 1830,273"/>
          <TextEquiv conf="0.92280096">
            <Unicode>nur</Unicode>
          </TextEquiv>
        </Word>
        <Word id="region0001_line0001_word0010" custom="readingOrder {index:10;}">
          <Coords points="1920,231 1919,279 1939,280 1948,283 1963,283 1970,281 1999,281 1999,234 1994,233"/>
          <TextEquiv conf="0.92280096">
            <Unicode>diſe,</Unicode>
          </TextEquiv>
        </Word>
        <TextEquiv conf="0.91873056">
          <Unicode>Friderich bey dem Lutherthum verblieben iſt. Die Hauptfrag iſt nur diſe,</Unicode>
        </TextEquiv>
      </TextLine>
      <TextLine id="region0001_line0002" custom="readingOrder {index:1;}">
        <Coords points="1231,252 1166,259 1138,251 1126,257 1067,258 1053,248 1046,248 1034,256 1028,255 1027,251 1018,247 990,254 977,246 949,246 919,253 905,246 894,247 886,253 852,253 843,246 834,246 825,253 815,252 808,246 799,246 794,253 785,254 776,248 761,244 722,247 712,252 690,249 682,243 664,244 658,249 599,247 595,241 582,240 572,248 540,247 540,292 572,289 582,295 591,289 597,289 604,295 656,296 661,300 674,301 682,296 698,297 705,291 719,289 751,297 771,294 775,297 821,304 832,300 839,294 851,295 856,298 871,294 884,299 939,298 974,303 1004,301 1016,296 1036,297 1043,305 1053,302 1073,304 1079,300 1091,299 1102,306 1127,302 1141,306 1156,301 1184,301 1193,307 1219,306 1226,310 1247,308 1260,312 1268,309 1279,313 1288,307 1322,312 1359,311 1366,307 1380,307 1388,312 1399,312 1408,319 1423,314 1483,317 1489,314 1509,319 1556,323 1561,314 1566,323 1580,327 1590,327 1601,318 1608,318 1615,323 1635,319 1642,328 1647,329 1655,323 1694,325 1704,328 1711,324 1744,321 1748,324 1775,329 1792,323 1807,327 1812,332 1823,332 1847,323 1866,324 1885,329 1901,329 1912,324 1923,325 1932,331 1968,326 1977,326 1983,330 2002,331 2003,283 1970,282 1959,287 1939,281 1861,282 1830,280 1822,273 1814,273 1805,279 1792,280 1784,274 1766,271 1757,272 1749,281 1740,283 1730,281 1725,274 1708,272 1680,282 1672,269 1663,269 1648,271 1639,280 1630,277 1598,275 1588,269 1577,269 1572,278 1544,277 1539,269 1508,268 1503,265 1495,265 1487,269 1467,269 1444,266 1438,261 1428,260 1422,264 1416,260 1408,260 1377,268 1368,260 1360,260 1354,264 1303,263 1275,259 1266,253"/>
        <Baseline points="540,281 2002,320"/>
        <Word id="region0001_line0002_word0000" custom="readingOrder {index:0;}">
          <Coords points="578,244 572,248 555,247 554,287 599,288 600,247 599,247 597,244"/>
          <TextEquiv conf="0.9294091">
            <Unicode>ob</Unicode>
          </TextEquiv>
        </Word>
        <Word id="region0001_line0002_word0001" custom="readingOrder {index:1;}">
          <Coords points="661,246 658,249 614,248 612,295 656,296 658,297 679,298 682,296 698,297 705,291 711,290 713,252 712,252 690,249 688,247"/>
          <TextEquiv conf="0.9245243">
            <Unicode>unſer</Unicode>
          </TextEquiv>
        </Word>
        <Word id="region0001_line0002_word0002" custom="readingOrder {index:2;}">
          <Coords points="733,249 731,292 751,297 771,294 775,297 794,300 829,301 832,300 839,294 851,295 856,298 871,294 884,299 939,298 974,303 1004,301 1016,296 1036,297 1043,305 1053,302 1058,303 1060,259 864,253 852,253 852,253 826,252 825,253 815,252 814,251 795,251 794,253 785,254 780,250"/>
          <TextEquiv>
            <Unicode>Original ⸗ Brief</Unicode>
          </TextEquiv>
        </Word>
        <Word id="region0001_line0002_word0003" custom="readingOrder {index:3;}">
          <Coords points="1293,265 1070,258 1068,303 1073,304 1079,300 1091,299 1102,306 1127,302 1141,306 1156,301 1184,301 1193,307 1219,306 1226,310 1247,308 1260,312 1268,309 1279,313 1288,307 1291,307"/>
          <TextEquiv conf="0.9218771">
            <Unicode>authentiſch,</Unicode>
          </TextEquiv>
        </Word>
        <Word id="region0001_line0002_word0004" custom="readingOrder {index:4;}">
          <Coords points="1383,274 1312,272 1310,310 1316,311 1333,311 1359,311 1366,307 1380,307 1381,307"/>
          <TextEquiv conf="0.9218771">
            <Unicode>und</Unicode>
          </TextEquiv>
        </Word>
        <Word id="region0001_line0002_word0005" custom="readingOrder {index:5;}">
          <Coords points="1521,273 1402,270 1400,312 1408,319 1423,314 1483,317 1489,314 1509,319 1519,319"/>
          <TextEquiv conf="0.9260937">
            <Unicode>hiemit</Unicode>
          </TextEquiv>
        </Word>
        <Word id="region0001_line0002_word0006" custom="readingOrder {index:6;}">
          <Coords points="1539,272 1537,321 1556,323 1561,314 1566,323 1580,327 1590,327 1601,318 1608,318 1615,323 1635,319 1642,328 1647,329 1655,323 1694,325 1704,328 1711,324 1723,322 1725,278 1694,277 1680,282 1676,276 1643,275 1639,280 1630,277 1598,275 1596,273 1574,273 1572,278 1544,277 1540,272"/>
          <TextEquiv conf="0.91518">
            <Unicode>Churfuͤrſt</Unicode>
          </TextEquiv>
        </Word>
        <Word id="region0001_line0002_word0007" custom="readingOrder {index:7;}">
          <Coords points="1903,285 1754,280 1752,324 1775,329 1792,323 1807,327 1812,332 1823,332 1847,323 1866,324 1885,329 1901,329 1902,328"/>
          <TextEquiv conf="0.93123007">
            <Unicode>Johann</Unicode>
          </TextEquiv>
        </Word>
        <Word id="region0001_line0002_word0008" custom="readingOrder {index:8;}">
          <Coords points="1994,296 1927,294 1926,327 1930,330 1936,330 1968,326 1977,326 1983,330 1993,330"/>
          <TextEquiv conf="0.92009133">
            <Unicode>vor</Unicode>
          </TextEquiv>
        </Word>
        <TextEquiv>
          <Unicode>ob unſer Original ⸗ Brief authentiſch, und hiemit Churfuͤrſt Johann vor</Unicode>
        </TextEquiv>
      </TextLine>
      <TextLine id="region0001_line0003" custom="readingOrder {index:2;}">
        <Coords points="1372,308 1357,314 1313,313 1288,308 1279,314 1270,310 1260,313 1239,308 1226,311 1219,307 1193,308 1182,302 1171,304 1171,311 1164,316 1153,315 1149,311 1150,304 1137,307 1133,303 1126,303 1116,307 1100,307 1091,300 1079,301 1073,305 1053,303 1043,306 1036,298 1016,297 1004,302 974,304 884,300 871,295 855,299 851,296 839,295 832,301 821,305 775,298 771,295 751,298 719,290 705,292 698,298 682,297 674,302 661,301 656,297 605,298 597,290 591,290 573,304 556,303 551,293 540,293 539,337 540,340 544,340 555,331 564,331 575,342 588,338 597,339 602,344 621,344 631,344 639,338 647,338 654,343 693,341 726,348 739,340 754,341 760,345 808,346 813,343 826,347 857,348 874,342 882,343 890,348 916,349 941,345 948,349 971,352 1010,353 1015,350 1028,353 1077,353 1091,359 1100,356 1137,357 1151,347 1156,348 1162,354 1180,361 1195,357 1234,356 1241,351 1260,355 1268,360 1288,355 1300,355 1306,361 1312,363 1334,356 1350,359 1364,367 1374,368 1380,363 1387,363 1392,368 1403,369 1412,364 1424,364 1429,361 1439,364 1446,360 1465,363 1470,367 1524,370 1544,366 1550,369 1600,372 1617,370 1622,376 1629,376 1637,370 1660,375 1691,373 1701,368 1726,375 1760,378 1847,379 1861,374 1871,375 1902,379 1915,384 1927,379 1959,381 2003,378 2002,336 1984,334 1977,327 1953,328 1945,332 1928,332 1919,325 1896,331 1847,324 1823,333 1799,329 1792,324 1775,330 1748,325 1744,322 1711,325 1704,329 1694,326 1664,327 1655,324 1647,330 1642,329 1635,320 1627,320 1616,325 1608,319 1601,319 1586,329 1571,324 1506,320 1494,316 1459,319 1433,319 1423,315 1408,320 1400,315 1389,315 1384,309"/>
        <Baseline points="539,329 2002,368"/>
        <Word id="region0001_line0003_word0000" custom="readingOrder {index:0;}">
          <Coords points="586,294 573,304 556,303 553,297 551,334 555,331 564,331 569,336 643,338 647,338 647,338 674,339 675,301 674,302 661,301 656,297 605,298 602,295"/>
          <TextEquiv>
            <Unicode>ſeinem</Unicode>
          </TextEquiv>
        </Word>
        <Word id="region0001_line0003_word0001" custom="readingOrder {index:1;}">
          <Coords points="702,296 701,343 703,343 733,344 739,340 754,341 759,344 782,345 783,299 775,298 775,298 756,297 751,298 747,297"/>
          <TextEquiv conf="0.9249181">
            <Unicode>Tod</Unicode>
          </TextEquiv>
        </Word>
        <Word id="region0001_line0003_word0002" custom="readingOrder {index:2;}">
          <Coords points="801,302 800,343 812,343 813,343 815,343 865,345 874,342 882,343 887,346 928,347 941,345 946,348 984,349 985,308 827,303 821,305 801,302"/>
          <TextEquiv conf="0.923983">
            <Unicode>wiederum</Unicode>
          </TextEquiv>
        </Word>
        <Word id="region0001_line0003_word0003" custom="readingOrder {index:3;}">
          <Coords points="1005,307 1004,352 1010,353 1015,350 1028,353 1077,353 1091,359 1100,356 1137,357 1151,347 1156,348 1162,354 1180,361 1195,357 1196,356 1197,313 1169,312 1164,316 1153,315 1149,311"/>
          <TextEquiv>
            <Unicode>Catholiſch</Unicode>
          </TextEquiv>
        </Word>
        <Word id="region0001_line0003_word0004" custom="readingOrder {index:4;}">
          <Coords points="1347,320 1209,315 1208,356 1234,356 1241,351 1260,355 1266,359 1270,359 1288,355 1300,355 1305,360 1318,360 1334,356 1346,358"/>
          <TextEquiv conf="0.9255735">
            <Unicode>worden</Unicode>
          </TextEquiv>
        </Word>
        <Word id="region0001_line0003_word0005" custom="readingOrder {index:5;}">
          <Coords points="1362,317 1360,364 1364,367 1374,368 1380,363 1387,363 1392,368 1403,369 1412,364 1424,364 1429,361 1439,364 1446,360 1449,360 1451,320 1411,318 1408,320 1405,318"/>
          <TextEquiv conf="0.9255294">
            <Unicode>ſeye,</Unicode>
          </TextEquiv>
        </Word>
        <Word id="region0001_line0003_word0006" custom="readingOrder {index:6;}">
          <Coords points="1547,366 1548,327 1467,325 1466,364 1466,364"/>
          <TextEquiv conf="0.9280172">
            <Unicode>oder</Unicode>
          </TextEquiv>
        </Word>
        <Word id="region0001_line0003_word0007" custom="readingOrder {index:7;}">
          <Coords points="1573,326 1571,370 1600,372 1617,370 1620,374 1630,374 1637,370 1660,375 1671,374 1673,329 1649,328 1647,330 1642,329 1641,328 1589,326 1586,329 1577,326"/>
          <TextEquiv conf="0.92714906">
            <Unicode>nicht.</Unicode>
          </TextEquiv>
        </Word>
        <Word id="region0001_line0003_word0008" custom="readingOrder {index:8;}">
          <Coords points="1812,336 1722,333 1720,373 1726,375 1747,376 1790,378 1810,378"/>
          <TextEquiv conf="0.9239665">
            <Unicode>Wir</Unicode>
          </TextEquiv>
        </Word>
        <Word id="region0001_line0003_word0009" custom="readingOrder {index:9;}">
          <Coords points="1993,339 1835,334 1833,378 1847,379 1861,374 1871,375 1902,379 1915,384 1927,379 1959,381 1991,378"/>
          <TextEquiv conf="0.871241">
            <Unicode>Catholi⸗</Unicode>
          </TextEquiv>
        </Word>
        <TextEquiv>
          <Unicode>ſeinem Tod wiederum Catholiſch worden ſeye, oder nicht. Wir Catholi⸗</Unicode>
        </TextEquiv>
      </TextLine>
      <TextLine id="region0001_line0004" custom="readingOrder {index:3;}">
        <Coords points="1151,348 1137,358 1098,358 1091,360 1077,354 1028,354 1015,351 1010,354 954,353 941,346 932,345 916,351 889,349 882,344 857,349 826,348 819,345 808,347 760,346 754,342 739,341 726,349 701,346 693,342 655,345 647,339 639,339 630,345 602,345 597,340 582,339 569,352 553,351 545,342 540,342 539,391 544,391 552,382 562,382 571,392 585,394 635,387 640,391 686,393 701,399 715,394 741,398 748,389 758,390 763,395 822,394 835,396 849,394 866,399 876,394 887,394 892,397 914,395 921,400 938,401 972,400 995,395 1036,399 1056,404 1074,405 1087,399 1097,400 1104,405 1134,401 1141,410 1146,410 1162,406 1178,406 1186,402 1196,401 1202,404 1211,400 1225,402 1229,406 1244,403 1251,408 1304,410 1317,414 1333,408 1342,414 1454,417 1494,417 1520,412 1614,421 1624,416 1633,416 1645,423 1688,425 1699,429 1711,421 1734,421 1746,427 1850,429 1866,433 1898,432 1905,435 1931,431 2003,431 2002,381 1987,380 1925,382 1914,385 1887,377 1871,376 1861,375 1847,380 1760,379 1726,376 1701,369 1690,374 1660,376 1637,371 1629,377 1622,377 1617,371 1570,372 1538,367 1523,371 1498,370 1470,368 1465,364 1446,361 1439,365 1429,362 1424,365 1412,365 1403,370 1392,369 1387,365 1363,368 1350,360 1334,357 1312,364 1305,362 1300,356 1288,356 1268,361 1260,356 1241,352 1234,357 1195,358 1180,362 1162,355 1156,349"/>
        <Baseline points="539,379 2003,420"/>
        <Word id="region0001_line0004_word0000" custom="readingOrder {index:0;}">
          <Coords points="579,341 569,352 553,351 549,347 548,386 552,382 562,382 567,387 616,389 617,345 602,345 599,342"/>
          <TextEquiv>
            <Unicode>ſche</Unicode>
          </TextEquiv>
        </Word>
        <Word id="region0001_line0004_word0001" custom="readingOrder {index:1;}">
          <Coords points="637,342 635,387 640,391 686,393 688,394 714,395 715,394 720,395 743,395 748,389 758,390 763,395 822,394 823,394 825,348 767,346 760,346 760,346 732,345 726,349 701,346 697,344 677,343 655,345 652,342"/>
          <TextEquiv conf="0.92354894">
            <Unicode>insgeſamt</Unicode>
          </TextEquiv>
        </Word>
        <Word id="region0001_line0004_word0002" custom="readingOrder {index:2;}">
          <Coords points="859,348 857,349 843,348 842,394 849,394 861,397 868,397 876,394 887,394 892,397 914,395 920,399 949,400 972,400 990,396 991,353 954,353 951,351 917,350 916,351 901,349"/>
          <TextEquiv conf="0.92690665">
            <Unicode>glauben</Unicode>
          </TextEquiv>
        </Word>
        <Word id="region0001_line0004_word0003" custom="readingOrder {index:3;}">
          <Coords points="1085,360 1018,358 1016,397 1036,399 1043,400 1080,401 1083,400"/>
          <TextEquiv conf="0.9287777">
            <Unicode>das</Unicode>
          </TextEquiv>
        </Word>
        <Word id="region0001_line0004_word0004" custom="readingOrder {index:4;}">
          <Coords points="1144,353 1137,358 1104,358 1102,404 1104,405 1134,401 1141,410 1146,410 1162,406 1178,406 1178,406 1180,362 1162,355 1160,353"/>
          <TextEquiv conf="0.9271584">
            <Unicode>erſte</Unicode>
          </TextEquiv>
        </Word>
        <Word id="region0001_line0004_word0005" custom="readingOrder {index:5;}">
          <Coords points="1264,405 1266,361 1204,359 1202,403 1204,403 1211,400 1225,402 1226,403 1238,404 1244,403 1245,404"/>
          <TextEquiv conf="0.9326915">
            <Unicode>mit</Unicode>
          </TextEquiv>
        </Word>
        <Word id="region0001_line0004_word0006" custom="readingOrder {index:6;}">
          <Coords points="1283,364 1281,409 1304,410 1317,414 1333,408 1342,414 1401,415 1402,369 1392,369 1390,367 1371,366 1363,368 1360,366"/>
          <TextEquiv conf="0.93087554">
            <Unicode>beſtem</Unicode>
          </TextEquiv>
        </Word>
        <Word id="region0001_line0004_word0007" custom="readingOrder {index:7;}">
          <Coords points="1575,417 1576,373 1426,368 1424,412 1505,414 1520,412 1570,416"/>
          <TextEquiv conf="0.9176777">
            <Unicode>Grund:</Unicode>
          </TextEquiv>
        </Word>
        <Word id="region0001_line0004_word0008" custom="readingOrder {index:8;}">
          <Coords points="1607,376 1606,416 1623,417 1624,416 1633,416 1635,417 1658,418 1659,378 1629,377 1629,377 1622,377 1622,377"/>
          <TextEquiv conf="0.9318142">
            <Unicode>die</Unicode>
          </TextEquiv>
        </Word>
        <Word id="region0001_line0004_word0009" custom="readingOrder {index:9;}">
          <Coords points="1684,376 1683,424 1688,425 1691,426 1702,426 1711,421 1734,421 1746,427 1820,428 1821,380 1804,379 1760,379 1746,377"/>
          <TextEquiv conf="0.92262685">
            <Unicode>Herren</Unicode>
          </TextEquiv>
        </Word>
        <Word id="region0001_line0004_word0010" custom="readingOrder {index:10;}">
          <Coords points="1848,382 1847,428 1850,429 1859,431 1886,432 1898,432 1900,432 1915,433 1931,431 1989,431 1990,387 1916,384 1914,385 1911,384"/>
          <TextEquiv conf="0.9232012">
            <Unicode>Gegner</Unicode>
          </TextEquiv>
        </Word>
        <TextEquiv>
          <Unicode>ſche insgeſamt glauben das erſte mit beſtem Grund: die Herren Gegner</Unicode>
        </TextEquiv>
      </TextLine>
      <TextLine id="region0001_line0005" custom="readingOrder {index:4;}">
        <Coords points="1211,401 1202,405 1196,402 1186,403 1178,407 1162,407 1146,411 1141,411 1134,402 1116,402 1110,406 1104,406 1097,401 1087,400 1074,406 1056,405 1036,400 995,396 941,403 921,401 914,396 893,398 876,395 866,400 849,395 833,398 763,396 758,391 748,390 741,399 715,395 701,400 686,394 640,392 634,388 585,395 571,393 562,383 552,383 544,392 539,392 539,428 540,433 551,435 585,432 595,438 613,439 623,435 641,436 654,442 675,436 683,438 699,435 736,437 743,442 778,444 790,450 798,449 804,441 819,442 837,449 849,443 861,443 867,448 893,450 902,455 909,456 919,451 974,453 980,449 992,449 998,453 1008,455 1031,453 1050,455 1059,460 1069,457 1085,459 1102,451 1135,456 1159,451 1171,457 1205,457 1209,460 1219,461 1247,454 1273,464 1281,464 1290,455 1303,455 1314,460 1335,456 1359,466 1371,467 1383,461 1405,460 1408,457 1434,458 1444,454 1470,457 1485,462 1499,461 1506,465 1536,467 1547,462 1559,462 1577,467 1586,464 1597,464 1611,470 1695,467 1718,480 1737,475 1769,476 1776,470 1794,477 1829,475 1835,477 1838,482 1848,484 1874,483 1888,478 1906,479 1926,474 1936,474 1942,478 2002,479 2003,433 1931,432 1905,436 1898,433 1747,429 1734,422 1711,422 1699,430 1688,426 1643,424 1641,420 1633,417 1624,417 1614,422 1520,413 1494,418 1454,418 1342,415 1333,409 1317,415 1251,409 1244,404 1229,407 1225,403"/>
        <Baseline points="539,423 942,441 1449,447 1826,467 2002,468"/>
        <Word id="region0001_line0005_word0000" custom="readingOrder {index:0;}">
          <Coords points="549,389 548,434 551,435 585,432 594,437 616,438 623,435 641,436 647,439 663,439 675,436 683,438 687,437 688,395 686,394 640,392 639,392 614,391 585,395 571,393 568,390"/>
          <TextEquiv>
            <Unicode>werden</Unicode>
          </TextEquiv>
        </Word>
        <Word id="region0001_line0005_word0001" custom="readingOrder {index:1;}">
          <Coords points="709,397 706,397 706,435 736,437 738,438 773,440 774,399 741,398 741,399 733,397"/>
          <TextEquiv conf="0.9268471">
            <Unicode>wir</Unicode>
          </TextEquiv>
        </Word>
        <Word id="region0001_line0005_word0002" custom="readingOrder {index:2;}">
          <Coords points="825,410 787,409 786,448 790,450 798,449 804,441 819,442 824,444"/>
          <TextEquiv conf="0.9228214">
            <Unicode>zu</Unicode>
          </TextEquiv>
        </Word>
        <Word id="region0001_line0005_word0003" custom="readingOrder {index:3;}">
          <Coords points="974,405 839,400 837,448 849,443 861,443 867,448 893,450 900,454 911,454 919,451 972,452"/>
          <TextEquiv conf="0.92839414">
            <Unicode>ſolchem</Unicode>
          </TextEquiv>
        </Word>
        <Word id="region0001_line0005_word0004" custom="readingOrder {index:4;}">
          <Coords points="1137,412 989,407 987,449 992,449 998,453 1008,455 1031,453 1050,455 1058,459 1061,459 1069,457 1085,459 1102,451 1135,456 1135,456"/>
          <TextEquiv conf="0.92467713">
            <Unicode>Beyfall</Unicode>
          </TextEquiv>
        </Word>
        <Word id="region0001_line0005_word0005" custom="readingOrder {index:5;}">
          <Coords points="1245,414 1160,411 1158,451 1159,451 1171,457 1205,457 1209,460 1212,460 1221,460 1243,455"/>
          <TextEquiv conf="0.92541045">
            <Unicode>nicht</Unicode>
          </TextEquiv>
        </Word>
        <Word id="region0001_line0005_word0006" custom="readingOrder {index:6;}">
          <Coords points="1435,422 1264,416 1262,459 1273,464 1281,464 1290,455 1303,455 1314,460 1335,456 1359,466 1371,467 1383,461 1405,460 1408,457 1433,457"/>
          <TextEquiv conf="0.92701286">
            <Unicode>zwingen.</Unicode>
          </TextEquiv>
        </Word>
        <Word id="region0001_line0005_word0007" custom="readingOrder {index:7;}">
          <Coords points="1581,427 1496,425 1494,461 1499,461 1506,465 1536,467 1536,467 1547,462 1559,462 1577,467 1579,466"/>
          <TextEquiv conf="0.9203179">
            <Unicode>Mir</Unicode>
          </TextEquiv>
        </Word>
        <Word id="region0001_line0005_word0008" custom="readingOrder {index:8;}">
          <Coords points="1679,429 1598,426 1596,464 1597,464 1611,470 1677,468"/>
          <TextEquiv conf="0.92745245">
            <Unicode>aber</Unicode>
          </TextEquiv>
        </Word>
        <Word id="region0001_line0005_word0009" custom="readingOrder {index:9;}">
          <Coords points="1709,422 1699,430 1688,426 1683,425 1682,467 1695,467 1718,480 1737,475 1745,475 1746,428 1737,423"/>
          <TextEquiv conf="0.8970443">
            <Unicode>iſt</Unicode>
          </TextEquiv>
        </Word>
        <Word id="region0001_line0005_word0010" custom="readingOrder {index:10;}">
          <Coords points="1886,434 1753,430 1751,475 1769,476 1776,470 1794,477 1829,475 1835,477 1838,482 1847,483 1849,483 1874,483 1884,479"/>
          <TextEquiv conf="0.8970443">
            <Unicode>genug,</Unicode>
          </TextEquiv>
        </Word>
        <Word id="region0001_line0005_word0011" custom="readingOrder {index:11;}">
          <Coords points="1986,442 1912,439 1911,476 1917,476 1926,474 1936,474 1940,477 1973,478 1985,478"/>
          <TextEquiv conf="0.93011194">
            <Unicode>dem</Unicode>
          </TextEquiv>
        </Word>
        <TextEquiv>
          <Unicode>werden wir zu ſolchem Beyfall nicht zwingen. Mir aber iſt genug, dem</Unicode>
        </TextEquiv>
      </TextLine>
      <TextLine id="region0001_line0006" custom="readingOrder {index:5;}">
        <Coords points="1444,455 1434,459 1408,458 1405,461 1383,462 1371,468 1341,464 1335,457 1321,459 1315,463 1308,458 1290,456 1277,466 1247,455 1219,462 1204,458 1169,459 1159,452 1139,458 1122,458 1116,452 1102,452 1085,460 1069,458 1062,461 1031,454 998,456 992,450 980,450 966,455 918,453 902,456 895,452 867,449 861,444 849,444 839,450 819,443 804,442 794,451 783,450 778,445 743,443 736,438 709,436 687,436 683,439 675,437 655,443 641,437 623,436 613,440 595,439 585,433 573,436 562,433 555,436 540,434 539,486 559,482 569,490 622,490 638,494 646,490 686,491 697,497 713,490 726,495 737,487 809,495 836,492 843,496 854,494 885,499 899,495 907,505 918,506 939,498 951,504 968,496 978,496 985,501 993,500 1006,507 1016,503 1039,504 1050,507 1070,498 1098,499 1106,506 1115,506 1132,501 1139,503 1147,500 1158,507 1186,502 1206,509 1219,507 1272,509 1284,514 1309,512 1314,516 1323,517 1332,512 1370,513 1375,509 1384,508 1393,512 1469,515 1489,510 1501,511 1505,514 1550,515 1557,512 1566,512 1572,518 1578,517 1586,523 1610,518 1669,524 1680,523 1695,527 1704,523 1741,522 1750,530 1758,530 1766,526 1800,528 1805,533 1812,534 1824,528 1865,530 1882,525 1891,527 1895,531 1903,526 1915,526 1921,536 1933,537 2003,528 2002,485 1942,479 1936,475 1856,485 1841,484 1829,476 1792,478 1781,471 1776,471 1769,477 1729,476 1718,481 1695,468 1611,471 1597,465 1585,465 1577,468 1559,463 1546,463 1536,468 1506,466 1499,462 1485,463 1470,458"/>
        <Baseline points="539,476 2002,518"/>
        <Word id="region0001_line0006_word0000" custom="readingOrder {index:0;}">
          <Coords points="549,439 547,484 559,482 569,490 622,490 636,493 638,493 646,490 686,491 694,495 700,495 713,490 726,495 737,487 780,491 781,448 778,445 657,442 655,443 652,442"/>
          <TextEquiv conf="0.9196456">
            <Unicode>Catholiſchen</Unicode>
          </TextEquiv>
        </Word>
        <Word id="region0001_line0006_word0001" custom="readingOrder {index:1;}">
          <Coords points="802,447 800,494 809,495 836,492 843,496 854,494 885,499 886,498 887,451 870,449 841,448 839,450 833,448"/>
          <TextEquiv>
            <Unicode>Leſ r</Unicode>
          </TextEquiv>
        </Word>
        <Word id="region0001_line0006_word0002" custom="readingOrder {index:2;}">
          <Coords points="969,453 966,455 918,453 904,455 903,500 903,501 928,502 939,498 948,502 953,502 968,496 978,496 985,501 993,500 1002,504 1010,505 1016,503 1029,503 1030,456 1010,455 998,456 996,454"/>
          <TextEquiv conf="0.92947006">
            <Unicode>gezeigt</Unicode>
          </TextEquiv>
        </Word>
        <Word id="region0001_line0006_word0003" custom="readingOrder {index:3;}">
          <Coords points="1082,465 1045,464 1044,504 1055,504 1070,498 1081,498"/>
          <TextEquiv conf="0.92947006">
            <Unicode>zu</Unicode>
          </TextEquiv>
        </Word>
        <Word id="region0001_line0006_word0004" custom="readingOrder {index:4;}">
          <Coords points="1101,458 1100,501 1105,505 1117,506 1132,501 1139,503 1147,500 1158,507 1158,507 1186,502 1204,508 1209,509 1219,507 1222,507 1223,462 1219,462 1219,462 1218,462"/>
          <TextEquiv conf="0.9263736">
            <Unicode>haben,</Unicode>
          </TextEquiv>
        </Word>
        <Word id="region0001_line0006_word0005" custom="readingOrder {index:5;}">
          <Coords points="1239,462 1238,507 1272,509 1277,511 1305,512 1306,465 1279,463 1277,466 1269,463"/>
          <TextEquiv conf="0.9321314">
            <Unicode>daß</Unicode>
          </TextEquiv>
        </Word>
        <Word id="region0001_line0006_word0006" custom="readingOrder {index:6;}">
          <Coords points="1390,469 1320,467 1319,516 1323,517 1332,512 1370,513 1375,509 1384,508 1389,510"/>
          <TextEquiv conf="0.9259552">
            <Unicode>jene</Unicode>
          </TextEquiv>
        </Word>
        <Word id="region0001_line0006_word0007" custom="readingOrder {index:7;}">
          <Coords points="1624,476 1400,469 1399,512 1469,515 1489,510 1501,511 1505,514 1550,515 1557,512 1566,512 1572,518 1578,517 1586,523 1610,518 1623,519"/>
          <TextEquiv conf="0.92276436">
            <Unicode>Wiederkehr</Unicode>
          </TextEquiv>
        </Word>
        <Word id="region0001_line0006_word0008" custom="readingOrder {index:8;}">
          <Coords points="1648,474 1646,521 1669,524 1680,523 1695,527 1704,523 1741,522 1750,530 1758,530 1766,526 1800,528 1804,532 1815,532 1824,528 1865,530 1882,525 1891,527 1893,529 1895,482 1883,481 1856,485 1841,484 1835,480 1727,476 1718,481 1709,475"/>
          <TextEquiv conf="0.74063486">
            <Unicode>Churfuͤrſtens</Unicode>
          </TextEquiv>
        </Word>
        <Word id="region0001_line0006_word0009" custom="readingOrder {index:9;}">
          <Coords points="1985,486 1912,483 1910,526 1915,526 1920,535 1939,536 1983,530"/>
          <TextEquiv conf="0.9301376">
            <Unicode>Jo⸗</Unicode>
          </TextEquiv>
        </Word>
        <TextEquiv>
          <Unicode>Catholiſchen Leſ r gezeigt zu haben, daß jene Wiederkehr Churfuͤrſtens Jo⸗</Unicode>
        </TextEquiv>
      </TextLine>
      <TextLine id="region0001_line0007" custom="readingOrder {index:6;}">
        <Coords points="1557,513 1552,515 1549,520 1528,521 1519,514 1505,515 1501,512 1489,511 1469,517 1429,513 1413,516 1394,515 1384,509 1375,510 1370,515 1332,513 1323,518 1310,514 1284,515 1264,510 1219,508 1206,510 1186,503 1158,509 1147,501 1139,504 1132,502 1115,507 1106,507 1098,500 1070,499 1050,508 1017,504 1006,508 997,502 985,502 978,497 968,497 951,505 939,499 918,507 907,506 899,496 885,500 854,495 843,497 836,493 809,496 759,490 751,492 742,488 737,488 726,496 713,491 697,498 686,492 644,492 638,495 622,491 569,491 559,483 547,484 539,489 540,537 556,542 572,538 590,539 597,537 624,540 640,541 648,538 662,546 671,543 750,546 760,542 779,543 788,541 797,544 815,543 825,548 848,543 859,545 864,549 889,549 902,553 912,549 934,548 952,544 960,544 968,554 978,549 993,552 1003,547 1012,551 1041,548 1048,553 1075,556 1103,550 1111,555 1150,558 1181,551 1212,555 1221,550 1229,550 1234,555 1262,553 1278,560 1295,556 1305,566 1311,567 1325,561 1356,562 1374,557 1397,559 1404,564 1466,565 1474,561 1484,562 1489,567 1537,567 1548,563 1587,569 1626,564 1645,568 1649,564 1661,564 1668,567 1679,561 1702,561 1710,571 1724,571 1728,574 1745,572 1772,576 1913,580 1922,573 1935,575 1946,571 1955,581 1965,583 2003,581 2002,538 1996,537 1972,536 1963,533 1949,535 1943,544 1938,536 1923,538 1915,527 1903,527 1896,532 1882,526 1864,531 1821,531 1810,535 1800,531 1764,528 1750,531 1741,523 1725,522 1719,526 1702,525 1695,528 1682,525 1606,520 1586,524 1579,519 1573,520 1566,513"/>
        <Baseline points="539,526 1679,561 1703,562 2003,571"/>
        <Word id="region0001_line0007_word0000" custom="readingOrder {index:0;}">
          <Coords points="547,490 545,539 554,541 558,541 572,538 590,539 597,537 624,540 640,541 641,541 643,493 642,493 638,495 628,493 579,491 569,491 569,491"/>
          <TextEquiv conf="0.9265622">
            <Unicode>hann</Unicode>
          </TextEquiv>
        </Word>
        <Word id="region0001_line0007_word0001" custom="readingOrder {index:1;}">
          <Coords points="712,505 655,503 653,540 658,544 666,544 671,543 710,544"/>
          <TextEquiv conf="0.92952204">
            <Unicode>zur</Unicode>
          </TextEquiv>
        </Word>
        <Word id="region0001_line0007_word0002" custom="readingOrder {index:2;}">
          <Coords points="727,497 725,545 750,546 760,542 779,543 788,541 797,544 815,543 825,548 848,543 859,545 864,549 889,549 896,551 905,551 912,549 934,548 952,544 960,544 967,553 968,553 978,549 993,552 1003,547 1012,551 1041,548 1048,553 1050,553 1051,507 1050,508 1038,506 1012,505 1006,508 1002,505 953,503 951,505 948,503 928,503 918,507 907,506 904,502"/>
          <TextEquiv conf="0.44353426">
            <Unicode>Alt⸗Catholiſchen</Unicode>
          </TextEquiv>
        </Word>
        <Word id="region0001_line0007_word0003" custom="readingOrder {index:3;}">
          <Coords points="1231,513 1064,508 1062,555 1075,556 1103,550 1111,555 1150,558 1181,551 1212,555 1221,550 1229,550 1229,550"/>
          <TextEquiv conf="0.9308417">
            <Unicode>Religion</Unicode>
          </TextEquiv>
        </Word>
        <Word id="region0001_line0007_word0004" custom="readingOrder {index:4;}">
          <Coords points="1251,514 1249,553 1262,553 1278,560 1295,556 1304,565 1313,566 1325,561 1356,562 1374,557 1397,559 1404,564 1438,564 1440,520 1325,516 1323,518 1316,516"/>
          <TextEquiv conf="0.92407084">
            <Unicode>ungereimt</Unicode>
          </TextEquiv>
        </Word>
        <Word id="region0001_line0007_word0005" custom="readingOrder {index:5;}">
          <Coords points="1519,564 1521,523 1463,521 1461,563 1469,563 1474,561 1484,562 1485,563"/>
          <TextEquiv conf="0.8371637">
            <Unicode>als</Unicode>
          </TextEquiv>
        </Word>
        <Word id="region0001_line0007_word0006" custom="readingOrder {index:6;}">
          <Coords points="1610,525 1539,523 1537,565 1542,565 1548,563 1566,565 1603,566 1608,566"/>
          <TextEquiv conf="0.9306755">
            <Unicode>eine</Unicode>
          </TextEquiv>
        </Word>
        <Word id="region0001_line0007_word0007" custom="readingOrder {index:7;}">
          <Coords points="1627,529 1626,564 1645,568 1649,564 1661,564 1668,567 1679,561 1702,561 1710,571 1724,571 1728,574 1745,572 1768,575 1851,578 1852,536 1811,535 1810,535 1809,535"/>
          <TextEquiv>
            <Unicode>ungeheuere</Unicode>
          </TextEquiv>
        </Word>
        <Word id="region0001_line0007_word0008" custom="readingOrder {index:8;}">
          <Coords points="1864,531 1863,578 1913,580 1922,573 1935,575 1946,571 1955,581 1956,581 1981,582 1981,536 1972,536 1967,534 1955,534 1949,535 1943,544 1938,536 1923,538 1919,532"/>
          <TextEquiv conf="0.14161102">
            <Unicode>Luͤge,</Unicode>
          </TextEquiv>
        </Word>
        <TextEquiv>
          <Unicode>hann zur Alt⸗Catholiſchen Religion ungereimt als eine ungeheuere Luͤge,</Unicode>
        </TextEquiv>
      </TextLine>
      <TextLine id="region0001_line0008" custom="readingOrder {index:7;}">
        <Coords points="1679,562 1668,568 1649,565 1643,571 1626,565 1616,570 1587,570 1548,564 1534,569 1489,568 1484,563 1474,562 1466,566 1404,565 1397,560 1374,558 1356,563 1322,564 1311,568 1305,567 1295,557 1282,561 1272,560 1262,554 1235,557 1228,551 1220,551 1212,556 1181,552 1150,559 1135,556 1131,563 1111,558 1103,551 1075,557 1049,555 1041,549 1013,554 1003,548 993,553 978,550 968,555 960,545 952,545 934,549 912,550 902,554 889,550 864,550 859,546 848,544 827,549 821,549 815,544 797,545 788,542 779,544 759,543 750,547 671,544 662,547 648,539 640,542 597,538 589,540 569,540 561,543 539,540 539,580 540,587 564,590 574,588 610,590 628,587 636,591 677,595 773,597 780,606 788,606 799,598 826,600 830,603 845,601 873,605 878,602 970,603 997,605 1002,610 1010,610 1022,609 1029,606 1074,605 1182,610 1225,608 1238,609 1243,617 1254,617 1261,611 1285,612 1290,618 1303,619 1310,613 1331,612 1667,622 1674,630 1686,630 1693,623 1784,626 1794,629 1834,631 1842,637 1859,638 1866,632 1919,633 1925,639 1936,639 1943,632 2002,632 2003,583 1956,583 1946,572 1935,576 1922,574 1913,583 1847,581 1840,577 1830,577 1824,580 1745,573 1728,575 1714,574 1702,562"/>
        <Baseline points="539,576 904,593 2002,622"/>
        <Word id="region0001_line0008_word0000" custom="readingOrder {index:0;}">
          <Coords points="546,542 545,582 619,584 620,544 562,542 561,543 555,542"/>
          <TextEquiv conf="0.9311181">
            <Unicode>und</Unicode>
          </TextEquiv>
        </Word>
        <Word id="region0001_line0008_word0001" custom="readingOrder {index:1;}">
          <Coords points="647,544 646,586 705,588 706,546 668,544 662,547 657,544"/>
          <TextEquiv conf="0.9305447">
            <Unicode>der</Unicode>
          </TextEquiv>
        </Word>
        <Word id="region0001_line0008_word0002" custom="readingOrder {index:2;}">
          <Coords points="755,545 750,547 732,546 731,596 744,596 773,597 773,597 799,598 799,598 801,598 894,601 895,552 889,550 864,550 861,548 835,547 827,549 821,549 818,547"/>
          <TextEquiv conf="0.9274424">
            <Unicode>allhieſige</Unicode>
          </TextEquiv>
        </Word>
        <Word id="region0001_line0008_word0003" custom="readingOrder {index:3;}">
          <Coords points="937,548 934,549 929,549 929,601 1059,605 1074,605 1133,607 1190,609 1225,608 1238,609 1239,611 1259,611 1261,611 1262,611 1263,559 1164,555 1150,559 1135,556 1131,563 1111,558 1106,553 1092,553 1075,557 1049,555 1044,551 1028,551 1013,554 1007,550 998,550 993,553 978,550 968,555 963,549"/>
          <TextEquiv>
            <Unicode>Original ⸗ Brief</Unicode>
          </TextEquiv>
        </Word>
        <Word id="region0001_line0008_word0004" custom="readingOrder {index:4;}">
          <Coords points="1352,563 1322,564 1311,568 1305,567 1295,557 1282,561 1279,560 1277,611 1285,612 1290,618 1297,618 1303,618 1310,613 1331,612 1350,612"/>
          <TextEquiv conf="0.92527556">
            <Unicode>ohne</Unicode>
          </TextEquiv>
        </Word>
        <Word id="region0001_line0008_word0005" custom="readingOrder {index:5;}">
          <Coords points="1482,562 1474,562 1466,566 1404,565 1397,560 1382,558 1380,613 1481,616"/>
          <TextEquiv conf="0.92527556">
            <Unicode>Grund</Unicode>
          </TextEquiv>
        </Word>
        <Word id="region0001_line0008_word0006" custom="readingOrder {index:6;}">
          <Coords points="1519,572 1575,574 1574,617 1518,615"/>
          <TextEquiv conf="0.92907983">
            <Unicode>als</Unicode>
          </TextEquiv>
        </Word>
        <Word id="region0001_line0008_word0007" custom="readingOrder {index:7;}">
          <Coords points="1625,565 1616,570 1587,570 1586,619 1667,622 1670,625 1689,626 1693,623 1742,624 1743,573 1728,575 1714,574 1707,567 1670,566 1668,568 1656,566 1648,565 1643,571 1626,565"/>
          <TextEquiv conf="0.92886597">
            <Unicode>erdichtet</Unicode>
          </TextEquiv>
        </Word>
        <Word id="region0001_line0008_word0008" custom="readingOrder {index:8;}">
          <Coords points="1921,575 1913,583 1847,581 1840,577 1830,577 1824,580 1774,576 1772,626 1784,626 1794,629 1824,631 1893,633 1919,633 1919,633 1941,634 1943,632 1979,632 1981,583 1956,583 1950,576 1936,576 1935,576 1932,576"/>
          <TextEquiv conf="0.92577887">
            <Unicode>ausgerufen</Unicode>
          </TextEquiv>
        </Word>
        <TextEquiv>
          <Unicode>und der allhieſige Original ⸗ Brief ohne Grund als erdichtet ausgerufen</Unicode>
        </TextEquiv>
      </TextLine>
      <TextLine id="region0001_line0009" custom="readingOrder {index:8;}">
        <Coords points="622,587 603,592 540,590 539,640 730,640 731,606 727,601 654,594"/>
        <Baseline points="539,628 731,633"/>
        <Word id="region0001_line0009_word0000" custom="readingOrder {index:0;}">
          <Coords points="673,600 546,596 544,639 575,640 671,640"/>
          <TextEquiv conf="0.9292461">
            <Unicode>werde.</Unicode>
          </TextEquiv>
        </Word>
        <TextEquiv conf="0.9292461">
          <Unicode>werde.</Unicode>
        </TextEquiv>
      </TextLine>
      <TextEquiv>
        <Unicode>Friderich bey dem Lutherthum verblieben iſt. Die Hauptfrag iſt nur diſe,
ob unſer Original ⸗ Brief authentiſch, und hiemit Churfuͤrſt Johann vor
ſeinem Tod wiederum Catholiſch worden ſeye, oder nicht. Wir Catholi⸗
ſche insgeſamt glauben das erſte mit beſtem Grund: die Herren Gegner
werden wir zu ſolchem Beyfall nicht zwingen. Mir aber iſt genug, dem
Catholiſchen Leſ r gezeigt zu haben, daß jene Wiederkehr Churfuͤrſtens Jo⸗
hann zur Alt⸗Catholiſchen Religion ungereimt als eine ungeheuere Luͤge,
und der allhieſige Original ⸗ Brief ohne Grund als erdichtet ausgerufen
werde.</Unicode>
      </TextEquiv>
    </TextRegion>
    <TextRegion orientation="-1.8608607" readingDirection="left-to-right" id="region0002" custom="readingOrder {index:1;}">
      <Coords points="534,681 1991,681 1991,818 534,818"/>
      <TextLine id="region0002_line0001" custom="readingOrder {index:0;}">
        <Coords points="1979,705 1971,711 1972,726 1942,724 1931,717 1918,718 1910,722 1904,716 1895,716 1882,722 1847,716 1793,715 1749,724 1687,720 1686,715 1678,710 1670,710 1660,715 1644,714 1636,709 1622,709 1617,713 1596,709 1585,714 1561,709 1492,707 1463,715 1430,710 1398,711 1391,704 1382,703 1374,710 1312,710 1295,708 1291,705 1270,707 1256,697 1227,692 1163,693 1126,702 1110,701 1105,697 1084,701 1029,692 978,691 941,699 912,698 907,694 897,693 892,697 874,696 865,685 854,685 846,694 838,687 827,686 821,693 783,693 729,690 722,685 700,688 694,687 690,681 534,681 536,720 568,721 569,730 578,736 616,740 629,745 642,744 649,738 659,737 671,741 677,738 691,744 735,743 743,740 757,743 801,744 826,739 877,744 893,740 903,746 920,743 928,750 938,747 945,750 953,744 964,748 971,744 981,744 992,750 1016,746 1026,751 1053,753 1061,750 1073,752 1116,748 1131,755 1139,751 1152,754 1158,749 1188,754 1196,749 1204,749 1210,755 1239,758 1253,753 1298,759 1307,754 1329,755 1339,760 1369,757 1376,761 1384,761 1394,757 1406,756 1428,764 1562,771 1566,774 1588,772 1595,777 1604,777 1610,774 1623,777 1630,772 1666,771 1741,776 1747,782 1758,782 1767,777 1806,777 1884,780 1888,784 1903,781 1909,785 1919,786 1926,780 1991,779 1991,709 1989,705"/>
        <Baseline points="535,711 563,721 568,723 569,723 628,729 1991,770"/>
        <Word id="region0002_line0001_word0000" custom="readingOrder {index:0;}">
          <Coords points="616,728 722,732 723,686 722,685 700,688 694,687 690,681 616,681"/>
          <TextEquiv conf="0.9289814">
            <Unicode>Folgt</Unicode>
          </TextEquiv>
        </Word>
        <Word id="region0002_line0001_word0001" custom="readingOrder {index:1;}">
          <Coords points="734,725 808,728 808,693 783,693 734,690"/>
          <TextEquiv conf="0.92671233">
            <Unicode>nun</Unicode>
          </TextEquiv>
        </Word>
        <Word id="region0002_line0001_word0002" custom="readingOrder {index:2;}">
          <Coords points="829,726 879,728 879,696 874,696 865,685 854,685 846,694 838,687 829,686"/>
          <TextEquiv conf="0.92361486">
            <Unicode>die</Unicode>
          </TextEquiv>
        </Word>
        <Word id="region0002_line0001_word0003" custom="readingOrder {index:3;}">
          <Coords points="896,730 966,733 967,695 961,695 941,699 912,698 907,694 897,693 897,693"/>
          <TextEquiv conf="0.9297736">
            <Unicode>von</Unicode>
          </TextEquiv>
        </Word>
        <Word id="region0002_line0001_word0004" custom="readingOrder {index:4;}">
          <Coords points="986,735 1104,739 1105,697 1105,697 1084,701 1029,692 987,691"/>
          <TextEquiv conf="0.9244083">
            <Unicode>Wort</Unicode>
          </TextEquiv>
        </Word>
        <Word id="region0002_line0001_word0005" custom="readingOrder {index:5;}">
          <Coords points="1122,704 1159,705 1157,744 1120,743"/>
          <TextEquiv conf="0.923266">
            <Unicode>zu</Unicode>
          </TextEquiv>
        </Word>
        <Word id="region0002_line0001_word0006" custom="readingOrder {index:6;}">
          <Coords points="1194,692 1177,692 1176,745 1310,749 1311,709 1295,708 1291,705 1270,707 1256,697 1237,693"/>
          <TextEquiv conf="0.9269995">
            <Unicode>Wort,</Unicode>
          </TextEquiv>
        </Word>
        <Word id="region0002_line0001_word0007" custom="readingOrder {index:7;}">
          <Coords points="1381,703 1374,710 1331,710 1330,744 1401,746 1402,710 1398,711 1391,704 1386,703"/>
          <TextEquiv conf="0.9323137">
            <Unicode>und</Unicode>
          </TextEquiv>
        </Word>
        <Word id="region0002_line0001_word0008" custom="readingOrder {index:8;}">
          <Coords points="1417,746 1488,749 1490,711 1479,710 1463,715 1430,710 1418,710"/>
          <TextEquiv conf="0.93090796">
            <Unicode>von</Unicode>
          </TextEquiv>
        </Word>
        <Word id="region0002_line0001_word0009" custom="readingOrder {index:9;}">
          <Coords points="1506,756 1726,763 1727,722 1687,720 1686,715 1678,710 1670,710 1660,715 1644,714 1636,709 1622,709 1617,713 1596,709 1585,714 1561,709 1507,707"/>
          <TextEquiv conf="0.9199148">
            <Unicode>Buchſtaben</Unicode>
          </TextEquiv>
        </Word>
        <Word id="region0002_line0001_word0010" custom="readingOrder {index:10;}">
          <Coords points="1749,724 1786,725 1785,766 1748,765"/>
          <TextEquiv conf="0.927902">
            <Unicode>zu</Unicode>
          </TextEquiv>
        </Word>
        <Word id="region0002_line0001_word0011" custom="readingOrder {index:11;}">
          <Coords points="1800,766 1985,772 1987,706 1978,705 1971,711 1972,726 1942,724 1931,717 1918,718 1910,722 1904,716 1895,716 1882,722 1847,716 1801,715"/>
          <TextEquiv conf="0.7605887">
            <Unicode>Buchſta⸗</Unicode>
          </TextEquiv>
        </Word>
        <TextEquiv conf="0.9129486">
          <Unicode>Folgt nun die von Wort zu Wort, und von Buchſtaben zu Buchſta⸗</Unicode>
        </TextEquiv>
      </TextLine>
      <TextLine id="region0002_line0002" custom="readingOrder {index:1;}">
        <Coords points="544,729 534,733 535,789 735,791 774,796 862,798 873,800 879,806 891,806 897,801 903,801 908,806 919,806 925,801 956,801 963,809 972,809 979,801 1038,800 1160,807 1167,812 1181,813 1191,807 1239,806 1301,812 1379,813 1381,817 1401,818 1404,813 1413,812 1489,813 1495,807 1496,776 1494,772 1458,766 1428,765 1406,757 1394,758 1383,763 1377,763 1369,758 1339,761 1329,756 1307,755 1298,760 1253,754 1243,759 1229,758 1211,757 1204,750 1196,750 1187,757 1176,757 1170,750 1158,750 1152,755 1137,753 1131,756 1116,749 1073,753 1061,751 1053,754 1026,752 1016,747 992,751 981,745 971,745 964,749 953,745 945,751 928,751 920,744 903,747 893,741 877,745 826,740 801,745 779,743 769,746 743,741 729,747 709,746 707,743 689,745 677,739 671,742 659,738 649,739 642,745 630,746 616,741 567,736 560,730"/>
        <Baseline points="534,779 1496,803"/>
        <Word id="region0002_line0002_word0000" custom="readingOrder {index:0;}">
          <Coords points="540,743 605,745 604,788 539,786"/>
          <TextEquiv conf="0.9257116">
            <Unicode>ben</Unicode>
          </TextEquiv>
        </Word>
        <Word id="region0002_line0002_word0001" custom="readingOrder {index:1;}">
          <Coords points="803,794 805,753 627,747 626,789 675,790 735,791 745,792"/>
          <TextEquiv>
            <Unicode>vidimirte</Unicode>
          </TextEquiv>
        </Word>
        <Word id="region0002_line0002_word0002" custom="readingOrder {index:2;}">
          <Coords points="992,756 823,750 821,797 862,798 873,800 878,805 891,805 897,801 903,801 908,806 919,806 925,801 956,801 962,808 972,808 979,801 990,800"/>
          <TextEquiv>
            <Unicode>Abſchrift</Unicode>
          </TextEquiv>
        </Word>
        <Word id="region0002_line0002_word0003" custom="readingOrder {index:3;}">
          <Coords points="1070,762 1008,760 1006,800 1017,800 1038,800 1068,801"/>
          <TextEquiv conf="0.9232289">
            <Unicode>des</Unicode>
          </TextEquiv>
        </Word>
        <Word id="region0002_line0002_word0004" custom="readingOrder {index:4;}">
          <Coords points="1435,770 1094,759 1092,803 1160,807 1167,812 1181,813 1191,807 1239,806 1301,812 1379,813 1381,817 1401,818 1404,813 1413,812 1433,812"/>
          <TextEquiv>
            <Unicode>Original ⸗ Briefs.</Unicode>
          </TextEquiv>
        </Word>
        <TextEquiv>
          <Unicode>ben vidimirte Abſchrift des Original ⸗ Briefs.</Unicode>
        </TextEquiv>
      </TextLine>
      <TextEquiv>
        <Unicode>Folgt nun die von Wort zu Wort, und von Buchſtaben zu Buchſta⸗
ben vidimirte Abſchrift des Original ⸗ Briefs.</Unicode>
      </TextEquiv>
    </TextRegion>
    <TextRegion orientation="-1.8608607" type="drop-capital" readingDirection="left-to-right" id="TextRegion_1673601388754_846" custom="readingOrder {index:2;} structure {type:drop-capital;}">
      <Coords points="480,811 666,811 666,965 480,957"/>
      <TextLine id="line_1673601576666_935" custom="readingOrder {index:0;}">
        <Coords points="480,811 633,811 666,821 666,909 666,974 653,973 480,956"/>
        <Baseline points="481,865 637,868 666,877 480,945 560,951 571,952 666,959"/>
        <Word id="word_1673601579208_940" custom="readingOrder {index:0;}">
          <Coords points="540,820 666,824 666,909 657,955 560,952 534,951 536,890"/>
          <TextEquiv>
            <Unicode>U</Unicode>
          </TextEquiv>
        </Word>
        <TextEquiv>
          <Unicode>U</Unicode>
        </TextEquiv>
      </TextLine>
      <TextEquiv>
        <Unicode>U</Unicode>
      </TextEquiv>
    </TextRegion>
    <TextRegion orientation="-1.8608607" readingDirection="left-to-right" id="TextRegion_1673601388753_845" custom="readingOrder {index:3;}">
      <Coords points="666,811 1974,811 1974,1022 666,965"/>
      <TextLine id="line_1673601388796_848" custom="readingOrder {index:0;}">
        <Coords points="666,821 680,826 780,844 818,844 833,834 853,840 857,847 942,851 978,849 990,842 1013,844 1019,848 1050,842 1119,842 1168,847 1175,852 1196,856 1230,855 1246,847 1254,848 1271,856 1295,858 1324,865 1374,866 1383,858 1394,858 1403,866 1476,870 1526,859 1586,860 1590,858 1600,858 1604,861 1640,862 1645,866 1665,871 1707,876 1720,873 1727,867 1738,867 1742,870 1743,879 1755,880 1777,879 1786,870 1798,870 1804,877 1809,877 1842,876 1854,871 1879,870 1891,877 1973,885 1973,945 1877,944 1870,948 1861,947 1850,943 1815,942 1803,939 1791,941 1758,940 1751,950 1743,952 1733,950 1725,937 1619,933 1605,937 1443,928 1375,929 1281,924 1274,933 1265,935 1256,932 1255,923 1246,921 1241,930 1234,931 1226,928 1222,920 1216,918 1135,919 1130,922 1064,917 1055,925 1046,925 1039,917 1029,914 998,915 838,906 833,917 820,918 815,913 813,904 761,903 755,906 744,905 738,914 725,908 720,902 715,906 702,902 689,901 684,904 670,902 667,909 666,909"/>
        <Baseline points="666,877 701,888 990,902 1973,934"/>
        <Word id="word_1673601388797_850" custom="readingOrder {index:0;}">
          <Coords points="666,824 676,825 680,826 780,844 793,844 791,904 761,903 755,906 744,905 738,914 725,908 720,902 715,906 702,902 689,901 684,904 670,902 667,909 666,909"/>
          <TextEquiv>
            <Unicode>Nſer</Unicode>
          </TextEquiv>
        </Word>
        <Word id="region0003_line0001_word0001" custom="readingOrder {index:1;}">
          <Coords points="819,843 819,843 817,909 836,910 838,906 993,915 1000,915 1029,914 1036,916 1063,917 1065,851 979,848 978,849 942,851 857,847 855,844"/>
          <TextEquiv conf="0.93199354">
            <Unicode>freuntlich</Unicode>
          </TextEquiv>
        </Word>
        <Word id="region0003_line0001_word0002" custom="readingOrder {index:2;}">
          <Coords points="1083,850 1081,918 1122,921 1130,921 1135,919 1216,918 1222,920 1224,924 1243,925 1246,921 1255,923 1255,926 1278,926 1281,924 1282,924 1283,857 1282,856 1228,855 1196,856 1182,853"/>
          <TextEquiv conf="0.930403">
            <Unicode>Dienſt,</Unicode>
          </TextEquiv>
        </Word>
        <Word id="region0003_line0001_word0003" custom="readingOrder {index:3;}">
          <Coords points="1376,863 1374,866 1324,865 1311,862 1310,915 1407,919 1408,866 1403,866 1401,864"/>
          <TextEquiv conf="0.93282473">
            <Unicode>und</Unicode>
          </TextEquiv>
        </Word>
        <Word id="region0003_line0001_word0004" custom="readingOrder {index:4;}">
          <Coords points="1423,870 1529,874 1527,923 1421,919"/>
          <TextEquiv conf="0.9328987">
            <Unicode>was</Unicode>
          </TextEquiv>
        </Word>
        <Word id="region0003_line0001_word0005" custom="readingOrder {index:5;}">
          <Coords points="1549,863 1547,925 1666,929 1667,871 1665,871 1646,866"/>
          <TextEquiv conf="0.9246327">
            <Unicode>Wir</Unicode>
          </TextEquiv>
        </Word>
        <Word id="region0003_line0001_word0006" custom="readingOrder {index:6;}">
          <Coords points="1720,873 1720,873 1707,876 1688,874 1685,935 1725,937 1728,941 1757,942 1758,940 1791,941 1803,939 1815,942 1819,942 1822,877 1809,877 1804,877 1803,875 1781,875 1777,879 1755,880 1743,879 1742,874"/>
          <TextEquiv conf="0.9246327">
            <Unicode>alzeit</Unicode>
          </TextEquiv>
        </Word>
        <Word id="region0003_line0001_word0007" custom="readingOrder {index:7;}">
          <Coords points="1844,875 1842,876 1841,876 1839,936 1969,940 1971,885 1891,877 1890,877"/>
          <TextEquiv conf="0.932334">
            <Unicode>Eern</Unicode>
          </TextEquiv>
        </Word>
        <TextEquiv>
          <Unicode>Nſer freuntlich Dienſt, und was Wir alzeit Eern</Unicode>
        </TextEquiv>
      </TextLine>
      <TextLine id="line_1673601388798_852" custom="readingOrder {index:1;}">
        <Coords points="666,909 669,908 679,909 689,902 702,903 715,909 721,906 738,915 751,914 765,905 783,904 788,917 813,913 820,919 897,921 905,913 917,914 926,922 985,926 1047,927 1056,926 1061,922 1083,927 1089,922 1098,923 1107,928 1134,929 1140,926 1227,929 1265,936 1339,938 1352,936 1356,939 1425,941 1429,938 1439,939 1444,942 1523,944 1604,942 1610,936 1619,934 1643,935 1645,943 1695,947 1708,938 1725,938 1733,951 1743,953 1782,952 1792,941 1807,940 1816,944 1817,953 1894,952 1973,957 1973,1014 1910,1014 1906,1011 1884,1010 1862,1011 1857,1014 1778,1011 1767,1011 1756,1019 1739,1017 1725,1011 1713,1013 1700,1006 1671,1005 1667,1008 1658,1008 1653,1005 1635,1004 1630,1010 1623,1012 1613,1011 1605,1003 1556,1006 1481,1001 1449,1001 1438,1004 1428,1010 1422,1009 1415,999 1348,996 1334,997 1323,1005 1308,1006 1296,1004 1289,994 1219,990 1215,986 1175,988 1171,985 1140,983 1041,987 997,983 986,993 977,990 963,990 951,986 949,982 838,980 827,977 775,975 692,979 687,976 666,974"/>
        <Baseline points="666,959 706,963 1973,1003"/>
        <Word id="region0003_line0002_word0001" custom="readingOrder {index:0;}">
          <Coords points="675,965 816,969 817,916 813,913 788,917 783,904 765,905 751,914 738,915 721,906 715,909 702,903 689,902 679,909 676,908"/>
          <TextEquiv conf="0.88351303">
            <Unicode>Liebs</Unicode>
          </TextEquiv>
        </Word>
        <Word id="region0003_line0002_word0002" custom="readingOrder {index:1;}">
          <Coords points="835,962 930,965 931,922 926,922 917,914 905,913 897,921 836,919"/>
          <TextEquiv conf="0.9229191">
            <Unicode>und</Unicode>
          </TextEquiv>
        </Word>
        <Word id="region0003_line0002_word0003" custom="readingOrder {index:2;}">
          <Coords points="959,976 1100,981 1101,925 1098,923 1089,922 1083,927 1061,922 1056,926 1047,927 985,926 960,924"/>
          <TextEquiv conf="0.92762184">
            <Unicode>guets</Unicode>
          </TextEquiv>
        </Word>
        <Word id="region0003_line0002_word0004" custom="readingOrder {index:3;}">
          <Coords points="1136,982 1389,990 1390,940 1356,939 1352,936 1339,938 1265,936 1227,929 1140,926 1137,927"/>
          <TextEquiv conf="0.9200136">
            <Unicode>vermugen</Unicode>
          </TextEquiv>
        </Word>
        <Word id="region0003_line0002_word0005" custom="readingOrder {index:4;}">
          <Coords points="1425,991 1567,996 1567,942 1523,944 1444,942 1439,939 1429,938 1425,940"/>
          <TextEquiv conf="0.9272916">
            <Unicode>zuuor</Unicode>
          </TextEquiv>
        </Word>
        <Word id="region0003_line0002_word0006" custom="readingOrder {index:5;}">
          <Coords points="1597,998 1963,1010 1965,956 1894,952 1817,953 1816,944 1807,940 1792,941 1782,952 1743,953 1733,951 1725,938 1708,938 1695,947 1645,943 1643,935 1619,934 1610,936 1604,942 1598,942"/>
          <TextEquiv conf="0.91028625">
            <Unicode>Hochgebornen</Unicode>
          </TextEquiv>
        </Word>
        <TextEquiv conf="0.80889267">
          <Unicode>Liebs und guets vermugen zuuor Hochgebornen</Unicode>
        </TextEquiv>
      </TextLine>
      <TextEquiv>
        <Unicode>Nſer freuntlich Dienſt, und was Wir alzeit Eern
DSe Liebs und guets vermugen zuuor Hochgebornen</Unicode>
      </TextEquiv>
    </TextRegion>
    <TextRegion orientation="-1.8608607" readingDirection="left-to-right" id="TextRegion_1673601384165_841" custom="readingOrder {index:4;}">
      <Coords points="480,957 1974,1022 1974,2158 480,2158"/>
      <TextLine id="region0003_line0003" custom="readingOrder {index:0;}">
        <Coords points="1124,984 1110,995 1033,996 1027,986 1007,985 994,995 950,987 925,994 866,992 817,987 810,985 806,979 790,977 761,978 755,983 712,987 681,986 680,979 671,975 653,974 636,984 614,980 605,972 593,971 586,975 558,969 481,967 480,1048 533,1048 540,1053 559,1055 575,1048 633,1047 638,1056 649,1057 654,1054 657,1046 731,1047 756,1049 768,1058 786,1060 801,1050 845,1048 912,1053 918,1050 932,1050 964,1054 999,1054 1005,1065 1019,1066 1029,1055 1124,1061 1137,1057 1151,1060 1232,1062 1244,1059 1261,1064 1299,1063 1335,1070 1373,1070 1376,1078 1384,1080 1396,1077 1400,1070 1449,1068 1461,1072 1495,1073 1499,1076 1508,1076 1512,1073 1528,1076 1583,1074 1726,1084 1769,1081 1808,1084 1814,1093 1834,1097 1849,1093 1856,1085 1974,1087 1974,1027 1907,1025 1903,1013 1892,1011 1874,1015 1860,1024 1824,1025 1780,1022 1772,1013 1767,1012 1756,1020 1739,1018 1725,1012 1713,1014 1700,1007 1682,1009 1678,1012 1634,1012 1590,1018 1452,1013 1449,1004 1438,1005 1428,1011 1403,1009 1401,1001 1397,998 1384,998 1371,1006 1361,1005 1349,997 1339,997 1323,1006 1308,1007 1220,1000 1220,991 1215,987 1196,988 1183,997 1172,997 1165,988 1155,987 1148,992 1136,985"/>
        <Baseline points="480,1034 840,1037 1974,1076"/>
        <Word id="region0003_line0003_word0000" custom="readingOrder {index:0;}">
          <Coords points="735,991 533,984 531,1048 533,1048 540,1053 544,1053 561,1054 575,1048 633,1047 638,1056 649,1057 654,1054 657,1046 731,1047 733,1047"/>
          <TextEquiv conf="0.9279825">
            <Unicode>Fuͤrſten</Unicode>
          </TextEquiv>
        </Word>
        <Word id="region0003_line0003_word0001" custom="readingOrder {index:1;}">
          <Coords points="1089,1001 760,991 758,1050 768,1058 771,1058 787,1058 801,1050 845,1048 912,1053 918,1050 932,1050 964,1054 999,1054 1005,1065 1017,1065 1019,1065 1029,1055 1087,1058"/>
          <TextEquiv conf="0.92741567">
            <Unicode>Freuntlichen</Unicode>
          </TextEquiv>
        </Word>
        <Word id="region0003_line0003_word0002" custom="readingOrder {index:2;}">
          <Coords points="1111,999 1109,1060 1124,1061 1137,1057 1151,1060 1232,1062 1244,1059 1261,1064 1275,1063 1276,1004 1266,1003"/>
          <TextEquiv conf="0.92369896">
            <Unicode>Lieben</Unicode>
          </TextEquiv>
        </Word>
        <Word id="region0003_line0003_word0003" custom="readingOrder {index:3;}">
          <Coords points="1313,1009 1311,1065 1335,1070 1373,1070 1376,1078 1380,1079 1386,1079 1396,1077 1400,1070 1449,1068 1461,1072 1495,1073 1499,1076 1508,1076 1512,1073 1528,1076 1563,1074 1564,1017 1544,1016"/>
          <TextEquiv conf="0.9283836">
            <Unicode>Oheimen.</Unicode>
          </TextEquiv>
        </Word>
        <Word id="region0003_line0003_word0004" custom="readingOrder {index:4;}">
          <Coords points="1798,1026 1680,1023 1678,1080 1708,1082 1734,1083 1769,1081 1796,1083"/>
          <TextEquiv conf="0.9185943">
            <Unicode>Wir</Unicode>
          </TextEquiv>
        </Word>
        <Word id="region0003_line0003_word0005" custom="readingOrder {index:5;}">
          <Coords points="1962,1027 1861,1023 1860,1024 1824,1025 1819,1025 1816,1093 1826,1095 1839,1096 1849,1093 1856,1085 1960,1087"/>
          <TextEquiv conf="0.92088974">
            <Unicode>geben</Unicode>
          </TextEquiv>
        </Word>
        <TextEquiv conf="0.92449415">
          <Unicode>Fuͤrſten Freuntlichen Lieben Oheimen. Wir geben</Unicode>
        </TextEquiv>
      </TextLine>
      <TextLine id="region0003_line0004" custom="readingOrder {index:1;}">
        <Coords points="1237,1060 1230,1064 1227,1072 1203,1071 1197,1065 1187,1065 1180,1070 1151,1069 1149,1060 1137,1058 1121,1061 1116,1068 1085,1067 1079,1058 1064,1058 1058,1067 1047,1068 939,1064 937,1053 918,1051 907,1055 902,1061 891,1061 884,1053 873,1052 868,1056 862,1051 845,1049 834,1052 828,1059 822,1060 753,1059 742,1058 732,1050 723,1050 716,1057 696,1057 693,1050 676,1046 664,1051 660,1056 649,1058 542,1054 538,1057 480,1056 480,1109 552,1113 558,1119 567,1119 574,1114 603,1118 608,1115 684,1117 715,1115 780,1119 790,1116 843,1123 877,1123 885,1120 897,1123 923,1124 936,1121 965,1124 975,1122 987,1125 1060,1125 1064,1129 1112,1126 1151,1127 1156,1132 1165,1132 1177,1128 1181,1131 1281,1134 1285,1137 1301,1137 1305,1134 1344,1138 1354,1135 1386,1136 1398,1140 1403,1138 1421,1138 1433,1147 1441,1147 1450,1140 1514,1144 1516,1154 1520,1156 1541,1157 1549,1146 1584,1150 1619,1148 1622,1157 1626,1158 1639,1156 1653,1149 1699,1151 1723,1148 1738,1152 1759,1151 1763,1161 1776,1161 1784,1152 1802,1156 1808,1152 1824,1154 1844,1151 1864,1152 1869,1155 1927,1157 1928,1165 1933,1167 1947,1166 1954,1158 1973,1159 1973,1101 1967,1100 1939,1099 1936,1096 1905,1098 1902,1095 1893,1095 1888,1097 1826,1097 1816,1094 1782,1092 1773,1085 1761,1086 1757,1083 1743,1083 1733,1090 1654,1091 1551,1086 1543,1085 1538,1080 1529,1080 1521,1084 1461,1080 1458,1071 1449,1069 1428,1070 1420,1079 1395,1078 1384,1081 1334,1077 1329,1073 1310,1076 1309,1069 1299,1064 1284,1066 1273,1074 1260,1074 1255,1064"/>
        <Baseline points="480,1098 1973,1148"/>
        <Word id="region0003_line0004_word0000" custom="readingOrder {index:0;}">
          <Coords points="534,1062 651,1066 649,1115 532,1111"/>
          <TextEquiv conf="0.9309339">
            <Unicode>eurn</Unicode>
          </TextEquiv>
        </Word>
        <Word id="region0003_line0004_word0001" custom="readingOrder {index:1;}">
          <Coords points="670,1057 808,1061 806,1116 668,1112"/>
          <TextEquiv conf="0.93004364">
            <Unicode>beden</Unicode>
          </TextEquiv>
        </Word>
        <Word id="region0003_line0004_word0002" custom="readingOrder {index:2;}">
          <Coords points="830,1060 828,1120 881,1122 885,1120 893,1122 927,1123 936,1121 965,1124 975,1122 986,1125 995,1125 997,1066 939,1064 939,1063"/>
          <TextEquiv conf="0.92458916">
            <Unicode>Lieben</Unicode>
          </TextEquiv>
        </Word>
        <Word id="region0003_line0004_word0003" custom="readingOrder {index:3;}">
          <Coords points="1102,1073 1011,1070 1009,1125 1060,1125 1061,1126 1086,1127 1100,1126"/>
          <TextEquiv conf="0.9228502">
            <Unicode>mit</Unicode>
          </TextEquiv>
        </Word>
        <Word id="region0003_line0004_word0004" custom="readingOrder {index:4;}">
          <Coords points="1125,1070 1123,1126 1151,1127 1154,1130 1170,1130 1177,1128 1181,1131 1244,1133 1281,1134 1281,1134 1304,1135 1305,1134 1317,1135 1350,1136 1354,1135 1386,1136 1391,1138 1403,1138 1405,1079 1393,1079 1384,1081 1334,1077 1334,1077 1310,1076 1310,1076 1310,1076"/>
          <TextEquiv conf="0.92180693">
            <Unicode>betruͤebtem</Unicode>
          </TextEquiv>
        </Word>
        <Word id="region0003_line0004_word0005" custom="readingOrder {index:5;}">
          <Coords points="1421,1078 1420,1079 1415,1079 1413,1138 1421,1138 1433,1147 1441,1147 1450,1140 1514,1144 1515,1150 1545,1151 1549,1146 1584,1150 1605,1149 1608,1089 1551,1086 1543,1085 1540,1082 1526,1081 1521,1084 1461,1080 1461,1079"/>
          <TextEquiv conf="0.92463285">
            <Unicode>Hertzen</Unicode>
          </TextEquiv>
        </Word>
        <Word id="region0003_line0004_word0006" custom="readingOrder {index:6;}">
          <Coords points="1680,1091 1654,1091 1630,1090 1627,1155 1640,1155 1653,1149 1699,1151 1723,1148 1738,1152 1759,1151 1762,1160 1777,1160 1784,1152 1802,1156 1808,1152 1824,1154 1844,1151 1864,1152 1869,1155 1927,1157 1928,1165 1928,1165 1947,1166 1954,1158 1955,1158 1957,1100 1868,1097 1826,1097 1821,1095"/>
          <TextEquiv conf="0.9226561">
            <Unicode>zuerkhennen,</Unicode>
          </TextEquiv>
        </Word>
        <TextEquiv conf="0.92535895">
          <Unicode>eurn beden Lieben mit betruͤebtem Hertzen zuerkhennen,</Unicode>
        </TextEquiv>
      </TextLine>
      <TextLine id="region0003_line0005" custom="readingOrder {index:2;}">
        <Coords points="790,1117 774,1125 708,1127 673,1126 664,1119 653,1118 644,1125 625,1124 618,1120 608,1120 602,1125 554,1122 549,1116 541,1114 526,1119 480,1117 480,1179 532,1180 538,1184 555,1181 559,1184 568,1185 574,1182 608,1185 637,1182 652,1182 657,1185 669,1181 679,1181 688,1186 701,1182 718,1187 725,1183 774,1186 780,1192 796,1194 803,1187 869,1189 876,1196 884,1196 896,1189 911,1200 923,1202 935,1198 939,1193 1071,1198 1082,1195 1117,1195 1132,1198 1137,1202 1148,1202 1153,1199 1217,1202 1220,1212 1228,1215 1240,1212 1242,1203 1262,1202 1267,1206 1276,1207 1283,1202 1314,1200 1324,1204 1348,1204 1362,1213 1391,1208 1450,1212 1468,1210 1475,1213 1498,1213 1503,1221 1544,1215 1634,1219 1641,1223 1650,1224 1681,1217 1700,1220 1726,1221 1738,1219 1743,1223 1753,1223 1760,1219 1765,1223 1773,1224 1781,1219 1802,1220 1830,1223 1839,1230 1850,1230 1857,1224 1973,1229 1973,1168 1933,1168 1871,1161 1870,1156 1864,1153 1844,1152 1829,1159 1773,1163 1738,1162 1735,1150 1723,1149 1707,1153 1701,1160 1690,1160 1685,1151 1673,1150 1666,1155 1661,1150 1653,1150 1639,1157 1626,1159 1564,1158 1552,1154 1541,1158 1520,1157 1512,1155 1508,1145 1500,1144 1493,1145 1487,1153 1478,1152 1473,1145 1463,1145 1451,1152 1402,1147 1399,1141 1386,1137 1354,1136 1338,1144 1260,1144 1254,1134 1233,1133 1221,1142 1199,1141 1157,1137 1150,1128 1141,1128 1131,1135 1124,1128 1114,1127 1105,1135 1051,1137 990,1135 988,1126 975,1123 957,1128 952,1134 919,1134 901,1132 899,1125 890,1121 874,1123 861,1131 814,1126 811,1120"/>
        <Baseline points="480,1168 1303,1188 1562,1205 1973,1216"/>
        <Word id="region0003_line0005_word0000" custom="readingOrder {index:0;}">
          <Coords points="623,1132 533,1129 531,1180 532,1180 535,1182 546,1183 555,1181 558,1183 571,1183 574,1182 600,1184 611,1185 621,1184"/>
          <TextEquiv conf="0.92176336">
            <Unicode>das</Unicode>
          </TextEquiv>
        </Word>
        <Word id="region0003_line0005_word0001" custom="readingOrder {index:1;}">
          <Coords points="730,1137 652,1134 650,1182 652,1182 657,1185 669,1181 679,1181 688,1186 701,1182 718,1187 725,1183 728,1183"/>
          <TextEquiv conf="0.932323">
            <Unicode>der</Unicode>
          </TextEquiv>
        </Word>
        <Word id="region0003_line0005_word0002" custom="readingOrder {index:2;}">
          <Coords points="1078,1141 767,1131 765,1185 774,1186 780,1192 796,1194 803,1187 869,1189 876,1196 884,1196 896,1189 911,1200 923,1202 935,1198 939,1193 1071,1198 1075,1196"/>
          <TextEquiv conf="0.9193584">
            <Unicode>Hochgeborn</Unicode>
          </TextEquiv>
        </Word>
        <Word id="region0003_line0005_word0003" custom="readingOrder {index:3;}">
          <Coords points="1288,1150 1110,1144 1107,1195 1117,1195 1132,1198 1137,1202 1148,1202 1153,1199 1217,1202 1220,1212 1228,1215 1240,1212 1242,1203 1262,1202 1267,1206 1276,1207 1283,1202 1286,1201"/>
          <TextEquiv conf="0.9267193">
            <Unicode>Unnſer</Unicode>
          </TextEquiv>
        </Word>
        <Word id="region0003_line0005_word0004" custom="readingOrder {index:4;}">
          <Coords points="1591,1160 1327,1151 1325,1204 1348,1204 1362,1213 1391,1208 1450,1212 1468,1210 1475,1213 1498,1213 1503,1221 1544,1215 1589,1217"/>
          <TextEquiv conf="0.9148725">
            <Unicode>Gnediger</Unicode>
          </TextEquiv>
        </Word>
        <Word id="region0003_line0005_word0005" custom="readingOrder {index:5;}">
          <Coords points="1789,1166 1628,1161 1626,1218 1634,1219 1636,1220 1662,1221 1681,1217 1700,1220 1726,1221 1738,1219 1743,1223 1753,1223 1760,1219 1765,1223 1773,1224 1781,1219 1787,1219"/>
          <TextEquiv conf="0.922812">
            <Unicode>Lieber</Unicode>
          </TextEquiv>
        </Word>
        <Word id="region0003_line0005_word0006" custom="readingOrder {index:6;}">
          <Coords points="1955,1171 1823,1166 1821,1222 1830,1223 1838,1229 1847,1230 1850,1230 1857,1224 1953,1228"/>
          <TextEquiv conf="0.92815095">
            <Unicode>Herr</Unicode>
          </TextEquiv>
        </Word>
        <TextEquiv conf="0.9237142">
          <Unicode>das der Hochgeborn Unnſer Gnediger Lieber Herr</Unicode>
        </TextEquiv>
      </TextLine>
      <TextLine id="region0003_line0006" custom="readingOrder {index:3;}">
        <Coords points="1308,1202 1291,1208 1249,1209 1234,1216 1220,1213 1133,1206 1131,1200 1117,1196 1098,1198 1091,1205 1064,1204 1030,1208 991,1206 987,1203 916,1203 896,1190 874,1199 797,1199 794,1195 786,1194 777,1197 769,1194 757,1196 716,1189 701,1183 688,1187 679,1182 669,1182 657,1186 619,1190 600,1187 592,1193 583,1194 481,1193 480,1240 481,1248 546,1250 560,1251 564,1254 572,1255 579,1251 585,1255 593,1255 598,1252 614,1254 630,1252 681,1258 698,1256 808,1259 876,1255 886,1261 909,1258 923,1259 928,1263 939,1261 949,1261 952,1264 964,1262 976,1276 991,1274 999,1264 1015,1263 1042,1277 1051,1275 1062,1267 1092,1268 1101,1274 1113,1274 1121,1268 1169,1267 1176,1270 1200,1269 1244,1274 1252,1268 1264,1273 1270,1268 1278,1270 1285,1279 1333,1278 1338,1288 1351,1289 1357,1288 1361,1279 1393,1278 1419,1279 1421,1284 1436,1289 1442,1287 1443,1280 1448,1283 1497,1283 1504,1293 1514,1293 1521,1284 1532,1283 1558,1284 1560,1289 1574,1291 1590,1285 1680,1292 1769,1292 1775,1302 1787,1302 1793,1297 1806,1302 1815,1289 1838,1291 1842,1294 1865,1295 1871,1292 1973,1296 1973,1238 1909,1237 1899,1233 1890,1232 1885,1236 1838,1234 1829,1225 1812,1223 1802,1230 1794,1221 1779,1221 1765,1229 1743,1229 1722,1227 1712,1220 1700,1221 1681,1218 1659,1221 1654,1225 1594,1228 1548,1225 1543,1217 1502,1224 1478,1223 1476,1214 1459,1210 1447,1222 1443,1222 1436,1215 1428,1214 1421,1221 1414,1221 1366,1215 1348,1205 1340,1208 1336,1204"/>
        <Baseline points="480,1237 848,1244 1288,1265 1973,1284"/>
        <Word id="region0003_line0006_word0000" custom="readingOrder {index:0;}">
          <Coords points="644,1204 527,1200 526,1249 546,1250 560,1251 563,1253 574,1253 579,1251 583,1253 594,1254 598,1252 614,1254 630,1252 643,1253"/>
          <TextEquiv conf="0.92916495">
            <Unicode>und</Unicode>
          </TextEquiv>
        </Word>
        <Word id="region0003_line0006_word0001" custom="readingOrder {index:1;}">
          <Coords points="844,1205 659,1198 657,1255 678,1257 682,1257 698,1256 808,1259 842,1256"/>
          <TextEquiv conf="0.9253936">
            <Unicode>Vatter</Unicode>
          </TextEquiv>
        </Word>
        <Word id="region0003_line0006_word0002" custom="readingOrder {index:2;}">
          <Coords points="1057,1209 868,1203 866,1255 876,1255 886,1261 909,1258 923,1259 928,1263 939,1261 949,1261 952,1264 964,1262 976,1276 991,1274 999,1264 1015,1263 1042,1277 1051,1275 1055,1271"/>
          <TextEquiv conf="0.92650014">
            <Unicode>Herzog</Unicode>
          </TextEquiv>
        </Word>
        <Word id="region0003_line0006_word0003" custom="readingOrder {index:3;}">
          <Coords points="1083,1208 1081,1268 1092,1268 1099,1273 1114,1273 1121,1268 1169,1267 1176,1270 1200,1269 1244,1274 1252,1268 1264,1273 1264,1273 1266,1214 1240,1213 1234,1216 1220,1213 1209,1212"/>
          <TextEquiv conf="0.91821945">
            <Unicode>Hanns</Unicode>
          </TextEquiv>
        </Word>
        <Word id="region0003_line0006_word0004" custom="readingOrder {index:4;}">
          <Coords points="1283,1216 1281,1274 1285,1279 1333,1278 1337,1287 1355,1288 1357,1288 1361,1279 1393,1278 1419,1279 1421,1284 1436,1289 1442,1287 1443,1280 1448,1283 1497,1283 1503,1292 1508,1293 1514,1293 1521,1284 1532,1283 1541,1283 1543,1224 1508,1222 1502,1224 1478,1223 1477,1221 1447,1221 1447,1222 1443,1222 1441,1220 1421,1220 1421,1221 1414,1221 1403,1219"/>
          <TextEquiv conf="0.16671714">
            <Unicode>Churfuͤrſt</Unicode>
          </TextEquiv>
        </Word>
        <Word id="region0003_line0006_word0005" custom="readingOrder {index:5;}">
          <Coords points="1626,1242 1570,1240 1568,1290 1574,1291 1590,1285 1624,1287"/>
          <TextEquiv conf="0.927797">
            <Unicode>zu</Unicode>
          </TextEquiv>
        </Word>
        <Word id="region0003_line0006_word0006" custom="readingOrder {index:6;}">
          <Coords points="1874,1237 1651,1230 1649,1290 1680,1292 1769,1292 1774,1301 1788,1301 1793,1297 1806,1302 1806,1302 1815,1289 1838,1291 1842,1294 1865,1295 1871,1292 1872,1292"/>
          <TextEquiv conf="0.9244806">
            <Unicode>Sachſen</Unicode>
          </TextEquiv>
        </Word>
        <Word id="region0003_line0006_word0007" custom="readingOrder {index:7;}">
          <Coords points="1961,1249 1891,1247 1889,1292 1959,1295"/>
          <TextEquiv conf="0.0">
            <Unicode>ꝛc.</Unicode>
          </TextEquiv>
        </Word>
        <TextEquiv conf="0.83978415">
          <Unicode>und Vatter Herzog Hanns Churfuͤrſt zu Sachſen ꝛc.</Unicode>
        </TextEquiv>
      </TextLine>
      <TextLine id="region0003_line0007" custom="readingOrder {index:4;}">
        <Coords points="867,1255 853,1257 838,1263 777,1269 751,1268 746,1263 736,1263 731,1267 714,1263 710,1266 704,1257 689,1259 684,1265 655,1264 654,1257 649,1254 630,1253 625,1253 614,1263 480,1264 480,1322 611,1326 616,1336 627,1337 634,1333 636,1326 676,1327 680,1324 690,1325 717,1329 746,1321 752,1330 763,1328 769,1330 777,1340 788,1342 793,1339 815,1340 820,1337 820,1328 875,1332 887,1329 909,1332 920,1329 936,1337 951,1330 974,1333 994,1329 1003,1322 1008,1322 1021,1333 1037,1330 1077,1335 1084,1331 1093,1335 1102,1331 1108,1335 1135,1334 1135,1346 1178,1346 1184,1351 1217,1352 1226,1347 1233,1347 1243,1354 1252,1353 1261,1346 1285,1348 1291,1345 1293,1339 1331,1341 1342,1346 1347,1342 1365,1343 1366,1354 1397,1355 1403,1350 1413,1352 1420,1344 1440,1345 1448,1346 1459,1354 1468,1349 1473,1353 1487,1349 1499,1354 1520,1355 1526,1349 1531,1349 1544,1353 1585,1359 1619,1357 1626,1363 1652,1364 1690,1351 1717,1356 1758,1354 1764,1359 1774,1361 1788,1358 1792,1361 1802,1361 1804,1367 1809,1369 1825,1368 1828,1360 1851,1360 1858,1354 1866,1355 1873,1363 1893,1364 1898,1367 1907,1367 1912,1363 1921,1367 1930,1362 1974,1363 1974,1309 1969,1309 1962,1297 1952,1298 1945,1307 1931,1307 1927,1297 1911,1296 1907,1305 1883,1303 1876,1294 1866,1295 1857,1302 1845,1302 1843,1295 1838,1292 1815,1290 1812,1298 1806,1303 1787,1303 1673,1300 1630,1296 1624,1295 1621,1289 1590,1286 1575,1292 1559,1290 1555,1293 1514,1294 1474,1292 1469,1288 1447,1291 1419,1284 1414,1290 1326,1289 1264,1285 1266,1280 1270,1283 1279,1284 1284,1279 1277,1271 1270,1269 1264,1274 1252,1269 1244,1275 1247,1284 1216,1282 1205,1273 1195,1273 1187,1280 1181,1280 1178,1271 1164,1268 1148,1272 1144,1278 1042,1278 1036,1276 1026,1283 1014,1282 1012,1285 1004,1285 996,1275 976,1277 965,1264 954,1267 949,1262 939,1262 922,1266 911,1266 903,1260 886,1262 876,1256"/>
        <Baseline points="480,1311 995,1317 1282,1334 1974,1351"/>
        <Word id="region0003_line0007_word0000" custom="readingOrder {index:0;}">
          <Coords points="526,1275 589,1277 587,1323 524,1321"/>
          <TextEquiv conf="0.93170226">
            <Unicode>an</Unicode>
          </TextEquiv>
        </Word>
        <Word id="region0003_line0007_word0001" custom="readingOrder {index:1;}">
          <Coords points="618,1263 616,1336 627,1337 634,1333 636,1326 676,1327 680,1324 690,1325 717,1329 746,1321 752,1330 763,1328 769,1330 777,1340 788,1342 793,1339 815,1340 816,1339 818,1270 780,1269 777,1269 751,1268 751,1268 731,1267 731,1267 731,1267"/>
          <TextEquiv conf="0.9214946">
            <Unicode>freittag</Unicode>
          </TextEquiv>
        </Word>
        <Word id="region0003_line0007_word0002" custom="readingOrder {index:2;}">
          <Coords points="839,1270 837,1329 875,1332 887,1329 909,1332 920,1329 936,1337 951,1330 974,1333 994,1329 1003,1322 1008,1322 1021,1333 1037,1330 1038,1330 1039,1277 1038,1276 1034,1276 1026,1283 1014,1282 1012,1285 1004,1285 996,1275 992,1275 976,1277 974,1274"/>
          <TextEquiv>
            <Unicode>Schirſt</Unicode>
          </TextEquiv>
        </Word>
        <Word id="region0003_line0007_word0003" custom="readingOrder {index:3;}">
          <Coords points="1177,1280 1116,1278 1085,1278 1083,1331 1084,1331 1093,1335 1102,1331 1108,1335 1135,1334 1135,1346 1175,1346"/>
          <TextEquiv>
            <Unicode>umb</Unicode>
          </TextEquiv>
        </Word>
        <Word id="region0003_line0007_word0004" custom="readingOrder {index:4;}">
          <Coords points="1269,1269 1264,1274 1252,1269 1244,1275 1247,1284 1216,1282 1205,1273 1201,1273 1198,1351 1217,1352 1226,1347 1233,1347 1243,1354 1252,1353 1261,1346 1283,1347 1286,1286 1264,1285 1266,1280 1270,1283 1279,1284 1284,1279 1277,1271 1271,1269"/>
          <TextEquiv conf="0.9307998">
            <Unicode>den</Unicode>
          </TextEquiv>
        </Word>
        <Word id="region0003_line0007_word0005" custom="readingOrder {index:5;}">
          <Coords points="1528,1294 1514,1294 1474,1292 1469,1288 1447,1291 1419,1284 1414,1290 1326,1289 1295,1287 1293,1339 1331,1341 1342,1346 1347,1342 1365,1343 1366,1354 1397,1355 1403,1350 1413,1352 1420,1344 1440,1345 1448,1346 1459,1354 1468,1349 1473,1353 1487,1349 1499,1354 1520,1355 1526,1349 1526,1349"/>
          <TextEquiv conf="0.92697287">
            <Unicode>neundten</Unicode>
          </TextEquiv>
        </Word>
        <Word id="region0003_line0007_word0006" custom="readingOrder {index:6;}">
          <Coords points="1555,1296 1553,1354 1585,1359 1619,1357 1626,1363 1644,1363 1652,1363 1690,1351 1717,1356 1722,1355 1723,1301 1673,1300 1664,1299"/>
          <TextEquiv conf="0.9260666">
            <Unicode>Seger</Unicode>
          </TextEquiv>
        </Word>
        <Word id="region0003_line0007_word0007" custom="readingOrder {index:7;}">
          <Coords points="1836,1304 1805,1303 1787,1303 1744,1301 1743,1354 1758,1354 1764,1359 1774,1361 1788,1358 1792,1361 1802,1361 1804,1367 1809,1369 1825,1368 1828,1360 1834,1360"/>
          <TextEquiv conf="0.9260666">
            <Unicode>auf</Unicode>
          </TextEquiv>
        </Word>
        <Word id="region0003_line0007_word0008" custom="readingOrder {index:8;}">
          <Coords points="1960,1310 1864,1307 1862,1354 1866,1355 1873,1363 1893,1364 1894,1365 1908,1365 1912,1363 1918,1365 1922,1365 1930,1362 1958,1362"/>
          <TextEquiv conf="0.92852616">
            <Unicode>den</Unicode>
          </TextEquiv>
        </Word>
        <TextEquiv>
          <Unicode>an freittag Schirſt umb den neundten Seger auf den</Unicode>
        </TextEquiv>
      </TextLine>
      <TextLine id="region0003_line0008" custom="readingOrder {index:5;}">
        <Coords points="1003,1323 994,1330 974,1334 951,1331 936,1338 920,1330 909,1333 887,1330 875,1333 820,1329 821,1337 815,1341 793,1340 788,1343 779,1342 767,1334 749,1337 752,1331 746,1322 729,1328 728,1336 718,1330 704,1330 699,1334 697,1328 680,1325 669,1329 665,1334 656,1332 627,1338 548,1335 542,1329 533,1328 525,1333 480,1332 480,1387 519,1388 525,1393 535,1393 541,1389 563,1390 586,1401 613,1402 618,1399 621,1392 693,1391 773,1391 785,1395 789,1392 846,1393 857,1398 903,1398 907,1406 916,1408 923,1407 930,1398 974,1398 977,1407 986,1410 998,1398 1076,1399 1080,1407 1091,1409 1101,1406 1108,1398 1113,1400 1129,1397 1138,1401 1153,1398 1180,1403 1187,1394 1197,1397 1217,1396 1226,1406 1244,1408 1250,1408 1257,1399 1267,1399 1278,1404 1283,1412 1291,1414 1297,1414 1306,1404 1314,1404 1320,1406 1322,1412 1332,1418 1342,1417 1346,1407 1413,1408 1424,1411 1431,1409 1472,1410 1482,1413 1493,1410 1505,1413 1523,1411 1526,1414 1568,1413 1575,1418 1589,1415 1600,1416 1603,1419 1617,1417 1630,1420 1646,1420 1653,1428 1663,1428 1669,1422 1688,1422 1696,1433 1711,1432 1717,1423 1783,1425 1791,1428 1806,1427 1816,1428 1816,1438 1825,1443 1836,1440 1845,1428 1888,1429 1895,1434 1911,1431 1913,1444 1937,1448 1941,1436 1949,1430 1956,1432 1959,1437 1974,1434 1974,1364 1930,1363 1916,1370 1885,1370 1878,1364 1873,1364 1866,1356 1858,1355 1851,1361 1856,1367 1855,1370 1809,1370 1800,1367 1765,1364 1758,1355 1726,1355 1720,1359 1716,1356 1690,1352 1652,1365 1626,1364 1619,1358 1613,1358 1608,1361 1551,1358 1531,1350 1526,1350 1520,1356 1500,1356 1487,1350 1477,1355 1459,1355 1448,1347 1440,1346 1420,1345 1413,1353 1403,1351 1397,1356 1366,1355 1365,1344 1347,1343 1342,1347 1331,1342 1293,1340 1292,1345 1285,1349 1261,1347 1252,1354 1243,1355 1233,1348 1226,1348 1217,1353 1184,1352 1178,1347 1135,1347 1135,1335 1108,1336 1102,1332 1093,1336 1084,1332 1077,1336 1046,1331 1021,1334 1008,1323"/>
        <Baseline points="480,1375 1117,1385 1974,1421"/>
        <Word id="region0003_line0008_word0000" custom="readingOrder {index:0;}">
          <Coords points="528,1331 525,1333 523,1333 521,1389 540,1390 541,1389 563,1390 564,1390 622,1392 622,1392 624,1338 548,1335 545,1332"/>
          <TextEquiv conf="0.92762274">
            <Unicode>tag,</Unicode>
          </TextEquiv>
        </Word>
        <Word id="region0003_line0008_word0001" custom="readingOrder {index:1;}">
          <Coords points="667,1330 665,1334 656,1332 642,1334 642,1381 719,1384 720,1333 701,1332 699,1334 698,1332"/>
          <TextEquiv conf="0.9266627">
            <Unicode>als</Unicode>
          </TextEquiv>
        </Word>
        <Word id="region0003_line0008_word0002" custom="readingOrder {index:2;}">
          <Coords points="737,1326 735,1387 837,1390 838,1330 820,1329 821,1337 815,1341 793,1340 788,1343 779,1342 767,1334 749,1337 752,1331 748,1326"/>
          <TextEquiv conf="0.8772629">
            <Unicode>ain</Unicode>
          </TextEquiv>
        </Word>
        <Word id="region0003_line0008_word0003" custom="readingOrder {index:3;}">
          <Coords points="991,1330 974,1334 951,1331 936,1338 920,1330 909,1333 887,1330 875,1333 850,1331 849,1394 857,1398 903,1398 907,1406 916,1408 923,1407 930,1398 974,1398 977,1407 986,1410 998,1398 1076,1399 1080,1407 1091,1409 1101,1406 1108,1398 1113,1400 1129,1397 1138,1401 1153,1398 1156,1398 1157,1347 1135,1347 1135,1335 1131,1335 1108,1336 1105,1334 1097,1334 1093,1336 1087,1333 1081,1333 1077,1336 1056,1332 1037,1332 1021,1334 1017,1331"/>
          <TextEquiv conf="0.8992244">
            <Unicode>Chriſtlicher</Unicode>
          </TextEquiv>
        </Word>
        <Word id="region0003_line0008_word0004" custom="readingOrder {index:4;}">
          <Coords points="1334,1415 1336,1351 1259,1348 1252,1354 1243,1355 1233,1348 1226,1348 1217,1353 1184,1352 1179,1348 1178,1402 1180,1403 1187,1394 1197,1397 1217,1396 1226,1406 1244,1408 1250,1408 1257,1399 1267,1399 1278,1404 1283,1412 1287,1413 1297,1413 1306,1404 1314,1404 1320,1406 1322,1412 1326,1414"/>
          <TextEquiv>
            <Unicode>Fuͤrſt,</Unicode>
          </TextEquiv>
        </Word>
        <Word id="region0003_line0008_word0005" custom="readingOrder {index:5;}">
          <Coords points="1332,1351 1330,1416 1332,1418 1342,1417 1346,1407 1413,1408 1424,1411 1431,1409 1454,1409 1456,1355 1400,1353 1397,1356 1366,1355 1365,1352"/>
          <TextEquiv conf="0.9296458">
            <Unicode>mit</Unicode>
          </TextEquiv>
        </Word>
        <Word id="region0003_line0008_word0006" custom="readingOrder {index:6;}">
          <Coords points="1553,1364 1477,1361 1475,1410 1482,1413 1493,1410 1505,1413 1523,1411 1526,1414 1551,1413"/>
          <TextEquiv conf="0.9296458">
            <Unicode>tod</Unicode>
          </TextEquiv>
        </Word>
        <Word id="region0003_line0008_word0007" custom="readingOrder {index:7;}">
          <Coords points="1669,1359 1652,1365 1626,1364 1619,1358 1613,1358 1608,1361 1570,1359 1568,1413 1568,1413 1575,1418 1589,1415 1600,1416 1603,1419 1617,1417 1630,1420 1646,1420 1653,1428 1663,1428 1669,1422 1688,1422 1696,1433 1711,1432 1717,1423 1783,1425 1791,1428 1806,1427 1816,1428 1816,1438 1816,1438 1837,1439 1844,1429 1847,1370 1809,1370 1800,1367 1765,1364 1764,1362"/>
          <TextEquiv conf="0.9253951">
            <Unicode>verſchiden,</Unicode>
          </TextEquiv>
        </Word>
        <Word id="region0003_line0008_word0008" custom="readingOrder {index:8;}">
          <Coords points="1860,1358 1857,1428 1888,1429 1895,1434 1911,1431 1912,1442 1938,1443 1941,1436 1949,1430 1956,1432 1959,1437 1967,1435 1969,1363 1930,1363 1916,1370 1885,1370 1878,1364 1873,1364 1867,1358"/>
          <TextEquiv>
            <Unicode>deſſ</Unicode>
          </TextEquiv>
        </Word>
        <TextEquiv>
          <Unicode>tag, als ain Chriſtlicher Fuͤrſt, mit tod verſchiden, deſſ</Unicode>
        </TextEquiv>
      </TextLine>
      <TextLine id="region0003_line0009" custom="readingOrder {index:6;}">
        <Coords points="1257,1400 1251,1408 1255,1414 1244,1416 1239,1412 1230,1412 1226,1415 1218,1412 1195,1413 1167,1406 1153,1399 1138,1402 1124,1398 1091,1410 1078,1408 1068,1411 1063,1403 1050,1401 1044,1405 1042,1411 1030,1408 1025,1411 1022,1403 1016,1399 1000,1399 986,1411 914,1409 907,1407 901,1398 888,1398 881,1403 876,1398 857,1399 846,1394 829,1395 821,1401 769,1403 749,1403 741,1394 732,1394 723,1402 659,1402 654,1393 639,1393 625,1402 613,1403 586,1402 561,1391 541,1390 526,1396 481,1395 480,1454 481,1460 529,1463 548,1461 567,1465 744,1462 762,1466 841,1470 870,1470 875,1468 989,1471 1000,1483 1012,1482 1019,1472 1051,1473 1064,1477 1072,1485 1079,1485 1088,1477 1095,1474 1147,1476 1209,1476 1216,1473 1235,1476 1267,1473 1272,1477 1329,1476 1335,1483 1344,1483 1349,1479 1380,1481 1387,1477 1401,1477 1418,1480 1427,1489 1441,1485 1459,1486 1467,1489 1514,1487 1516,1494 1524,1497 1530,1496 1541,1487 1558,1485 1570,1485 1575,1489 1585,1489 1585,1495 1594,1499 1604,1498 1610,1489 1734,1496 1738,1499 1753,1497 1757,1500 1768,1501 1773,1497 1807,1498 1813,1501 1824,1499 1837,1501 1845,1512 1854,1512 1861,1502 1906,1504 1911,1508 1920,1509 1924,1506 1973,1508 1973,1449 1955,1449 1957,1436 1952,1431 1942,1436 1936,1449 1882,1443 1878,1433 1869,1430 1858,1430 1844,1441 1825,1444 1813,1437 1779,1435 1776,1428 1769,1426 1753,1431 1750,1427 1737,1424 1724,1433 1671,1434 1635,1430 1632,1421 1618,1418 1600,1421 1595,1425 1588,1418 1579,1418 1570,1426 1564,1426 1548,1423 1541,1415 1520,1417 1498,1412 1473,1413 1468,1417 1455,1417 1447,1417 1443,1412 1431,1410 1410,1419 1332,1419 1326,1417 1319,1407 1314,1405 1306,1405 1298,1415 1294,1416 1281,1413 1276,1404"/>
        <Baseline points="480,1446 1402,1468 1973,1496"/>
        <Word id="region0003_line0009_word0000" custom="readingOrder {index:0;}">
          <Coords points="519,1398 517,1458 677,1463 705,1462 707,1404 625,1401 625,1402 613,1403 586,1402 581,1399"/>
          <TextEquiv conf="0.9308586">
            <Unicode>Seelen</Unicode>
          </TextEquiv>
        </Word>
        <Word id="region0003_line0009_word0001" custom="readingOrder {index:1;}">
          <Coords points="730,1406 810,1409 808,1462 728,1460"/>
          <TextEquiv conf="0.93216914">
            <Unicode>der</Unicode>
          </TextEquiv>
        </Word>
        <Word id="region0003_line0009_word0002" custom="readingOrder {index:2;}">
          <Coords points="817,1403 815,1469 841,1470 870,1470 875,1468 989,1471 998,1481 1012,1481 1019,1472 1051,1473 1064,1477 1070,1483 1081,1484 1088,1477 1092,1475 1095,1412 1042,1410 1042,1411 1039,1410 1027,1410 1025,1411 1025,1410 989,1409 986,1411 914,1409 907,1407 906,1406"/>
          <TextEquiv conf="0.9199582">
            <Unicode>Almechtig</Unicode>
          </TextEquiv>
        </Word>
        <Word id="region0003_line0009_word0003" custom="readingOrder {index:3;}">
          <Coords points="1126,1401 1123,1475 1147,1476 1209,1476 1216,1473 1235,1476 1267,1473 1272,1477 1291,1476 1293,1415 1281,1413 1276,1405 1253,1404 1251,1408 1255,1414 1244,1416 1239,1412 1230,1412 1226,1415 1218,1412 1195,1413 1167,1406 1158,1401 1140,1401 1138,1402 1135,1401"/>
          <TextEquiv>
            <Unicode>Vatter</Unicode>
          </TextEquiv>
        </Word>
        <Word id="region0003_line0009_word0004" custom="readingOrder {index:4;}">
          <Coords points="1429,1410 1410,1419 1332,1419 1326,1417 1320,1409 1318,1476 1329,1476 1335,1483 1344,1483 1349,1479 1380,1481 1387,1477 1401,1477 1418,1480 1427,1489 1441,1485 1458,1485 1460,1417 1455,1417 1447,1417 1443,1412 1438,1411"/>
          <TextEquiv conf="0.92205656">
            <Unicode>durch</Unicode>
          </TextEquiv>
        </Word>
        <Word id="region0003_line0009_word0005" custom="readingOrder {index:5;}">
          <Coords points="1463,1426 1460,1486 1467,1489 1514,1487 1516,1494 1524,1497 1530,1496 1541,1487 1558,1485 1570,1485 1575,1489 1585,1489 1585,1495 1594,1499 1604,1498 1610,1489 1712,1494 1714,1434 1698,1433 1671,1434 1653,1432"/>
          <TextEquiv>
            <Unicode>Chriſtum</Unicode>
          </TextEquiv>
        </Word>
        <Word id="region0003_line0009_word0006" custom="readingOrder {index:6;}">
          <Coords points="1730,1430 1727,1496 1734,1496 1738,1499 1753,1497 1757,1500 1768,1501 1773,1497 1807,1498 1813,1501 1824,1499 1837,1501 1841,1507 1857,1507 1861,1502 1906,1504 1911,1508 1920,1509 1924,1506 1967,1508 1969,1449 1955,1449 1957,1438 1942,1437 1936,1449 1882,1443 1879,1435 1853,1434 1844,1441 1825,1444 1813,1437 1779,1435 1778,1432 1754,1431 1753,1431 1753,1431"/>
          <TextEquiv conf="0.92546004">
            <Unicode>Unnſern</Unicode>
          </TextEquiv>
        </Word>
        <TextEquiv>
          <Unicode>Seelen der Almechtig Vatter durch Chriſtum Unnſern</Unicode>
        </TextEquiv>
      </TextLine>
      <TextLine id="region0003_line0010" custom="readingOrder {index:7;}">
        <Coords points="1393,1477 1375,1484 1342,1484 1336,1489 1288,1486 1281,1495 1274,1495 1269,1488 1258,1495 1250,1495 1247,1492 1234,1494 1229,1487 1231,1477 1224,1474 1207,1476 1202,1486 1167,1485 1164,1482 1154,1482 1148,1486 1104,1484 1103,1476 1095,1475 1088,1478 1079,1486 1072,1486 1064,1478 1050,1475 1036,1485 1014,1485 993,1485 989,1472 973,1472 966,1483 894,1480 894,1472 890,1469 872,1470 861,1479 822,1479 763,1477 761,1467 756,1464 737,1465 725,1476 692,1476 582,1471 569,1470 563,1464 548,1462 530,1464 527,1467 481,1466 481,1529 527,1531 531,1536 547,1536 564,1533 589,1536 593,1534 686,1537 715,1534 750,1538 755,1535 774,1538 793,1534 860,1536 865,1537 867,1544 875,1548 885,1547 893,1539 898,1539 938,1544 944,1551 956,1553 976,1545 987,1552 1004,1553 1024,1543 1034,1541 1039,1541 1043,1547 1054,1547 1059,1542 1077,1541 1084,1544 1113,1542 1217,1548 1228,1545 1234,1536 1239,1537 1245,1546 1252,1536 1258,1536 1267,1543 1313,1544 1387,1551 1398,1556 1418,1555 1426,1552 1440,1552 1446,1556 1456,1554 1483,1554 1487,1566 1502,1566 1507,1555 1632,1561 1636,1564 1647,1562 1682,1563 1686,1573 1698,1570 1704,1564 1761,1569 1913,1574 1917,1578 1932,1575 1974,1576 1974,1519 1893,1516 1885,1503 1865,1504 1854,1513 1845,1513 1837,1502 1824,1501 1819,1505 1807,1499 1791,1498 1779,1507 1726,1506 1720,1496 1702,1496 1690,1503 1677,1503 1657,1500 1649,1492 1640,1491 1631,1496 1626,1491 1611,1491 1604,1499 1594,1500 1575,1496 1575,1490 1570,1486 1558,1486 1541,1488 1530,1497 1524,1498 1511,1495 1506,1489 1496,1489 1487,1496 1439,1488 1427,1490 1415,1480"/>
        <Baseline points="481,1517 978,1533 1302,1534 1974,1564"/>
        <Word id="region0003_line0010_word0000" custom="readingOrder {index:0;}">
          <Coords points="527,1467 527,1467 508,1467 506,1530 527,1531 528,1532 691,1536 708,1535 710,1476 692,1476 582,1471 569,1470 567,1468"/>
          <TextEquiv conf="0.9220726">
            <Unicode>Herren</Unicode>
          </TextEquiv>
        </Word>
        <Word id="region0003_line0010_word0001" custom="readingOrder {index:1;}">
          <Coords points="733,1471 730,1536 750,1538 755,1535 774,1538 793,1534 860,1536 865,1537 867,1544 868,1544 887,1545 893,1539 898,1539 938,1544 940,1547 970,1547 976,1545 980,1548 1012,1549 1019,1545 1022,1485 1014,1485 993,1485 991,1479 969,1478 966,1483 894,1480 894,1476 866,1475 861,1479 822,1479 763,1477 762,1472"/>
          <TextEquiv conf="0.9288948">
            <Unicode>barmherzig</Unicode>
          </TextEquiv>
        </Word>
        <Word id="region0003_line0010_word0002" custom="readingOrder {index:2;}">
          <Coords points="1041,1482 1038,1541 1039,1541 1043,1547 1054,1547 1059,1542 1077,1541 1084,1544 1113,1542 1131,1543 1133,1485 1108,1484 1082,1483 1079,1486 1072,1486 1069,1483"/>
          <TextEquiv conf="0.91876024">
            <Unicode>ſein</Unicode>
          </TextEquiv>
        </Word>
        <Word id="region0003_line0010_word0003" custom="readingOrder {index:3;}">
          <Coords points="1152,1485 1151,1544 1222,1546 1228,1545 1234,1536 1239,1537 1245,1546 1252,1536 1258,1536 1267,1543 1313,1544 1333,1545 1335,1491 1285,1489 1281,1495 1274,1495 1269,1488 1267,1488 1258,1495 1250,1495 1247,1492 1234,1494 1229,1487"/>
          <TextEquiv>
            <Unicode>woͤlle.</Unicode>
          </TextEquiv>
        </Word>
        <Word id="region0003_line0010_word0004" custom="readingOrder {index:4;}">
          <Coords points="1370,1491 1368,1549 1387,1551 1398,1556 1418,1555 1426,1552 1440,1552 1446,1556 1456,1554 1483,1554 1487,1566 1502,1566 1507,1555 1574,1558 1576,1497 1531,1495 1530,1497 1524,1498 1511,1495 1488,1494 1487,1496 1475,1494"/>
          <TextEquiv conf="0.9281322">
            <Unicode>Derſelb</Unicode>
          </TextEquiv>
        </Word>
        <Word id="region0003_line0010_word0005" custom="readingOrder {index:5;}">
          <Coords points="1755,1508 1608,1503 1606,1559 1632,1561 1636,1564 1647,1562 1682,1563 1685,1570 1694,1570 1698,1570 1704,1564 1753,1568"/>
          <TextEquiv conf="0.9288414">
            <Unicode>Unſer</Unicode>
          </TextEquiv>
        </Word>
        <Word id="region0003_line0010_word0006" custom="readingOrder {index:6;}">
          <Coords points="1780,1509 1778,1566 1964,1572 1965,1518 1893,1516 1890,1512 1855,1511 1854,1513 1845,1513 1843,1511"/>
          <TextEquiv conf="0.9213456">
            <Unicode>Lieber</Unicode>
          </TextEquiv>
        </Word>
        <TextEquiv>
          <Unicode>Herren barmherzig ſein woͤlle. Derſelb Unſer Lieber</Unicode>
        </TextEquiv>
      </TextLine>
      <TextLine id="region0003_line0012" custom="readingOrder {index:8;}">
        <Coords points="1252,1537 1244,1552 1195,1557 1160,1556 1153,1546 1130,1544 1113,1553 1076,1551 1072,1544 1064,1543 1059,1543 1054,1548 1043,1548 1039,1542 1034,1542 1023,1544 1004,1554 964,1552 956,1554 942,1550 924,1551 918,1546 909,1546 904,1550 897,1546 875,1549 866,1544 844,1542 835,1536 793,1535 782,1540 741,1538 734,1543 671,1546 577,1543 563,1542 556,1534 547,1537 529,1535 524,1539 480,1537 480,1601 519,1603 522,1607 548,1614 555,1604 631,1608 636,1605 656,1605 692,1608 700,1604 717,1604 728,1607 736,1603 743,1607 756,1605 786,1606 820,1612 833,1608 890,1609 899,1607 925,1610 939,1608 1028,1612 1037,1615 1058,1613 1104,1617 1111,1613 1148,1615 1163,1626 1174,1626 1183,1625 1190,1616 1253,1617 1255,1626 1265,1632 1274,1628 1276,1619 1297,1619 1312,1607 1325,1618 1340,1616 1354,1627 1362,1626 1364,1617 1374,1622 1384,1622 1389,1618 1407,1622 1412,1619 1415,1623 1427,1626 1440,1625 1445,1621 1452,1627 1460,1628 1465,1623 1478,1625 1483,1622 1502,1622 1511,1625 1521,1624 1529,1628 1558,1628 1561,1636 1566,1639 1583,1635 1584,1630 1622,1632 1624,1640 1631,1644 1643,1644 1648,1634 1684,1635 1686,1646 1690,1649 1707,1648 1716,1636 1798,1638 1820,1639 1827,1643 1906,1648 1974,1649 1973,1591 1911,1587 1909,1580 1904,1576 1893,1575 1884,1585 1837,1582 1833,1576 1822,1573 1812,1573 1802,1581 1775,1577 1749,1578 1737,1567 1725,1566 1718,1575 1716,1567 1709,1565 1704,1565 1698,1571 1688,1574 1671,1574 1667,1565 1657,1563 1637,1564 1633,1567 1629,1563 1614,1562 1607,1571 1572,1571 1563,1564 1551,1564 1545,1569 1503,1568 1465,1563 1450,1564 1440,1553 1426,1553 1413,1556 1409,1562 1360,1557 1354,1550 1343,1550 1337,1554 1313,1552 1304,1545 1267,1544 1258,1537"/>
        <Baseline points="480,1588 1373,1605 1974,1638"/>
        <Word id="region0003_line0012_word0000" custom="readingOrder {index:0;}">
          <Coords points="511,1597 643,1601 645,1545 577,1543 563,1542 556,1534 547,1537 529,1535 524,1539 513,1538"/>
          <TextEquiv conf="0.92749155">
            <Unicode>Herr</Unicode>
          </TextEquiv>
        </Word>
        <Word id="region0003_line0012_word0001" custom="readingOrder {index:1;}">
          <Coords points="667,1596 765,1599 766,1544 733,1543 671,1546 667,1545"/>
          <TextEquiv conf="0.93012893">
            <Unicode>und</Unicode>
          </TextEquiv>
        </Word>
        <Word id="region0003_line0012_word0002" custom="readingOrder {index:2;}">
          <Coords points="784,1540 783,1600 970,1606 972,1552 964,1552 956,1554 942,1550 924,1551 918,1546 909,1546 904,1550 897,1546 875,1549 866,1544 844,1542 844,1542"/>
          <TextEquiv conf="0.92234033">
            <Unicode>Vatter</Unicode>
          </TextEquiv>
        </Word>
        <Word id="region0003_line0012_word0003" custom="readingOrder {index:3;}">
          <Coords points="1019,1546 1007,1553 1005,1611 1028,1612 1037,1615 1058,1613 1104,1617 1111,1613 1148,1615 1154,1620 1186,1621 1190,1616 1234,1617 1236,1553 1235,1553 1195,1557 1160,1556 1156,1551 1120,1549 1113,1553 1076,1551 1074,1548 1055,1547 1054,1548 1043,1548 1042,1547"/>
          <TextEquiv conf="0.92845505">
            <Unicode>Seeliger</Unicode>
          </TextEquiv>
        </Word>
        <Word id="region0003_line0012_word0004" custom="readingOrder {index:4;}">
          <Coords points="1252,1540 1249,1616 1253,1617 1255,1626 1265,1632 1274,1628 1276,1619 1297,1619 1312,1607 1325,1618 1340,1616 1354,1627 1362,1626 1364,1617 1374,1622 1384,1622 1389,1618 1407,1622 1412,1619 1415,1623 1427,1626 1440,1625 1445,1621 1452,1627 1460,1628 1465,1623 1478,1625 1483,1622 1502,1622 1511,1625 1521,1624 1529,1628 1558,1628 1561,1636 1566,1639 1583,1635 1584,1630 1586,1630 1588,1571 1572,1571 1563,1564 1551,1564 1545,1569 1503,1568 1465,1563 1450,1564 1440,1553 1426,1553 1413,1556 1409,1562 1360,1557 1354,1550 1343,1550 1337,1554 1313,1552 1304,1545 1267,1544 1262,1540"/>
          <TextEquiv conf="0.92960095">
            <Unicode>Gedechtnus,</Unicode>
          </TextEquiv>
        </Word>
        <Word id="region0003_line0012_word0005" custom="readingOrder {index:5;}">
          <Coords points="1610,1567 1609,1568 1607,1631 1622,1632 1623,1634 1648,1635 1648,1634 1667,1635 1669,1569 1668,1568"/>
          <TextEquiv conf="0.9327712">
            <Unicode>iſt</Unicode>
          </TextEquiv>
        </Word>
        <Word id="region0003_line0012_word0006" custom="readingOrder {index:6;}">
          <Coords points="1699,1569 1698,1571 1690,1573 1689,1640 1712,1640 1716,1636 1798,1638 1820,1639 1827,1643 1848,1644 1849,1582 1837,1582 1833,1576 1822,1573 1818,1573 1812,1573 1802,1581 1775,1577 1749,1578 1740,1570 1721,1569 1718,1575 1716,1569"/>
          <TextEquiv conf="0.92525744">
            <Unicode>hievor</Unicode>
          </TextEquiv>
        </Word>
        <Word id="region0003_line0012_word0007" custom="readingOrder {index:7;}">
          <Coords points="1890,1578 1886,1581 1885,1634 1937,1635 1938,1588 1911,1587 1909,1580 1906,1578"/>
          <TextEquiv conf="0.9243282">
            <Unicode>in</Unicode>
          </TextEquiv>
        </Word>
        <TextEquiv conf="0.92754674">
          <Unicode>Herr und Vatter Seeliger Gedechtnus, iſt hievor in</Unicode>
        </TextEquiv>
      </TextLine>
      <TextLine id="region0003_line0013" custom="readingOrder {index:9;}">
        <Coords points="1312,1608 1294,1624 1277,1625 1265,1633 1255,1627 1212,1628 1205,1618 1195,1618 1185,1626 1163,1627 1148,1616 1131,1617 1124,1624 1043,1621 1036,1615 1023,1613 1016,1620 980,1617 976,1620 970,1611 960,1610 950,1620 923,1619 918,1609 899,1608 888,1612 884,1619 834,1619 794,1615 792,1610 786,1607 769,1606 755,1612 745,1612 739,1606 700,1605 682,1610 598,1616 575,1615 568,1607 556,1607 549,1615 521,1608 512,1614 481,1613 480,1668 481,1676 504,1676 506,1685 511,1688 527,1686 532,1677 597,1675 614,1678 619,1674 642,1674 761,1678 766,1685 778,1688 784,1686 788,1678 841,1676 892,1680 897,1689 911,1691 916,1687 918,1680 1034,1682 1046,1679 1054,1683 1075,1683 1082,1679 1130,1684 1135,1687 1136,1693 1152,1696 1160,1685 1236,1689 1240,1687 1246,1691 1254,1691 1259,1687 1294,1688 1309,1690 1322,1695 1354,1692 1364,1700 1378,1688 1385,1688 1391,1695 1402,1694 1406,1703 1413,1705 1422,1704 1427,1694 1478,1695 1490,1701 1500,1701 1522,1696 1551,1699 1563,1690 1568,1690 1573,1699 1590,1702 1745,1708 1756,1719 1772,1722 1782,1719 1788,1711 1852,1714 1875,1727 1886,1728 1896,1720 1905,1719 1920,1732 1929,1721 1973,1723 1973,1665 1920,1661 1915,1656 1907,1655 1900,1659 1811,1654 1807,1651 1798,1651 1794,1654 1735,1652 1730,1649 1718,1651 1690,1650 1668,1647 1661,1641 1631,1645 1612,1643 1607,1639 1591,1641 1585,1636 1566,1640 1534,1635 1521,1625 1511,1626 1502,1623 1483,1623 1471,1631 1452,1630 1446,1624 1434,1627 1421,1623 1412,1626 1409,1623 1396,1622 1388,1630 1363,1627 1354,1628 1342,1618 1325,1619"/>
        <Baseline points="480,1663 1302,1677 1563,1690 1568,1691 1973,1712"/>
        <Word id="region0003_line0013_word0000" custom="readingOrder {index:0;}">
          <Coords points="653,1612 598,1616 575,1615 568,1607 556,1607 549,1615 521,1608 512,1614 508,1613 507,1670 623,1674 642,1674 652,1674"/>
          <TextEquiv conf="0.92911536">
            <Unicode>ſeiner</Unicode>
          </TextEquiv>
        </Word>
        <Word id="region0003_line0013_word0001" custom="readingOrder {index:1;}">
          <Coords points="769,1606 755,1612 745,1612 739,1606 700,1605 682,1610 677,1610 675,1672 816,1677 841,1676 882,1679 918,1680 918,1680 990,1681 992,1618 980,1617 976,1620 972,1613 957,1613 950,1620 923,1619 919,1611 892,1611 888,1612 884,1619 834,1619 794,1615 792,1610 786,1607 778,1607"/>
          <TextEquiv conf="0.9309711">
            <Unicode>Schwachait</Unicode>
          </TextEquiv>
        </Word>
        <Word id="region0003_line0013_word0002" custom="readingOrder {index:2;}">
          <Coords points="1023,1617 1021,1682 1034,1682 1046,1679 1054,1683 1075,1683 1082,1679 1130,1684 1135,1687 1135,1687 1158,1688 1160,1685 1161,1685 1163,1627 1154,1621 1128,1620 1124,1624 1043,1621 1039,1617"/>
          <TextEquiv conf="0.93174505">
            <Unicode>durch</Unicode>
          </TextEquiv>
        </Word>
        <Word id="region0003_line0013_word0003" custom="readingOrder {index:3;}">
          <Coords points="1191,1627 1189,1681 1273,1684 1275,1630 1270,1630 1265,1633 1259,1629 1216,1628 1212,1628 1212,1628"/>
          <TextEquiv conf="0.9274649">
            <Unicode>den</Unicode>
          </TextEquiv>
        </Word>
        <Word id="region0003_line0013_word0004" custom="readingOrder {index:4;}">
          <Coords points="1310,1609 1296,1621 1294,1688 1309,1690 1318,1693 1330,1694 1354,1692 1357,1695 1369,1695 1378,1688 1385,1688 1391,1695 1402,1694 1403,1696 1425,1697 1427,1694 1445,1694 1446,1624 1446,1624 1434,1627 1421,1623 1412,1626 1409,1623 1396,1622 1388,1630 1363,1627 1354,1628 1342,1618 1325,1619 1313,1609"/>
          <TextEquiv conf="0.92488456">
            <Unicode>Gaiſt</Unicode>
          </TextEquiv>
        </Word>
        <Word id="region0003_line0013_word0005" custom="readingOrder {index:5;}">
          <Coords points="1475,1628 1471,1631 1468,1630 1467,1692 1556,1694 1563,1690 1568,1690 1570,1695 1666,1698 1667,1646 1661,1641 1631,1645 1612,1643 1607,1639 1591,1641 1585,1636 1566,1640 1534,1635 1527,1629"/>
          <TextEquiv conf="0.9254812">
            <Unicode>Gottes</Unicode>
          </TextEquiv>
        </Word>
        <Word id="region0003_line0013_word0006" custom="readingOrder {index:6;}">
          <Coords points="1684,1703 1934,1711 1934,1662 1920,1661 1915,1656 1907,1655 1900,1659 1811,1654 1807,1651 1798,1651 1794,1654 1735,1652 1730,1649 1718,1651 1690,1650 1685,1649"/>
          <TextEquiv conf="0.9178328">
            <Unicode>angeregt,</Unicode>
          </TextEquiv>
        </Word>
        <TextEquiv conf="0.926785">
          <Unicode>ſeiner Schwachait durch den Gaiſt Gottes angeregt,</Unicode>
        </TextEquiv>
      </TextLine>
      <TextLine id="region0003_line0014" custom="readingOrder {index:10;}">
        <Coords points="1563,1691 1543,1709 1538,1708 1534,1698 1522,1697 1497,1702 1490,1710 1475,1710 1390,1705 1391,1696 1385,1689 1378,1689 1362,1703 1297,1699 1271,1693 1263,1698 1239,1695 1233,1698 1214,1699 1140,1696 1123,1693 1102,1693 1100,1683 1082,1680 1069,1686 1065,1691 1054,1691 1046,1681 1026,1683 1017,1690 1006,1690 1002,1684 990,1682 975,1682 961,1692 931,1693 891,1690 889,1682 878,1679 869,1679 857,1688 850,1688 848,1680 841,1677 817,1679 810,1687 778,1689 729,1686 720,1679 704,1679 699,1685 640,1684 634,1677 622,1677 614,1683 593,1684 587,1678 579,1678 570,1685 563,1686 520,1689 481,1688 481,1744 505,1745 510,1749 532,1748 538,1739 542,1739 551,1748 571,1749 575,1746 634,1748 641,1744 664,1744 694,1747 698,1744 733,1744 737,1747 764,1748 768,1745 795,1746 801,1749 816,1747 826,1757 830,1757 845,1748 857,1748 862,1750 862,1756 869,1760 876,1760 889,1751 933,1753 936,1762 944,1766 968,1754 1024,1755 1028,1763 1041,1764 1050,1754 1125,1754 1131,1757 1182,1759 1184,1770 1195,1772 1212,1768 1226,1769 1233,1761 1242,1762 1246,1759 1313,1759 1321,1763 1341,1761 1345,1765 1360,1763 1394,1765 1405,1771 1413,1766 1438,1767 1448,1768 1453,1779 1467,1779 1474,1769 1490,1769 1506,1778 1513,1771 1540,1773 1546,1768 1555,1767 1558,1770 1558,1783 1571,1783 1579,1774 1582,1774 1588,1783 1605,1786 1611,1784 1618,1775 1630,1776 1660,1772 1813,1786 1822,1790 1837,1787 1917,1791 1921,1788 1973,1786 1974,1736 1920,1733 1905,1720 1896,1721 1892,1730 1875,1728 1852,1715 1841,1713 1825,1714 1818,1721 1781,1720 1773,1723 1756,1720 1745,1709 1737,1710 1734,1714 1727,1708 1714,1708 1703,1712 1698,1718 1620,1714 1584,1711 1581,1702 1573,1700 1568,1691"/>
        <Baseline points="481,1732 1269,1747 1973,1776"/>
        <Word id="region0003_line0014_word0000" custom="readingOrder {index:0;}">
          <Coords points="573,1682 570,1685 563,1686 520,1689 505,1688 504,1734 602,1737 603,1683 593,1684 591,1682"/>
          <TextEquiv conf="0.93120867">
            <Unicode>und</Unicode>
          </TextEquiv>
        </Word>
        <Word id="region0003_line0014_word0001" custom="readingOrder {index:1;}">
          <Coords points="621,1677 618,1679 617,1745 637,1745 641,1744 664,1744 694,1747 698,1744 733,1744 737,1747 764,1748 768,1745 795,1746 801,1749 816,1747 821,1752 837,1752 844,1748 846,1685 812,1683 810,1687 778,1689 729,1686 722,1680 703,1679 699,1685 640,1684 634,1677"/>
          <TextEquiv conf="0.9316151">
            <Unicode>dardurch</Unicode>
          </TextEquiv>
        </Word>
        <Word id="region0003_line0014_word0002" custom="readingOrder {index:2;}">
          <Coords points="863,1685 861,1750 862,1750 862,1756 862,1756 881,1757 889,1751 933,1753 935,1758 958,1759 968,1754 1024,1755 1027,1761 1043,1762 1049,1755 1052,1692 965,1689 961,1692 931,1693 891,1690 890,1686"/>
          <TextEquiv conf="0.9268404">
            <Unicode>herzlich</Unicode>
          </TextEquiv>
        </Word>
        <Word id="region0003_line0014_word0003" custom="readingOrder {index:3;}">
          <Coords points="1073,1687 1070,1754 1125,1754 1131,1757 1182,1759 1183,1767 1209,1768 1212,1768 1226,1769 1233,1761 1242,1762 1246,1759 1257,1759 1259,1697 1239,1695 1233,1698 1214,1699 1140,1696 1123,1693 1102,1693 1100,1687"/>
          <TextEquiv conf="0.93139285">
            <Unicode>bewegt</Unicode>
          </TextEquiv>
        </Word>
        <Word id="region0003_line0014_word0004" custom="readingOrder {index:4;}">
          <Coords points="1373,1693 1362,1703 1297,1699 1271,1693 1267,1694 1265,1759 1313,1759 1321,1763 1341,1761 1345,1765 1360,1763 1394,1765 1404,1770 1405,1770 1413,1766 1438,1767 1448,1768 1449,1772 1471,1772 1474,1769 1475,1769 1477,1710 1475,1710 1390,1705 1391,1696 1388,1693"/>
          <TextEquiv conf="0.9189112">
            <Unicode>worden,</Unicode>
          </TextEquiv>
        </Word>
        <Word id="region0003_line0014_word0005" custom="readingOrder {index:5;}">
          <Coords points="1562,1691 1543,1709 1538,1708 1534,1698 1522,1697 1497,1702 1493,1706 1491,1769 1497,1773 1510,1773 1513,1771 1540,1773 1546,1768 1555,1767 1558,1770 1558,1775 1577,1775 1578,1775 1580,1701 1573,1700 1568,1691"/>
          <TextEquiv conf="0.92228216">
            <Unicode>ſich</Unicode>
          </TextEquiv>
        </Word>
        <Word id="region0003_line0014_word0006" custom="readingOrder {index:6;}">
          <Coords points="1650,1721 1594,1719 1592,1780 1613,1780 1618,1775 1630,1776 1648,1773"/>
          <TextEquiv conf="0.93261373">
            <Unicode>zu</Unicode>
          </TextEquiv>
        </Word>
        <Word id="region0003_line0014_word0007" custom="readingOrder {index:7;}">
          <Coords points="1702,1713 1698,1718 1676,1717 1675,1769 1793,1773 1795,1720 1781,1720 1773,1723 1756,1720 1751,1715 1734,1714 1734,1714 1734,1714"/>
          <TextEquiv conf="0.9307483">
            <Unicode>alter</Unicode>
          </TextEquiv>
        </Word>
        <Word id="region0003_line0014_word0008" custom="readingOrder {index:8;}">
          <Coords points="1822,1716 1818,1721 1815,1720 1814,1778 1930,1782 1931,1733 1920,1733 1905,1720 1896,1721 1892,1730 1875,1728 1856,1717"/>
          <TextEquiv conf="0.9204854">
            <Unicode>Cri⸗</Unicode>
          </TextEquiv>
        </Word>
        <TextEquiv conf="0.9273442">
          <Unicode>und dardurch herzlich bewegt worden, ſich zu alter Cri⸗</Unicode>
        </TextEquiv>
      </TextLine>
      <TextLine id="region0003_line0015" custom="readingOrder {index:11;}">
        <Coords points="1549,1768 1540,1776 1535,1776 1527,1782 1521,1777 1512,1777 1506,1781 1490,1770 1482,1773 1480,1781 1410,1776 1391,1767 1381,1775 1291,1772 1285,1767 1259,1766 1244,1771 1212,1769 1195,1773 1171,1767 1113,1767 1089,1762 1084,1766 1071,1763 1017,1766 1002,1764 997,1767 970,1767 968,1759 965,1757 943,1767 937,1763 917,1764 916,1757 911,1753 888,1753 876,1761 869,1761 853,1756 847,1749 826,1758 820,1750 810,1748 793,1754 736,1756 726,1756 722,1746 702,1745 686,1755 677,1754 671,1747 645,1747 630,1756 591,1758 549,1756 551,1749 542,1740 538,1740 532,1749 514,1749 505,1754 480,1753 480,1815 498,1816 501,1823 511,1824 526,1819 530,1822 540,1822 546,1816 612,1815 656,1821 689,1820 698,1829 709,1830 714,1830 723,1820 774,1817 794,1817 804,1824 820,1819 831,1823 844,1824 849,1820 858,1822 877,1820 884,1823 908,1823 915,1833 930,1835 957,1824 989,1825 1001,1828 1006,1825 1034,1825 1038,1835 1055,1838 1063,1835 1073,1825 1133,1827 1148,1825 1153,1828 1168,1827 1173,1832 1186,1828 1192,1832 1200,1832 1205,1829 1219,1832 1233,1828 1238,1832 1250,1827 1276,1831 1278,1838 1289,1843 1298,1842 1304,1833 1320,1836 1559,1841 1565,1846 1573,1847 1582,1842 1600,1842 1607,1847 1659,1852 1671,1853 1675,1850 1685,1853 1698,1851 1806,1854 1812,1860 1820,1861 1827,1855 1876,1856 1880,1859 1902,1858 1907,1861 1919,1859 1974,1862 1974,1802 1869,1797 1862,1791 1846,1791 1841,1796 1790,1794 1785,1789 1767,1792 1762,1788 1750,1790 1702,1781 1690,1775 1673,1774 1616,1779 1605,1787 1563,1785 1557,1783 1557,1770"/>
        <Baseline points="480,1802 1140,1813 1974,1848"/>
        <Word id="region0003_line0015_word0000" custom="readingOrder {index:0;}">
          <Coords points="537,1740 532,1749 514,1749 505,1754 502,1753 500,1820 520,1820 526,1819 528,1820 540,1821 546,1816 612,1815 656,1821 689,1820 695,1826 716,1827 723,1820 773,1817 775,1754 736,1756 726,1756 722,1746 701,1745 686,1755 677,1754 671,1747 645,1747 630,1756 591,1758 549,1756 551,1749 542,1740"/>
          <TextEquiv conf="0.8253256">
            <Unicode>ſtennlicher</Unicode>
          </TextEquiv>
        </Word>
        <Word id="region0003_line0015_word0001" custom="readingOrder {index:1;}">
          <Coords points="796,1759 794,1817 804,1824 820,1819 831,1823 844,1824 849,1820 858,1822 877,1820 884,1823 908,1823 914,1831 937,1832 957,1824 989,1825 1001,1828 1006,1825 1026,1825 1028,1767 999,1766 997,1767 970,1767 969,1765 949,1764 943,1767 938,1764 927,1764 917,1764 917,1763"/>
          <TextEquiv conf="0.91423774">
            <Unicode>Religion</Unicode>
          </TextEquiv>
        </Word>
        <Word id="region0003_line0015_word0002" custom="readingOrder {index:2;}">
          <Coords points="1306,1782 1046,1773 1044,1834 1063,1835 1073,1825 1133,1827 1148,1825 1153,1828 1168,1827 1173,1832 1186,1828 1192,1832 1200,1832 1205,1829 1219,1832 1233,1828 1238,1832 1250,1827 1276,1831 1278,1838 1288,1842 1293,1843 1298,1842 1304,1833 1304,1833"/>
          <TextEquiv conf="0.9294968">
            <Unicode>zuwenden,</Unicode>
          </TextEquiv>
        </Word>
        <Word id="region0003_line0015_word0003" custom="readingOrder {index:3;}">
          <Coords points="1317,1779 1415,1782 1413,1837 1315,1834"/>
          <TextEquiv conf="0.93042475">
            <Unicode>und</Unicode>
          </TextEquiv>
        </Word>
        <Word id="region0003_line0015_word0004" custom="readingOrder {index:4;}">
          <Coords points="1523,1785 1434,1782 1432,1838 1458,1838 1521,1840"/>
          <TextEquiv conf="0.928282">
            <Unicode>mit</Unicode>
          </TextEquiv>
        </Word>
        <Word id="region0003_line0015_word0005" custom="readingOrder {index:5;}">
          <Coords points="1534,1776 1533,1776 1532,1840 1559,1841 1561,1843 1578,1843 1582,1842 1600,1842 1603,1844 1610,1845 1611,1781 1605,1787 1563,1785 1557,1783 1557,1776"/>
          <TextEquiv conf="0.928282">
            <Unicode>der</Unicode>
          </TextEquiv>
        </Word>
        <Word id="region0003_line0015_word0006" custom="readingOrder {index:6;}">
          <Coords points="1630,1785 1628,1848 1794,1854 1806,1854 1806,1854 1833,1855 1835,1796 1790,1794 1786,1790 1779,1790 1767,1792 1764,1790 1754,1789 1750,1790 1744,1789"/>
          <TextEquiv conf="0.9263139">
            <Unicode>Mutter</Unicode>
          </TextEquiv>
        </Word>
        <Word id="region0003_line0015_word0007" custom="readingOrder {index:7;}">
          <Coords points="1848,1800 1938,1803 1936,1854 1846,1851"/>
          <TextEquiv>
            <Unicode>der</Unicode>
          </TextEquiv>
        </Word>
        <TextEquiv>
          <Unicode>ſtennlicher Religion zuwenden, und mit der Mutter der</Unicode>
        </TextEquiv>
      </TextLine>
      <TextLine id="region0003_line0016" custom="readingOrder {index:12;}">
        <Coords points="1250,1828 1233,1833 1228,1840 1198,1838 1187,1829 1172,1834 1165,1829 1141,1826 1129,1835 1060,1836 1055,1839 1034,1837 1032,1830 1026,1826 1008,1826 997,1830 993,1836 985,1835 979,1826 957,1825 930,1836 906,1832 889,1833 887,1825 877,1821 854,1822 847,1828 845,1825 826,1823 822,1829 807,1828 794,1818 773,1818 754,1820 748,1827 685,1832 633,1829 631,1820 624,1817 598,1817 584,1826 576,1827 530,1828 528,1823 523,1820 511,1825 498,1823 492,1826 481,1826 480,1882 481,1888 498,1889 501,1900 513,1903 523,1900 529,1889 558,1891 564,1897 577,1897 591,1889 622,1889 629,1896 648,1897 662,1886 674,1885 703,1890 742,1892 752,1896 762,1896 770,1892 838,1893 844,1902 853,1901 862,1891 874,1891 889,1894 1000,1897 1006,1906 1019,1908 1027,1897 1078,1894 1130,1901 1148,1899 1153,1903 1164,1903 1169,1899 1201,1902 1205,1900 1234,1900 1239,1907 1251,1907 1263,1897 1284,1898 1315,1904 1324,1900 1331,1892 1337,1893 1342,1902 1351,1906 1367,1903 1374,1907 1383,1907 1388,1904 1395,1904 1400,1908 1409,1908 1414,1904 1443,1905 1447,1908 1459,1906 1472,1909 1557,1910 1562,1914 1570,1914 1575,1911 1604,1913 1610,1916 1625,1914 1632,1918 1676,1920 1677,1927 1687,1932 1699,1933 1704,1931 1711,1922 1722,1921 1775,1922 1786,1925 1791,1923 1805,1922 1898,1926 1902,1923 1925,1922 1974,1926 1973,1871 1910,1868 1909,1862 1902,1859 1889,1860 1881,1868 1799,1865 1777,1861 1770,1864 1743,1864 1731,1861 1726,1864 1607,1855 1606,1848 1600,1843 1579,1844 1572,1847 1570,1853 1438,1849 1427,1841 1403,1838 1397,1842 1395,1848 1289,1844 1279,1839 1267,1842 1263,1830"/>
        <Baseline points="480,1875 1280,1887 1687,1908 1974,1915"/>
        <Word id="region0003_line0016_word0000" custom="readingOrder {index:0;}">
          <Coords points="593,1819 584,1826 576,1827 530,1828 528,1823 523,1820 511,1825 499,1823 498,1889 498,1892 526,1892 529,1889 558,1891 561,1894 581,1894 591,1889 622,1889 629,1896 637,1896 648,1896 662,1886 674,1885 703,1890 718,1890 719,1829 685,1832 633,1829 631,1821"/>
          <TextEquiv conf="0.9235666">
            <Unicode>hayligen</Unicode>
          </TextEquiv>
        </Word>
        <Word id="region0003_line0016_word0001" custom="readingOrder {index:1;}">
          <Coords points="749,1826 748,1827 747,1827 745,1893 750,1895 763,1896 770,1892 838,1893 841,1898 855,1899 862,1891 874,1891 889,1894 1000,1897 1004,1903 1022,1904 1027,1897 1078,1894 1089,1896 1091,1837 1060,1836 1055,1839 1034,1837 1033,1835 994,1834 993,1836 985,1835 984,1834 939,1832 930,1836 906,1832 889,1833 888,1831 822,1828 822,1829 807,1828 807,1828"/>
          <TextEquiv conf="0.89919955">
            <Unicode>Criſtenlichen</Unicode>
          </TextEquiv>
        </Word>
        <Word id="region0003_line0016_word0002" custom="readingOrder {index:2;}">
          <Coords points="1124,1836 1122,1900 1130,1901 1148,1899 1153,1903 1164,1903 1169,1899 1201,1902 1205,1900 1234,1900 1239,1907 1251,1907 1263,1897 1284,1898 1315,1904 1318,1903 1320,1845 1289,1844 1283,1841 1273,1841 1267,1842 1266,1840 1229,1839 1228,1840 1205,1838"/>
          <TextEquiv conf="0.89919955">
            <Unicode>Kirchen</Unicode>
          </TextEquiv>
        </Word>
        <Word id="region0003_line0016_word0003" custom="readingOrder {index:3;}">
          <Coords points="1396,1844 1395,1848 1349,1846 1348,1904 1359,1904 1367,1903 1370,1904 1385,1905 1388,1904 1395,1904 1397,1905 1411,1906 1414,1904 1443,1905 1446,1907 1450,1907 1459,1906 1468,1908 1506,1909 1557,1910 1558,1911 1573,1911 1575,1911 1595,1912 1671,1915 1672,1859 1607,1855 1606,1851 1570,1850 1570,1853 1438,1849 1433,1845"/>
          <TextEquiv conf="0.92333525">
            <Unicode>widerumben</Unicode>
          </TextEquiv>
        </Word>
        <Word id="region0003_line0016_word0004" custom="readingOrder {index:4;}">
          <Coords points="1743,1870 1686,1868 1684,1928 1705,1928 1711,1922 1722,1921 1741,1921"/>
          <TextEquiv conf="0.92333525">
            <Unicode>zu</Unicode>
          </TextEquiv>
        </Word>
        <Word id="region0003_line0016_word0005" custom="readingOrder {index:5;}">
          <Coords points="1772,1863 1770,1864 1769,1864 1767,1917 1932,1922 1933,1869 1910,1868 1910,1867 1883,1866 1881,1868 1799,1865 1792,1864"/>
          <TextEquiv conf="0.9231407">
            <Unicode>verai⸗</Unicode>
          </TextEquiv>
        </Word>
        <TextEquiv conf="0.91529614">
          <Unicode>hayligen Criſtenlichen Kirchen widerumben zu verai⸗</Unicode>
        </TextEquiv>
      </TextLine>
      <TextLine id="region0003_line0017" custom="readingOrder {index:13;}">
        <Coords points="1331,1893 1324,1901 1331,1906 1325,1910 1309,1909 1301,1902 1263,1898 1251,1908 1205,1901 1192,1909 1133,1911 1096,1910 1094,1899 1087,1896 1066,1897 1055,1909 939,1905 929,1904 920,1896 912,1896 903,1903 889,1902 885,1894 874,1892 863,1892 851,1903 795,1904 756,1902 750,1896 740,1895 735,1900 694,1897 693,1891 687,1887 662,1887 652,1897 629,1897 613,1902 606,1898 597,1898 589,1905 582,1901 568,1903 564,1900 513,1904 502,1901 481,1901 481,1956 488,1956 492,1961 499,1963 509,1958 528,1957 534,1960 549,1957 566,1959 570,1962 581,1962 585,1959 590,1963 602,1963 609,1959 675,1961 687,1957 852,1962 868,1974 879,1971 885,1963 994,1965 1032,1969 1044,1964 1057,1964 1066,1976 1069,1976 1078,1973 1078,1968 1083,1966 1121,1967 1128,1964 1139,1968 1151,1966 1195,1970 1198,1974 1204,1975 1215,1982 1227,1971 1241,1970 1273,1975 1336,1977 1340,1987 1357,1987 1363,1978 1448,1981 1452,1985 1466,1988 1472,1980 1569,1984 1576,1991 1584,1991 1602,1986 1664,1987 1668,1990 1677,1990 1681,1987 1728,1991 1748,1988 1760,1991 1764,1996 1778,2002 1791,2002 1804,1993 1872,1996 1876,1999 1892,1998 1899,2003 1907,2003 1913,1999 1973,2002 1973,1940 1943,1938 1943,1928 1937,1923 1921,1925 1920,1937 1904,1936 1900,1927 1884,1926 1864,1927 1854,1935 1815,1934 1803,1931 1798,1934 1725,1931 1687,1933 1678,1929 1658,1927 1653,1921 1640,1921 1633,1925 1601,1921 1590,1914 1577,1914 1566,1920 1476,1919 1473,1910 1459,1907 1449,1909 1437,1917 1428,1917 1420,1909 1394,1909 1387,1915 1382,1908 1369,1905 1346,1909 1339,1905 1342,1903 1337,1894"/>
        <Baseline points="481,1944 1079,1954 1973,1989"/>
        <Word id="region0003_line0017_word0000" custom="readingOrder {index:0;}">
          <Coords points="491,1942 609,1946 610,1900 606,1898 597,1898 589,1905 582,1901 568,1903 564,1900 513,1904 502,1901 492,1901"/>
          <TextEquiv conf="0.92121613">
            <Unicode>nen;</Unicode>
          </TextEquiv>
        </Word>
        <Word id="region0003_line0017_word0001" custom="readingOrder {index:1;}">
          <Coords points="645,1945 751,1949 752,1898 750,1896 740,1895 735,1900 694,1897 693,1891 687,1887 662,1887 652,1897 646,1897"/>
          <TextEquiv conf="0.9282806">
            <Unicode>Hat</Unicode>
          </TextEquiv>
        </Word>
        <Word id="region0003_line0017_word0002" custom="readingOrder {index:2;}">
          <Coords points="860,1894 851,1903 795,1904 770,1902 769,1957 884,1961 885,1895 885,1894"/>
          <TextEquiv conf="0.9218989">
            <Unicode>auch</Unicode>
          </TextEquiv>
        </Word>
        <Word id="region0003_line0017_word0003" custom="readingOrder {index:3;}">
          <Coords points="1087,1900 1063,1899 1055,1909 939,1905 929,1904 920,1896 912,1896 909,1897 908,1962 1038,1966 1044,1964 1057,1964 1059,1967 1078,1967 1083,1966 1085,1966"/>
          <TextEquiv conf="0.9309175">
            <Unicode>darauf</Unicode>
          </TextEquiv>
        </Word>
        <Word id="region0003_line0017_word0004" custom="readingOrder {index:4;}">
          <Coords points="1228,1908 1195,1907 1192,1909 1133,1911 1113,1910 1112,1966 1121,1967 1128,1964 1139,1968 1151,1966 1195,1970 1198,1974 1199,1974 1222,1974 1226,1971"/>
          <TextEquiv conf="0.9279647">
            <Unicode>nach</Unicode>
          </TextEquiv>
        </Word>
        <Word id="region0003_line0017_word0005" custom="readingOrder {index:5;}">
          <Coords points="1524,1919 1476,1919 1473,1910 1459,1907 1449,1909 1437,1917 1428,1917 1420,1909 1394,1909 1387,1915 1382,1908 1369,1905 1346,1909 1339,1905 1342,1903 1337,1894 1331,1893 1324,1901 1331,1906 1325,1910 1309,1909 1301,1902 1263,1898 1251,1908 1248,1907 1247,1970 1273,1975 1336,1977 1337,1979 1361,1980 1363,1978 1448,1981 1450,1983 1468,1984 1472,1980 1522,1982"/>
          <TextEquiv conf="0.91140527">
            <Unicode>Criſtlicher</Unicode>
          </TextEquiv>
        </Word>
        <Word id="region0003_line0017_word0006" custom="readingOrder {index:6;}">
          <Coords points="1567,1919 1566,1920 1552,1920 1550,1982 1747,1988 1748,1988 1749,1988 1808,1990 1810,1933 1803,1931 1798,1934 1725,1931 1687,1933 1678,1929 1658,1927 1654,1922 1639,1922 1633,1925 1601,1921 1600,1920"/>
          <TextEquiv conf="0.9226864">
            <Unicode>Ordnung</Unicode>
          </TextEquiv>
        </Word>
        <Word id="region0003_line0017_word0007" custom="readingOrder {index:7;}">
          <Coords points="1824,1988 1933,1991 1936,1924 1930,1923 1921,1925 1920,1937 1904,1936 1900,1927 1884,1926 1864,1927 1854,1935 1826,1934"/>
          <TextEquiv conf="0.91895056">
            <Unicode>alle</Unicode>
          </TextEquiv>
        </Word>
        <TextEquiv conf="0.922915">
          <Unicode>nen; Hat auch darauf nach Criſtlicher Ordnung alle</Unicode>
        </TextEquiv>
      </TextLine>
      <TextLine id="region0003_line0018" custom="readingOrder {index:14;}">
        <Coords points="1128,1965 1121,1968 1102,1965 1090,1973 1079,1973 1069,1977 1066,1977 1057,1965 1050,1965 1026,1970 1018,1978 1000,1976 995,1968 989,1966 967,1966 955,1975 868,1975 852,1963 843,1965 835,1973 795,1971 790,1965 780,1965 773,1971 767,1967 754,1970 726,1966 722,1969 614,1970 567,1968 558,1967 552,1961 509,1959 499,1964 481,1963 480,2031 531,2037 545,2031 581,2028 668,2029 677,2022 682,2023 689,2031 792,2030 793,2039 797,2041 809,2037 816,2029 845,2029 971,2036 975,2039 985,2040 992,2037 1012,2039 1030,2037 1081,2039 1093,2042 1108,2037 1120,2036 1126,2040 1136,2040 1143,2051 1148,2052 1156,2051 1164,2041 1208,2045 1212,2053 1221,2054 1232,2043 1269,2043 1272,2049 1279,2051 1289,2049 1297,2042 1315,2041 1337,2044 1344,2048 1361,2047 1372,2052 1384,2050 1435,2052 1439,2062 1452,2064 1462,2053 1490,2054 1494,2062 1506,2063 1516,2054 1526,2053 1547,2054 1560,2058 1567,2065 1576,2066 1594,2056 1602,2057 1611,2050 1618,2049 1623,2062 1649,2057 1723,2061 1731,2071 1741,2072 1748,2063 1765,2064 1770,2065 1773,2073 1779,2077 1789,2077 1796,2066 1898,2071 1916,2067 1929,2067 1934,2070 1974,2070 1974,2013 1905,2010 1898,2003 1887,2003 1879,2010 1831,2009 1778,2003 1765,1997 1757,2002 1754,1992 1748,1989 1731,1990 1722,1993 1718,1999 1709,1999 1701,1990 1690,1990 1684,1996 1658,1994 1652,1988 1644,1988 1637,1992 1613,1987 1602,1993 1563,1993 1559,1985 1529,1983 1517,1992 1507,1992 1466,1991 1462,1987 1452,1986 1447,1981 1431,1991 1390,1992 1384,1982 1371,1982 1364,1991 1348,1987 1319,1990 1295,1985 1275,1985 1275,1977 1270,1974 1227,1972 1215,1983 1204,1976 1197,1975 1191,1981 1167,1978 1167,1971 1163,1968 1139,1969"/>
        <Baseline points="480,2016 844,2018 1974,2060"/>
        <Word id="region0003_line0018_word0000" custom="readingOrder {index:0;}">
          <Coords points="500,1963 499,1964 490,1963 489,2027 563,2029 581,2028 668,2029 677,2022 682,2023 689,2031 791,2030 793,1973 683,1969 614,1970 567,1968 558,1967 556,1965"/>
          <TextEquiv conf="0.9151224">
            <Unicode>Sacrament,</Unicode>
          </TextEquiv>
        </Word>
        <Word id="region0003_line0018_word0001" custom="readingOrder {index:1;}">
          <Coords points="844,1976 939,1979 938,2030 843,2027"/>
          <TextEquiv conf="0.92092735">
            <Unicode>den</Unicode>
          </TextEquiv>
        </Word>
        <Word id="region0003_line0018_word0002" custom="readingOrder {index:2;}">
          <Coords points="959,1973 956,2035 971,2036 972,2037 989,2037 992,2037 1005,2038 1015,2038 1030,2037 1069,2038 1070,1976 1069,1977 1066,1977 1065,1975 1021,1974 1018,1978 1000,1976 998,1974"/>
          <TextEquiv conf="0.92741185">
            <Unicode>Leib</Unicode>
          </TextEquiv>
        </Word>
        <Word id="region0003_line0018_word0003" custom="readingOrder {index:3;}">
          <Coords points="1086,1979 1084,2039 1093,2042 1108,2037 1120,2036 1126,2040 1136,2040 1143,2051 1148,2052 1156,2051 1164,2041 1208,2045 1212,2053 1221,2054 1232,2043 1269,2043 1272,2049 1279,2051 1289,2049 1297,2042 1301,2041 1302,1986 1299,1985"/>
          <TextEquiv>
            <Unicode>Chriſti,</Unicode>
          </TextEquiv>
        </Word>
        <Word id="region0003_line0018_word0004" custom="readingOrder {index:4;}">
          <Coords points="1409,2050 1411,1997 1332,1995 1330,2043 1337,2044 1344,2048 1361,2047 1365,2048"/>
          <TextEquiv conf="0.92212987">
            <Unicode>die</Unicode>
          </TextEquiv>
        </Word>
        <Word id="region0003_line0018_word0005" custom="readingOrder {index:5;}">
          <Coords points="1601,1998 1440,1992 1438,2060 1438,2060 1455,2061 1462,2053 1490,2054 1494,2062 1507,2062 1516,2054 1526,2053 1547,2054 1560,2058 1566,2064 1579,2064 1594,2056 1599,2057"/>
          <TextEquiv conf="0.92546576">
            <Unicode>heylig</Unicode>
          </TextEquiv>
        </Word>
        <Word id="region0003_line0018_word0006" custom="readingOrder {index:6;}">
          <Coords points="1800,2032 1626,2026 1625,2061 1649,2057 1723,2061 1730,2070 1741,2071 1748,2063 1765,2064 1770,2065 1772,2072 1791,2072 1796,2066 1799,2066"/>
          <TextEquiv conf="0.9244777">
            <Unicode>Peicht,</Unicode>
          </TextEquiv>
        </Word>
        <Word id="region0003_line0018_word0007" custom="readingOrder {index:7;}">
          <Coords points="1816,2010 1919,2014 1917,2065 1814,2061"/>
          <TextEquiv conf="0.93224615">
            <Unicode>und</Unicode>
          </TextEquiv>
        </Word>
        <TextEquiv>
          <Unicode>Sacrament, den Leib Chriſti, die heylig Peicht, und</Unicode>
        </TextEquiv>
      </TextLine>
      <TextLine id="region0003_line0019" custom="readingOrder {index:15;}">
        <Coords points="1613,2050 1592,2065 1567,2066 1560,2059 1547,2056 1544,2061 1513,2060 1506,2064 1463,2065 1381,2060 1368,2051 1352,2052 1315,2042 1298,2043 1289,2050 1279,2052 1270,2048 1249,2051 1232,2047 1221,2055 1127,2051 1126,2041 1120,2037 1091,2043 1089,2049 1077,2049 1069,2039 1060,2039 1053,2044 1042,2038 1030,2038 1020,2039 1012,2045 923,2045 911,2041 898,2045 894,2034 881,2032 870,2044 857,2042 855,2035 849,2030 839,2031 833,2037 830,2030 816,2030 809,2038 800,2043 746,2040 737,2042 729,2041 724,2031 707,2032 702,2042 660,2041 655,2037 646,2037 640,2041 630,2038 616,2041 577,2039 569,2031 560,2031 546,2039 481,2037 480,2096 481,2108 528,2111 629,2106 649,2110 661,2106 737,2102 801,2107 809,2117 818,2117 827,2109 841,2110 852,2119 866,2120 874,2112 889,2112 904,2119 915,2119 934,2112 1041,2116 1118,2111 1207,2117 1211,2120 1221,2120 1226,2115 1233,2120 1259,2116 1328,2122 1332,2125 1344,2122 1384,2126 1538,2128 1554,2129 1559,2136 1564,2138 1588,2137 1596,2130 1658,2130 1773,2139 1784,2149 1801,2149 1817,2141 1876,2142 1880,2146 1888,2146 1894,2141 1911,2141 1909,2155 1913,2158 1927,2157 1933,2149 1936,2140 1974,2140 1973,2089 1929,2086 1934,2080 1934,2071 1929,2068 1916,2068 1912,2071 1912,2077 1917,2086 1897,2082 1806,2080 1803,2077 1766,2078 1747,2076 1741,2073 1687,2069 1682,2065 1673,2065 1669,2068 1660,2058 1648,2060 1643,2067 1626,2066 1620,2060 1618,2050"/>
        <Baseline points="480,2097 736,2092 1974,2132"/>
        <Word id="region0003_line0019_word0000" custom="readingOrder {index:0;}">
          <Coords points="552,2035 546,2039 486,2037 485,2096 667,2102 668,2041 660,2041 657,2038 644,2038 640,2041 630,2038 616,2041 577,2039 573,2035"/>
          <TextEquiv conf="0.80620176">
            <Unicode>Olung</Unicode>
          </TextEquiv>
        </Word>
        <Word id="region0003_line0019_word0001" custom="readingOrder {index:1;}">
          <Coords points="706,2038 704,2093 759,2095 760,2040 746,2040 737,2042 729,2041 727,2038"/>
          <TextEquiv conf="0.92119867">
            <Unicode>in</Unicode>
          </TextEquiv>
        </Word>
        <Word id="region0003_line0019_word0002" custom="readingOrder {index:2;}">
          <Coords points="807,2039 804,2040 803,2109 805,2112 822,2112 827,2109 841,2110 844,2113 872,2113 874,2112 889,2112 894,2114 924,2115 934,2112 976,2113 977,2045 923,2045 914,2042 907,2041 898,2045 896,2041 872,2040 870,2044 857,2042 856,2040"/>
          <TextEquiv conf="0.9244274">
            <Unicode>hiziger</Unicode>
          </TextEquiv>
        </Word>
        <Word id="region0003_line0019_word0003" custom="readingOrder {index:3;}">
          <Coords points="1014,2044 1012,2112 1070,2114 1118,2111 1124,2111 1126,2048 1089,2046 1089,2049 1077,2049 1074,2046"/>
          <TextEquiv conf="0.93193525">
            <Unicode>Lieb</Unicode>
          </TextEquiv>
        </Word>
        <Word id="region0003_line0019_word0004" custom="readingOrder {index:4;}">
          <Coords points="1254,2062 1155,2059 1153,2113 1207,2117 1207,2117 1222,2118 1226,2115 1230,2118 1241,2118 1252,2117"/>
          <TextEquiv conf="0.9287077">
            <Unicode>und</Unicode>
          </TextEquiv>
        </Word>
        <Word id="region0003_line0019_word0005" custom="readingOrder {index:5;}">
          <Coords points="1297,2043 1289,2050 1286,2050 1285,2118 1328,2122 1332,2125 1344,2122 1384,2126 1538,2128 1554,2129 1556,2132 1591,2134 1596,2130 1658,2130 1682,2131 1683,2066 1682,2065 1673,2065 1669,2068 1660,2058 1648,2060 1643,2067 1626,2066 1620,2060 1618,2053 1608,2053 1592,2065 1567,2066 1560,2059 1547,2056 1544,2061 1513,2060 1506,2064 1463,2065 1381,2060 1368,2051 1352,2052 1323,2044"/>
          <TextEquiv conf="0.9074843">
            <Unicode>Diemuettigkeit</Unicode>
          </TextEquiv>
        </Word>
        <Word id="region0003_line0019_word0006" custom="readingOrder {index:6;}">
          <Coords points="1926,2150 1929,2071 1913,2070 1912,2071 1912,2077 1917,2086 1897,2082 1806,2080 1803,2077 1766,2078 1747,2076 1741,2073 1720,2071 1717,2135 1773,2139 1780,2145 1807,2146 1817,2141 1876,2142 1880,2146 1888,2146 1894,2141 1911,2141 1910,2149"/>
          <TextEquiv conf="0.92810464">
            <Unicode>angeno⸗</Unicode>
          </TextEquiv>
        </Word>
        <TextEquiv conf="0.90686566">
          <Unicode>Olung in hiziger Lieb und Diemuettigkeit angeno⸗</Unicode>
        </TextEquiv>
      </TextLine>
      <TextEquiv>
        <Unicode>Fuͤrſten Freuntlichen Lieben Oheimen. Wir geben
eurn beden Lieben mit betruͤebtem Hertzen zuerkhennen,
das der Hochgeborn Unnſer Gnediger Lieber Herr
und Vatter Herzog Hanns Churfuͤrſt zu Sachſen ꝛc.
an freittag Schirſt umb den neundten Seger auf den
tag, als ain Chriſtlicher Fuͤrſt, mit tod verſchiden, deſſ
Seelen der Almechtig Vatter durch Chriſtum Unnſern
Herren barmherzig ſein woͤlle. Derſelb Unſer Lieber
Herr und Vatter Seeliger Gedechtnus, iſt hievor in
ſeiner Schwachait durch den Gaiſt Gottes angeregt,
und dardurch herzlich bewegt worden, ſich zu alter Cri⸗
ſtennlicher Religion zuwenden, und mit der Mutter der
hayligen Criſtenlichen Kirchen widerumben zu verai⸗
nen; Hat auch darauf nach Criſtlicher Ordnung alle
Sacrament, den Leib Chriſti, die heylig Peicht, und
Olung in hiziger Lieb und Diemuettigkeit angeno⸗</Unicode>
      </TextEquiv>
    </TextRegion>
    <TextRegion type="catch-word" id="region_1673601334307_825" custom="readingOrder {index:5;} structure {type:catch-word;}">
      <Coords points="1792,2209 1938,2209 1938,2152 1792,2152"/>
      <TextLine id="line_1673601329621_822" custom="readingOrder {index:0;}">
        <Coords points="1790,2155 1917,2155 1917,2209 1790,2209"/>
        <Word id="word_1673601322162_819" custom="readingOrder {index:0;}">
          <Coords points="1798,2157 1919,2157 1919,2201 1798,2201"/>
          <TextEquiv>
            <Unicode>men</Unicode>
          </TextEquiv>
        </Word>
        <TextEquiv>
          <Unicode>men</Unicode>
        </TextEquiv>
      </TextLine>
      <TextEquiv>
        <Unicode>men</Unicode>
      </TextEquiv>
    </TextRegion>
  </Page>
</PcGts>
