<?xml version='1.0' encoding='utf-8'?>
<PcGts xmlns="http://schema.primaresearch.org/PAGE/gts/pagecontent/2019-07-15" xmlns:xsi="http://www.w3.org/2001/XMLSchema-instance" pcGtsId="PAGE_01" xsi:schemaLocation="http://schema.primaresearch.org/PAGE/gts/pagecontent/2019-07-15 http://schema.primaresearch.org/PAGE/gts/pagecontent/2019-07-15/pagecontent.xsd">
  <Metadata>
    <Creator>OCR-D DFG Phase III</Creator>
    <Created>2024-01-19T13:09:55Z</Created>
    <LastChange>2024-01-19T13:09:55Z</LastChange>
    <Comments>ODEM: OCR-D extension for mass digitization (2021-2024)</Comments>
  </Metadata>
  <Page imageFilename="MAX/urn+nbn+de+gbv+3+1-752211-p0025-6_ger.png" imageWidth="1718" imageHeight="2438" type="content" primaryLanguage="German">
    <Border>
      <Coords points="59,326 52,2277 1278,2310 1218,320"/>
    </Border>
    <ReadingOrder>
      <OrderedGroup id="ro_1682340858742" caption="Regions reading order">
        <RegionRefIndexed index="0" regionRef="TextRegion_1670487182813_1136"/>
        <RegionRefIndexed index="1" regionRef="TextRegion_1670487182813_1135"/>
        <RegionRefIndexed index="2" regionRef="TextRegion_1670487191952_1144"/>
        <RegionRefIndexed index="3" regionRef="TextRegion_1670487221135_1171"/>
        <RegionRefIndexed index="4" regionRef="region0004"/>
        <RegionRefIndexed index="5" regionRef="TextRegion_1670487212591_1164"/>
        <RegionRefIndexed index="6" regionRef="TextRegion_1670487207016_1157"/>
        <RegionRefIndexed index="7" regionRef="TextRegion_1670487207016_1156"/>
      </OrderedGroup>
    </ReadingOrder>
    <TextRegion orientation="1.43767" type="header" readingDirection="left-to-right" id="TextRegion_1670487182813_1136" custom="readingOrder {index:0;} structure {type:header;}">
      <Coords points="279,409 806,409 806,474 279,474"/>
      <TextLine id="line_1670487182855_1139" custom="readingOrder {index:0;}">
        <Coords points="279,410 332,414 343,413 346,409 386,409 389,413 397,415 465,417 501,416 506,414 507,409 561,409 596,416 632,417 645,417 647,410 697,410 700,412 704,409 723,409 728,411 730,419 806,417 806,460 796,465 717,466 713,473 698,474 694,467 676,467 662,473 651,474 641,465 634,463 575,466 567,472 559,472 553,466 542,466 535,474 524,474 518,466 477,465 475,473 451,474 448,465 439,464 280,462"/>
        <Baseline points="280,452 806,455"/>
        <Word id="region0000_line0001_word0000" custom="readingOrder {index:0;}">
          <Coords points="345,462 344,422 285,424 285,462 327,462"/>
          <TextEquiv conf="0.9289436">
            <Unicode>der</Unicode>
          </TextEquiv>
        </Word>
        <Word id="region0000_line0001_word0001" custom="readingOrder {index:1;}">
          <Coords points="354,420 354,462 439,464 448,465 450,472 475,471 477,465 518,466 521,470 538,470 542,466 553,466 556,469 570,469 575,466 620,463 620,416 596,416 585,413"/>
          <TextEquiv>
            <Unicode>Europæiſchen</Unicode>
          </TextEquiv>
        </Word>
        <Word id="region0000_line0001_word0002" custom="readingOrder {index:2;}">
          <Coords points="646,414 645,417 638,417 639,464 641,465 644,468 675,467 676,467 686,467 717,466 717,466 734,466 733,419 730,419 728,412"/>
          <TextEquiv>
            <Unicode>Hoͤfe.</Unicode>
          </TextEquiv>
        </Word>
        <TextEquiv>
          <Unicode>der Europæiſchen Hoͤfe.</Unicode>
        </TextEquiv>
      </TextLine>
      <TextEquiv>
        <Unicode>der Europæiſchen Hoͤfe.</Unicode>
      </TextEquiv>
    </TextRegion>
    <TextRegion orientation="1.43767" type="page-number" readingDirection="left-to-right" id="TextRegion_1670487182813_1135" custom="readingOrder {index:1;} structure {type:page-number;}">
      <Coords points="806,409 965,409 965,474 806,474"/>
      <TextLine id="line_1670487182855_1138" custom="readingOrder {index:0;}">
        <Coords points="806,417 964,414 965,449 960,450 952,466 944,471 936,472 930,466 933,449 866,448 810,450 808,459 806,460"/>
        <Baseline points="806,455 808,456 931,457 956,457"/>
        <Word id="region0000_line0001_word0003" custom="readingOrder {index:0;}">
          <Coords points="960,419 937,419 938,455 958,455 960,450 961,450"/>
          <TextEquiv conf="0.9322572">
            <Unicode>7</Unicode>
          </TextEquiv>
        </Word>
        <TextEquiv conf="0.8672139">
          <Unicode>7</Unicode>
        </TextEquiv>
      </TextLine>
      <TextEquiv>
        <Unicode>der kuropæiſchen oͤfe 7</Unicode>
      </TextEquiv>
    </TextRegion>
    <TextRegion orientation="1.43767" readingDirection="left-to-right" id="TextRegion_1670487191952_1144" custom="readingOrder {index:2;}">
      <Coords points="76,487 991,487 991,751 76,751"/>
      <TextLine id="region0001_line0001" custom="readingOrder {index:0;}">
        <Coords points="195,488 193,501 190,503 134,508 132,512 133,537 137,539 280,534 292,538 299,529 309,529 320,535 346,530 353,534 372,535 387,530 395,531 399,535 433,534 441,539 448,539 464,531 490,533 496,535 527,533 534,537 556,538 589,538 597,535 604,539 620,538 625,542 631,542 639,537 653,543 665,539 718,536 735,539 745,534 759,538 772,534 786,538 797,538 804,534 845,536 850,532 869,527 912,523 917,518 916,488 911,487 794,488 787,492 763,489 726,489 677,495 664,493 657,488 641,488 613,490 605,493 598,488 585,488 580,493 525,495 463,487 427,487 410,491 408,488 392,487 387,491 356,492 314,487"/>
        <Baseline points="133,531 317,523 664,529 807,526 917,514"/>
        <Word id="region0001_line0001_word0000" custom="readingOrder {index:0;}">
          <Coords points="200,498 278,496 279,533 201,535"/>
          <TextEquiv>
            <Unicode>Was</Unicode>
          </TextEquiv>
        </Word>
        <Word id="region0001_line0001_word0001" custom="readingOrder {index:1;}">
          <Coords points="460,492 287,497 287,536 292,538 299,529 309,529 320,535 346,530 353,534 372,535 387,530 395,531 399,535 433,534 435,535 455,535 460,532"/>
          <TextEquiv conf="0.9232798">
            <Unicode>ſchmeichelſt</Unicode>
          </TextEquiv>
        </Word>
        <Word id="region0001_line0001_word0002" custom="readingOrder {index:2;}">
          <Coords points="468,496 505,495 506,526 469,527"/>
          <TextEquiv conf="0.9257224">
            <Unicode>du</Unicode>
          </TextEquiv>
        </Word>
        <Word id="region0001_line0001_word0003" custom="readingOrder {index:3;}">
          <Coords points="515,496 569,495 570,525 516,526"/>
          <TextEquiv conf="0.8828327">
            <Unicode>mit</Unicode>
          </TextEquiv>
        </Word>
        <Word id="region0001_line0001_word0004" custom="readingOrder {index:4;}">
          <Coords points="585,490 586,532 701,529 700,492 677,495 664,493 657,488 629,488 613,490 605,493 600,489"/>
          <TextEquiv conf="0.9261253">
            <Unicode>falſchen</Unicode>
          </TextEquiv>
        </Word>
        <Word id="region0001_line0001_word0005" custom="readingOrder {index:5;}">
          <Coords points="719,525 847,522 846,487 794,488 787,492 763,489 726,489 718,489"/>
          <TextEquiv>
            <Unicode>Gluͤcke?</Unicode>
          </TextEquiv>
        </Word>
        <TextEquiv>
          <Unicode>Was ſchmeichelſt du mit falſchen Gluͤcke?</Unicode>
        </TextEquiv>
      </TextLine>
      <TextLine id="region0001_line0002" custom="readingOrder {index:1;}">
        <Coords points="299,530 292,539 280,535 257,536 253,542 254,570 258,572 300,577 360,575 367,578 383,573 390,578 400,578 422,573 446,575 465,581 475,576 487,580 506,577 516,583 523,580 560,580 566,577 585,577 595,582 599,582 603,577 613,576 623,581 638,582 648,578 661,577 671,583 719,578 755,582 759,578 784,576 791,577 803,585 823,582 841,587 932,580 944,577 949,572 949,539 943,534 871,536 866,532 857,532 852,537 843,538 828,538 815,534 786,539 775,534 760,539 745,535 735,540 718,537 713,540 665,540 654,544 639,538 632,543 626,543 620,539 604,540 597,536 589,539 556,539 534,538 527,534 496,536 472,532 441,540 433,535 399,536 395,532 387,531 372,536 353,535 346,531 320,536 309,530"/>
        <Baseline points="254,568 837,574 949,569"/>
        <Word id="region0001_line0002_word0000" custom="readingOrder {index:0;}">
          <Coords points="367,576 366,539 291,541 291,576 300,577 360,575 362,576"/>
          <TextEquiv conf="0.9259462">
            <Unicode>Kein</Unicode>
          </TextEquiv>
        </Word>
        <Word id="region0001_line0002_word0001" custom="readingOrder {index:1;}">
          <Coords points="376,540 376,574 383,573 390,578 400,578 422,573 446,575 462,580 466,580 475,576 486,579 488,579 506,577 509,579 530,579 529,537 446,538 441,540 439,538"/>
          <TextEquiv conf="0.9244333">
            <Unicode>Strahl</Unicode>
          </TextEquiv>
        </Word>
        <Word id="region0001_line0002_word0002" custom="readingOrder {index:2;}">
          <Coords points="533,537 527,534 496,536 489,534 489,579 506,577 516,583 523,580 533,580"/>
          <TextEquiv conf="0.9268726">
            <Unicode>iſt</Unicode>
          </TextEquiv>
        </Word>
        <Word id="word_1670487386755_1227" custom="readingOrder {index:3;}">
          <Coords points="539,538 597,536 629,537 629,580 621,580 540,576"/>
          <TextEquiv>
            <Unicode>mehr/</Unicode>
          </TextEquiv>
        </Word>
        <Word id="region0001_line0002_word0005" custom="readingOrder {index:4;}">
          <Coords points="679,579 678,540 665,540 654,544 641,538 642,580 643,579 648,578 661,577 664,579"/>
          <TextEquiv conf="0.90654844">
            <Unicode>der</Unicode>
          </TextEquiv>
        </Word>
        <Word id="region0001_line0002_word0006" custom="readingOrder {index:5;}">
          <Coords points="690,573 760,571 759,538 745,535 735,540 718,537 713,540 689,540"/>
          <TextEquiv conf="0.92881656">
            <Unicode>mich</Unicode>
          </TextEquiv>
        </Word>
        <Word id="word_1670487394213_1235" custom="readingOrder {index:6;}">
          <Coords points="768,536 775,534 857,532 866,532 880,535 881,574 867,574 769,573"/>
          <TextEquiv>
            <Unicode>beſiegt/</Unicode>
          </TextEquiv>
        </Word>
        <TextEquiv>
          <Unicode>Kein Strahl iſt mehr/ der mich beſiegt/</Unicode>
        </TextEquiv>
      </TextLine>
      <TextLine id="region0001_line0003" custom="readingOrder {index:2;}">
        <Coords points="125,569 120,574 121,607 124,611 133,613 133,620 138,624 273,623 283,616 306,615 322,620 356,618 363,621 373,615 387,619 407,618 416,623 464,621 473,625 488,619 510,623 551,622 563,628 581,624 588,628 621,620 641,620 647,625 686,626 747,621 754,625 779,624 786,621 798,624 847,623 853,622 855,617 854,588 841,588 823,583 803,586 791,578 784,577 759,579 755,583 719,579 671,584 661,578 648,579 641,583 623,582 616,576 603,578 599,583 575,578 560,581 523,581 516,584 506,578 487,581 475,577 465,582 446,576 422,574 400,579 390,579 383,574 367,579 360,576 315,579 292,576 279,577 234,567"/>
        <Baseline points="133,615 337,608 855,611"/>
        <Word id="region0001_line0003_word0000" custom="readingOrder {index:0;}">
          <Coords points="196,578 197,622 277,619 283,616 306,615 318,618 346,618 345,576 315,579 292,576 279,577 274,575"/>
          <TextEquiv conf="0.92365694">
            <Unicode>Nachdem</Unicode>
          </TextEquiv>
        </Word>
        <Word id="region0001_line0003_word0001" custom="readingOrder {index:1;}">
          <Coords points="378,575 367,579 360,576 353,576 354,611 398,610 397,579 390,579 384,575"/>
          <TextEquiv conf="0.9152917">
            <Unicode>die</Unicode>
          </TextEquiv>
        </Word>
        <Word id="region0001_line0003_word0002" custom="readingOrder {index:2;}">
          <Coords points="419,574 404,578 405,618 500,615 499,579 487,581 475,577 465,582 446,576 425,574"/>
          <TextEquiv conf="0.8992384">
            <Unicode>Gluht</Unicode>
          </TextEquiv>
        </Word>
        <Word id="region0001_line0003_word0003" custom="readingOrder {index:3;}">
          <Coords points="508,608 555,607 554,581 523,581 516,584 507,578"/>
          <TextEquiv conf="0.9209946">
            <Unicode>der</Unicode>
          </TextEquiv>
        </Word>
        <Word id="region0001_line0003_word0004" custom="readingOrder {index:4;}">
          <Coords points="564,614 699,610 698,581 671,584 661,578 648,579 641,583 623,582 616,576 603,578 599,583 575,578 563,580"/>
          <TextEquiv>
            <Unicode>ſchoͤnſten</Unicode>
          </TextEquiv>
        </Word>
        <Word id="region0001_line0003_word0005" custom="readingOrder {index:5;}">
          <Coords points="708,604 805,602 804,585 803,586 791,578 784,577 759,579 755,583 719,579 707,580"/>
          <TextEquiv conf="0.9238491">
            <Unicode>Blicke</Unicode>
          </TextEquiv>
        </Word>
        <TextEquiv>
          <Unicode>Nachdem die Gluht der ſchoͤnſten Blicke</Unicode>
        </TextEquiv>
      </TextLine>
      <TextLine id="region0001_line0004" custom="readingOrder {index:3;}">
        <Coords points="283,617 277,623 259,624 260,648 270,654 270,659 275,665 292,668 305,661 315,661 340,664 370,662 394,668 408,661 420,660 425,663 440,661 454,666 470,662 493,668 544,667 559,664 572,668 600,667 614,664 621,667 662,664 677,668 749,668 769,672 775,671 781,663 789,663 795,667 822,666 855,664 859,658 859,627 854,623 798,625 786,622 779,625 754,626 747,622 686,627 647,626 641,621 606,624 588,629 581,625 563,629 551,623 511,624 488,620 470,626 464,622 416,624 407,619 387,620 373,616 361,622 356,619 340,621 314,620 306,616"/>
        <Baseline points="269,639 288,651 334,654 757,658 859,652"/>
        <Word id="region0001_line0004_word0000" custom="readingOrder {index:0;}">
          <Coords points="339,625 279,627 280,666 292,668 305,661 315,661 340,664 341,664"/>
          <TextEquiv conf="0.8604192">
            <Unicode>Jm</Unicode>
          </TextEquiv>
        </Word>
        <Word id="region0001_line0004_word0001" custom="readingOrder {index:1;}">
          <Coords points="349,625 350,663 370,662 393,667 394,667 408,661 420,660 425,663 440,661 454,666 458,664 457,622 416,624 414,623"/>
          <TextEquiv>
            <Unicode>duͤſtreu</Unicode>
          </TextEquiv>
        </Word>
        <Word id="region0001_line0004_word0002" custom="readingOrder {index:2;}">
          <Coords points="472,626 472,662 473,662 717,657 716,624 686,627 647,626 641,621 627,622 606,624 588,629 581,625 563,629 553,624"/>
          <TextEquiv>
            <Unicode>Todten ⸗ Meere</Unicode>
          </TextEquiv>
        </Word>
        <Word id="region0001_line0004_word0003" custom="readingOrder {index:3;}">
          <Coords points="725,660 801,658 800,624 798,625 786,622 779,625 754,626 747,622 724,623"/>
          <TextEquiv conf="0.42230266">
            <Unicode>liegt.</Unicode>
          </TextEquiv>
        </Word>
        <TextEquiv>
          <Unicode>Jm duͤſtreu Todten ⸗ Meere liegt.</Unicode>
        </TextEquiv>
      </TextLine>
      <TextLine id="region0001_line0005" custom="readingOrder {index:4;}">
        <Coords points="175,654 127,658 124,662 126,697 130,700 146,700 214,700 247,703 267,700 284,705 299,701 312,706 323,702 347,709 359,708 366,703 394,702 416,706 433,704 466,712 483,706 514,705 521,709 548,709 559,713 568,710 593,710 597,707 635,711 673,710 688,706 707,706 715,711 745,706 755,711 904,709 913,707 918,702 917,669 912,664 795,668 789,664 781,664 775,672 769,673 749,669 677,669 662,665 621,668 614,665 600,668 572,669 559,665 544,668 493,669 470,663 454,667 440,662 425,664 420,661 408,662 394,669 370,663 340,665 315,662 305,662 292,669 278,667 268,656 255,654"/>
        <Baseline points="126,690 507,699 918,699"/>
        <Word id="region0001_line0005_word0000" custom="readingOrder {index:0;}">
          <Coords points="200,662 201,697 285,695 284,667 278,667 271,660"/>
          <TextEquiv conf="0.92473394">
            <Unicode>Sein</Unicode>
          </TextEquiv>
        </Word>
        <Word id="region0001_line0005_word0001" custom="readingOrder {index:1;}">
          <Coords points="303,662 293,668 294,702 295,701 299,701 301,701 370,700 369,663 340,665 317,662"/>
          <TextEquiv conf="0.9173101">
            <Unicode>Aug'</Unicode>
          </TextEquiv>
        </Word>
        <Word id="word_1670487361375_1207" custom="readingOrder {index:2;}">
          <Coords points="380,665 408,662 420,661 470,663 512,668 513,700 497,700 381,698"/>
          <TextEquiv>
            <Unicode>erblaßt/</Unicode>
          </TextEquiv>
        </Word>
        <Word id="region0001_line0005_word0004" custom="readingOrder {index:3;}">
          <Coords points="510,694 567,693 566,667 559,665 544,668 509,668"/>
          <TextEquiv conf="0.9262229">
            <Unicode>und</Unicode>
          </TextEquiv>
        </Word>
        <Word id="region0001_line0005_word0005" custom="readingOrder {index:4;}">
          <Coords points="575,689 646,687 645,666 621,668 614,665 600,668 574,668"/>
          <TextEquiv conf="0.9198605">
            <Unicode>wird</Unicode>
          </TextEquiv>
        </Word>
        <Word id="region0001_line0005_word0006" custom="readingOrder {index:5;}">
          <Coords points="655,687 717,685 716,669 677,669 662,665 654,665"/>
          <TextEquiv conf="0.92506945">
            <Unicode>dem</Unicode>
          </TextEquiv>
        </Word>
        <Word id="region0001_line0005_word0007" custom="readingOrder {index:6;}">
          <Coords points="733,685 843,682 842,666 795,668 789,664 781,664 775,672 769,673 749,669 732,669"/>
          <TextEquiv conf="0.9250454">
            <Unicode>meinen</Unicode>
          </TextEquiv>
        </Word>
        <TextEquiv>
          <Unicode>Sein Aug' erblaßt/ und wird dem meinen</Unicode>
        </TextEquiv>
      </TextLine>
      <TextLine id="region0001_line0006" custom="readingOrder {index:5;}">
        <Coords points="134,701 129,706 130,739 144,750 248,750 255,757 264,756 271,750 305,751 316,758 325,758 331,753 437,753 493,756 503,760 517,760 523,756 582,754 588,751 594,751 602,756 642,751 648,755 670,755 677,759 684,759 690,754 703,756 717,750 743,748 755,751 781,747 793,752 804,752 837,747 846,741 845,716 837,711 755,712 745,707 715,712 707,707 688,707 673,711 635,712 597,708 593,711 568,711 559,714 548,710 521,710 514,706 483,707 466,713 434,705 416,707 394,703 366,704 359,709 347,710 323,703 313,707 299,702 284,706 267,701 247,704 214,701"/>
        <Baseline points="131,740 514,746 845,738"/>
        <Word id="word_1670487191993_1147" custom="readingOrder {index:0;}">
          <Coords points="203,711 268,709 268,751 249,751 248,750 204,750"/>
          <TextEquiv conf="0.9278705">
            <Unicode>Auf</Unicode>
          </TextEquiv>
        </Word>
        <Word id="word_1670487191993_1149" custom="readingOrder {index:1;}">
          <Coords points="273,711 344,709 347,710 357,709 358,751 305,751 273,750"/>
          <TextEquiv conf="0.9302009">
            <Unicode>dieſer</Unicode>
          </TextEquiv>
        </Word>
        <Word id="region0001_line0006_word0002" custom="readingOrder {index:2;}">
          <Coords points="367,708 367,744 448,742 448,708 438,706 418,706 416,707 414,706"/>
          <TextEquiv conf="0.93051076">
            <Unicode>Welt</Unicode>
          </TextEquiv>
        </Word>
        <Word id="region0001_line0006_word0003" custom="readingOrder {index:3;}">
          <Coords points="462,746 536,745 534,710 521,710 514,706 483,707 466,713 461,711"/>
          <TextEquiv conf="0.9315981">
            <Unicode>nicht</Unicode>
          </TextEquiv>
        </Word>
        <Word id="region0001_line0006_word0004" custom="readingOrder {index:4;}">
          <Coords points="553,744 632,742 630,711 597,708 593,711 568,711 559,714 551,711"/>
          <TextEquiv conf="0.92549753">
            <Unicode>mehr</Unicode>
          </TextEquiv>
        </Word>
        <Word id="region0001_line0006_word0005" custom="readingOrder {index:5;}">
          <Coords points="646,744 807,740 806,711 755,712 745,707 715,712 707,707 688,707 673,711 644,711"/>
          <TextEquiv conf="0.92509294">
            <Unicode>erſcheinen.</Unicode>
          </TextEquiv>
        </Word>
        <TextEquiv conf="0.9284618">
          <Unicode>Auf dieſer Welt nicht mehr erſcheinen.</Unicode>
        </TextEquiv>
      </TextLine>
      <TextEquiv>
        <Unicode>Was ſchmeichelſt du mit falſchen Gluͤcke?
Kein Strahl iſt mehr/ der mich beſiegt/
Nachdem die Gluht der ſchoͤnſten Blicke
Jm duͤſtreu Todten ⸗ Meere liegt.
Sein Aug' erblaßt/ und wird dem meinen
Auf dieſer Welt nicht mehr erſcheinen.</Unicode>
      </TextEquiv>
    </TextRegion>
    <TextRegion orientation="1.43767" readingDirection="left-to-right" id="TextRegion_1670487221135_1171" custom="readingOrder {index:3;}">
      <Coords points="76,751 991,751 996,1359 996,1473 88,1473 76,1327"/>
      <TextLine id="region0001_line0007" custom="readingOrder {index:0;}">
        <Coords points="861,740 857,743 846,742 837,748 804,753 793,753 781,748 764,752 743,749 717,751 703,757 690,755 684,760 670,756 648,756 642,752 604,757 594,752 582,755 547,756 531,762 531,791 537,797 546,797 663,795 689,800 771,798 779,800 785,797 833,796 839,802 849,802 855,796 863,800 871,800 881,795 892,794 953,792 966,782 971,783 979,791 991,791 991,747 913,748 905,742 887,747 880,746 874,740"/>
        <Baseline points="531,787 991,780"/>
        <Word id="region0001_line0007_word0000" custom="readingOrder {index:0;}">
          <Coords points="591,761 592,792 682,790 681,759 681,759"/>
          <TextEquiv conf="0.92832494">
            <Unicode>Echo.</Unicode>
          </TextEquiv>
        </Word>
        <Word id="region0001_line0007_word0001" custom="readingOrder {index:1;}">
          <Coords points="709,757 801,755 802,794 710,796"/>
          <TextEquiv conf="0.8500418">
            <Unicode>Mehr</Unicode>
          </TextEquiv>
        </Word>
        <Word id="word_1670487191995_1150" custom="readingOrder {index:2;}">
          <Coords points="810,752 811,752 848,751 959,751 960,787 953,792 921,793 811,796"/>
          <TextEquiv>
            <Unicode>erſcheinen.</Unicode>
          </TextEquiv>
        </Word>
        <TextEquiv>
          <Unicode>Echo. Mehr erſcheinen.</Unicode>
        </TextEquiv>
      </TextLine>
      <TextLine id="region0001_line0008" custom="readingOrder {index:1;}">
        <Coords points="76,786 77,844 106,841 128,846 133,852 139,853 152,847 158,852 166,853 182,842 187,842 205,845 212,851 243,851 251,856 260,855 267,851 309,851 334,855 378,854 385,849 394,849 400,854 477,857 484,857 490,853 499,852 506,856 523,853 535,858 549,854 557,862 564,861 567,855 572,854 584,857 597,854 609,863 640,854 672,853 679,857 693,858 752,856 757,853 768,853 789,856 897,855 922,860 933,851 941,850 948,854 990,853 991,846 991,805 943,805 941,797 933,793 908,794 896,806 891,806 884,797 860,806 786,808 781,806 780,801 771,799 763,799 758,808 742,808 725,799 713,800 708,808 672,809 664,808 659,800 648,797 636,798 626,808 609,809 584,807 569,799 560,799 554,803 527,802 520,796 506,796 494,803 488,797 464,798 459,793 446,794 439,798 419,793 405,796 386,793 377,798 326,803 324,797 317,792 298,794 292,798 282,792 217,790 210,786 196,786 164,794 156,788 145,786"/>
        <Baseline points="77,835 588,846 991,842"/>
        <Word id="region0001_line0008_word0000" custom="readingOrder {index:0;}">
          <Coords points="150,796 82,798 82,843 106,841 128,846 130,849 147,849 150,847"/>
          <TextEquiv conf="0.93229514">
            <Unicode>Ach</Unicode>
          </TextEquiv>
        </Word>
        <Word id="region0001_line0008_word0001" custom="readingOrder {index:1;}">
          <Coords points="159,796 160,851 169,851 182,842 187,842 205,845 211,850 378,846 377,798 377,798 326,803 324,797 318,792 312,792 298,794 292,798 284,793"/>
          <TextEquiv conf="0.9188538">
            <Unicode>gluͤckſeeliger</Unicode>
          </TextEquiv>
        </Word>
        <Word id="word_1670487458923_1268" custom="readingOrder {index:2;}">
          <Coords points="385,793 459,793 520,796 542,802 544,849 531,850 386,839"/>
          <TextEquiv>
            <Unicode>Anblick/</Unicode>
          </TextEquiv>
        </Word>
        <Word id="region0001_line0008_word0004" custom="readingOrder {index:3;}">
          <Coords points="555,842 624,840 623,808 609,809 584,807 569,799 560,799 554,802"/>
          <TextEquiv conf="0.7198183">
            <Unicode>fing</Unicode>
          </TextEquiv>
        </Word>
        <Word id="region0001_line0008_word0005" custom="readingOrder {index:4;}">
          <Coords points="633,830 672,829 671,808 664,808 659,800 648,797 636,798 632,801"/>
          <TextEquiv conf="0.92659765">
            <Unicode>ſie</Unicode>
          </TextEquiv>
        </Word>
        <Word id="region0001_line0008_word0006" custom="readingOrder {index:5;}">
          <Coords points="694,829 740,827 739,806 725,799 713,800 708,808 693,808"/>
          <TextEquiv conf="0.92900664">
            <Unicode>mit</Unicode>
          </TextEquiv>
        </Word>
        <Word id="region0001_line0008_word0007" custom="readingOrder {index:6;}">
          <Coords points="757,844 842,842 840,806 786,808 781,806 780,801 771,799 763,799 758,808 755,808"/>
          <TextEquiv conf="0.9291123">
            <Unicode>einem</Unicode>
          </TextEquiv>
        </Word>
        <Word id="region0001_line0008_word0008" custom="readingOrder {index:7;}">
          <Coords points="862,831 974,829 973,805 943,805 941,797 933,793 908,794 896,806 891,806 884,797 861,805"/>
          <TextEquiv conf="0.9253886">
            <Unicode>tieffen</Unicode>
          </TextEquiv>
        </Word>
        <TextEquiv>
          <Unicode>Ach gluͤckſeeliger Anblick/ fing ſie mit einem tieffen</Unicode>
        </TextEquiv>
      </TextLine>
      <TextLine id="region0001_line0009" custom="readingOrder {index:2;}">
        <Coords points="97,843 76,847 76,897 84,895 113,901 145,899 161,895 173,901 182,896 206,907 221,905 226,901 238,902 253,897 277,895 286,902 307,903 341,903 352,900 377,905 450,903 465,907 483,905 494,909 501,904 509,904 523,914 530,912 537,905 547,905 553,910 589,906 601,909 612,905 617,909 633,909 715,907 728,902 746,901 756,905 879,902 885,906 892,906 897,902 991,901 991,859 949,857 941,851 930,853 922,861 899,856 777,861 774,856 768,854 757,854 751,860 694,862 682,861 672,854 640,855 609,864 597,855 584,858 572,855 567,856 564,862 558,863 549,855 535,859 519,854 508,858 499,853 490,854 484,858 469,858 400,855 394,850 385,850 378,855 334,856 313,853 251,857 245,854 214,853 205,846 187,843 182,843 166,854 149,850 139,854 133,853 128,847"/>
        <Baseline points="76,885 547,898 991,891"/>
        <Word id="region0001_line0009_word0000" custom="readingOrder {index:0;}">
          <Coords points="81,850 81,895 84,895 113,901 145,899 161,895 173,901 182,896 195,902 225,901 226,901 232,901 239,901 253,897 254,896 254,856 251,857 245,854 214,853 206,847 174,847 166,854 149,850 139,854 133,853 129,848"/>
          <TextEquiv conf="0.8535342">
            <Unicode>Seufftzer</Unicode>
          </TextEquiv>
        </Word>
        <Word id="word_1670487470283_1274" custom="readingOrder {index:1;}">
          <Coords points="266,856 296,854 320,857 321,890 297,902 286,902 267,895"/>
          <TextEquiv>
            <Unicode>an/</Unicode>
          </TextEquiv>
        </Word>
        <Word id="region0001_line0009_word0003" custom="readingOrder {index:2;}">
          <Coords points="323,891 482,887 481,858 469,858 400,855 394,850 385,850 378,855 334,856 322,854"/>
          <TextEquiv conf="0.92500407">
            <Unicode>darinnen</Unicode>
          </TextEquiv>
        </Word>
        <Word id="region0001_line0009_word0004" custom="readingOrder {index:3;}">
          <Coords points="493,895 540,893 539,857 535,859 519,854 508,858 499,853 492,853"/>
          <TextEquiv conf="0.7736508">
            <Unicode>ich</Unicode>
          </TextEquiv>
        </Word>
        <Word id="word_1670487478691_1281" custom="readingOrder {index:4;}">
          <Coords points="546,855 629,858 630,902 634,898 547,892"/>
          <TextEquiv>
            <Unicode>dich/</Unicode>
          </TextEquiv>
        </Word>
        <Word id="region0001_line0009_word0007" custom="readingOrder {index:5;}">
          <Coords points="637,887 975,879 974,858 949,857 941,851 930,853 922,861 899,856 777,861 774,856 768,854 757,854 751,860 694,862 682,861 672,854 640,855 636,856"/>
          <TextEquiv conf="0.9125705">
            <Unicode>Hermiontes,</Unicode>
          </TextEquiv>
        </Word>
        <Word id="region0001_line0009_word0008" custom="readingOrder {index:6;}">
          <Coords points="903,891 978,889 977,858 949,857 941,851 930,853 922,861 902,856"/>
          <TextEquiv conf="0.93039834">
            <Unicode>wie⸗</Unicode>
          </TextEquiv>
        </Word>
        <TextEquiv>
          <Unicode>Seufftzer an/ darinnen ich dich/ Hermiontes, wie⸗</Unicode>
        </TextEquiv>
      </TextLine>
      <TextLine id="region0001_line0010" custom="readingOrder {index:3;}">
        <Coords points="80,896 76,898 77,949 105,948 111,944 124,949 141,946 146,946 153,954 169,952 182,956 194,953 230,954 235,950 248,950 256,955 331,954 339,949 349,948 390,956 400,952 410,953 415,958 435,959 443,963 522,961 533,966 548,959 559,959 563,962 596,959 609,962 701,961 718,966 736,966 754,960 780,959 793,955 808,956 817,964 828,957 859,961 882,957 887,961 915,960 927,955 943,954 948,957 991,956 991,905 969,905 964,901 950,904 897,903 892,907 885,907 879,903 839,907 833,903 820,902 806,910 795,903 773,908 746,902 728,903 707,911 676,913 618,911 612,906 601,910 589,907 584,910 565,909 554,912 547,906 537,906 530,913 523,915 509,905 501,905 494,910 483,906 465,908 450,904 423,907 394,903 363,905 352,901 341,904 291,905 277,896 253,898 237,904 207,908 182,897 173,902 161,896 142,901 113,902"/>
        <Baseline points="76,939 658,952 991,945"/>
        <Word id="region0001_line0010_word0000" custom="readingOrder {index:0;}">
          <Coords points="137,908 83,909 83,948 105,948 111,944 124,949 138,946"/>
          <TextEquiv conf="0.9278864">
            <Unicode>der</Unicode>
          </TextEquiv>
        </Word>
        <Word id="region0001_line0010_word0001" custom="readingOrder {index:1;}">
          <Coords points="146,907 148,948 153,954 169,952 182,956 194,953 230,954 235,950 236,950 234,905 229,905 207,908 202,906"/>
          <TextEquiv conf="0.9315155">
            <Unicode>ſehen</Unicode>
          </TextEquiv>
        </Word>
        <Word id="region0001_line0010_word0002" custom="readingOrder {index:2;}">
          <Coords points="246,902 248,950 248,950 250,951 346,948 349,948 350,948 358,948 356,903 352,901 341,904 291,905 285,901"/>
          <TextEquiv conf="0.928252">
            <Unicode>koͤnte!</Unicode>
          </TextEquiv>
        </Word>
        <Word id="region0001_line0010_word0003" custom="readingOrder {index:3;}">
          <Coords points="389,952 463,950 461,906 450,904 423,907 394,903 387,903"/>
          <TextEquiv conf="0.9300301">
            <Unicode>doch</Unicode>
          </TextEquiv>
        </Word>
        <Word id="region0001_line0010_word0004" custom="readingOrder {index:4;}">
          <Coords points="478,950 578,948 576,909 565,909 554,912 547,906 537,906 530,913 523,915 509,905 501,905 494,910 483,906 476,906"/>
          <TextEquiv conf="0.9300301">
            <Unicode>dieſes</Unicode>
          </TextEquiv>
        </Word>
        <Word id="region0001_line0010_word0005" custom="readingOrder {index:5;}">
          <Coords points="592,941 654,940 653,912 618,911 612,906 601,910 591,907"/>
          <TextEquiv conf="0.9283768">
            <Unicode>kan</Unicode>
          </TextEquiv>
        </Word>
        <Word id="region0001_line0010_word0006" custom="readingOrder {index:6;}">
          <Coords points="672,947 749,945 747,902 746,902 728,903 707,911 676,913 670,912"/>
          <TextEquiv conf="0.9326499">
            <Unicode>auff</Unicode>
          </TextEquiv>
        </Word>
        <Word id="region0001_line0010_word0007" custom="readingOrder {index:7;}">
          <Coords points="763,945 859,943 857,905 839,907 833,903 820,902 806,910 795,903 773,908 761,905"/>
          <TextEquiv conf="0.93059653">
            <Unicode>dieſer</Unicode>
          </TextEquiv>
        </Word>
        <Word id="region0001_line0010_word0008" custom="readingOrder {index:8;}">
          <Coords points="869,936 975,934 974,905 969,905 964,901 950,904 897,903 892,907 885,907 879,903 868,904"/>
          <TextEquiv conf="0.92950445">
            <Unicode>Welt</Unicode>
          </TextEquiv>
        </Word>
        <TextEquiv conf="0.9298713">
          <Unicode>der ſehen koͤnte! doch dieſes kan auff dieſer Welt</Unicode>
        </TextEquiv>
      </TextLine>
      <TextLine id="region0001_line0011" custom="readingOrder {index:4;}">
        <Coords points="111,945 103,951 77,951 77,999 96,994 108,1000 130,1001 140,1005 168,999 185,1002 239,1002 243,1005 257,1002 264,1005 299,1002 307,1009 316,1003 329,1002 332,1006 338,1006 346,1000 357,1002 370,1010 377,1007 393,1006 404,1012 412,1010 416,1005 434,1003 442,1008 458,1009 467,1012 480,1004 493,1006 507,1012 556,1014 606,1012 622,1008 629,1012 650,1013 682,1007 691,1013 777,1013 787,1016 800,1012 835,1008 917,1009 925,1005 935,1005 943,1009 991,1005 991,960 949,959 943,955 927,956 915,961 887,962 882,958 859,962 828,958 817,965 808,957 793,956 780,961 744,962 736,967 718,967 712,964 657,965 596,960 563,963 559,960 548,960 533,967 525,964 499,966 471,961 443,964 435,960 415,959 410,954 400,953 390,957 349,949 313,956 256,956 248,951 235,951 230,955 194,954 182,957 169,953 153,955 146,947 124,950"/>
        <Baseline points="77,989 544,1002 991,994"/>
        <Word id="region0001_line0011_word0000" custom="readingOrder {index:0;}">
          <Coords points="84,954 84,996 96,994 108,1000 130,1001 132,1001 157,1001 168,999 170,999 170,953 169,953 153,955 150,952"/>
          <TextEquiv conf="0.92349195">
            <Unicode>nicht</Unicode>
          </TextEquiv>
        </Word>
        <Word id="region0001_line0011_word0001" custom="readingOrder {index:1;}">
          <Coords points="190,954 186,955 186,1002 231,1002 276,1001 275,956 256,956 252,953 231,953 230,955 210,954"/>
          <TextEquiv conf="0.92724854">
            <Unicode>mehr</Unicode>
          </TextEquiv>
        </Word>
        <Word id="region0001_line0011_word0002" custom="readingOrder {index:2;}">
          <Coords points="292,1001 478,996 477,962 471,961 443,964 435,960 415,959 410,954 400,953 390,957 349,949 313,956 291,956"/>
          <TextEquiv conf="0.9286757">
            <Unicode>geſchehen;</Unicode>
          </TextEquiv>
        </Word>
        <Word id="region0001_line0011_word0003" custom="readingOrder {index:3;}">
          <Coords points="504,990 572,989 571,962 563,963 559,960 548,960 533,967 525,964 503,965"/>
          <TextEquiv conf="0.9282136">
            <Unicode>und</Unicode>
          </TextEquiv>
        </Word>
        <Word id="region0001_line0011_word0004" custom="readingOrder {index:4;}">
          <Coords points="589,985 632,984 631,962 596,960 588,960"/>
          <TextEquiv conf="0.9308305">
            <Unicode>du</Unicode>
          </TextEquiv>
        </Word>
        <Word id="region0001_line0011_word0005" custom="readingOrder {index:5;}">
          <Coords points="660,992 811,988 809,958 808,957 793,956 780,961 744,962 736,967 718,967 712,964 659,964"/>
          <TextEquiv conf="0.9289235">
            <Unicode>marterſt</Unicode>
          </TextEquiv>
        </Word>
        <Word id="region0001_line0011_word0006" custom="readingOrder {index:6;}">
          <Coords points="834,981 906,979 905,961 887,962 882,958 859,962 833,958"/>
          <TextEquiv conf="0.92414796">
            <Unicode>dein</Unicode>
          </TextEquiv>
        </Word>
        <Word id="region0001_line0011_word0007" custom="readingOrder {index:7;}">
          <Coords points="924,980 976,979 975,959 949,959 943,955 927,956 923,957"/>
          <TextEquiv conf="0.66857195">
            <Unicode>Le⸗</Unicode>
          </TextEquiv>
        </Word>
        <TextEquiv conf="0.895013">
          <Unicode>nicht mehr geſchehen; und du marterſt dein Le⸗</Unicode>
        </TextEquiv>
      </TextLine>
      <TextLine id="region0001_line0012" custom="readingOrder {index:5;}">
        <Coords points="93,995 77,1000 76,1048 157,1051 174,1047 196,1053 212,1050 230,1050 238,1059 248,1062 269,1056 289,1062 297,1054 304,1052 315,1057 318,1054 326,1054 331,1061 350,1058 369,1063 376,1059 403,1057 424,1063 436,1055 443,1055 460,1058 471,1066 488,1067 497,1063 565,1061 570,1055 574,1055 580,1059 581,1065 606,1059 618,1061 625,1065 654,1066 677,1064 685,1057 692,1056 696,1060 708,1061 711,1067 716,1069 727,1068 737,1061 750,1059 768,1059 776,1063 818,1063 867,1058 873,1061 922,1061 931,1065 945,1060 991,1059 990,1008 943,1010 935,1006 925,1006 915,1011 897,1013 835,1009 829,1012 804,1013 787,1017 779,1015 750,1014 692,1017 682,1008 658,1011 646,1016 630,1016 625,1010 614,1010 605,1013 604,1017 588,1017 507,1013 493,1007 480,1005 467,1013 458,1010 442,1009 434,1004 416,1006 412,1011 405,1013 393,1008 377,1008 370,1011 357,1003 346,1001 338,1007 332,1007 329,1003 316,1004 307,1010 299,1003 264,1006 257,1003 243,1006 239,1003 185,1003 168,1000 140,1006 128,1002 106,1002 100,996"/>
        <Baseline points="76,1039 633,1054 991,1047"/>
        <Word id="region0001_line0012_word0000" custom="readingOrder {index:0;}">
          <Coords points="85,1004 86,1047 147,1045 146,1004 140,1006 129,1002"/>
          <TextEquiv conf="0.92829543">
            <Unicode>ben</Unicode>
          </TextEquiv>
        </Word>
        <Word id="region0001_line0012_word0001" custom="readingOrder {index:1;}">
          <Coords points="163,1007 163,1049 174,1047 196,1053 212,1050 230,1050 235,1056 262,1056 261,1005 246,1005 243,1006 242,1005"/>
          <TextEquiv conf="0.91805804">
            <Unicode>durch</Unicode>
          </TextEquiv>
        </Word>
        <Word id="region0001_line0012_word0002" custom="readingOrder {index:2;}">
          <Coords points="394,1053 393,1008 393,1008 377,1008 370,1011 357,1003 346,1001 338,1007 332,1007 329,1003 316,1004 307,1010 299,1003 274,1005 275,1056 296,1055 297,1054 304,1052 311,1055 317,1055 318,1054 326,1054 327,1055"/>
          <TextEquiv conf="0.9282853">
            <Unicode>falſche</Unicode>
          </TextEquiv>
        </Word>
        <Word id="region0001_line0012_word0003" custom="readingOrder {index:3;}">
          <Coords points="409,1051 593,1046 592,1017 588,1017 507,1013 493,1007 480,1005 467,1013 458,1010 442,1009 434,1004 416,1006 412,1011 408,1012"/>
          <TextEquiv conf="0.6820649">
            <Unicode>Hoffnung</Unicode>
          </TextEquiv>
        </Word>
        <Word id="region0001_line0012_word0004" custom="readingOrder {index:4;}">
          <Coords points="610,1041 639,1040 638,1016 630,1016 625,1010 614,1010 609,1011"/>
          <TextEquiv conf="0.91388404">
            <Unicode>je</Unicode>
          </TextEquiv>
        </Word>
        <Word id="region0001_line0012_word0005" custom="readingOrder {index:5;}">
          <Coords points="655,1044 771,1041 770,1014 750,1014 692,1017 682,1008 658,1011 654,1012"/>
          <TextEquiv conf="0.93031126">
            <Unicode>laͤnger</Unicode>
          </TextEquiv>
        </Word>
        <Word id="region0001_line0012_word0006" custom="readingOrder {index:6;}">
          <Coords points="790,1031 858,1030 857,1010 835,1009 829,1012 804,1013 789,1016"/>
          <TextEquiv conf="0.9311771">
            <Unicode>und</Unicode>
          </TextEquiv>
        </Word>
        <Word id="word_1670487504791_1288" custom="readingOrder {index:7;}">
          <Coords points="872,1011 925,1006 935,1006 983,1008 984,1042 963,1043 873,1036"/>
          <TextEquiv>
            <Unicode>mehr/</Unicode>
          </TextEquiv>
        </Word>
        <TextEquiv>
          <Unicode>ben durch falſche Hoffnung je laͤnger und mehr/</Unicode>
        </TextEquiv>
      </TextLine>
      <TextLine id="region0001_line0013" custom="readingOrder {index:6;}">
        <Coords points="169,1048 161,1052 76,1053 76,1100 156,1101 164,1106 172,1106 177,1100 191,1098 201,1104 225,1106 239,1112 254,1109 298,1110 303,1103 308,1103 311,1109 321,1107 326,1111 333,1111 337,1108 348,1107 354,1112 400,1112 406,1117 412,1116 417,1110 426,1108 437,1116 444,1113 497,1112 512,1118 549,1119 566,1119 574,1114 582,1114 588,1117 612,1113 620,1118 672,1116 679,1121 718,1113 808,1113 815,1109 837,1111 858,1109 874,1111 991,1109 991,1063 982,1062 874,1066 873,1062 867,1059 854,1060 848,1066 789,1066 778,1066 769,1060 751,1060 737,1062 727,1069 716,1070 712,1069 708,1062 697,1061 692,1057 685,1058 674,1068 628,1068 619,1062 606,1060 581,1066 579,1059 574,1056 570,1056 566,1062 498,1064 488,1068 471,1067 460,1059 443,1056 436,1056 425,1064 409,1063 403,1058 369,1064 350,1059 331,1062 326,1055 318,1055 315,1058 304,1053 297,1055 289,1063 275,1058 248,1063 238,1060 230,1051 193,1054 180,1049"/>
        <Baseline points="76,1090 503,1099 545,1108 991,1099"/>
        <Word id="region0001_line0013_word0000" custom="readingOrder {index:0;}">
          <Coords points="87,1061 88,1100 156,1101 164,1106 172,1106 177,1100 191,1098 201,1104 225,1106 234,1110 251,1109 254,1109 263,1109 272,1109 270,1058 248,1063 238,1060 235,1056"/>
          <TextEquiv conf="0.9211837">
            <Unicode>armſeelige</Unicode>
          </TextEquiv>
        </Word>
        <Word id="region0001_line0013_word0001" custom="readingOrder {index:1;}">
          <Coords points="295,1057 289,1063 287,1062 289,1109 299,1109 303,1103 308,1103 311,1108 314,1108 321,1107 322,1108 342,1108 348,1107 348,1107 510,1103 508,1064 498,1064 488,1068 471,1067 460,1059 443,1056 436,1056 425,1064 409,1063 403,1058 369,1064 350,1059 331,1062 327,1056 317,1056 315,1058 311,1056"/>
          <TextEquiv conf="0.54979056">
            <Unicode>Printzeßin!</Unicode>
          </TextEquiv>
        </Word>
        <Word id="region0001_line0013_word0002" custom="readingOrder {index:2;}">
          <Coords points="535,1100 655,1097 654,1068 628,1068 619,1062 606,1060 581,1066 579,1059 574,1056 570,1056 566,1062 534,1062"/>
          <TextEquiv conf="0.9132397">
            <Unicode>Waͤre</Unicode>
          </TextEquiv>
        </Word>
        <Word id="region0001_line0013_word0003" custom="readingOrder {index:3;}">
          <Coords points="680,1099 719,1098 718,1069 716,1070 712,1069 708,1062 697,1061 692,1057 685,1058 679,1063"/>
          <TextEquiv conf="0.9241233">
            <Unicode>ſie</Unicode>
          </TextEquiv>
        </Word>
        <Word id="region0001_line0013_word0004" custom="readingOrder {index:4;}">
          <Coords points="733,1088 981,1081 980,1062 874,1066 873,1062 867,1059 854,1060 848,1066 789,1066 778,1066 769,1060 751,1060 737,1062 732,1065"/>
          <TextEquiv conf="0.8771698">
            <Unicode>Hermiontes</Unicode>
          </TextEquiv>
        </Word>
        <TextEquiv conf="0.8371014">
          <Unicode>armſeelige Printzeßin! Waͤre ſie Hermiontes</Unicode>
        </TextEquiv>
      </TextLine>
      <TextLine id="region0001_line0014" custom="readingOrder {index:7;}">
        <Coords points="181,1100 173,1107 156,1103 119,1102 76,1104 77,1154 108,1154 156,1147 178,1159 193,1154 204,1156 213,1151 223,1151 234,1156 245,1157 262,1153 273,1157 288,1156 316,1166 324,1165 327,1160 345,1163 352,1159 361,1159 369,1164 415,1165 420,1169 430,1169 442,1162 465,1160 471,1165 491,1162 500,1170 509,1172 521,1172 531,1167 573,1164 591,1165 601,1173 638,1169 646,1174 658,1174 671,1168 714,1167 725,1172 739,1166 805,1163 815,1166 822,1161 830,1164 849,1161 866,1165 920,1164 924,1168 939,1164 947,1167 953,1163 991,1159 991,1115 916,1113 870,1116 858,1110 837,1112 826,1109 815,1110 804,1117 746,1118 718,1114 711,1118 679,1122 620,1119 612,1114 594,1115 589,1118 582,1115 574,1115 566,1120 549,1120 451,1114 437,1117 426,1109 417,1111 412,1117 406,1118 400,1113 354,1113 348,1108 337,1109 333,1112 326,1112 321,1108 311,1110 308,1104 303,1104 298,1111 254,1110 239,1113 225,1107 203,1107 191,1099"/>
        <Baseline points="77,1142 654,1159 991,1148"/>
        <Word id="region0001_line0014_word0000" custom="readingOrder {index:0;}">
          <Coords points="86,1111 86,1154 108,1154 156,1147 177,1158 179,1158 193,1154 204,1156 213,1151 223,1151 234,1156 243,1156 245,1156 262,1153 270,1156 278,1156 277,1110 254,1110 239,1113 225,1107"/>
          <TextEquiv conf="0.9301971">
            <Unicode>grauſamer</Unicode>
          </TextEquiv>
        </Word>
        <Word id="region0001_line0014_word0001" custom="readingOrder {index:1;}">
          <Coords points="525,1154 523,1118 451,1114 437,1117 426,1109 417,1111 412,1117 406,1118 400,1113 354,1113 348,1108 337,1109 333,1112 326,1112 321,1108 311,1110 308,1104 303,1104 298,1111 293,1110 294,1158 298,1159"/>
          <TextEquiv conf="0.9250738">
            <Unicode>Hinrichtung</Unicode>
          </TextEquiv>
        </Word>
        <Word id="region0001_line0014_word0002" custom="readingOrder {index:2;}">
          <Coords points="547,1153 633,1151 631,1119 620,1119 612,1114 594,1115 589,1118 582,1115 574,1115 566,1120 549,1120 545,1119"/>
          <TextEquiv conf="0.92929214">
            <Unicode>nicht</Unicode>
          </TextEquiv>
        </Word>
        <Word id="region0001_line0014_word0003" custom="readingOrder {index:3;}">
          <Coords points="645,1150 734,1148 733,1116 718,1114 711,1118 679,1122 644,1120"/>
          <TextEquiv conf="0.9311891">
            <Unicode>gantz</Unicode>
          </TextEquiv>
        </Word>
        <Word id="region0001_line0014_word0004" custom="readingOrder {index:4;}">
          <Coords points="752,1146 981,1141 979,1114 916,1113 870,1116 858,1110 837,1112 826,1109 815,1110 804,1117 750,1117"/>
          <TextEquiv conf="0.9284924">
            <Unicode>verſichert</Unicode>
          </TextEquiv>
        </Word>
        <Word id="region0001_line0014_word0005" custom="readingOrder {index:5;}">
          <Coords points="932,1148 985,1146 984,1114 930,1113"/>
          <TextEquiv conf="0.93089026">
            <Unicode>ge⸗</Unicode>
          </TextEquiv>
        </Word>
        <TextEquiv conf="0.92918915">
          <Unicode>grauſamer Hinrichtung nicht gantz verſichert ge⸗</Unicode>
        </TextEquiv>
      </TextLine>
      <TextLine id="region0001_line0015" custom="readingOrder {index:8;}">
        <Coords points="149,1148 137,1154 77,1155 77,1201 133,1204 143,1210 157,1205 199,1207 205,1212 219,1204 227,1203 234,1209 240,1209 252,1216 265,1210 295,1213 303,1208 319,1207 337,1213 382,1208 394,1215 477,1220 555,1215 562,1221 694,1218 703,1213 719,1213 724,1217 743,1217 767,1212 775,1217 794,1216 810,1212 817,1216 924,1215 954,1213 961,1210 990,1212 991,1206 991,1164 972,1164 943,1168 939,1165 932,1165 924,1169 867,1167 849,1162 841,1165 822,1162 815,1167 805,1164 778,1165 763,1168 739,1167 725,1173 714,1168 646,1175 638,1170 601,1174 591,1166 573,1165 509,1173 500,1171 491,1163 471,1166 465,1161 452,1162 442,1163 430,1170 416,1167 369,1165 361,1160 352,1160 346,1164 327,1161 324,1166 316,1167 288,1157 273,1158 262,1154 245,1159 234,1158 223,1152 213,1152 204,1157 178,1160 159,1149"/>
        <Baseline points="77,1190 567,1209 991,1202"/>
        <Word id="word_1670487525708_1298" custom="readingOrder {index:0;}">
          <Coords points="88,1157 202,1153 202,1210 143,1210 89,1202"/>
          <TextEquiv>
            <Unicode>weſen/</Unicode>
          </TextEquiv>
        </Word>
        <Word id="region0001_line0015_word0002" custom="readingOrder {index:1;}">
          <Coords points="237,1158 234,1158 223,1152 213,1152 211,1153 211,1208 219,1204 227,1203 234,1209 237,1209"/>
          <TextEquiv conf="0.9216578">
            <Unicode>ſo</Unicode>
          </TextEquiv>
        </Word>
        <Word id="region0001_line0015_word0003" custom="readingOrder {index:2;}">
          <Coords points="321,1207 320,1166 316,1167 288,1157 273,1158 262,1154 253,1157 254,1209 317,1207 319,1207 319,1207"/>
          <TextEquiv conf="0.91669863">
            <Unicode>ſolte</Unicode>
          </TextEquiv>
        </Word>
        <Word id="region0001_line0015_word0004" custom="readingOrder {index:3;}">
          <Coords points="330,1199 380,1198 379,1165 369,1165 361,1160 352,1160 346,1164 329,1161"/>
          <TextEquiv conf="0.91669863">
            <Unicode>die</Unicode>
          </TextEquiv>
        </Word>
        <Word id="region0001_line0015_word0005" custom="readingOrder {index:4;}">
          <Coords points="387,1205 551,1201 550,1167 509,1173 500,1171 491,1163 471,1166 465,1161 452,1162 442,1163 430,1170 416,1167 386,1165"/>
          <TextEquiv conf="0.9304381">
            <Unicode>verkehrte</Unicode>
          </TextEquiv>
        </Word>
        <Word id="region0001_line0015_word0006" custom="readingOrder {index:5;}">
          <Coords points="560,1194 718,1190 717,1169 714,1168 646,1175 638,1170 601,1174 591,1166 573,1165 559,1166"/>
          <TextEquiv conf="0.89507365">
            <Unicode>Antwort</Unicode>
          </TextEquiv>
        </Word>
        <Word id="region0001_line0015_word0007" custom="readingOrder {index:6;}">
          <Coords points="732,1188 791,1186 790,1164 778,1165 763,1168 739,1167 731,1170"/>
          <TextEquiv conf="0.92812747">
            <Unicode>des</Unicode>
          </TextEquiv>
        </Word>
        <Word id="region0001_line0015_word0008" custom="readingOrder {index:7;}">
          <Coords points="799,1184 902,1182 901,1168 867,1167 849,1162 841,1165 822,1162 815,1167 805,1164 798,1164"/>
          <TextEquiv conf="0.9238395">
            <Unicode>Echo</Unicode>
          </TextEquiv>
        </Word>
        <Word id="region0001_line0015_word0009" custom="readingOrder {index:8;}">
          <Coords points="915,1183 984,1181 983,1164 972,1164 943,1168 939,1165 932,1165 924,1169 914,1168"/>
          <TextEquiv conf="0.9295819">
            <Unicode>eine</Unicode>
          </TextEquiv>
        </Word>
        <TextEquiv>
          <Unicode>weſen/ ſo ſolte die verkehrte Antwort des Echo eine</Unicode>
        </TextEquiv>
      </TextLine>
      <TextLine id="region0001_line0016" custom="readingOrder {index:9;}">
        <Coords points="95,1204 76,1207 76,1253 123,1256 136,1261 188,1253 200,1260 210,1260 220,1265 295,1263 309,1268 314,1268 321,1258 330,1258 341,1266 361,1270 378,1270 383,1267 419,1267 434,1262 452,1267 460,1273 471,1272 494,1265 521,1265 546,1275 556,1275 563,1271 665,1269 679,1265 686,1269 704,1266 713,1269 744,1268 764,1273 778,1269 843,1267 891,1268 903,1273 910,1270 917,1263 960,1266 991,1263 991,1219 977,1219 975,1214 969,1211 957,1212 944,1219 829,1220 819,1220 810,1213 799,1214 792,1219 777,1220 767,1213 747,1218 703,1214 694,1219 674,1221 563,1222 555,1216 529,1217 518,1222 502,1222 500,1219 477,1221 394,1217 382,1209 337,1214 319,1208 303,1209 295,1214 262,1214 252,1217 234,1211 227,1204 219,1205 205,1213 195,1209 143,1211 131,1206"/>
        <Baseline points="76,1243 577,1260 991,1253"/>
        <Word id="region0001_line0016_word0000" custom="readingOrder {index:0;}">
          <Coords points="89,1213 89,1253 123,1256 136,1261 188,1253 200,1260 210,1260 211,1260 285,1259 284,1214 262,1214 252,1217 234,1211 232,1209 210,1209 205,1213 198,1210"/>
          <TextEquiv conf="0.9069587">
            <Unicode>angenehme</Unicode>
          </TextEquiv>
        </Word>
        <Word id="region0001_line0016_word0001" custom="readingOrder {index:1;}">
          <Coords points="476,1257 475,1220 394,1217 382,1209 337,1214 319,1208 303,1209 295,1214 291,1214 292,1262 318,1261 321,1258 330,1258 333,1260"/>
          <TextEquiv conf="0.61209685">
            <Unicode>Hoffnung</Unicode>
          </TextEquiv>
        </Word>
        <Word id="region0001_line0016_word0002" custom="readingOrder {index:2;}">
          <Coords points="485,1248 518,1247 517,1222 502,1222 500,1219 484,1220"/>
          <TextEquiv conf="0.9306084">
            <Unicode>in</Unicode>
          </TextEquiv>
        </Word>
        <Word id="region0001_line0016_word0003" custom="readingOrder {index:3;}">
          <Coords points="530,1255 582,1254 581,1221 563,1222 555,1216 529,1216"/>
          <TextEquiv conf="0.9306084">
            <Unicode>ihr</Unicode>
          </TextEquiv>
        </Word>
        <Word id="region0001_line0016_word0004" custom="readingOrder {index:4;}">
          <Coords points="599,1245 748,1241 747,1218 747,1218 703,1214 694,1219 674,1221 598,1222"/>
          <TextEquiv conf="0.9245865">
            <Unicode>erwecket</Unicode>
          </TextEquiv>
        </Word>
        <Word id="word_1670487545656_1309" custom="readingOrder {index:5;}">
          <Coords points="755,1215 767,1213 810,1213 880,1219 881,1243 878,1251 857,1252 756,1246"/>
          <TextEquiv>
            <Unicode>haben/</Unicode>
          </TextEquiv>
        </Word>
        <Word id="region0001_line0016_word0007" custom="readingOrder {index:6;}">
          <Coords points="897,1244 932,1243 931,1219 896,1219"/>
          <TextEquiv conf="0.9315292">
            <Unicode>zu</Unicode>
          </TextEquiv>
        </Word>
        <Word id="region0001_line0016_word0008" custom="readingOrder {index:7;}">
          <Coords points="943,1235 985,1234 984,1219 977,1219 975,1214 969,1211 957,1212 944,1219 942,1219"/>
          <TextEquiv conf="0.9315134">
            <Unicode>ei⸗</Unicode>
          </TextEquiv>
        </Word>
        <TextEquiv>
          <Unicode>angenehme Hoffnung in ihr erwecket haben/ zu ei⸗</Unicode>
        </TextEquiv>
      </TextLine>
      <TextLine id="region0001_line0017" custom="readingOrder {index:10;}">
        <Coords points="90,1255 76,1256 76,1304 166,1309 174,1318 183,1318 190,1310 202,1310 262,1317 276,1322 288,1321 294,1317 311,1316 335,1318 347,1323 358,1323 365,1318 373,1318 475,1321 482,1327 497,1327 500,1323 505,1322 507,1326 514,1327 526,1327 530,1323 779,1320 822,1322 827,1326 842,1326 848,1321 869,1320 875,1325 892,1325 900,1320 909,1318 991,1315 991,1268 932,1269 927,1264 917,1264 910,1271 903,1274 894,1271 840,1270 764,1274 744,1270 714,1271 704,1267 695,1268 687,1272 679,1266 672,1266 663,1274 593,1272 546,1276 521,1266 494,1266 471,1273 460,1274 452,1268 435,1263 419,1268 383,1268 378,1271 361,1271 352,1267 341,1268 330,1259 321,1259 314,1269 309,1269 298,1265 238,1263 221,1266 210,1261 199,1261 188,1254 136,1262 123,1257"/>
        <Baseline points="76,1295 526,1313 824,1311 991,1303"/>
        <Word id="region0001_line0017_word0000" custom="readingOrder {index:0;}">
          <Coords points="165,1303 165,1267 92,1269 92,1304 93,1304"/>
          <TextEquiv conf="0.9287085">
            <Unicode>nem</Unicode>
          </TextEquiv>
        </Word>
        <Word id="region0001_line0017_word0001" custom="readingOrder {index:1;}">
          <Coords points="171,1261 173,1312 189,1311 190,1310 202,1310 203,1310 201,1261 199,1261 198,1260"/>
          <TextEquiv conf="0.9322855">
            <Unicode>ſo</Unicode>
          </TextEquiv>
        </Word>
        <Word id="region0001_line0017_word0002" custom="readingOrder {index:2;}">
          <Coords points="416,1307 414,1268 383,1268 378,1271 361,1271 352,1267 341,1268 330,1259 321,1259 314,1269 309,1269 298,1265 238,1263 221,1266 210,1261 211,1311 217,1311"/>
          <TextEquiv conf="0.9011866">
            <Unicode>vergnuͤgten</Unicode>
          </TextEquiv>
        </Word>
        <Word id="region0001_line0017_word0003" custom="readingOrder {index:3;}">
          <Coords points="427,1309 618,1305 616,1272 593,1272 546,1276 521,1266 494,1266 471,1273 460,1274 452,1268 435,1263 425,1266"/>
          <TextEquiv conf="0.923926">
            <Unicode>Anſchauen</Unicode>
          </TextEquiv>
        </Word>
        <Word id="region0001_line0017_word0004" custom="readingOrder {index:4;}">
          <Coords points="633,1294 810,1290 809,1271 764,1274 744,1270 714,1271 704,1267 695,1268 687,1272 679,1266 672,1266 663,1274 632,1273"/>
          <TextEquiv conf="0.9268635">
            <Unicode>wiederum</Unicode>
          </TextEquiv>
        </Word>
        <Word id="region0001_line0017_word0005" custom="readingOrder {index:5;}">
          <Coords points="828,1295 864,1294 863,1270 840,1270 827,1270"/>
          <TextEquiv conf="0.9289569">
            <Unicode>zu</Unicode>
          </TextEquiv>
        </Word>
        <Word id="region0001_line0017_word0006" custom="readingOrder {index:6;}">
          <Coords points="874,1293 986,1290 985,1268 932,1269 927,1264 917,1264 910,1271 903,1274 894,1271 873,1270"/>
          <TextEquiv conf="0.9242317">
            <Unicode>gelan⸗</Unicode>
          </TextEquiv>
        </Word>
        <TextEquiv conf="0.92373693">
          <Unicode>nem ſo vergnuͤgten Anſchauen wiederum zu gelan⸗</Unicode>
        </TextEquiv>
      </TextLine>
      <TextLine id="region0002_line0001" custom="readingOrder {index:11;}">
        <Coords points="99,1307 85,1309 85,1362 110,1362 153,1356 155,1367 168,1372 274,1365 310,1367 319,1375 327,1375 334,1368 477,1371 488,1372 496,1380 505,1379 510,1372 569,1373 576,1382 585,1381 594,1373 673,1374 680,1378 706,1372 757,1372 765,1377 775,1377 781,1372 834,1371 845,1378 857,1378 867,1370 990,1367 990,1317 943,1319 937,1310 923,1310 915,1320 883,1321 877,1311 868,1311 857,1321 814,1322 794,1319 779,1322 777,1317 770,1313 762,1313 752,1319 746,1313 736,1314 730,1322 725,1322 718,1313 710,1313 704,1317 695,1312 682,1312 672,1321 653,1322 648,1318 640,1318 635,1322 608,1324 593,1323 591,1315 587,1312 576,1313 564,1323 548,1322 543,1319 521,1323 519,1317 511,1312 502,1313 491,1322 483,1321 477,1313 466,1313 460,1320 450,1314 441,1314 435,1319 396,1319 355,1316 346,1307 337,1308 332,1312 321,1306 312,1307 304,1316 288,1316 249,1316 247,1307 242,1306"/>
        <Baseline points="85,1350 154,1347 199,1359 652,1364 990,1357"/>
        <Word id="region0002_line0001_word0000" custom="readingOrder {index:0;}">
          <Coords points="171,1359 170,1319 90,1321 91,1361 122,1360 153,1356 153,1359"/>
          <TextEquiv conf="0.9280867">
            <Unicode>gen:</Unicode>
          </TextEquiv>
        </Word>
        <Word id="region0002_line0001_word0001" custom="readingOrder {index:1;}">
          <Coords points="200,1313 201,1367 345,1363 344,1310 334,1310 332,1312 328,1310 308,1310 304,1316 288,1316 249,1316 248,1311"/>
          <TextEquiv conf="0.89505446">
            <Unicode>Zumahl</Unicode>
          </TextEquiv>
        </Word>
        <Word id="region0002_line0001_word0002" custom="readingOrder {index:2;}">
          <Coords points="353,1322 432,1320 433,1354 354,1356"/>
          <TextEquiv conf="0.9259518">
            <Unicode>man</Unicode>
          </TextEquiv>
        </Word>
        <Word id="region0002_line0001_word0003" custom="readingOrder {index:3;}">
          <Coords points="444,1361 545,1358 544,1319 543,1319 521,1323 519,1317 511,1312 502,1313 491,1322 483,1321 477,1313 466,1313 460,1320 450,1314 443,1314"/>
          <TextEquiv conf="0.9259518">
            <Unicode>dieſes</Unicode>
          </TextEquiv>
        </Word>
        <Word id="region0002_line0001_word0004" custom="readingOrder {index:4;}">
          <Coords points="553,1359 633,1357 632,1322 608,1324 593,1323 591,1315 587,1312 576,1313 564,1323 552,1322"/>
          <TextEquiv conf="0.9312343">
            <Unicode>ohne</Unicode>
          </TextEquiv>
        </Word>
        <Word id="region0002_line0001_word0005" custom="readingOrder {index:5;}">
          <Coords points="644,1353 697,1352 696,1312 695,1312 682,1312 672,1321 653,1322 648,1318 643,1318"/>
          <TextEquiv conf="0.9062543">
            <Unicode>diß</Unicode>
          </TextEquiv>
        </Word>
        <Word id="region0002_line0001_word0006" custom="readingOrder {index:6;}">
          <Coords points="708,1351 832,1348 831,1321 814,1322 794,1319 779,1322 777,1317 770,1313 762,1313 752,1319 746,1313 736,1314 730,1322 725,1322 718,1313 710,1313 707,1314"/>
          <TextEquiv conf="0.9203562">
            <Unicode>leichter</Unicode>
          </TextEquiv>
        </Word>
        <Word id="word_1670487563673_1315" custom="readingOrder {index:7;}">
          <Coords points="840,1321 868,1311 923,1310 937,1310 987,1317 989,1352 972,1353 841,1350"/>
          <TextEquiv>
            <Unicode>glaubet/</Unicode>
          </TextEquiv>
        </Word>
        <TextEquiv>
          <Unicode>gen: Zumahl man dieſes ohne diß leichter glaubet/</Unicode>
        </TextEquiv>
      </TextLine>
      <TextLine id="region0003_line0001" custom="readingOrder {index:12;}">
        <Coords points="88,1360 88,1403 110,1404 121,1401 141,1408 157,1403 175,1411 196,1408 208,1413 221,1414 241,1409 251,1416 267,1421 281,1420 289,1416 303,1416 316,1411 324,1415 335,1413 353,1419 440,1423 453,1432 461,1432 467,1426 471,1425 479,1433 489,1433 499,1425 530,1424 596,1430 710,1424 718,1425 724,1431 735,1431 744,1426 753,1431 761,1431 771,1425 797,1423 804,1429 814,1429 820,1423 960,1420 967,1428 980,1428 988,1419 996,1419 996,1369 990,1369 986,1362 979,1361 962,1363 956,1370 925,1372 846,1370 841,1365 830,1366 820,1362 806,1362 799,1369 791,1369 784,1365 769,1368 762,1363 730,1364 723,1370 707,1372 700,1364 689,1364 680,1373 663,1367 630,1365 583,1368 538,1375 503,1373 492,1365 473,1366 467,1362 459,1363 449,1371 433,1371 427,1370 422,1360 403,1359 397,1369 386,1370 288,1367 166,1359"/>
        <Baseline points="88,1394 611,1419 996,1410"/>
        <Word id="region0003_line0001_word0000" custom="readingOrder {index:0;}">
          <Coords points="154,1362 90,1364 91,1403 110,1404 121,1401 141,1408 155,1403"/>
          <TextEquiv conf="0.9124792">
            <Unicode>was</Unicode>
          </TextEquiv>
        </Word>
        <Word id="region0003_line0001_word0001" custom="readingOrder {index:1;}">
          <Coords points="174,1362 175,1410 196,1408 208,1413 221,1414 229,1411 228,1363 198,1361"/>
          <TextEquiv conf="0.9124792">
            <Unicode>man</Unicode>
          </TextEquiv>
        </Word>
        <Word id="region0003_line0001_word0002" custom="readingOrder {index:2;}">
          <Coords points="351,1368 288,1367 254,1364 255,1417 267,1421 281,1420 289,1416 303,1416 316,1411 324,1415 335,1413 352,1418"/>
          <TextEquiv conf="0.9268305">
            <Unicode>gerne</Unicode>
          </TextEquiv>
        </Word>
        <Word id="region0003_line0001_word0003" custom="readingOrder {index:3;}">
          <Coords points="402,1360 397,1369 386,1370 345,1368 346,1416 353,1419 364,1419 556,1414 554,1372 538,1375 503,1373 492,1365 473,1366 467,1362 459,1363 449,1371 433,1371 427,1370 422,1360 419,1359"/>
          <TextEquiv conf="0.9200762">
            <Unicode>wuͤnſchete.</Unicode>
          </TextEquiv>
        </Word>
        <Word id="region0003_line0001_word0004" custom="readingOrder {index:4;}">
          <Coords points="604,1418 662,1417 660,1366 630,1365 602,1366"/>
          <TextEquiv conf="0.91344637">
            <Unicode>Sie</Unicode>
          </TextEquiv>
        </Word>
        <Word id="region0003_line0001_word0005" custom="readingOrder {index:5;}">
          <Coords points="683,1416 825,1413 823,1363 820,1362 806,1362 799,1369 791,1369 784,1365 769,1368 762,1363 730,1364 723,1370 707,1372 700,1364 689,1364 681,1371"/>
          <TextEquiv conf="0.92630595">
            <Unicode>beſchloß</Unicode>
          </TextEquiv>
        </Word>
        <Word id="region0003_line0001_word0006" custom="readingOrder {index:6;}">
          <Coords points="835,1404 991,1400 990,1369 990,1369 986,1362 979,1361 962,1363 956,1370 925,1372 846,1370 841,1365 833,1366"/>
          <TextEquiv conf="0.9281671">
            <Unicode>demnach</Unicode>
          </TextEquiv>
        </Word>
        <TextEquiv conf="0.9199692">
          <Unicode>was man gerne wuͤnſchete. Sie beſchloß demnach</Unicode>
        </TextEquiv>
      </TextLine>
      <TextLine id="region0003_line0002" custom="readingOrder {index:13;}">
        <Coords points="89,1403 89,1458 137,1462 146,1470 154,1469 160,1464 236,1464 313,1468 315,1472 334,1473 337,1469 345,1468 416,1465 421,1460 420,1431 409,1424 353,1420 335,1414 324,1416 316,1412 300,1419 267,1422 251,1417 241,1410 231,1410 223,1416 196,1409 175,1412 157,1404 141,1409 121,1402 110,1405"/>
        <Baseline points="89,1449 324,1458 421,1455"/>
        <Word id="region0003_line0002_word0000" custom="readingOrder {index:0;}">
          <Coords points="170,1410 93,1412 94,1458 137,1462 141,1465 158,1465 160,1464 171,1464"/>
          <TextEquiv conf="0.9231193">
            <Unicode>dieſe</Unicode>
          </TextEquiv>
        </Word>
        <Word id="region0003_line0002_word0001" custom="readingOrder {index:1;}">
          <Coords points="178,1414 179,1460 270,1457 269,1421 267,1422 251,1417 243,1411 227,1412 223,1416 211,1412"/>
          <TextEquiv conf="0.9324881">
            <Unicode>Aria</Unicode>
          </TextEquiv>
        </Word>
        <Word id="region0003_line0002_word0002" custom="readingOrder {index:2;}">
          <Coords points="315,1412 300,1419 285,1420 286,1465 370,1463 369,1421 353,1420 335,1414 324,1416 316,1412"/>
          <TextEquiv conf="0.9287719">
            <Unicode>alſo:</Unicode>
          </TextEquiv>
        </Word>
        <TextEquiv conf="0.9281264">
          <Unicode>dieſe Aria alſo:</Unicode>
        </TextEquiv>
      </TextLine>
      <TextEquiv>
        <Unicode>Echo. Mehr erſcheinen.
Ach gluͤckſeeliger Anblick/ fing ſie mit einem tieffen
Seufftzer an/ darinnen ich dich/ Hermiontes, wie⸗
der ſehen koͤnte! doch dieſes kan auff dieſer Welt
nicht mehr geſchehen; und du marterſt dein Le⸗
ben durch falſche Hoffnung je laͤnger und mehr/
armſeelige Printzeßin! Waͤre ſie Hermiontes
grauſamer Hinrichtung nicht gantz verſichert ge⸗
weſen/ ſo ſolte die verkehrte Antwort des Echo eine
angenehme Hoffnung in ihr erwecket haben/ zu ei⸗
nem ſo vergnuͤgten Anſchauen wiederum zu gelan⸗
gen: Zumahl man dieſes ohne diß leichter glaubet/
was man gerne wuͤnſchete. Sie beſchloß demnach
dieſe Aria alſo:</Unicode>
      </TextEquiv>
    </TextRegion>
    <TextRegion orientation="1.43767" readingDirection="left-to-right" id="region0004" custom="readingOrder {index:4;}">
      <Coords points="214,1470 1004,1470 1004,1790 214,1790"/>
      <TextLine id="region0004_line0001" custom="readingOrder {index:0;}">
        <Coords points="214,1471 214,1519 271,1520 295,1515 329,1514 339,1520 358,1516 362,1519 393,1518 404,1521 416,1520 434,1524 452,1522 462,1528 479,1526 490,1532 503,1529 583,1526 626,1531 656,1530 667,1526 673,1530 706,1526 712,1531 739,1527 755,1530 773,1528 816,1530 864,1525 869,1529 882,1528 888,1524 951,1523 955,1517 955,1488 950,1484 820,1488 800,1486 786,1479 736,1480 711,1486 696,1482 666,1485 660,1479 624,1482 620,1479 605,1479 598,1484 584,1486 575,1486 569,1480 557,1480 550,1488 542,1488 509,1486 504,1479 496,1476 456,1475 421,1479 412,1472 393,1475 389,1472 378,1472 369,1478 363,1470 352,1471 343,1475 309,1471 287,1473 282,1470"/>
        <Baseline points="214,1509 323,1507 626,1521 955,1512"/>
        <Word id="region0004_line0001_word0000" custom="readingOrder {index:0;}">
          <Coords points="316,1480 219,1483 220,1519 285,1516 295,1515 316,1514"/>
          <TextEquiv conf="0.6708442">
            <Unicode>Wie?</Unicode>
          </TextEquiv>
        </Word>
        <Word id="region0004_line0001_word0001" custom="readingOrder {index:1;}">
          <Coords points="333,1480 333,1516 339,1520 358,1516 362,1519 393,1518 397,1519 446,1518 445,1477 436,1477 421,1479 419,1477"/>
          <TextEquiv conf="0.9273267">
            <Unicode>gleichet</Unicode>
          </TextEquiv>
        </Word>
        <Word id="region0004_line0001_word0002" custom="readingOrder {index:2;}">
          <Coords points="451,1478 452,1522 502,1521 501,1477 498,1477"/>
          <TextEquiv conf="0.91757256">
            <Unicode>ſich</Unicode>
          </TextEquiv>
        </Word>
        <Word id="region0004_line0001_word0003" custom="readingOrder {index:3;}">
          <Coords points="511,1513 586,1511 585,1485 584,1486 575,1486 569,1480 557,1480 550,1488 542,1488 510,1486"/>
          <TextEquiv conf="0.91757256">
            <Unicode>mein</Unicode>
          </TextEquiv>
        </Word>
        <Word id="region0004_line0001_word0004" custom="readingOrder {index:4;}">
          <Coords points="605,1515 678,1513 677,1483 666,1485 660,1479 624,1482 620,1479 605,1479 604,1479"/>
          <TextEquiv conf="0.92440957">
            <Unicode>Licht</Unicode>
          </TextEquiv>
        </Word>
        <Word id="region0004_line0001_word0005" custom="readingOrder {index:5;}">
          <Coords points="687,1508 734,1507 733,1480 711,1486 696,1482 686,1482"/>
          <TextEquiv conf="0.92979896">
            <Unicode>der</Unicode>
          </TextEquiv>
        </Word>
        <Word id="word_1670487580923_1321" custom="readingOrder {index:6;}">
          <Coords points="744,1479 786,1479 894,1485 895,1516 874,1516 745,1507"/>
          <TextEquiv>
            <Unicode>Sonnen/</Unicode>
          </TextEquiv>
        </Word>
        <TextEquiv>
          <Unicode>Wie? gleichet ſich mein Licht der Sonnen/</Unicode>
        </TextEquiv>
      </TextLine>
      <TextLine id="region0004_line0002" custom="readingOrder {index:1;}">
        <Coords points="313,1515 306,1518 295,1516 270,1521 270,1547 273,1551 283,1554 314,1555 355,1561 440,1567 455,1572 474,1570 524,1571 529,1568 552,1568 569,1568 582,1573 689,1574 698,1578 710,1574 764,1573 812,1569 847,1579 851,1575 901,1574 908,1581 920,1580 928,1573 999,1570 1004,1567 1004,1525 910,1524 901,1527 888,1525 882,1529 869,1530 864,1526 792,1532 773,1529 755,1531 739,1528 712,1532 706,1527 673,1531 667,1527 656,1531 626,1532 584,1527 503,1530 490,1533 479,1527 463,1529 452,1523 434,1525 416,1521 404,1522 393,1519 362,1520 358,1517 339,1521 329,1515"/>
        <Baseline points="272,1549 595,1563 1004,1560"/>
        <Word id="region0004_line0002_word0000" custom="readingOrder {index:0;}">
          <Coords points="372,1559 371,1525 308,1527 308,1554 314,1555 346,1559"/>
          <TextEquiv conf="0.92821">
            <Unicode>Die</Unicode>
          </TextEquiv>
        </Word>
        <Word id="region0004_line0002_word0001" custom="readingOrder {index:1;}">
          <Coords points="385,1521 386,1563 440,1567 455,1572 474,1570 478,1570 477,1527 463,1529 452,1523 434,1525 416,1521 404,1522 398,1520"/>
          <TextEquiv conf="0.9325152">
            <Unicode>Nacht</Unicode>
          </TextEquiv>
        </Word>
        <Word id="region0004_line0002_word0002" custom="readingOrder {index:2;}">
          <Coords points="494,1562 547,1561 547,1528 503,1530 494,1532"/>
          <TextEquiv conf="0.91985846">
            <Unicode>und</Unicode>
          </TextEquiv>
        </Word>
        <Word id="region0004_line0002_word0003" custom="readingOrder {index:3;}">
          <Coords points="564,1565 751,1561 750,1530 739,1528 712,1532 706,1527 673,1531 667,1527 656,1531 626,1532 584,1527 563,1527"/>
          <TextEquiv conf="0.81321466">
            <Unicode>Dunckelheit</Unicode>
          </TextEquiv>
        </Word>
        <Word id="word_1670487592327_1328" custom="readingOrder {index:4;}">
          <Coords points="763,1530 773,1529 910,1524 950,1524 952,1524 953,1560 939,1561 764,1560"/>
          <TextEquiv>
            <Unicode>durchbricht/</Unicode>
          </TextEquiv>
        </Word>
        <TextEquiv>
          <Unicode>Die Nacht und Dunckelheit durchbricht/</Unicode>
        </TextEquiv>
      </TextLine>
      <TextLine id="region0004_line0003" custom="readingOrder {index:2;}">
        <Coords points="215,1545 214,1602 302,1599 307,1605 319,1604 321,1600 324,1604 334,1605 338,1600 351,1603 364,1600 375,1608 403,1606 415,1602 426,1608 466,1606 479,1611 523,1614 539,1611 546,1616 604,1610 613,1611 623,1618 641,1616 649,1620 721,1616 733,1611 743,1614 763,1611 769,1614 831,1614 840,1611 846,1598 846,1579 812,1570 764,1574 710,1575 698,1579 689,1575 582,1574 569,1569 552,1569 529,1569 524,1572 474,1571 455,1573 433,1568 355,1562 314,1556 283,1555 276,1553 267,1546"/>
        <Baseline points="214,1592 317,1590 659,1607 846,1596"/>
        <Word id="region0004_line0003_word0000" custom="readingOrder {index:0;}">
          <Coords points="221,1552 222,1592 285,1590 284,1555 283,1555 276,1553 272,1550"/>
          <TextEquiv conf="0.9270765">
            <Unicode>Die</Unicode>
          </TextEquiv>
        </Word>
        <Word id="region0004_line0003_word0001" custom="readingOrder {index:1;}">
          <Coords points="292,1599 421,1596 420,1567 355,1562 314,1556 291,1555"/>
          <TextEquiv conf="0.9250041">
            <Unicode>Morgen</Unicode>
          </TextEquiv>
        </Word>
        <Word id="region0004_line0003_word0002" custom="readingOrder {index:2;}">
          <Coords points="430,1587 516,1584 515,1571 474,1571 455,1573 433,1568 429,1567"/>
          <TextEquiv conf="0.91876966">
            <Unicode>neuen</Unicode>
          </TextEquiv>
        </Word>
        <Word id="region0004_line0003_word0003" custom="readingOrder {index:3;}">
          <Coords points="526,1591 629,1589 628,1574 582,1574 569,1569 552,1569 529,1569 525,1571"/>
          <TextEquiv conf="0.82779455">
            <Unicode>Glantz</Unicode>
          </TextEquiv>
        </Word>
        <Word id="region0004_line0003_word0004" custom="readingOrder {index:4;}">
          <Coords points="646,1587 815,1583 814,1570 812,1570 764,1574 710,1575 698,1579 689,1575 645,1574"/>
          <TextEquiv conf="0.9019739">
            <Unicode>gewonnen?</Unicode>
          </TextEquiv>
        </Word>
        <TextEquiv conf="0.9001238">
          <Unicode>Die Morgen neuen Glantz gewonnen?</Unicode>
        </TextEquiv>
      </TextLine>
      <TextLine id="region0004_line0004" custom="readingOrder {index:3;}">
        <Coords points="264,1601 260,1604 261,1631 273,1635 284,1643 321,1644 333,1637 337,1642 354,1643 358,1645 371,1643 378,1647 405,1645 422,1650 443,1649 455,1655 494,1649 535,1656 552,1652 566,1656 580,1655 585,1658 616,1659 667,1659 685,1653 691,1658 748,1660 756,1663 838,1659 845,1649 844,1619 837,1613 805,1616 769,1615 763,1612 743,1615 733,1612 721,1617 649,1621 641,1617 623,1619 613,1612 604,1611 546,1617 539,1612 523,1615 479,1612 466,1607 427,1609 415,1603 403,1607 376,1609 364,1601 351,1604 338,1601 334,1606 324,1605 321,1601 319,1605 307,1606 302,1600"/>
        <Baseline points="274,1635 844,1650"/>
        <Word id="word_1670487603947_1334" custom="readingOrder {index:0;}">
          <Coords points="305,1610 395,1607 396,1642 396,1645 382,1646 305,1644"/>
          <TextEquiv>
            <Unicode>Nein/</Unicode>
          </TextEquiv>
        </Word>
        <Word id="region0004_line0004_word0002" custom="readingOrder {index:1;}">
          <Coords points="406,1607 406,1645 411,1647 434,1647 433,1608 427,1609 423,1607"/>
          <TextEquiv conf="0.93258864">
            <Unicode>ſo</Unicode>
          </TextEquiv>
        </Word>
        <Word id="region0004_line0004_word0003" custom="readingOrder {index:2;}">
          <Coords points="446,1608 442,1608 443,1649 474,1649 473,1609 468,1608"/>
          <TextEquiv conf="0.8993111">
            <Unicode>iſt</Unicode>
          </TextEquiv>
        </Word>
        <Word id="region0004_line0004_word0004" custom="readingOrder {index:3;}">
          <Coords points="483,1643 574,1641 573,1614 546,1617 539,1612 523,1615 483,1612"/>
          <TextEquiv conf="0.8993111">
            <Unicode>meine</Unicode>
          </TextEquiv>
        </Word>
        <Word id="region0004_line0004_word0005" custom="readingOrder {index:4;}">
          <Coords points="588,1641 700,1638 699,1618 649,1621 641,1617 623,1619 613,1612 604,1611 587,1612"/>
          <TextEquiv conf="0.92071664">
            <Unicode>Sonne</Unicode>
          </TextEquiv>
        </Word>
        <Word id="region0004_line0004_word0006" custom="readingOrder {index:5;}">
          <Coords points="710,1645 793,1643 792,1615 769,1615 763,1612 743,1615 733,1612 721,1617 708,1617"/>
          <TextEquiv conf="0.93122625">
            <Unicode>nicht.</Unicode>
          </TextEquiv>
        </Word>
        <TextEquiv>
          <Unicode>Nein/ ſo iſt meine Sonne nicht.</Unicode>
        </TextEquiv>
      </TextLine>
      <TextLine id="region0004_line0005" custom="readingOrder {index:4;}">
        <Coords points="214,1632 214,1683 258,1681 271,1685 291,1683 297,1686 325,1684 334,1688 351,1686 358,1690 392,1692 398,1696 408,1695 415,1689 427,1689 438,1694 469,1692 480,1697 547,1696 551,1701 568,1697 636,1701 642,1704 656,1704 669,1697 674,1697 684,1704 696,1696 722,1701 785,1699 791,1698 795,1692 794,1668 789,1663 756,1664 748,1661 691,1659 685,1654 666,1660 585,1659 552,1653 535,1657 494,1650 455,1656 443,1650 422,1651 405,1646 378,1648 371,1644 358,1646 354,1644 330,1642 321,1645 284,1644 273,1636 267,1636 260,1631"/>
        <Baseline points="214,1673 641,1691 795,1688"/>
        <Word id="region0004_line0005_word0000" custom="readingOrder {index:0;}">
          <Coords points="220,1637 221,1682 258,1681 271,1685 274,1684 273,1636"/>
          <TextEquiv>
            <Unicode>Sie</Unicode>
          </TextEquiv>
        </Word>
        <Word id="region0004_line0005_word0001" custom="readingOrder {index:1;}">
          <Coords points="328,1642 321,1645 290,1644 291,1678 351,1677 350,1643 333,1642"/>
          <TextEquiv conf="0.8723212">
            <Unicode>will</Unicode>
          </TextEquiv>
        </Word>
        <Word id="region0004_line0005_word0002" custom="readingOrder {index:2;}">
          <Coords points="361,1676 389,1676 388,1647 378,1648 371,1644 360,1645"/>
          <TextEquiv conf="0.8723212">
            <Unicode>in</Unicode>
          </TextEquiv>
        </Word>
        <Word id="region0004_line0005_word0003" custom="readingOrder {index:3;}">
          <Coords points="398,1684 474,1683 473,1653 455,1656 443,1650 422,1651 405,1646 397,1646"/>
          <TextEquiv conf="0.92563087">
            <Unicode>ſteter</Unicode>
          </TextEquiv>
        </Word>
        <Word id="region0004_line0005_word0004" custom="readingOrder {index:4;}">
          <Coords points="481,1681 580,1679 579,1658 552,1653 535,1657 494,1650 480,1652"/>
          <TextEquiv conf="0.93227625">
            <Unicode>Nacht</Unicode>
          </TextEquiv>
        </Word>
        <Word id="word_1670487617546_1345" custom="readingOrder {index:5;}">
          <Coords points="590,1659 685,1654 742,1660 743,1680 725,1680 591,1678"/>
          <TextEquiv>
            <Unicode>vergehen/</Unicode>
          </TextEquiv>
        </Word>
        <TextEquiv>
          <Unicode>Sie will in ſteter Nacht vergehen/</Unicode>
        </TextEquiv>
      </TextLine>
      <TextLine id="region0004_line0006" custom="readingOrder {index:5;}">
        <Coords points="253,1682 214,1684 215,1731 382,1737 406,1739 413,1746 435,1741 452,1742 458,1748 468,1748 474,1743 481,1742 518,1745 594,1746 608,1749 625,1744 644,1742 662,1742 673,1747 687,1740 704,1746 792,1735 801,1730 800,1703 795,1698 722,1702 696,1697 683,1705 674,1698 669,1698 656,1705 642,1705 636,1702 568,1698 551,1702 547,1697 480,1698 469,1693 438,1695 427,1690 415,1690 408,1696 398,1697 392,1693 358,1691 351,1687 335,1689 325,1685 297,1687 291,1684 271,1686"/>
        <Baseline points="214,1722 554,1736 801,1726"/>
        <Word id="region0004_line0006_word0000" custom="readingOrder {index:0;}">
          <Coords points="238,1692 302,1691 302,1728 238,1729"/>
          <TextEquiv>
            <Unicode>Und</Unicode>
          </TextEquiv>
        </Word>
        <Word id="region0004_line0006_word0001" custom="readingOrder {index:1;}">
          <Coords points="311,1692 312,1730 404,1727 404,1696 398,1697 392,1693 358,1691 357,1691"/>
          <TextEquiv conf="0.92143303">
            <Unicode>keinen</Unicode>
          </TextEquiv>
        </Word>
        <Word id="region0004_line0006_word0002" custom="readingOrder {index:2;}">
          <Coords points="413,1734 511,1732 510,1697 480,1698 469,1693 438,1695 427,1690 415,1690 412,1692"/>
          <TextEquiv conf="0.929127">
            <Unicode>frohen</Unicode>
          </TextEquiv>
        </Word>
        <Word id="region0004_line0006_word0003" custom="readingOrder {index:3;}">
          <Coords points="525,1730 655,1727 654,1705 642,1705 636,1702 568,1698 551,1702 547,1697 524,1697"/>
          <TextEquiv conf="0.91963">
            <Unicode>Morgen</Unicode>
          </TextEquiv>
        </Word>
        <Word id="region0004_line0006_word0004" custom="readingOrder {index:4;}">
          <Coords points="667,1728 754,1726 752,1700 722,1702 696,1697 683,1705 674,1698 669,1698 665,1699"/>
          <TextEquiv conf="0.91963">
            <Unicode>ſehen.</Unicode>
          </TextEquiv>
        </Word>
        <TextEquiv>
          <Unicode>Und keinen frohen Morgen ſehen.</Unicode>
        </TextEquiv>
      </TextLine>
      <TextLine id="region0004_line0007" custom="readingOrder {index:6;}">
        <Coords points="798,1733 704,1747 692,1741 679,1743 673,1748 662,1743 625,1745 611,1750 594,1748 589,1753 590,1783 595,1788 726,1785 761,1788 837,1787 846,1790 880,1785 898,1786 904,1790 928,1787 931,1790 1004,1784 1004,1740 958,1740 952,1732 928,1735 912,1732 899,1740 856,1742 837,1740 817,1734"/>
        <Baseline points="590,1778 1004,1774"/>
        <Word id="region0004_line0007_word0000" custom="readingOrder {index:0;}">
          <Coords points="647,1750 739,1748 740,1780 648,1782"/>
          <TextEquiv conf="0.92887044">
            <Unicode>Echo.</Unicode>
          </TextEquiv>
        </Word>
        <Word id="region0004_line0007_word0001" custom="readingOrder {index:1;}">
          <Coords points="896,1785 895,1743 764,1746 764,1787 770,1787 877,1785 880,1785 884,1785"/>
          <TextEquiv conf="0.92635953">
            <Unicode>Morgen</Unicode>
          </TextEquiv>
        </Word>
        <Word id="region0004_line0007_word0002" custom="readingOrder {index:2;}">
          <Coords points="910,1741 911,1785 1000,1782 999,1740 958,1740 958,1739"/>
          <TextEquiv>
            <Unicode>ſehen*</Unicode>
          </TextEquiv>
        </Word>
        <TextEquiv>
          <Unicode>Echo. Morgen ſehen*</Unicode>
        </TextEquiv>
      </TextLine>
      <TextEquiv>
        <Unicode>Wie? gleichet ſich mein Licht der Sonnen/
Die Nacht und Dunckelheit durchbricht/
Die Morgen neuen Glantz gewonnen?
Nein/ ſo iſt meine Sonne nicht.
Sie will in ſteter Nacht vergehen/
Und keinen frohen Morgen ſehen.
Echo. Morgen ſehen*</Unicode>
      </TextEquiv>
    </TextRegion>
    <TextRegion orientation="1.43767" readingDirection="left-to-right" id="TextRegion_1670487212591_1164" custom="readingOrder {index:5;}">
      <Coords points="98,1768 1007,1768 1013,1888 1013,2106 99,2106 98,1936"/>
      <TextLine id="region0005_line0001" custom="readingOrder {index:0;}">
        <Coords points="98,1769 98,1829 139,1829 175,1825 180,1830 188,1831 194,1822 200,1821 221,1827 228,1823 242,1823 258,1831 269,1827 293,1829 297,1832 306,1830 324,1838 341,1840 385,1841 398,1837 412,1836 417,1841 512,1846 519,1840 528,1840 570,1841 590,1845 645,1841 659,1846 677,1843 691,1846 706,1844 711,1848 730,1848 827,1848 852,1844 904,1843 916,1850 930,1844 970,1843 982,1840 1007,1841 1007,1794 992,1795 985,1786 974,1787 967,1794 930,1794 928,1788 920,1784 897,1787 890,1795 883,1796 865,1797 856,1787 846,1788 840,1797 784,1795 774,1788 757,1789 751,1796 727,1798 654,1799 613,1795 604,1786 508,1792 481,1791 476,1787 465,1787 460,1791 421,1791 416,1790 410,1782 396,1779 324,1779 286,1783 264,1781 256,1775 237,1778 229,1771 218,1771 209,1775 202,1768 183,1769 177,1773 167,1768"/>
        <Baseline points="98,1819 227,1814 365,1829 727,1836 1007,1830"/>
        <Word id="region0005_line0001_word0000" custom="readingOrder {index:0;}">
          <Coords points="208,1775 102,1778 103,1829 151,1827 175,1825 176,1826 190,1826 194,1822 200,1821 208,1823"/>
          <TextEquiv conf="0.7975167">
            <Unicode>Dieſe</Unicode>
          </TextEquiv>
        </Word>
        <Word id="region0005_line0001_word0001" custom="readingOrder {index:1;}">
          <Coords points="216,1779 216,1825 221,1827 228,1823 242,1823 251,1827 267,1827 269,1827 273,1827 319,1826 318,1779 286,1783 264,1781 259,1777"/>
          <TextEquiv conf="0.92216">
            <Unicode>letzten</Unicode>
          </TextEquiv>
        </Word>
        <Word id="region0005_line0001_word0002" custom="readingOrder {index:2;}">
          <Coords points="327,1824 459,1821 458,1791 421,1791 416,1790 410,1782 396,1779 326,1779"/>
          <TextEquiv conf="0.9270685">
            <Unicode>Worte</Unicode>
          </TextEquiv>
        </Word>
        <Word id="region0005_line0001_word0003" custom="readingOrder {index:3;}">
          <Coords points="468,1819 531,1817 530,1790 508,1792 481,1791 476,1787 467,1787"/>
          <TextEquiv conf="0.92652583">
            <Unicode>des</Unicode>
          </TextEquiv>
        </Word>
        <Word id="region0005_line0001_word0004" custom="readingOrder {index:4;}">
          <Coords points="542,1814 647,1811 646,1798 613,1795 604,1786 541,1789"/>
          <TextEquiv conf="0.91490257">
            <Unicode>Echo</Unicode>
          </TextEquiv>
        </Word>
        <Word id="region0005_line0001_word0005" custom="readingOrder {index:5;}">
          <Coords points="658,1812 829,1808 828,1796 784,1795 774,1788 757,1789 751,1796 727,1798 657,1798"/>
          <TextEquiv conf="0.9251205">
            <Unicode>erweckten</Unicode>
          </TextEquiv>
        </Word>
        <Word id="region0005_line0001_word0006" custom="readingOrder {index:6;}">
          <Coords points="847,1806 881,1805 880,1796 865,1797 856,1787 846,1787"/>
          <TextEquiv conf="0.9286778">
            <Unicode>in</Unicode>
          </TextEquiv>
        </Word>
        <Word id="region0005_line0001_word0007" custom="readingOrder {index:7;}">
          <Coords points="897,1813 948,1812 948,1794 930,1794 928,1788 920,1784 897,1787 897,1788"/>
          <TextEquiv conf="0.8707369">
            <Unicode>ihr</Unicode>
          </TextEquiv>
        </Word>
        <Word id="region0005_line0001_word0008" custom="readingOrder {index:8;}">
          <Coords points="957,1803 1001,1802 1000,1794 992,1795 985,1786 974,1787 967,1794 956,1794"/>
          <TextEquiv conf="0.8707369">
            <Unicode>ei⸗</Unicode>
          </TextEquiv>
        </Word>
        <TextEquiv conf="0.89816064">
          <Unicode>Dieſe letzten Worte des Echo erweckten in ihr ei⸗</Unicode>
        </TextEquiv>
      </TextLine>
      <TextLine id="region0005_line0002" custom="readingOrder {index:1;}">
        <Coords points="194,1823 188,1832 177,1829 98,1831 99,1878 106,1874 127,1873 148,1879 187,1877 197,1880 212,1875 218,1880 264,1877 271,1881 293,1877 312,1888 323,1886 328,1881 340,1881 351,1890 391,1892 401,1899 410,1899 417,1893 493,1895 523,1898 530,1906 539,1906 545,1900 552,1900 558,1904 567,1904 574,1899 624,1902 706,1899 810,1901 821,1908 832,1907 843,1900 921,1896 972,1899 979,1905 987,1905 996,1900 1006,1899 1007,1893 1007,1845 1002,1845 997,1840 973,1842 967,1846 928,1846 916,1850 904,1844 796,1851 718,1849 706,1845 691,1847 677,1844 659,1847 645,1842 593,1847 570,1842 519,1841 512,1847 425,1843 417,1842 412,1837 398,1838 385,1842 341,1841 324,1839 306,1831 297,1833 274,1828 258,1832 242,1824 228,1824 221,1828"/>
        <Baseline points="99,1867 280,1870 571,1889 1007,1888"/>
        <Word id="region0005_line0002_word0000" custom="readingOrder {index:0;}">
          <Coords points="145,1876 144,1844 105,1845 106,1874 106,1874 127,1873 138,1876"/>
          <TextEquiv conf="0.92914796">
            <Unicode>ne</Unicode>
          </TextEquiv>
        </Word>
        <Word id="region0005_line0002_word0001" custom="readingOrder {index:1;}">
          <Coords points="156,1833 158,1877 212,1875 212,1875 212,1875 216,1875 214,1831 188,1832 188,1832 188,1832"/>
          <TextEquiv conf="0.9213382">
            <Unicode>mit</Unicode>
          </TextEquiv>
        </Word>
        <Word id="region0005_line0002_word0002" custom="readingOrder {index:2;}">
          <Coords points="223,1832 224,1879 264,1877 271,1881 293,1877 306,1884 324,1884 328,1881 340,1881 343,1883 416,1882 414,1839 412,1837 398,1838 385,1842 341,1841 324,1839 306,1831 297,1833 284,1830 262,1830 258,1832 256,1831"/>
          <TextEquiv conf="0.9186665">
            <Unicode>Wehmuth</Unicode>
          </TextEquiv>
        </Word>
        <Word id="region0005_line0002_word0003" custom="readingOrder {index:3;}">
          <Coords points="425,1883 609,1878 607,1845 593,1847 570,1842 519,1841 512,1847 425,1843 423,1842"/>
          <TextEquiv conf="0.9261036">
            <Unicode>vermiſchte</Unicode>
          </TextEquiv>
        </Word>
        <Word id="word_1670487660493_1363" custom="readingOrder {index:4;}">
          <Coords points="617,1858 645,1856 853,1854 853,1890 619,1891"/>
          <TextEquiv>
            <Unicode>Erbitterung/</Unicode>
          </TextEquiv>
        </Word>
        <Word id="region0005_line0002_word0006" custom="readingOrder {index:5;}">
          <Coords points="877,1870 1002,1867 1001,1844 997,1840 973,1842 967,1846 928,1846 916,1850 904,1844 876,1845"/>
          <TextEquiv conf="0.92205787">
            <Unicode>dadurch</Unicode>
          </TextEquiv>
        </Word>
        <TextEquiv>
          <Unicode>ne mit Wehmuth vermiſchte Erbitterung/ dadurch</Unicode>
        </TextEquiv>
      </TextLine>
      <TextLine id="region0006_line0001" custom="readingOrder {index:2;}">
        <Coords points="99,1889 100,1930 105,1931 203,1932 263,1929 276,1932 296,1928 314,1935 340,1938 405,1939 435,1948 448,1944 497,1946 548,1942 566,1945 584,1944 594,1949 608,1949 620,1956 631,1950 655,1950 661,1946 670,1946 676,1950 778,1951 798,1948 807,1944 828,1948 854,1945 859,1949 872,1944 882,1943 888,1948 910,1949 940,1948 946,1945 958,1947 1012,1944 1012,1901 991,1899 964,1889 933,1890 892,1899 869,1898 821,1902 738,1899 733,1894 724,1894 719,1898 705,1897 701,1900 652,1901 642,1900 640,1894 631,1890 619,1893 603,1891 598,1899 594,1901 522,1896 517,1896 511,1889 501,1889 487,1894 471,1889 456,1888 382,1891 337,1888"/>
        <Baseline points="99,1919 255,1918 455,1934 656,1939 1012,1933"/>
        <Word id="region0006_line0001_word0000" custom="readingOrder {index:0;}">
          <Coords points="159,1891 106,1892 106,1931 159,1931"/>
          <TextEquiv>
            <Unicode>ihr</Unicode>
          </TextEquiv>
        </Word>
        <Word id="region0006_line0001_word0001" custom="readingOrder {index:1;}">
          <Coords points="231,1902 180,1896 180,1925 231,1930"/>
          <TextEquiv>
            <Unicode>die</Unicode>
          </TextEquiv>
        </Word>
        <Word id="region0006_line0001_word0002" custom="readingOrder {index:2;}">
          <Coords points="411,1933 410,1896 250,1881 250,1914 314,1935 319,1935"/>
          <TextEquiv>
            <Unicode>Thraͤnen</Unicode>
          </TextEquiv>
        </Word>
        <Word id="word_1670487716706_1398" custom="readingOrder {index:3;}">
          <Coords points="420,1891 473,1889 487,1894 500,1889 511,1889 517,1896 522,1896 594,1901 598,1899 603,1891 619,1893 631,1890 640,1894 642,1900 647,1900 647,1936 421,1943"/>
          <TextEquiv conf="0.9261328">
            <Unicode>Perlenweiſe</Unicode>
          </TextEquiv>
        </Word>
        <Word id="region0006_line0001_word0004" custom="readingOrder {index:4;}">
          <Coords points="663,1942 721,1940 720,1896 719,1898 705,1897 701,1900 662,1900"/>
          <TextEquiv conf="0.93216497">
            <Unicode>aus</Unicode>
          </TextEquiv>
        </Word>
        <Word id="region0006_line0001_word0005" custom="readingOrder {index:5;}">
          <Coords points="728,1926 788,1925 787,1900 738,1899 733,1894 727,1894"/>
          <TextEquiv conf="0.930258">
            <Unicode>den</Unicode>
          </TextEquiv>
        </Word>
        <Word id="region0006_line0001_word0006" custom="readingOrder {index:6;}">
          <Coords points="798,1924 921,1921 920,1892 892,1899 869,1898 821,1902 797,1901"/>
          <TextEquiv conf="0.93193305">
            <Unicode>matten</Unicode>
          </TextEquiv>
        </Word>
        <Word id="region0006_line0001_word0007" custom="readingOrder {index:7;}">
          <Coords points="932,1922 1005,1920 1004,1900 991,1899 964,1889 933,1890 931,1890"/>
          <TextEquiv conf="0.62886274">
            <Unicode>Au⸗</Unicode>
          </TextEquiv>
        </Word>
        <TextEquiv>
          <Unicode>ihr die Thraͤnen Perlenweiſe aus den matten Au⸗</Unicode>
        </TextEquiv>
      </TextLine>
      <TextLine id="region0006_line0002" custom="readingOrder {index:3;}">
        <Coords points="112,1933 99,1934 100,1977 107,1980 147,1976 185,1989 216,1985 226,1990 235,1978 240,1977 251,1983 258,1980 274,1981 283,1989 298,1985 386,1985 462,1996 496,1992 505,1998 521,1999 531,1996 546,2001 555,1997 575,2000 590,1995 607,1994 661,2001 718,2001 721,1997 741,1996 757,2001 794,2000 805,2004 819,1996 832,1996 843,2003 853,2003 878,1993 892,1998 903,1994 913,2004 926,1995 991,1999 1013,1997 1012,1947 958,1948 946,1946 940,1949 889,1951 882,1944 872,1945 860,1951 854,1946 828,1949 811,1945 795,1952 722,1952 677,1952 670,1947 661,1947 655,1951 630,1952 620,1957 609,1952 596,1952 584,1945 566,1946 548,1943 513,1947 448,1945 435,1949 405,1940 340,1939 314,1936 296,1929 279,1934 200,1936"/>
        <Baseline points="100,1968 554,1988 1012,1986"/>
        <Word id="region0006_line0002_word0000" custom="readingOrder {index:0;}">
          <Coords points="169,1982 168,1946 104,1948 104,1979 107,1980 147,1976 164,1982"/>
          <TextEquiv conf="0.9221974">
            <Unicode>gen</Unicode>
          </TextEquiv>
        </Word>
        <Word id="region0006_line0002_word0001" custom="readingOrder {index:1;}">
          <Coords points="308,1936 182,1939 182,1988 185,1989 216,1985 226,1990 235,1978 240,1977 251,1983 258,1980 274,1981 283,1989 298,1985 308,1985"/>
          <TextEquiv conf="0.92043525">
            <Unicode>gepreſt</Unicode>
          </TextEquiv>
        </Word>
        <Word id="region0006_line0002_word0002" custom="readingOrder {index:2;}">
          <Coords points="323,1945 324,1984 474,1981 473,1945 448,1945 435,1949 415,1943"/>
          <TextEquiv conf="0.9280912">
            <Unicode>wurden.</Unicode>
          </TextEquiv>
        </Word>
        <Word id="region0006_line0002_word0003" custom="readingOrder {index:3;}">
          <Coords points="528,1981 606,1979 605,1952 596,1952 584,1945 566,1946 548,1943 527,1945"/>
          <TextEquiv conf="0.92772985">
            <Unicode>Sie</Unicode>
          </TextEquiv>
        </Word>
        <Word id="region0006_line0002_word0004" custom="readingOrder {index:4;}">
          <Coords points="623,1975 788,1971 787,1952 722,1952 677,1952 670,1947 661,1947 655,1951 630,1952 622,1955"/>
          <TextEquiv conf="0.929479">
            <Unicode>erinnerte</Unicode>
          </TextEquiv>
        </Word>
        <Word id="region0006_line0002_word0005" custom="readingOrder {index:5;}">
          <Coords points="802,1976 860,1975 859,1950 854,1946 828,1949 811,1945 801,1949"/>
          <TextEquiv conf="0.9188339">
            <Unicode>ſich</Unicode>
          </TextEquiv>
        </Word>
        <Word id="region0006_line0002_word0006" custom="readingOrder {index:6;}">
          <Coords points="870,1977 927,1975 926,1949 889,1951 882,1944 872,1945 869,1946"/>
          <TextEquiv conf="0.9188339">
            <Unicode>bey</Unicode>
          </TextEquiv>
        </Word>
        <Word id="region0006_line0002_word0007" custom="readingOrder {index:7;}">
          <Coords points="947,1967 1006,1965 1005,1947 958,1948 946,1946"/>
          <TextEquiv conf="0.9268024">
            <Unicode>der</Unicode>
          </TextEquiv>
        </Word>
        <TextEquiv conf="0.9240504">
          <Unicode>gen gepreſt wurden. Sie erinnerte ſich bey der</Unicode>
        </TextEquiv>
      </TextLine>
      <TextLine id="region0006_line0003" custom="readingOrder {index:4;}">
        <Coords points="99,1977 99,2030 108,2026 120,2026 132,2032 156,2028 172,2033 204,2035 226,2032 232,2037 247,2034 252,2040 286,2037 293,2030 298,2030 307,2039 317,2039 326,2043 343,2044 352,2039 376,2034 383,2038 401,2035 413,2042 447,2044 469,2050 526,2044 572,2051 596,2048 604,2053 633,2052 640,2046 663,2045 672,2050 731,2051 741,2056 783,2048 789,2053 827,2056 852,2051 864,2046 878,2051 882,2044 893,2044 898,2048 920,2043 927,2048 1013,2048 1013,1999 948,2000 927,1996 913,2005 903,1995 892,2000 886,1995 878,1994 853,2004 843,2004 832,1997 819,1997 805,2005 795,2002 755,2003 752,1999 741,1997 721,1998 716,2003 688,2003 652,2002 607,1995 590,1996 576,2001 555,1998 546,2002 531,1997 517,2001 462,1997 386,1986 296,1987 283,1990 274,1982 258,1981 251,1984 240,1978 235,1979 226,1991 213,1986 185,1990 147,1977 107,1981"/>
        <Baseline points="99,2019 610,2039 1013,2036"/>
        <Word id="word_1670487737854_1406" custom="readingOrder {index:0;}">
          <Coords points="106,1986 169,1984 255,1982 274,1982 386,1986 364,1996 365,2026 357,2037 250,2038 132,2032 107,2027"/>
          <TextEquiv>
            <Unicode>Vertroͤſtung/</Unicode>
          </TextEquiv>
        </Word>
        <Word id="region0006_line0003_word0002" custom="readingOrder {index:1;}">
          <Coords points="395,2034 510,2031 509,2000 462,1997 394,1987"/>
          <TextEquiv conf="0.91762847">
            <Unicode>Morgen</Unicode>
          </TextEquiv>
        </Word>
        <Word id="region0006_line0003_word0003" custom="readingOrder {index:2;}">
          <Coords points="529,2036 587,2035 586,1997 576,2001 555,1998 546,2002 531,1997 528,1997"/>
          <TextEquiv conf="0.63752437">
            <Unicode>die</Unicode>
          </TextEquiv>
        </Word>
        <Word id="region0006_line0003_word0004" custom="readingOrder {index:3;}">
          <Coords points="598,2035 693,2032 692,2003 688,2003 652,2002 607,1995 597,1995"/>
          <TextEquiv conf="0.63752437">
            <Unicode>Sonne</Unicode>
          </TextEquiv>
        </Word>
        <Word id="region0006_line0003_word0005" custom="readingOrder {index:4;}">
          <Coords points="723,2047 1005,2040 1003,1999 948,2000 927,1996 913,2005 903,1995 892,2000 886,1995 878,1994 853,2004 843,2004 832,1997 819,1997 805,2005 795,2002 755,2003 752,1999 741,1997 721,1997"/>
          <TextEquiv conf="0.86947995">
            <Unicode>ihrerZufrieden⸗</Unicode>
          </TextEquiv>
        </Word>
        <TextEquiv>
          <Unicode>Vertroͤſtung/ Morgen die Sonne ihrerZufrieden⸗</Unicode>
        </TextEquiv>
      </TextLine>
      <TextLine id="region0006_line0004" custom="readingOrder {index:5;}">
        <Coords points="108,2027 99,2031 99,2063 99,2084 104,2084 110,2089 124,2088 128,2084 148,2087 176,2085 300,2094 314,2101 326,2100 333,2094 354,2094 361,2100 370,2100 377,2094 382,2094 392,2102 401,2101 409,2095 423,2095 525,2102 618,2100 644,2101 648,2105 656,2106 667,2106 670,2103 862,2103 924,2099 944,2100 953,2106 965,2105 977,2099 1013,2096 1013,2053 931,2051 920,2044 911,2045 900,2050 893,2045 882,2045 878,2052 864,2047 852,2052 827,2057 789,2054 783,2049 772,2049 765,2053 755,2053 746,2057 736,2056 731,2052 673,2053 663,2046 640,2047 633,2053 604,2054 596,2049 572,2052 526,2045 508,2049 460,2050 447,2045 409,2042 401,2036 383,2039 376,2035 368,2035 355,2042 338,2045 307,2040 298,2031 293,2031 285,2039 252,2041 247,2035 232,2038 226,2033 204,2036 172,2034 156,2029 130,2033 120,2027"/>
        <Baseline points="99,2074 509,2091 1013,2086"/>
        <Word id="region0006_line0004_word0000" custom="readingOrder {index:0;}">
          <Coords points="106,2032 107,2083 172,2081 171,2033 160,2030 144,2030 130,2033 127,2031"/>
          <TextEquiv conf="0.9308664">
            <Unicode>heit</Unicode>
          </TextEquiv>
        </Word>
        <Word id="region0006_line0004_word0001" custom="readingOrder {index:1;}">
          <Coords points="181,2082 301,2079 300,2033 298,2031 293,2031 285,2039 252,2041 247,2035 232,2038 226,2033 204,2036 180,2034"/>
          <TextEquiv conf="0.9321402">
            <Unicode>wieder</Unicode>
          </TextEquiv>
        </Word>
        <Word id="region0006_line0004_word0002" custom="readingOrder {index:2;}">
          <Coords points="312,2043 314,2086 351,2085 349,2043 338,2045 323,2042"/>
          <TextEquiv conf="0.9218586">
            <Unicode>zu</Unicode>
          </TextEquiv>
        </Word>
        <Word id="word_1670487758711_1413" custom="readingOrder {index:3;}">
          <Coords points="370,2040 378,2040 403,2041 450,2050 475,2055 476,2080 451,2085 362,2088 361,2044"/>
          <TextEquiv>
            <Unicode>ſehen/</Unicode>
          </TextEquiv>
        </Word>
        <Word id="region0006_line0004_word0005" custom="readingOrder {index:4;}">
          <Coords points="492,2075 570,2073 569,2051 526,2045 508,2049 491,2049"/>
          <TextEquiv conf="0.9248094">
            <Unicode>aller</Unicode>
          </TextEquiv>
        </Word>
        <Word id="region0006_line0004_word0006" custom="readingOrder {index:5;}">
          <Coords points="584,2068 620,2067 619,2053 604,2054 596,2049 583,2050"/>
          <TextEquiv conf="0.93173105">
            <Unicode>in</Unicode>
          </TextEquiv>
        </Word>
        <Word id="region0006_line0004_word0007" custom="readingOrder {index:6;}">
          <Coords points="639,2094 728,2091 725,2052 673,2053 663,2046 640,2047 636,2050"/>
          <TextEquiv conf="0.92817795">
            <Unicode>ihrer</Unicode>
          </TextEquiv>
        </Word>
        <Word id="region0006_line0004_word0008" custom="readingOrder {index:7;}">
          <Coords points="739,2091 852,2088 847,2052 827,2057 789,2054 783,2049 772,2049 765,2053 755,2053 746,2057 736,2056 734,2054"/>
          <TextEquiv conf="0.92817795">
            <Unicode>reinen</Unicode>
          </TextEquiv>
        </Word>
        <Word id="region0006_line0004_word0009" custom="readingOrder {index:8;}">
          <Coords points="857,2092 945,2090 944,2051 931,2051 920,2044 911,2045 900,2050 893,2045 882,2045 878,2052 864,2047 856,2050"/>
          <TextEquiv conf="0.92297876">
            <Unicode>Liebe</Unicode>
          </TextEquiv>
        </Word>
        <Word id="region0006_line0004_word0010" custom="readingOrder {index:9;}">
          <Coords points="954,2095 1011,2093 1007,2052 950,2051"/>
          <TextEquiv conf="0.922593">
            <Unicode>ge⸗</Unicode>
          </TextEquiv>
        </Word>
        <TextEquiv>
          <Unicode>heit wieder zu ſehen/ aller in ihrer reinen Liebe ge⸗</Unicode>
        </TextEquiv>
      </TextLine>
      <TextEquiv>
        <Unicode>Dieſe letzten Worte des Echo erweckten in ihr ei⸗
ne mit Wehmuth vermiſchte Erbitterung/ dadurch
ihr die Thraͤnen Perlenweiſe aus den matten Au⸗
gen gepreſt wurden. Sie erinnerte ſich bey der
Vertroͤſtung/ Morgen die Sonne ihrerZufrieden⸗
heit wieder zu ſehen/ aller in ihrer reinen Liebe ge⸗</Unicode>
      </TextEquiv>
    </TextRegion>
    <TextRegion orientation="1.43767" type="signature-mark" readingDirection="left-to-right" id="TextRegion_1670487207016_1157" custom="readingOrder {index:6;} structure {type:signature-mark;}">
      <Coords points="575,2093 749,2093 749,2155 575,2155"/>
      <TextLine id="line_1670487207058_1160" custom="readingOrder {index:0;}">
        <Coords points="575,2094 636,2093 651,2096 669,2106 739,2107 749,2106 749,2149 633,2155 576,2153"/>
        <Baseline points="576,2144 749,2141"/>
        <Word id="region0007_line0001_word0000" custom="readingOrder {index:0;}">
          <Coords points="653,2107 580,2109 580,2153 633,2155 653,2154"/>
          <TextEquiv>
            <Unicode>A4</Unicode>
          </TextEquiv>
        </Word>
        <TextEquiv>
          <Unicode>A4</Unicode>
        </TextEquiv>
      </TextLine>
      <TextEquiv>
        <Unicode>A4</Unicode>
      </TextEquiv>
    </TextRegion>
    <TextRegion orientation="1.43767" type="catch-word" readingDirection="left-to-right" id="TextRegion_1670487207016_1156" custom="readingOrder {index:7;} structure {type:catch-word;}">
      <Coords points="749,2093 1009,2093 1009,2155 749,2155"/>
      <TextLine id="line_1670487207058_1159" custom="readingOrder {index:0;}">
        <Coords points="749,2106 911,2102 942,2100 948,2094 985,2094 987,2100 1008,2100 1009,2147 975,2150 970,2155 942,2155 940,2151 929,2150 822,2153 811,2152 806,2147 749,2149"/>
        <Baseline points="749,2141 1009,2137"/>
        <Word id="region0007_line0001_word0001" custom="readingOrder {index:0;}">
          <Coords points="943,2098 942,2100 911,2102 902,2102 902,2150 929,2150 939,2150 977,2149 1004,2147 1004,2100 987,2100 986,2097"/>
          <TextEquiv conf="0.92205256">
            <Unicode>noſſe⸗</Unicode>
          </TextEquiv>
        </Word>
        <TextEquiv conf="0.73450124">
          <Unicode>noſſe⸗</Unicode>
        </TextEquiv>
      </TextLine>
      <TextEquiv>
        <Unicode>Aq4 noſſe⸗</Unicode>
      </TextEquiv>
    </TextRegion>
  </Page>
</PcGts>
