1645 2430
981 350 1067 402 105

269 448 364 493 Nach
384 451 458 488 dem
475 444 715 498 ſiebenjaͤhrigen
731 441 868 491 Kriege,
890 438 968 484 fand
992 443 1073 481 man

157 506 196 543 in
217 503 366 553 Preußen
388 506 450 540 und
479 499 639 543 beſonders
669 500 708 536 in
727 499 878 542 manchen
901 498 1073 546 Gegenden

158 556 338 609 Littauens,
361 558 495 603 Striche
515 560 649 601 Landes,
676 558 725 592 die
755 564 835 593 vom
861 555 979 603 Feinde
1006 561 1075 588 ver⸗

157 618 255 669 heeret
277 632 399 661 waren.
453 622 551 666 Dieſe
568 617 711 668 Provinz
726 616 826 666 fuͤhlte
847 617 975 654 damals
994 619 1076 659 ganz

155 685 204 724 die
228 683 448 735 ungluͤcklichen
470 685 589 734 Folgen
616 680 708 720 eines
729 680 821 728 jeden
839 679 995 725 Krieges,
1024 681 1078 715 der

156 742 238 788 nicht
261 756 320 781 nur
343 744 393 779 die
407 741 546 782 Saaten
558 742 615 778 des
630 736 796 786 fleißigen,
825 732 972 784 thaͤtigen
984 734 1080 773 Land⸗

157 809 289 838 mannes
315 799 461 846 zerſtoͤrt,
484 800 614 842 ſondern
632 798 704 843 ihm
722 795 767 841 oft
789 793 864 839 auch
888 795 944 829 den
960 801 1078 837 ganzen

156 855 234 903 Lohn
251 859 316 894 von
330 851 404 890 dem
419 852 600 901 muͤhſamen
615 851 731 899 Fleiß,
756 853 837 890 aller
846 849 940 896 ſeiner
956 848 1081 889 Voraͤl⸗

156 919 245 955 tern,
274 909 336 956 auf
353 908 474 949 einmal
491 904 606 954 raubt,
634 908 699 944 und
724 907 777 945 der
801 907 835 942 in
851 906 951 951 wenig
967 901 1080 942 Stun⸗

158 971 227 1015 den,
247 970 303 1007 den
321 966 510 1006 bemittelten
526 968 681 1005 Untertan
698 972 776 1009 zum
786 962 917 1001 Bettler
933 960 1082 1009 macht.*)

580 1033 626 1073 G
650 1035 682 1070 5

982 1027 1085 1072 Nicht

196 1123 231 1161 *)
248 1123 305 1161 Jſt
323 1123 354 1158 je
371 1123 425 1159 ein
437 1120 534 1159 Uebel
550 1120 585 1152 in
605 1121 655 1151 der
672 1109 766 1155 Welt,
788 1112 905 1155 welches
905 1111 969 1154 die
985 1113 1086 1148 wahre

265 1154 338 1202 Peſt
357 1159 427 1194 aller
448 1159 583 1193 Staaten
603 1157 663 1189 und
686 1158 731 1187 die
740 1151 890 1194 ſichtbare
912 1149 1014 1193 Quelle
1036 1155 1084 1185 der

267 1198 486 1235 Entvoͤlkerung
505 1197 657 1234 derſelben
669 1196 722 1230 iſt,
744 1197 771 1227 ſo
787 1197 849 1230 iſt's
864 1189 928 1233 doch
944 1192 1022 1230 wohl
1037 1199 1084 1229 ge⸗

264 1239 325 1277 wiß
342 1240 391 1269 der
404 1231 518 1274 Krieg,
539 1238 587 1266 der
611 1235 645 1272 ſo
665 1236 707 1267 oft
729 1232 813 1267 ſchon
827 1231 994 1270 ungeheure
1009 1232 1086 1264 Ver⸗

267 1274 438 1314 wuͤſtungen
460 1280 544 1304 unter
570 1273 639 1305 dem
656 1268 982 1308 Menſchengeſchlechte
999 1273 1085 1303 ange⸗

266 1317 376 1356 richtet.
391 1330 427 1340 —
446 1308 509 1348 Die
525 1311 699 1351 Fußſtapfen
714 1313 762 1343 des
777 1309 928 1346 Krieges,
947 1309 1004 1346 ſind
1018 1311 1084 1344 noch

267 1352 461 1392 ſchrecklicher,
476 1352 524 1384 als
539 1353 584 1383 die
593 1347 804 1386 Wunden,
755 1343 801 1384 die
818 1356 847 1378 er
854 1341 977 1386 ſchlaͤgt.
1001 1345 1091 1378 Man

267 1394 355 1426 denke
367 1393 417 1432 ſich
434 1400 490 1424 nur
503 1391 561 1429 erſt
571 1391 646 1428 recht
657 1389 779 1426 lebhaft,
801 1393 887 1420 unter
902 1390 949 1418 der
958 1386 1018 1422 Laſt
1035 1390 1084 1418 des

269 1432 413 1465 Elendes,
435 1428 612 1467 erliegende,
634 1423 870 1466 ausgehungerte
892 1423 1074 1458 Einwohner,

267 1465 336 1492 bald
354 1466 408 1499 vom
416 1462 527 1493 Staat,
539 1461 585 1486 der
603 1459 669 1497 Geld
677 1457 805 1491 braucht,
820 1456 885 1483 bald
894 1459 958 1483 vom
967 1452 1086 1489 Feinde,

269 1511 317 1541 der
329 1501 589 1546 Kontribuzionen
602 1502 765 1540 beytreibt,
776 1508 814 1537 zu
826 1501 936 1533 Boden
947 1499 1086 1542 gedruͤckt,

269 1546 313 1574 oft
343 1537 523 1579 gezwungen
555 1535 634 1577 zwey
664 1536 826 1572 Gebietern
850 1541 889 1573 zu
918 1527 1085 1573 gehorchen.

268 1578 362 1624 Nicht
375 1584 502 1621 einzelne
511 1581 596 1617 Orte,
610 1587 698 1619 ganze
710 1577 893 1617 Provinzen,
906 1578 960 1610 alle
968 1576 1088 1613 Klaßen

268 1633 332 1657 von
346 1620 525 1660 Menſchen,
556 1621 623 1656 trift
650 1620 722 1654 dieſe
748 1618 941 1656 fuͤrchterliche
966 1617 1087 1652 Geißel.

270 1658 324 1693 Jm
345 1659 460 1687 Kriege
473 1666 586 1687 giebt's
594 1657 677 1684 keine
689 1656 845 1686 Ordnung,
857 1651 939 1683 keine
951 1647 1088 1685 Polizey,

270 1701 354 1730 keine
372 1696 492 1733 Arbeit,
514 1691 614 1726 keinen
638 1693 751 1724 Handel
775 1693 863 1719 mehr.
911 1690 968 1721 Der
992 1686 1089 1724 Reich⸗

269 1736 357 1774 thum
366 1735 520 1773 zerſtreuet
532 1735 603 1774 ſich,
619 1731 697 1765 wird
711 1732 882 1769 vergraben.
925 1728 1006 1763 Alles
1015 1731 1088 1763 Ver⸗

270 1774 391 1810 gnuͤgen
402 1772 616 1811 verſchwindet,
636 1769 706 1803 aller
721 1768 850 1806 Verkehr
865 1767 899 1803 iſt
915 1766 1087 1804 abgeſchnit⸗

272 1819 333 1845 ten.
374 1812 438 1845 Die
458 1812 558 1850 Felder
579 1809 699 1842 bleiben
715 1808 885 1841 unbebauet
902 1806 1017 1840 liegen,
1046 1805 1090 1836 die

270 1848 403 1889 Heerden
420 1848 536 1879 werden
555 1843 751 1884 weggefuͤhrt.
792 1840 924 1880 Doͤrfer,
944 1841 1090 1875 Waldun⸗

272 1893 328 1923 gen
342 1884 459 1915 werden
470 1882 663 1922 abgebrandt,
680 1882 724 1913 die
739 1878 898 1916 Scheuneu
916 1878 1089 1916 ausgeleert.

271 1921 376 1962 Greiſe
398 1922 456 1957 und
476 1923 622 1957 Wittwen
645 1919 804 1957 bewohnen
828 1928 884 1951 nur
897 1917 1013 1953 Staͤdte
1032 1920 1092 1949 und

272 1965 398 2004 Doͤrfer.
439 1965 506 1997 Die
523 1962 665 2001 Jugend,
687 1961 735 1990 die
755 1967 843 1996 ganze
870 1958 1015 1996 Hofnung
1042 1959 1092 1987 des

274 2000 409 2034 Landes,
429 1999 463 2035 iſt
484 2004 571 2030 unter
593 1998 646 2030 den
662 1994 783 2035 Waffen
805 1997 864 2026 und
879 1996 986 2031 zittert.
1026 1992 1097 2025 Und

266 2043 342 2074 nun
360 2037 445 2070 denke
465 2043 539 2070 man
556 2043 600 2067 an
617 2035 662 2067 die
680 2034 875 2072 uͤberſpannte
887 2030 1091 2070 Vermehrung

1039 2073 1089 2097 des
