1648 2438
606 402 673 440 174
687 403 718 433 1.

623 487 698 524 Jul.

713 307 804 362 430

823 320 914 370 175.
922 320 1035 357 Schr.
1043 315 1103 362 der
1116 320 1268 364 Koͤnigin
1278 320 1349 367 von
1367 315 1527 375 Ungarn

724 397 882 448 reichiſche
899 400 1021 444 Laͤnder
1037 414 1075 452 zu
1083 405 1231 457 verlegen
1239 414 1456 459 angetragene
1463 413 1584 465 wenige

724 452 880 497 Truppen
906 456 983 500 nach
1000 457 1172 509 Schleſien
1197 462 1358 504 beordert.
1412 468 1581 516 Nachdem

721 501 799 540 aber
816 500 1168 561 Chur⸗Bayeriſcher
1180 512 1286 555 Seits
1300 518 1352 556 die
1368 513 1582 569 Kriegs⸗Ruͤ⸗

720 557 855 607 ſtungen
877 560 907 605 ſo
927 565 1014 607 weit,
1030 566 1083 604 als
1094 565 1384 620 Menſch⸗moͤglich
1405 582 1505 619 ware,
1533 579 1581 622 ge⸗

718 599 843 645 trieben
860 611 1012 654 worden,
1047 614 1115 650 und
1133 623 1200 653 von
1211 620 1266 656 der
1274 609 1474 669 Zuſendung
1493 625 1578 664 einer

715 659 842 709 groſſen
867 658 998 713 Anzahl
1037 667 1177 718 fremder
1203 672 1235 716 ſo
1248 679 1429 722 genannter
1460 677 1579 728 Huͤlfs⸗

716 719 861 761 Voͤlcker
875 721 945 759 kein
954 721 1161 772 Geheimniß
1179 725 1272 775 mehr
1294 730 1458 780 gemachet
1473 735 1577 785 wird;

699 754 750 811 ſo
771 764 883 806 wuͤrde
900 768 948 814 ich
965 769 1055 817 wohl
1073 774 1181 818 alles,
1216 784 1290 817 was
1300 777 1368 824 Jch
1376 789 1439 820 nur
1450 785 1576 824 meinen

713 819 912 870 getreueſten
922 822 1248 879 Erb⸗Koͤnigreichen
1264 833 1332 870 und
1340 833 1480 879 Landen,
1489 841 1576 877 dann

715 873 788 911 dem
808 873 1021 925 allgemeinen
1039 879 1161 931 Wohl⸗
1177 885 1246 926 und
1263 882 1460 935 Ruheſtand
1482 888 1575 938 ſchul⸗

713 927 769 974 dig
780 926 849 975 bin,
860 930 965 979 auſſer
976 932 1061 981 Acht
1069 933 1220 986 gelaſſen,
1229 942 1299 981 und
1313 943 1377 981 mir
1389 942 1459 983 eine
1468 945 1575 992 ſchwe⸗

708 985 743 1014 re
757 976 1047 1031 Verantwortung
1061 993 1122 1024 vor
1138 985 1245 1030 GOtt
1259 991 1330 1031 und
1339 993 1394 1033 der
1401 991 1497 1036 Welt
1506 990 1576 1041 auf⸗

707 1026 844 1075 geladen
861 1028 986 1078 haben,
1001 1032 1146 1081 woferne
1161 1036 1247 1080 nicht
1259 1046 1317 1086 zur
1332 1041 1467 1089 eigenen
1483 1043 1572 1086 Ver⸗

708 1081 926 1136 theidigung,
953 1089 1005 1128 die
1036 1092 1071 1130 in
1104 1095 1181 1138 dem
1216 1088 1574 1153 Chur⸗Bayeriſchen

700 1123 896 1182 Schreiben
929 1139 1140 1190 angedeutete
1175 1139 1404 1198 Regimenter
1426 1140 1576 1194 beordert

705 1188 809 1239 haͤtte.
862 1192 917 1236 Es
925 1197 1010 1236 wird
1022 1197 1100 1237 aber
1108 1201 1199 1241 eines
1208 1201 1328 1252 Theils
1338 1204 1398 1250 bey
1407 1208 1479 1246 dem
1489 1207 1573 1256 ohne

697 1242 768 1281 das
791 1237 1000 1295 obhabenden
1008 1242 1165 1299 ſchweren
1186 1246 1306 1305 Krieg,
1327 1255 1400 1302 wohl
1414 1257 1571 1300 niemand

702 1292 862 1341 glauben,
879 1299 944 1344 daß
957 1300 1005 1343 ich
1024 1304 1074 1339 die
1110 1303 1193 1350 Ruhe
1209 1300 1311 1354 eines
1319 1311 1444 1349 meiner
1452 1311 1566 1361 Nach⸗

700 1345 786 1390 barn
821 1348 869 1384 im
904 1348 1087 1400 geringſten
1113 1361 1151 1402 zu
1179 1354 1303 1405 ſtoͤren,
1337 1360 1402 1399 mir
1431 1370 1496 1401 nur
1529 1370 1568 1412 zu

699 1400 804 1443 Sinn
830 1403 978 1443 kommen
1005 1404 1123 1455 laſſen,
1169 1410 1240 1450 und
1280 1413 1406 1458 andern
1446 1416 1566 1468 Theils

701 1452 740 1501 iſt
763 1457 855 1496 derer
879 1457 1070 1502 beorderten
1093 1460 1313 1513 Regimenter
1327 1467 1459 1520 Anzahl
1482 1472 1567 1520 nicht

697 1499 731 1546 ſo
748 1493 851 1552 groß,
879 1514 937 1545 um
953 1502 1159 1564 moͤglicher
1177 1512 1302 1564 Dingen
1333 1518 1383 1558 die
1408 1509 1561 1570 mindeſte

694 1557 869 1610 Beyſorge
889 1560 949 1609 bey
972 1566 1031 1604 des
1042 1553 1154 1615 Herrn
1167 1567 1386 1622 Churfuͤrſten
1401 1584 1441 1623 zu
1454 1575 1565 1627 Bay⸗

690 1620 760 1651 ern
772 1613 848 1655 Lbd.
868 1616 1022 1659 erwecken
1042 1630 1078 1668 zu
1090 1622 1239 1670 koͤnnen;
1264 1627 1438 1676 zumahlen
1446 1629 1559 1674 Dero⸗

688 1665 795 1710 ſelben
811 1671 900 1711 mein
921 1671 1135 1722 aufrichtiges
1154 1675 1375 1729 Verlangen,
1392 1683 1457 1723 das
1475 1684 1557 1732 beſte

684 1717 905 1768 Vernehmen
919 1724 1069 1773 zwiſchen
1086 1728 1152 1767 mir
1165 1732 1235 1769 und
1250 1730 1378 1781 Jhrem
1388 1731 1554 1786 Churfuͤr⸗

683 1761 864 1819 ſten⸗Haus
885 1772 951 1820 auf
961 1777 1048 1823 ewig
1075 1788 1114 1826 zu
1128 1779 1329 1832 beveſtigen,
1351 1781 1483 1835 ſattſam
1501 1790 1553 1829 be⸗

681 1822 782 1864 kannt
800 1825 853 1873 iſt.
920 1827 1006 1876 Bey
1017 1832 1158 1878 welchen
1173 1833 1372 1887 Verlangen
1388 1839 1548 1890 ungehin⸗

679 1876 751 1918 dert
769 1876 1160 1932 all⸗vorbeygegangenen
1176 1887 1223 1938 ich
1245 1890 1370 1939 annoch
1398 1892 1547 1944 beharre,

676 1924 798 1980 mithin
818 1920 965 1985 lediglich
980 1920 1039 1981 bey
1050 1934 1123 1980 Sr.
1132 1936 1209 1980 Lbd.
1227 1937 1341 1991 hoffet,
1357 1943 1418 1984 alle
1435 1946 1543 1987 Unru⸗

673 1980 715 2031 he
731 1986 798 2035 auf
806 1985 973 2039 einmahl,
1007 1993 1075 2030 und
1095 2004 1162 2035 aus
1175 1999 1247 2037 dem
1264 1997 1408 2043 Grunde
1430 2010 1469 2051 zu
1489 2001 1542 2050 he⸗

670 2036 748 2080 ben.
824 2042 892 2083 Um
909 2042 989 2088 aber
1005 2043 1086 2095 noch
1109 2047 1370 2103 uͤberzeugender
1397 2056 1462 2097 das
1482 2065 1538 2095 an⸗

1472 2111 1541 2147 der⸗
