1673 2386
499 297 582 344 124

442 362 598 410 geliebten
612 362 763 402 Suͤnden
778 371 815 409 zu
832 361 964 401 meiden.
1016 360 1085 409 Jch
1101 361 1176 409 gebe
1185 358 1302 407 Jhnen
1317 370 1374 409 zu,
1400 361 1473 404 Sie

444 420 573 455 werden
590 425 627 460 zu
645 414 787 461 kaͤmpfen
803 412 926 462 haben,
954 414 1010 461 ehe
1035 415 1108 455 Sie
1134 417 1184 452 die
1210 414 1378 460 Neigung
1395 417 1475 460 dazu

442 468 662 507 uͤberwinden.
709 468 799 509 Aber
821 467 895 510 Sie
920 468 985 521 ſind
1009 470 1060 505 ein
1085 467 1236 512 Officier,
1264 466 1334 506 Sie
1356 467 1475 515 muͤſſen

443 517 525 562 auch
540 523 603 553 aus
624 520 695 557 dem
717 516 859 559 Grunde
882 512 931 558 die
958 516 1136 564 heroiſchen
1154 515 1332 559 Tugenden
1358 514 1474 556 lieben.

443 569 494 615 Je
512 567 625 612 ſtaͤrker
639 569 687 606 die
696 559 910 614 Verſuchung
926 566 980 612 iſt,
1007 567 1034 609 je
1051 566 1141 613 mehr
1147 552 1265 617 Muͤhe
1280 574 1316 603 es
1331 566 1423 613 koſtet
1434 568 1474 612 ſie

444 631 483 667 zu
500 620 722 663 uͤberwinden,
748 622 830 667 deſto
846 620 1058 666 angenehnter
1073 622 1154 658 wird
1164 619 1280 666 Jhnen
1297 617 1375 668 auch
1386 619 1475 667 Jhre

412 675 682 724 Zufriedenheit
698 680 757 715 mit
774 677 833 724 ſich
851 677 955 721 ſelbſt,
984 678 1049 713 und
1068 675 1151 721 deſto
1161 675 1274 723 groͤßer
1284 679 1344 713 das
1354 676 1475 724 Wohl⸗

443 726 577 774 gefallen
591 729 718 770 Gottes
731 722 769 776 an
790 726 898 774 Jhrer
911 726 1049 775 Tugend
1065 730 1207 766 werden.
1231 745 1283 755 —
1307 726 1376 776 Jch
1391 726 1472 774 habe

443 773 524 823 mich
543 775 600 819 bey
615 779 712 824 dieſer
728 775 959 823 Gelegenheit,
986 775 1071 821 ſagte
1086 784 1119 810 er
1133 772 1170 817 zu
1195 776 1273 813 mir,
1300 785 1342 812 an
1369 776 1473 813 etwas

444 828 599 869 erinnert,
626 832 687 866 das
700 827 747 875 ich
764 831 809 866 im
818 816 953 868 Gellert
971 825 1089 875 geleſen
1108 824 1199 874 habe.
1251 825 1302 865 Er
1318 827 1373 874 hat
1393 825 1474 875 mich

443 874 657 933 uͤberzeugt,
659 882 722 927 daß
737 885 793 918 der
813 879 949 928 Menſch
970 878 1051 927 ohne
1069 878 1316 926 Offenbahrung
1341 879 1474 924 unmoͤg⸗

443 930 503 979 lich
522 921 589 978 gut
613 929 668 978 und
679 929 869 978 tugendhaft
888 935 1014 969 werden
1042 932 1133 969 kann.
1185 931 1292 970 Waͤre
1317 931 1357 975 ſie
1380 929 1475 978 nicht,

445 982 477 1024 ſo
500 978 587 1021 waͤre
612 988 648 1018 es
668 971 721 1019 am
745 980 864 1027 beſten,
892 981 955 1025 auf
972 984 1039 1018 eine
1063 981 1144 1024 feine
1164 980 1230 1021 Art
1247 976 1412 1028 laſterhaſt
1434 989 1474 1027 zu

440 1026 525 1080 ſeyn.
541 1022 626 1073 Und
639 1038 701 1071 das
718 1037 805 1072 dann
820 1029 931 1077 wuͤrde
949 1036 1011 1071 das
1020 1029 1154 1082 Hoͤchſte
1162 1032 1252 1083 ſeyn,
1279 1029 1388 1081 wohin
1397 1040 1475 1072 man

441 1096 479 1130 es
499 1091 632 1138 bringen
656 1090 779 1130 koͤnnte.

589 1192 682 1230 Was
699 1191 745 1235 iſt
766 1187 861 1236 doch,
894 1189 978 1233 ſetzte
999 1197 1033 1225 er
1055 1186 1169 1235 hinzu,
1202 1188 1257 1233 fuͤr
1280 1191 1330 1227 ein
1359 1191 1473 1228 Unter⸗

440 1237 539 1285 ſchied
556 1238 702 1284 zwiſchen
718 1243 772 1275 der
780 1236 936 1282 Tugend,
955 1231 1005 1274 die
1018 1241 1080 1276 das
1093 1235 1335 1283 Chriſtenthum
1344 1236 1473 1281 fordert,

440 1291 507 1326 und
524 1290 608 1326 einer
621 1291 655 1326 in
671 1293 725 1331 der
733 1290 827 1328 Welt
842 1289 873 1334 ſo
882 1293 1060 1334 genannten
1072 1285 1228 1334 honneten
1237 1286 1470 1335 Auffuͤhrung!

439 1342 553 1391 Wenn
568 1343 659 1392 bloße
678 1340 875 1386 Weltleute,
911 1341 961 1380 die
979 1340 1010 1389 ſo
1037 1340 1172 1382 denken,
1200 1340 1252 1378 als
1273 1337 1319 1387 ich
1339 1328 1471 1387 gedacht

438 1394 540 1442 habe,
568 1396 669 1433 meine
691 1392 912 1442 Handlungen
935 1393 1099 1443 moraliſch
1124 1393 1320 1443 beurtheilen
1345 1395 1471 1441 ſollten,

437 1448 485 1493 ich
508 1449 624 1494 glaube
646 1448 684 1493 ſie
708 1445 841 1489 wuͤrden
862 1446 921 1493 ſie,
954 1449 1016 1484 wie
1039 1446 1086 1495 ich
1110 1447 1198 1494 ſelbſt
1222 1446 1339 1494 gethan
1365 1447 1468 1494 habe,

438 1496 492 1542 fuͤr
509 1495 626 1542 honnet
642 1496 760 1543 halten.
814 1495 886 1539 Sie
908 1495 1027 1542 muͤſſen
1051 1494 1108 1541 ſich
1123 1497 1154 1541 ja
1178 1484 1255 1543 noch
1270 1498 1319 1543 itzt
1336 1498 1369 1535 in
1384 1496 1469 1545 Acht

438 1545 591 1592 nehmen,
616 1554 804 1585 antwortete
822 1547 890 1594 ich,
916 1548 979 1594 daß
995 1546 1067 1589 Sie
1086 1537 1164 1586 uͤber
1179 1548 1302 1593 gewiſſe
1317 1542 1478 1594 Sachen,

438 1598 489 1638 die
510 1596 580 1639 Sie
596 1598 710 1645 gethan
734 1597 854 1646 haben,
878 1596 960 1641 nicht
983 1605 1021 1640 zu
1047 1603 1103 1640 gut
1119 1585 1252 1642 denken.
1298 1595 1357 1644 O,
1383 1597 1468 1643 ſagte

437 1650 477 1690 er
498 1650 646 1697 hierauf,
679 1651 726 1699 ich
747 1654 876 1689 erkenne
900 1657 936 1688 es
960 1651 1028 1697 ſehr
1051 1650 1155 1696 wohl,
1187 1651 1249 1695 daß
1272 1660 1314 1686 an
1343 1653 1468 1689 meinen

436 1702 675 1752 Handlungen,
701 1704 758 1744 bey
779 1700 916 1749 welchen
936 1699 984 1748 ich
1013 1710 1088 1748 gute
1111 1701 1278 1749 Abſichten
1299 1709 1336 1746 zu
1362 1700 1465 1748 haben

437 1752 586 1799 glaubte,
613 1753 757 1800 Wolluſt
772 1758 838 1793 uud
855 1752 1024 1792 Ambition
1039 1749 1116 1799 doch
1139 1751 1252 1788 immer
1276 1752 1467 1798 wenigſtens

436 1808 514 1844 eben
537 1808 568 1850 ſo
587 1809 649 1845 viel
673 1807 806 1853 Antheil
832 1804 948 1853 gehabt
973 1804 1095 1852 haben,
1129 1806 1181 1842 als
1209 1808 1258 1844 die
1285 1806 1372 1844 Liebe
1394 1814 1467 1852 zum

436 1856 565 1898 Guten.
617 1855 696 1895 Vor
714 1855 801 1896 Gott
819 1859 885 1894 und
901 1855 1034 1893 meinem
1054 1852 1217 1903 Gewiſſen
1233 1855 1315 1893 kann
1336 1852 1382 1901 ich
1406 1863 1467 1899 gar

435 1905 541 1955 nichts
559 1905 682 1951 darauf
692 1905 833 1952 rechnen.
876 1901 935 1958 Jch
954 1896 1086 1951 dachte,
1112 1913 1206 1943 wenn
1222 1904 1269 1951 ich
1284 1907 1317 1942 in
1330 1906 1465 1944 meinem

435 1960 567 2005 vorigen
586 1958 744 2005 Zaſtande
760 1957 841 2005 recht
858 1968 916 2004 gut
934 1962 999 1996 und
1007 1956 1119 2005 loͤblich
1127 1967 1164 2004 zu
1192 1957 1312 2006 handeln
1326 1952 1466 2010 glaubte,

434 2010 549 2053 gerade
568 2008 616 2051 ſo,
644 2009 705 2044 wie
725 2010 779 2044 der
795 2006 972 2054 Phariſaͤer
997 2010 1042 2044 im
1060 2007 1250 2054 Evangelio.
1304 1996 1371 2053 Jch
1392 2007 1465 2049 bruͤ⸗

434 2063 519 2108 ſtete
519 2058 604 2108 mich
632 2059 787 2104 daruͤber,
813 2062 877 2103 daß
900 2059 947 2105 ich
971 2059 1043 2106 dieß
1067 2063 1134 2098 und
1155 2048 1244 2105 jenes
1268 2060 1361 2107 Boͤſe
1386 2059 1464 2110 doch

432 2105 516 2167 nicht
533 2113 636 2165 thaͤte,
663 2114 725 2163 daß
740 2111 789 2164 ich
807 2111 890 2163 nicht
906 2111 1013 2156 waͤre,
1039 2116 1100 2152 wie
1113 2118 1168 2153 der
1184 2118 1251 2153 und
1266 2115 1333 2153 der.
1373 2115 1463 2156 Aber

1314 2180 1413 2207 um
