1890 2825
543 492 612 527 nicht
635 496 714 526 allein
739 498 779 524 die
793 497 875 525 Wege
902 503 929 525 in
957 497 1089 529 Ordnung
1113 503 1132 529 zu

544 530 668 563 bringen,
688 535 773 560 damit
787 532 910 563 derſelbe,
929 534 1007 563 der
986 529 1016 563 zu
1015 536 1065 562 uns
1074 535 1140 565 kom⸗

543 572 603 595 men
617 566 683 598 will,
699 566 809 600 ſelbigen
830 566 898 601 wohl
916 564 1040 600 gebaͤhnet
1061 568 1136 601 finde,

542 601 650 636 ſondern
664 602 725 637 auch
740 601 782 631 die
798 600 900 633 Herzen
903 599 932 634 zu
942 601 1068 638 reinigen,
1087 605 1137 634 und

543 642 596 665 von
616 636 684 666 allen
707 637 786 667 eiteln
807 636 938 670 Abſichten
958 637 1139 671 auszuleeren,

545 674 632 700 damit
648 678 696 700 wir
711 672 756 704 ihn
772 671 808 698 im
827 671 949 704 Glauben
963 672 1018 706 auf⸗
1027 674 1079 704 und
1094 681 1137 704 an⸗

543 705 654 735 nehmen
664 702 768 735 koͤnnen.
788 705 875 735 Bahn
882 706 983 737 machen
996 709 1060 739 zeigt
1075 708 1136 742 auch

542 744 591 768 den
609 740 761 773 gluͤcklichen
772 742 901 775 Fortgang
916 750 983 771 einer
997 743 1084 776 Sache
1093 751 1125 773 an.

542 779 633 802 Machet
652 778 723 800 Bahn
739 779 799 797 dem,
816 779 852 801 der
859 773 958 810 da|ſanft
968 777 1140 808 (ſanftmuͤthig)

574 803 683 828 herfaͤhret.
706 806 787 829 Pſ.68,
805 809 825 827 5.

542 820 633 854 Machet
648 824 718 852 Bahn,
733 827 817 857 machet
817 826 894 852 Bahn,
911 826 996 850 raͤumet
1012 828 1050 851 den
1066 828 1139 857 Weg,

572 860 632 883 hebet
649 862 680 883 die
689 860 783 887 Anſtoͤſſe
796 862 835 883 aus
846 863 891 885 dem
899 862 966 889 Wege
976 862 1135 887 meinesVolcks

570 882 612 908 Jeſ
626 886 708 907 57,14.
725 888 733 905 c.
749 884 784 907 62,
800 889 827 904 10.

544 912 578 936 Es
581 910 618 942 iſt
634 912 684 940 eine
683 911 783 934 Stimme
791 913 851 937 eines
862 913 982 941 Predigers
996 920 1017 936 in
1034 914 1070 938 der
1082 914 1138 941 Wuͤ⸗

571 947 633 971 ſten:
648 945 750 967 Bereitet
766 947 810 968 dem
827 947 909 972 HErrn
926 949 963 969 den
978 946 1040 974 Weg,
1057 948 1138 974 machet

572 974 612 996 auf
629 974 676 996 dem
698 974 783 1001 Gefilde
806 981 852 999 eine
871 976 934 998 ebene
964 974 1034 1003 Bahn
1051 978 1136 1005 unſerm

571 1001 649 1026 GOtt,
659 999 708 1028 Eſa.
720 1003 755 1026 40,
765 999 787 1032 3.

576 1039 606 1071 §.
628 1047 651 1065 2.
671 1042 707 1068 11.
727 1040 860 1071 Bedeutet
874 1041 961 1073 Bahn
975 1041 1015 1069 die
1029 1041 1134 1072 Gebote

542 1077 598 1103 und
613 1078 661 1104 den
683 1075 789 1106 Willen
812 1079 939 1111 GOttes,
958 1076 1060 1110 welcher
1083 1081 1133 1108 uns

541 1116 568 1139 in
581 1107 674 1143 ſeinem
690 1110 801 1144 heiligen
827 1106 885 1147 Wort
907 1114 949 1145 zur
969 1110 1130 1155 Richtſchnur

540 1150 631 1177 unſers
655 1147 749 1178 Lebens
762 1149 813 1178 und
826 1148 956 1181 Wandels
965 1148 1130 1184 offenbahret.

539 1186 598 1212 Und
613 1189 663 1212 von
677 1185 787 1218 Chriſto,
804 1184 905 1217 welcher
918 1186 983 1226 Joh.
997 1193 1037 1218 14,
1050 1189 1074 1214 6.
1088 1188 1130 1216 der

539 1221 605 1249 Weg
633 1222 685 1251 des
695 1221 788 1252 Lebens
814 1221 884 1257 heiſt,
897 1223 960 1253 wird
977 1222 1032 1258 Jeſ.
1048 1229 1090 1258 35,
1107 1226 1130 1251 8.

539 1259 596 1281 eine
608 1252 689 1287 Bahn
702 1259 729 1285 zu
743 1251 798 1285 ſeyn
808 1256 901 1287 geſagt.

537 1286 605 1309 Denn
623 1287 650 1313 ich
663 1288 707 1315 ſetze
731 1292 799 1310 meinen
812 1285 853 1320 Fuß
865 1290 905 1316 auf
917 1290 984 1315 ſeiner
993 1288 1071 1316 Bahn,
1086 1291 1130 1313 und

567 1314 623 1341 halte
641 1316 711 1342 ſeinen
726 1315 783 1342 Weg
805 1318 847 1339 und
857 1318 933 1344 weiche
946 1317 1003 1343 nicht
1019 1317 1052 1340 ab.
1069 1317 1129 1343 Hiob

566 1349 601 1368 23,
612 1349 634 1364 11.

535 1367 609 1395 HErr,
634 1369 695 1396 weiſe
712 1374 753 1391 mir
773 1369 848 1394 deinen
868 1370 932 1399 Weg,
949 1370 991 1393 und
1010 1368 1060 1393 leite
1078 1372 1129 1398 mich

565 1403 606 1427 auf
617 1405 717 1433 richtiger
727 1404 805 1432 Bahn,
819 1409 855 1428 um
865 1410 947 1429 meiner
959 1405 1042 1432 Feinde
1050 1407 1128 1430 willen.

567 1437 649 1457 Pſ.27,
666 1442 702 1457 11.

537 1455 600 1481 Lehre
629 1456 681 1481 mich
709 1454 764 1480 thun
787 1456 838 1481 nach
864 1457 947 1479 deinem
971 1456 1128 1485 Wohlgefallen

657 1484 712 1504 dein
709 1493 778 1513 guter
794 1489 857 1516 Geiſt
867 1490 929 1519 fuͤhre
947 1490 999 1516 mich
1021 1491 1060 1517 auf
1085 1492 1128 1513 ebe⸗

565 1521 604 1537 ner
621 1516 691 1540 Bahn.
714 1517 750 1540 Pſ.
764 1520 812 1540 143,
826 1521 859 1537 10.

535 1540 589 1562 Wer
600 1541 638 1562 den
650 1539 732 1565 HErrn
747 1538 848 1568 fuͤrchtet,
864 1542 897 1564 der
917 1539 979 1569 gehet
994 1540 1034 1568 auf
1049 1542 1129 1571 rechter

567 1574 637 1597 Bahn
660 1575 729 1597 Prov.
750 1578 784 1597 14,
796 1579 818 1593 2.

535 1598 632 1622 Weichet
641 1602 690 1620 vom
698 1597 770 1625 Wege,
786 1597 867 1626 machet
881 1599 930 1627 euch
943 1601 987 1622 von
1006 1600 1043 1623 der
1050 1599 1119 1629 Bahn.

568 1633 603 1657 Eſ.
623 1636 658 1657 30,
674 1638 706 1652 11.

571 1666 599 1692 §.
614 1668 637 1694 3.
655 1665 702 1690 III.
720 1663 778 1693 Der
800 1661 937 1698 Menſchen
949 1662 1127 1700 Lebens ⸗ Art,

536 1697 696 1729 Gedancken,
712 1698 791 1731 Thun
807 1700 858 1728 und
867 1699 1015 1733 Vorhaben.

533 1734 579 1757 Die
599 1732 625 1755 da
642 1733 742 1760 verlaſſen
758 1735 791 1756 die
812 1734 878 1761 rechte
898 1733 975 1763 Bahn,
998 1734 1043 1758 und
1061 1735 1127 1764 gehen

566 1762 647 1787 finſtere
666 1763 738 1788 Wege.
757 1762 818 1786 Prov
842 1770 862 1787 2,
875 1768 909 1788 13.

535 1789 584 1816 Auf
596 1790 636 1810 daß
656 1789 682 1811 du
710 1788 813 1814 wandelſt
828 1790 869 1816 auf
888 1794 953 1817 guten
977 1789 1067 1820 Wegen,
1083 1790 1127 1814 und

566 1818 651 1843 bleibeſt
662 1816 734 1845 auf
716 1813 752 1843 der
754 1820 834 1844 rechten
848 1816 924 1845 Bahn.
941 1821 1004 1847 Prov.
1024 1826 1044 1845 2,
1061 1827 1095 1843 20.

534 1842 575 1870 Jch
589 1843 632 1863 will
651 1844 694 1869 dich
708 1845 746 1866 den
758 1843 809 1870 Weg
826 1844 860 1867 der
874 1846 976 1876 Weisheit
988 1847 1081 1877 fuͤhren,
1097 1851 1125 1873 ich

565 1877 607 1898 will
625 1876 667 1901 dich
683 1877 723 1903 auf
739 1872 827 1903 rechter
840 1877 890 1904 Bahn
907 1877 968 1901 leiten.
986 1879 1047 1905 Prov.
1066 1883 1124 1905 4,11.

535 1904 575 1932 Laß
599 1906 645 1926 dein
672 1903 729 1932 Herz
752 1906 807 1933 nicht
826 1906 935 1934 weichen
930 1906 970 1939 auf
974 1907 1035 1935 ihren
1055 1908 1125 1936 Weg;

565 1935 608 1956 und
626 1931 661 1957 laß
681 1935 723 1961 dich
741 1935 797 1958 nicht
817 1933 932 1961 verfuͤhren
949 1936 990 1962 auf
1007 1935 1062 1968 ihrer
1073 1941 1125 1967 (der

562 1963 733 1992 Ehebrecherin)
744 1962 813 1989 Bahn.
836 1965 906 1991 Prov.
914 1970 937 1989 7,
947 1969 980 1988 25.

533 1996 587 2021 Wer
602 1993 646 2019 ihm
662 1994 716 2016 nicht
729 1995 791 2018 ſagen
802 1993 867 2020 laͤſſet,
882 1997 919 2020 der
928 1995 954 2024 iſt
963 1996 1024 2025 ſchon
1032 1997 1074 2025 auf
1090 1998 1127 2021 der

561 2022 631 2051 Bahn
642 2024 678 2045 der
697 2018 822 2049 Gottloſen.
842 2018 894 2053 Sir.
905 2029 970 2048 21,7.

568 2066 594 2092 §.
604 2068 629 2094 4.
640 2061 701 2090 IIII.
722 2060 799 2095 Zeigt
808 2063 835 2089 es
843 2062 889 2091 das
900 2062 986 2093 Band
994 2064 1040 2092 des
1055 2063 1127 2098 Frie⸗

531 2097 607 2128 dens,
640 2095 691 2126 und
726 2092 900 2130 bruͤderlichen
924 2096 1055 2132 Einigkeit
1086 2101 1130 2128 der

532 2130 683 2170 Glaͤubigen
704 2138 748 2166 an,
766 2131 856 2165 welche
876 2132 922 2168 ſich
947 2139 1003 2166 zum
1025 2134 1128 2169 wahren

532 2168 711 2205 Gottesdienſt
719 2169 856 2200 bekennen,
877 2169 1024 2204 unerachtet
1039 2171 1071 2205 ſie
1078 2173 1128 2201 aus

531 2203 751 2239 unterſchiedenen
766 2203 913 2236 Nationen,
922 2205 974 2233 und
987 2206 1054 2240 wohl
1068 2205 1129 2240 auch

530 2243 605 2269 zuvor
629 2238 710 2273 Krieg
725 2242 802 2268 unter
817 2238 938 2270 einander
954 2239 1072 2276 gefuͤhret
1087 2243 1129 2278 ha⸗

532 2280 588 2310 ben.
608 2280 666 2314 Eſa.
687 2287 727 2314 19,
743 2284 785 2312 23.

749 2333 897 2372 Bahnen

532 2370 577 2393 Der
587 2372 641 2399 Weg
657 2374 695 2397 des
710 2372 793 2400 Faulen
811 2371 836 2399 iſt
856 2372 958 2399 dornicht,
969 2372 1017 2398 aber
1027 2369 1066 2401 der
1074 2374 1129 2403 Weg

559 2404 596 2432 des
613 2403 729 2430 Frommen
739 2404 764 2433 iſt
774 2401 944 2434 wohlgebähnet.
964 2404 1033 2432 Prov.
1049 2409 1082 2432 15,
1095 2411 1128 2430 19.

783 2456 902 2495 Bahre

564 2495 658 2526 Trage,
672 2495 814 2528 Tragzeug,
832 2496 929 2530 darauf
939 2500 1001 2527 man
1020 2495 1062 2528 die
1077 2495 1129 2527 To⸗

531 2535 578 2563 den
594 2531 690 2568 hinaus
705 2533 782 2569 traͤgt.
803 2537 863 2567 Act.
874 2542 897 2570 5,
912 2540 952 2567 15.

1370 506 1542 547 Bahurim

1188 543 1285 575 Junge
1302 543 1417 576 hurtige
1437 543 1562 576 Geſellen.
1580 542 1645 573 Eine
1659 543 1743 575 Stadt

1156 580 1192 610 im
1206 581 1321 612 Stamm
1345 582 1501 614 Benjamin.

1156 618 1248 641 Daraus
1259 621 1303 641 war
1312 618 1391 646 Simei
1391 619 1499 647 gebuͤrtig,
1510 626 1528 642 2.
1543 620 1604 642 Sam.
1623 622 1656 646 16,
1668 625 1688 644 5.

1156 644 1203 666 Bis
1221 644 1296 669 hieher
1323 648 1360 670 hat
1377 646 1480 675 Palthiel
1498 647 1539 670 ſein
1556 646 1620 666 Weib
1639 641 1739 671 begleitet,

1183 673 1217 693 als
1226 676 1247 692 er
1256 674 1279 695 ſie
1302 677 1334 695 dem
1350 675 1410 694 David
1421 677 1564 700 wiedergeben
1573 677 1638 699 muſte.
1657 680 1666 696 c.
1682 679 1700 699 3,
1710 671 1739 693 16.

1155 701 1193 725 Da
1210 703 1317 730 wurden|
1333 703 1423 727 Davids
1444 705 1602 732 Kundſchafter
1631 703 1739 733 verſtecket.

1183 741 1229 761 cap.
1241 740 1275 762 17,
1286 741 1320 762 18.

1392 769 1531 803 Baith

1185 796 1244 825 Ein
1266 797 1352 831 Hauß.
1388 804 1426 826 Es
1442 807 1503 833 muß
1520 803 1561 828 ein
1566 789 1675 834 Tempel
1686 803 1740 831 und

1153 841 1337 880 Goͤtzen⸗Hauß
1349 844 1391 873 der
1399 843 1534 875 Moabiter
1551 845 1662 879 geweſen
1676 845 1738 876 ſeyn,

1160 870 1243 904 weilen
1252 879 1298 907 wir
1307 876 1429 907 nirgends
1443 876 1517 911 leſen,
1538 875 1585 909 daß
1602 883 1652 907 eine
1670 876 1740 909 Stadt

1153 911 1178 943 in
1191 913 1275 946 Moab
1284 909 1375 949 Baith
1376 909 1505 955 geheiſſen
1522 913 1591 949 habe.
1606 913 1655 950 Jeſ.
1670 918 1737 948 15,2.

1350 960 1527 997 Bakbakor

1180 990 1275 1037 Dieſer
1298 999 1467 1032 Zimmermann
1495 1006 1523 1030 in
1536 996 1684 1034 Jeruſalem
1699 997 1740 1036 hat

1148 1031 1230 1067 ſeinen
1262 1035 1387 1068 Nahmen
1414 1040 1463 1064 von
1499 1041 1604 1069 mager,
1620 1037 1680 1065 leer.
1712 1039 1732 1058 1.

1150 1077 1211 1111 Chr.
1228 1084 1269 1111 10,
1285 1085 1315 1111 5.

1372 1114 1514 1152 Bakbuk

1181 1152 1292 1188 Mager,
1307 1153 1499 1187 ausgedorret.
1534 1153 1614 1184 Einer
1629 1160 1678 1185 von
1694 1153 1738 1185 den

1147 1191 1298 1226 Nethinim.
1312 1191 1374 1227 Eſra
1389 1198 1413 1225 2,
1429 1199 1469 1225 51.
1489 1193 1600 1229 Nehem.
1615 1198 1640 1225 7,
1651 1198 1691 1226 53.

1349 1246 1523 1288 Bakbukja

1179 1287 1237 1316 Ein
1250 1293 1340 1315 armer
1355 1287 1437 1320 Herr.
1456 1287 1527 1321 Neh.
1545 1294 1585 1322 11,
1600 1292 1640 1319 17.

1390 1334 1486 1369 Bala

1177 1372 1235 1400 Ein
1248 1371 1443 1406 Verſchlucker.
1477 1374 1543 1403 Eine
1562 1373 1662 1408 Stadt,
1682 1371 1736 1404 wel⸗

1146 1411 1187 1446 che
1198 1413 1247 1441 den
1255 1413 1372 1443 Kindern
1384 1414 1502 1444 Simeon
1512 1420 1539 1446 zu
1543 1413 1625 1453 Theil
1641 1414 1734 1445 wurde.

1179 1451 1238 1483 Joſ.
1257 1458 1294 1479 19,
1312 1459 1335 1480 3.

1257 1486 1408 1526 Balaam
1441 1486 1494 1527 S.
1512 1489 1649 1529 Bileam

1378 1540 1507 1577 Balack

1178 1574 1330 1609 Zerſtörer,
1361 1574 1537 1606 Ausleerer.
1572 1577 1623 1607 Ein
1656 1578 1735 1613 Sohn

1144 1610 1231 1645 Zipor,
1245 1606 1365 1649 Koͤnigs
1383 1609 1416 1648 in
1414 1612 1508 1647 Moab,
1525 1618 1552 1646 zu
1569 1614 1659 1648 Zeiten
1675 1617 1734 1646 Mo⸗

1145 1645 1187 1681 ſis,
1206 1646 1259 1677 und
1282 1645 1369 1683 Koͤnig
1396 1648 1438 1678 der
1468 1648 1613 1681 Moabiter.
1648 1641 1732 1681 Num.

1145 1694 1188 1716 22,
1203 1696 1227 1713 2.
1241 1695 1262 1717 3.

1146 1718 1197 1741 Will
1209 1717 1281 1746 haben,
1294 1717 1385 1743 Bileam
1402 1719 1437 1745 ſoll
1454 1718 1492 1743 den
1506 1718 1621 1747 Jſraeliten
1642 1715 1741 1750 fluchen/

1174 1750 1244 1774 Num.
1263 1755 1299 1776 22,
1317 1754 1336 1774 5.
1358 1756 1375 1772 c.
1392 1748 1444 1777 23.7.
1462 1748 1476 1778 c.
1504 1757 1539 1775 24,
1561 1757 1586 1771 10.

1143 1774 1206 1798 Wird
1222 1773 1280 1801 boͤſe,
1298 1776 1333 1799 als
1346 1775 1391 1802 ſich
1409 1775 1515 1800 Bileams
1534 1775 1600 1803 Fluch
1620 1782 1642 1799 in
1649 1776 1734 1804 Seegen

1172 1806 1311 1832 verwandelt.
1328 1808 1398 1832 Num.
1416 1812 1452 1833 23,
1470 1814 1504 1830 11.
1517 1813 1535 1831 c.
1547 1813 1581 1834 24,
1600 1814 1633 1830 10.
1643 1807 1686 1840 Joſ.
1702 1812 1735 1833 24,

1173 1843 1196 1862 9.
1214 1837 1281 1863 Apoc.
1298 1844 1318 1863 2,
1337 1843 1371 1862 14.

1380 1866 1528 1902 Balcken

1177 1907 1229 1938 Ein
1243 1906 1357 1939 Balcken
1369 1907 1398 1943 iſt
1398 1907 1424 1940 I.
1439 1908 1480 1939 ein
1501 1900 1588 1946 Stuͤck
1600 1907 1737 1948 Bau⸗Holtz,

1151 1943 1249 1976 welches
1272 1944 1299 1974 in
1328 1946 1372 1975 der
1393 1943 1641 1979 Zuſammenſetzung
1668 1943 1737 1977 eines

1144 1981 1285 2012 Gebaͤudes
1300 1979 1451 2013 uͤberzwerch
1468 1984 1550 2016 gehet.
1570 1982 1624 2016 Eſr.
1637 1991 1657 2015 5,
1668 1989 1690 2013 8.
1701 1987 1733 2011 ꝛc.

1145 2016 1204 2044 Mit
1214 2014 1316 2049 ſolchen
1332 2017 1432 2045 werden
1440 2017 1477 2047 die
1490 2012 1576 2050 Goͤtzen
1589 2012 1736 2051 verglichen,

1145 2050 1214 2079 Bar.
1231 2048 1257 2077 6,
1282 2055 1321 2079 19.
1338 2054 1378 2081 54.
1395 2049 1485 2078 welche
1508 2049 1580 2083 auch,
1602 2056 1650 2080 wie
1663 2055 1737 2083 jene,

1152 2090 1218 2113 wenn
1240 2083 1272 2116 ſie
1285 2084 1354 2119 ſchon
1376 2090 1425 2115 von
1442 2082 1584 2118 Wuͤrmern
1605 2083 1742 2121 gefreſſen/

1142 2126 1171 2145 ja
1186 2119 1322 2151 verbrennt
1340 2122 1452 2153 worden,
1470 2122 1525 2153 kein
1541 2120 1646 2156 Gefuͤhl
1646 2120 1736 2155 haben.

1158 2155 1179 2178 II.
1203 2151 1255 2186 Jm
1274 2151 1489 2188 metaphoriſchen
1512 2153 1656 2187 Verſtande
1675 2151 1737 2186 heiſt

1147 2187 1173 2213 es
1190 2187 1232 2225 ein
1248 2188 1309 2222 groß
1325 2189 1377 2219 und
1400 2189 1557 2226 merckliches
1568 2186 1736 2226 Verbrechen,

1147 2222 1238 2254 Fehler
1256 2223 1308 2252 und
1320 2223 1410 2257 Laſter,
1431 2222 1479 2253 wie
1494 2223 1531 2252 im
1545 2225 1679 2259 Gegenſatz
1695 2226 1737 2254 der

1146 2255 1268 2288 Splitter
1277 2256 1349 2286 einen
1357 2256 1477 2291 geringen
1484 2257 1574 2292 Fehler
1587 2253 1736 2289 bedeutet.*

1148 2286 1243 2313 Welcher
1266 2288 1355 2316 Menſch
1380 2291 1432 2314 dieſe
1449 2290 1526 2312 Worte
1551 2289 1677 2317 verändert,
1695 2290 1736 2313 von

1157 2319 1215 2345 deß
1242 2319 1309 2346 Hauß
1324 2323 1358 2349 ſoll
1376 2326 1425 2343 man
1445 2326 1505 2345 einen
1530 2322 1625 2347 Balcken
1637 2318 1741 2348 nehmen ,

1175 2350 1219 2371 und
1226 2348 1350 2376 aufrichten,
1366 2349 1401 2378 und
1411 2347 1450 2378 ihn
1451 2350 1517 2374 daran
1525 2350 1613 2377 hencken
1631 2351 1736 2378 Eſr.6,II.

1159 2370 1204 2398 Auch
1218 2373 1249 2394 die
1261 2375 1344 2397 Steine
1356 2379 1377 2398 in
1386 2377 1421 2396 der
1429 2374 1529 2397 Mauren
1538 2376 1622 2396 werden
1634 2371 1752 2403 ſchreyen,

1176 2406 1219 2428 und
1234 2406 1266 2429 die
1279 2406 1375 2431 Balcken
1400 2411 1433 2429 am
1447 2404 1542 2434 Geſperr
1569 2408 1654 2431 werden
1675 2407 1736 2437 ihnen

1175 2439 1304 2461 antworten.
1320 2437 1377 2463 Hab.
1392 2441 1412 2462 3,
1431 2440 1465 2459 11.

1145 2456 1228 2483 *Was
1247 2462 1317 2480 ſieheſt
1330 2466 1355 2475 du
1377 2464 1426 2475 aber
1451 2459 1491 2477 den
1508 2454 1610 2480 Splitter
1625 2459 1646 2476 in
1664 2449 1736 2479 deines

1175 2488 1280 2515 Bruders
1305 2491 1373 2518 Auge,
1391 2491 1434 2513 und
1448 2491 1485 2520 des
1501 2489 1600 2515 Balcken
1615 2497 1636 2513 in
1655 2491 1736 2517 deinem

1174 2517 1235 2546 Auge
1259 2519 1318 2548 wirſt
1334 2521 1361 2544 du
1376 2519 1432 2547 nicht
1453 2520 1557 2549 gewahr?
1573 2519 1661 2550 Matth.
1680 2520 1735 2547 7,3.

1174 2547 1222 2574 Luc.
1236 2551 1257 2578 6,
1268 2555 1302 2579 41.
