1879 2784
655 691 718 731 Sie
746 687 837 731 muͤſſe
860 698 918 725 nur
946 693 997 728 der
1024 691 1112 735 Ruhe
1140 691 1272 737 pflegen,

654 751 719 787 Die
746 748 852 791 Augen
879 748 1038 793 ſchlieſſen,
1064 750 1118 790 ſich
1143 749 1222 790 nicht
1247 759 1347 795 regen,

655 805 735 845 Sich
759 806 865 842 immer
890 808 949 853 auf
971 809 1018 845 die
1045 806 1136 847 Seite
1157 809 1252 851 legen,

653 869 720 905 Und
749 869 810 913 ihre
837 869 914 907 Knie
942 870 1021 912 nicht
1046 870 1220 914 bewegen.¹

703 974 806 1021 Doch
832 980 903 1015 ende
929 979 1009 1021 bald,
1036 978 1159 1025 Thalia,
1184 983 1241 1020 den
1268 981 1409 1026 Geſang:

649 1035 725 1075 Kein
753 1035 923 1086 Maͤhrchen
952 1039 1048 1082 ſchickt
1073 1039 1126 1081 ſich
1153 1048 1212 1082 gar
1230 1045 1264 1083 zu
1289 1039 1371 1083 lang.

699 1143 751 1194 Je
778 1151 863 1193 mehr
889 1149 1042 1194 Purganti
1067 1149 1183 1195 ſpricht,
1210 1154 1272 1189 und
1298 1153 1388 1196 lehrt,

631 1195 693 1248 Je
721 1206 838 1241 minder
864 1208 939 1243 wird
967 1208 1025 1248 ſein
1053 1208 1141 1246 Weib
1175 1214 1299 1256 bekehrt.

648 1272 714 1315 Jhr
742 1271 848 1313 Fieber
876 1270 986 1314 aͤuſſert
1012 1272 1065 1314 ſich
1094 1273 1171 1313 bald
1192 1275 1310 1317 wieder,

647 1327 712 1366 Sie
739 1324 850 1371 ſchlaͤgt
876 1328 922 1363 die
949 1329 1054 1372 Augen
1078 1324 1189 1374 zuͤchtig
1214 1330 1323 1372 nieder,

646 1385 713 1421 Und
742 1386 854 1430 liſpelt;
879 1385 1002 1429 Schatz,
1027 1386 1069 1427 ich
1097 1387 1198 1425 wollte
1225 1389 1438 1426 wol ⸗ ⸗ ⸗ ²

647 1443 730 1480 Was
758 1443 845 1487 willſt
872 1445 937 1482 du?
955 1434 1028 1488 ruft
1053 1456 1085 1487 er
1110 1433 1273 1494 eifersvoll,

645 1512 749 1553 Beym
775 1512 1064 1552 Brunnentrinken?
1092 1514 1163 1559 Biſt
1185 1520 1226 1556 du
1253 1516 1340 1558 toll?

647 1562 706 1598 Du
735 1551 839 1606 willſt:
866 1568 906 1600 du
934 1553 1041 1609 willſt;
1075 1565 1147 1604 doch
1174 1566 1209 1610 iſt
1235 1565 1334 1609 gewiß

646 1616 723 1662 Kein
749 1626 821 1670 Gift
836 1629 895 1662 dir
921 1618 1105 1669 ſchaͤdlicher,
1130 1629 1182 1665 als
1208 1628 1285 1673 dieß.

645 1683 725 1723 Ach!
753 1682 823 1723 ach!
859 1691 951 1719 wann
977 1688 1098 1721 werden
1124 1685 1195 1725 doch
1219 1689 1278 1731 auf
1299 1687 1401 1727 Erden

644 1739 712 1777 Die
740 1737 862 1776 Weiber
888 1729 1003 1776 einmal
1027 1730 1128 1783 kluͤger
1154 1729 1301 1780 werden?

645 1809 707 1854 Jch
735 1812 816 1847 werd
840 1811 873 1848 es
899 1810 992 1855 thun;
1020 1810 1090 1851 doch
1117 1811 1213 1857 magſt
1239 1816 1279 1851 du
1306 1814 1416 1860 wiſſen,

639 1870 701 1909 Du
729 1867 812 1914 wirſt
840 1879 898 1907 vor
924 1879 1050 1916 morgen
1076 1869 1190 1918 ſterben
1216 1870 1337 1919 muͤſſen.

1534 1951 1648 1993 Agnes.

675 2043 686 2061 1
707 2044 733 2074 v.
748 2036 875 2072 Magiſter
897 2029 1073 2065 Novitiorum
1094 2047 1129 2065 ex

640 2085 784 2122 Opuſculis
806 2085 948 2122 Seraphici
962 2087 1086 2116 Doctoris
1100 2088 1129 2118 S.

638 2132 912 2163 BONAVENTURAE.
931 2133 1032 2168 (Duaci
1042 2132 1129 2167 1631.)

633 2184 661 2211 p.
669 2184 724 2209 252.
741 2184 794 2210 253.
812 2178 848 2206 de
869 2180 1045 2209 dormitione.
1065 2178 1081 2216 §
1100 2188 1128 2214 4.

634 2227 722 2253 Locus
741 2232 816 2255 extat
825 2229 852 2254 in
862 2228 1000 2264 Operibus
1009 2230 1037 2256 S.
1045 2229 1124 2257 BER-

636 2285 753 2309 NARDI,
783 2279 928 2316 (Pariſiis,
959 2289 993 2307 ex
1013 2281 1130 2316 impres-

635 2329 708 2357 ſione
726 2324 877 2357 Iohannis
900 2324 998 2368 parvi,
1028 2331 1127 2367 [Jehan

635 2372 741 2415 Petit,]
751 2384 768 2404 a
780 2375 878 2405 Iodoco
892 2376 1053 2408 Clicthoveo
1066 2377 1125 2407 edi-

1165 2040 1200 2067 tis
1225 2047 1294 2075 1513.
1317 2041 1359 2075 f.)
1383 2044 1429 2074 fol.
1451 2043 1604 2074 CCXCV.
1621 2046 1649 2070 b.

1166 2076 1246 2111 Cum
1270 2078 1309 2110 ad
1334 2077 1462 2111 ſtratum
1487 2079 1578 2112 laſſus
1596 2081 1648 2111 de-

1165 2123 1313 2153 veneris:
1342 2126 1385 2154 te
1397 2121 1529 2159 honeſto
1554 2122 1649 2155 modo

1159 2174 1294 2217 jacendo
1310 2184 1504 2218 componas:
1527 2188 1586 2209 nec
1600 2188 1650 2209 re-

1164 2225 1291 2268 ſupinus
1316 2225 1439 2267 jaceas:
1463 2234 1522 2257 nec
1545 2235 1650 2269 genua

1165 2272 1299 2305 levando
1339 2272 1504 2306 calcaneos
1531 2271 1648 2317 jungas

1163 2330 1202 2363 ad
1216 2329 1317 2368 tibias.
