1579 2266
549 406 612 445 Auf
620 407 718 444 ſeinem
732 402 860 444 Thurm!
885 411 919 440 o,
940 401 1030 441 welch'
1043 403 1101 439 ein,
1122 401 1215 441 welch'
1229 400 1277 435 ein
1292 399 1386 436 Gott!

549 453 615 486 Der
635 457 691 484 uns
714 452 742 483 in
762 452 833 488 ſeine
856 449 953 487 Welt,
973 450 1000 489 ſo
1021 449 1088 480 weit
1106 447 1218 487 hinauf,

550 497 713 535 Anſchauen
737 493 811 534 laͤßt,
838 496 896 527 und
920 497 1013 533 dreyer
1032 491 1161 531 Freunde
1182 492 1275 534 Blick,

553 542 639 580 (Den
662 540 801 577 meinigen
821 536 892 579 zaͤhl'
912 540 949 576 ich
970 541 1021 571 den
1043 537 1164 575 dritten)
1187 535 1266 576 Huy.

553 589 622 622 Mit
637 584 1083 624 Sonnenſtrahlgeſchwindigkeit
1102 583 1219 624 hinauf!

555 630 614 669 Jm
636 631 721 662 lieben
743 627 873 666 Monde,
906 631 970 659 dort
987 628 1041 666 auf
1059 627 1141 659 einen
1165 624 1268 665 Punkt

555 674 833 715 Zuſammenbringt,
863 683 896 711 o,
921 675 1012 712 welch'
1034 675 1079 707 ein
1098 673 1192 708 Gott!
1237 672 1304 707 Wir
1322 672 1385 714 ſehn

555 716 617 749 Die
637 715 719 751 große
741 712 850 746 Sonne
871 702 970 751 taͤglich
989 709 1056 744 uͤber
1073 715 1131 743 uns

558 751 647 800 Sehn
672 760 770 792 Mond
792 763 847 790 und
869 756 984 790 Sterne
1005 757 1038 797 ſie
1054 756 1240 797 verdunkeln,
1267 753 1332 796 ſehn

556 805 622 847 Jhr
644 806 733 843 Feuer
754 805 890 843 brennen,
914 804 1018 844 ſehen's
1038 804 1102 840 aber
1120 811 1175 835 nur

559 854 629 888 Mit
649 851 765 892 ſcheuem
786 850 884 887 Blick,
907 850 970 883 weil
990 849 1070 887 unſer
1089 847 1151 882 Leib
1173 852 1225 883 den
1246 847 1383 885 Blick

560 894 610 936 Jn
635 897 713 932 unſre
733 894 861 931 Sonne,
883 893 925 930 ſo,
948 892 1001 925 wie
1019 895 1107 932 unſer
1117 888 1201 933 Geiſt

560 941 632 975 Den
652 939 733 973 Blick
754 939 782 970 in
804 937 904 975 unſern
923 936 1017 973 Gott,
1040 935 1099 975 hier
1119 932 1224 975 unten,
1251 933 1385 976 nicht

560 984 702 1022 Ertragen
722 984 814 1022 kann,
837 982 894 1014 und
911 980 1006 1020 ſorgen
1023 980 1111 1020 muß,
1125 981 1189 1019 daß
1208 988 1239 1013 er

563 1027 721 1062 Geblendet
741 1026 827 1061 wird,
851 1024 986 1063 hingegen
1007 1025 1117 1057 blendet
1133 1024 1178 1056 dis

561 1077 627 1111 Des
648 1075 779 1109 Mondes
799 1074 903 1113 ſanftes
930 1071 1099 1111 Silberlicht
1119 1072 1151 1110 (o
1170 1066 1261 1111 ſieh's,

562 1117 739 1156 Taledobar,
771 1118 839 1153 nach
858 1115 969 1156 dreyßig
988 1112 1105 1154 Jahren
1126 1113 1237 1154 noch!)

562 1161 623 1195 Die
651 1157 850 1201 hingehaltnen
873 1153 1021 1195 Freundes
1036 1155 1137 1196 Augen
1147 1148 1241 1195 nicht.

718 1327 801 1371 An
852 1325 1242 1377 Amalzioll.

569 1397 670 1451 Du,
692 1415 767 1448 mein
789 1414 952 1452 Geliebter,
973 1409 1173 1451 unzufrieden?
1195 1413 1259 1445 dort

569 1463 631 1502 Auf
649 1464 755 1496 deinem
777 1461 909 1501 Poſten?
932 1459 1103 1499 angewieſen
1122 1460 1165 1493 dir

567 1501 640 1535 Von
663 1501 769 1534 deinem
786 1499 884 1531 Gott?
906 1501 963 1530 und
987 1496 1123 1536 klagend?
1145 1494 1263 1532 „Einen
1281 1486 1347 1535 Tag

568 1549 642 1588 „Jn
664 1550 774 1588 unſerm
792 1552 897 1588 ganzen
920 1549 1006 1583 Leben
1027 1550 1104 1582 leben
1123 1548 1178 1581 wir

569 1595 647 1631 „Um
667 1594 763 1632 unſres
785 1594 888 1627 Lebens
906 1594 958 1626 alle
978 1590 1057 1629 Tage
1076 1589 1167 1628 durch,

568 1636 634 1675 „Zu
656 1638 776 1677 ſterben;
800 1637 899 1670 lieber!
923 1641 974 1670 das
993 1625 1183 1674 Verhaͤngniß
1204 1629 1294 1672 traͤgt,

567 1682 685 1724 „Traͤgt
702 1683 798 1721 unſres
818 1681 921 1716 Lebens
939 1677 1042 1715 kleines
1063 1677 1283 1718 Stundenglas,

571 1731 657 1769 „Und
677 1728 844 1770 ſchuͤttelt's,
866 1729 942 1762 blickt
961 1729 1012 1769 auf
1029 1726 1105 1767 jedes
1125 1722 1272 1765 Koͤrnchen
1292 1724 1397 1767 Sand,

568 1772 657 1811 „Und
681 1780 768 1812 zween
790 1768 917 1810 Tropfen
940 1770 1132 1805 Bitterkeiten
1152 1769 1274 1810 miſcht's

567 1816 634 1856 „Zu
654 1819 742 1857 jedem
764 1815 889 1857 Tropfen
910 1813 1033 1855 Freude!
1055 1814 1183 1855 Freuden
1203 1808 1261 1855 ſind

567 1864 662 1904 „Nur
684 1862 847 1906 Schatten,
870 1861 912 1897 die
927 1859 1047 1897 voruͤber
1063 1860 1182 1902 fliegen,
1204 1857 1343 1901 Schmerz
