2940 3489
345 2012 453 2036 Anmer⸗

309 2049 405 2082 kungen

309 2074 370 2101 uͤber
383 2072 461 2106 dieſen

309 2116 463 2150 Bericht,

309 2149 398 2183 welche
415 2150 454 2177 be⸗

308 2177 406 2208 weiſen,
415 2171 464 2205 daß

310 2219 350 2247 die
368 2219 461 2251 beyden

307 2257 418 2285 Armeen

309 2278 414 2306 daſelbſt
414 2270 465 2306 mit

310 2317 378 2355 ihrer
382 2311 441 2351 Jn⸗

310 2354 418 2382 fanterie
418 2354 461 2382 in

310 2382 375 2425 drey
375 2382 461 2421 Linien

309 2420 451 2456 geſchlagen

309 2465 421 2505 haben.

477 564 668 615 „reitſchaft
684 557 793 614 ſtand,
809 564 874 605 mit
892 566 954 604 den
970 563 1206 612 Pfeilſchuͤtzen
1220 571 1295 610 zum

479 614 660 666 „Treffen,
686 614 782 663 warf
791 614 842 653 die
862 607 1005 661 unſrige,
1035 615 1154 661 welche
1170 612 1294 659 ſchwaͤ⸗

477 662 574 709 „cher
598 673 697 712 war,
723 662 807 705 uͤber
833 665 896 704 den
919 662 1088 713 Haufen,
1120 666 1191 703 und
1221 671 1294 703 ver⸗

480 714 605 764 „folgte
619 716 660 765 ſie
675 715 786 762 hitzig,
813 716 972 759 nachdem
995 716 1035 761 ſie
1049 716 1118 761 ihre
1131 714 1293 762 Schwa⸗

480 766 629 806 „dronen
658 764 899 812 ausgebreitet
914 764 1037 811 hatte,
1063 771 1125 803 um
1158 762 1292 811 dieſelbe

478 813 758 864 „einzuſchließen.
808 815 965 859 Alsdenn
977 815 1046 862 gab
1060 813 1176 859 Caͤſar
1191 816 1293 854 denen

478 862 697 909 „Cohorten,
723 857 842 909 welche
860 870 895 902 er
908 866 977 904 aus
992 862 1082 913 jeder
1102 860 1221 909 Legion
1237 861 1294 900 ab⸗

477 914 670 963 „geſondert
683 916 786 964 hatte,
807 917 873 957 das
881 913 1021 964 Zeichen
1031 924 1105 963 zum
1120 912 1308 963 Angriffe,

475 965 642 1011 „welchen
664 964 706 1012 ſie
737 964 821 1010 auch
847 963 880 1006 ſo
905 964 999 1014 friſch
1027 965 1293 1011 unternahmen,

476 1016 566 1065 „daß
579 1018 628 1058 die
647 1017 815 1062 feindliche
828 1016 1022 1059 Cavallerie
1035 1025 1111 1063 zum
1120 1016 1292 1061 Weichen

476 1066 656 1114 „gebracht
674 1067 790 1113 ward,
817 1068 887 1107 und
909 1067 964 1108 bis
997 1076 1042 1107 an
1063 1067 1115 1107 die
1138 1065 1293 1112 Gebirge

476 1115 586 1163 „floh,
609 1107 720 1157 indem
734 1115 776 1163 ſie
801 1114 871 1160 ihre
891 1114 1130 1166 Pfeilſchuͤtzen
1154 1114 1221 1162 auf
1235 1116 1292 1155 der

475 1167 778 1215 „Schlachtbanke
805 1165 887 1214 ließ,
923 1168 1042 1213 welche
1064 1167 1155 1210 auch
1177 1166 1291 1208 insge⸗

477 1213 623 1263 „ſammt
641 1217 675 1258 in
688 1213 851 1262 Stuͤcken
866 1214 1018 1263 gehauen
1033 1216 1188 1256 wurden.
1210 1215 1291 1258 Sie

477 1270 672 1309 „wendeten
705 1267 766 1314 ſich
793 1265 928 1315 ſogleich
959 1274 1062 1313 gegen
1091 1266 1153 1308 den
1185 1266 1297 1308 linken

477 1316 622 1366 „Fluͤgel
635 1321 697 1359 des
720 1315 945 1365 Pompejus,
966 1316 1102 1362 welcher
1116 1316 1198 1361 noch
1216 1315 1293 1357 mit⸗

475 1371 550 1405 „ten
573 1369 621 1406 im
641 1366 827 1413 Schlagen
853 1366 950 1411 war,
985 1364 1101 1414 faßten
1126 1365 1294 1415 denſelben

475 1420 566 1457 „von
582 1414 708 1461 hinten,
724 1418 794 1454 und
814 1416 871 1455 die
892 1415 1006 1454 dritte
1023 1414 1139 1459 Linie,
1159 1412 1294 1461 welche

477 1463 570 1517 ſich
597 1465 725 1511 bisher
752 1465 848 1510 noch
877 1464 979 1512 nicht
1002 1458 1043 1504 in
1063 1465 1294 1517 Bewegung

476 1512 622 1562 „geſetzt
644 1514 766 1560 hatte,
793 1512 879 1561 griff
890 1521 964 1554 von
979 1518 1066 1553 vorn
1083 1522 1151 1559 an;
1178 1515 1211 1553 ſo
1225 1515 1293 1553 daß

474 1563 556 1606 „der
569 1552 701 1611 Feind,
728 1559 867 1609 welcher
884 1560 946 1608 ſich
969 1568 1037 1601 von
1056 1562 1142 1602 allen
1157 1559 1293 1605 Seiten

471 1612 744 1662 „eingeſchloſſen
763 1612 845 1661 ſah,
871 1612 959 1659 nicht
973 1610 1090 1659 laͤnger
1107 1620 1145 1659 zu
1170 1612 1293 1653 wider⸗

477 1655 605 1711 „ſtehen
623 1669 806 1715 vermogte,
820 1662 960 1712 ſondern
974 1662 1026 1703 die
1041 1661 1163 1712 Flucht
1175 1662 1292 1708 nahm.

476 1714 615 1764 „Caͤſar
631 1717 723 1765 hatte
735 1713 897 1761 allemahl
921 1714 1107 1763 geglaubt,
1134 1714 1202 1762 daß
1219 1717 1291 1752 die⸗

477 1762 552 1809 „ſes
573 1764 687 1802 vierte
699 1760 840 1812 Corps,
852 1760 1014 1807 welches
1026 1762 1097 1810 auf
1109 1763 1191 1801 dem
1202 1760 1292 1812 Fluͤ⸗

477 1816 559 1859 „gel
580 1817 724 1865 Fronte
752 1815 914 1859 machte,
951 1814 1093 1860 Urſache
1122 1821 1189 1855 von
1217 1817 1293 1854 dem

479 1850 675 1909 „Gewinne
692 1862 749 1902 der
767 1858 944 1909 Schlacht
967 1861 1043 1907 ſeyn
1063 1859 1201 1907 wuͤrde,
1222 1861 1293 1897 und

477 1912 589 1959 „hatte
604 1916 640 1953 es
655 1912 739 1959 auch
757 1912 819 1954 den
838 1911 1024 1957 Soldaten
1041 1910 1075 1952 in
1094 1911 1195 1960 ſeiner
1220 1910 1295 1954 An⸗

477 1968 572 1999 „rede
588 1964 840 1999 geſagt....

529 2006 611 2034 Aus
630 2007 750 2040 dieſem
767 2000 946 2045 Berichte,
963 1999 1038 2038 ſage
1061 1998 1108 2035 ich,
1151 1997 1295 2037 erhellet,

478 2060 547 2110 daß
567 2063 684 2109 Caͤſar
702 2065 771 2103 und
790 2062 1004 2110 Pompejus
1025 2062 1088 2100 mit
1117 2062 1206 2107 ihrer
1221 2061 1296 2108 Jn⸗

479 2112 621 2158 fanterie
651 2112 762 2158 nicht,
787 2110 853 2150 wie
881 2118 964 2149 man
988 2110 1218 2158 gemeiniglich
1242 2112 1295 2149 be⸗

477 2156 634 2206 hauptet,
653 2160 689 2201 in
710 2158 836 2207 Einer,
862 2157 1000 2205 ſondern
1022 2160 1055 2201 in
1076 2162 1155 2205 drey
1171 2156 1295 2204 Linien,

477 2212 665 2260 geſchlagen
687 2212 809 2257 haben.
861 2209 940 2255 Und
960 2220 1049 2260 zwar
1066 2212 1205 2259 erſtlich,
1216 2211 1294 2251 weil

477 2257 546 2299 das
563 2259 767 2308 Gegentheil
782 2260 905 2303 darinn
925 2261 1013 2307 nicht
1032 2260 1177 2302 bemerkt
1194 2261 1294 2302 wird.

468 2313 593 2358 Caͤſar
612 2312 684 2359 ſagt
711 2320 801 2359 zwar
822 2312 857 2353 in
890 2313 946 2354 der
970 2312 1067 2360 That
1095 2311 1182 2358 nicht
1211 2315 1296 2353 aus⸗

478 2365 657 2412 druͤcklich,
681 2367 747 2404 daß
770 2366 820 2405 die
835 2363 995 2413 Legionen
1015 2373 1083 2405 von
1105 2366 1180 2406 dem
1203 2366 1294 2406 einen

468 2414 548 2452 und
571 2415 698 2454 andern
717 2411 850 2465 Theile,
865 2413 949 2459 nach
969 2412 1025 2452 der
1049 2410 1294 2462 gewoͤhnlichen

478 2465 569 2511 Art,
601 2463 636 2503 in
667 2464 753 2508 drey
770 2460 885 2505 Linien
913 2456 1098 2510 abgetheilt
1121 2461 1294 2511 geweſen;

479 2510 643 2561 nehmlich
655 2512 705 2552 die
722 2514 793 2554 vier
805 2510 983 2561 Cohorten
997 2514 1058 2552 des
1071 2512 1173 2560 erſten
1188 2510 1295 2560 Tref⸗

480 2561 555 2611 fens
588 2554 661 2607 auf
683 2559 740 2600 der
774 2559 875 2605 erſten
908 2559 1016 2606 Linie,
1055 2559 1105 2598 die
1132 2561 1210 2603 drey
1235 2561 1294 2598 des

478 2615 620 2660 zweyten
636 2609 800 2660 Treffens
824 2612 890 2658 auf
905 2611 961 2651 der
980 2615 1136 2658 zweyten,
1157 2612 1226 2651 und
1242 2611 1294 2652 die

480 2667 557 2709 drey
582 2664 639 2703 des
663 2663 783 2702 dritten
796 2660 971 2713 Treffens
991 2660 1060 2710 auf
1075 2664 1132 2701 der
1157 2662 1293 2708 dritten,

468 2719 602 2752 wovon
618 2721 652 2751 er
673 2712 734 2751 den
751 2710 936 2757 Gebrauch
947 2714 980 2750 in
1002 2713 1077 2751 dem
1090 2710 1216 2758 Kriege
1231 2710 1294 2749 wi⸗

479 2766 536 2806 der
555 2767 616 2808 den
637 2763 819 2813 Afranius
847 2758 989 2812 deutlich
1012 2761 1121 2812 zeiget.
1174 2762 1225 2806 Er
1243 2764 1294 2811 ſa⸗

1344 567 1399 610 get
1412 562 1495 604 aber
1513 563 1596 606 auch
1608 563 1715 611 nicht,
1729 562 1797 606 daß
1817 562 1867 604 die
1886 561 2059 608 Legionen,
2075 561 2161 608 nach

1344 612 1433 652 einer
1454 610 1748 659 ungewoͤhnlichen
1772 612 1852 658 Art,
1868 614 1937 652 und
1949 613 2046 652 deren
2066 622 2099 652 er
2122 613 2158 652 in

1343 662 1448 708 ſeinen
1474 661 1901 710 Kriegsgeſchichtbuͤchern
1923 661 2081 709 nirgends
2102 669 2158 707 ge⸗

1343 710 1440 756 dacht
1454 711 1526 758 hat,
1546 710 1723 756 nehmlich,
1739 710 1774 749 in
1792 709 1878 749 einer
1895 707 2039 757 einzigen
2053 707 2157 755 Linie,

1342 762 1464 810 geſtellt
1488 762 1653 811 geweſen,
1673 764 1723 803 die
1739 761 1913 809 Cohorten
1929 763 1990 802 des
2012 765 2158 808 zweyten

1342 813 1509 862 Treffens
1532 813 1567 854 in
1590 815 1650 854 des
1670 814 1770 860 erſten
1788 811 1890 859 ſeine,
1912 813 1961 853 die
1982 812 2159 860 Cohorten

1342 867 1404 906 des
1437 865 1555 905 dritten
1589 863 1754 912 Treffens
1789 863 1823 902 in
1861 864 1922 904 des
1951 862 2052 909 erſten
2085 864 2157 903 und

1341 917 1484 959 zweyten
1503 911 1586 959 ſeine
1605 910 1851 960 eingeſchoben,
1879 912 1977 956 oder,
1994 920 2055 951 um
2072 910 2160 957 mich

1345 965 1445 1014 beſſer
1466 974 1505 1013 zu
1528 964 1693 1010 erklaͤren,
1712 965 1794 1009 dieſe
1818 965 2035 1010 verſchiedene
2056 964 2161 1007 Tref⸗

1342 1014 1398 1060 fen
1416 1014 1576 1055 einander
1590 1024 1636 1055 an
1657 1015 1708 1055 die
1721 1014 1832 1058 Seite
1847 1014 1986 1063 geſtellt,
2010 1014 2074 1055 mit
2087 1014 2159 1058 ſehr

1342 1066 1468 1108 kleinen
1492 1063 1831 1113 Zwiſchenraͤumen,
1858 1064 1978 1111 welche
2011 1065 2078 1111 auf
2101 1066 2159 1102 der

1342 1122 1468 1162 ganzen
1490 1115 1618 1164 Fronte
1641 1117 1696 1156 der
1710 1114 1798 1157 Linie
1818 1115 1853 1156 in
1873 1115 1950 1162 drey
1970 1114 2090 1162 Corps
2106 1115 2160 1159 (*)

1341 1161 1475 1209 getheilt
1499 1162 1658 1210 geweſen.
1709 1163 1814 1206 Weil
1829 1171 1863 1204 er
1883 1171 1954 1201 nun
1973 1171 2040 1202 von
2063 1160 2162 1208 dieſer

1343 1217 1440 1263 lezten
1457 1216 1632 1261 Stellung
1647 1214 1756 1262 nichts
1770 1212 1877 1263 ſaget,
1892 1215 1953 1260 hat
1967 1225 2049 1254 man
2068 1215 2161 1253 dem⸗

1343 1263 1427 1311 nach
1452 1265 1538 1311 nicht
1569 1265 1699 1312 Recht,
1725 1264 1776 1304 die
1801 1264 1880 1312 erſte
1901 1262 2162 1311 anzunehmen?

1343 1317 1411 1359 Ein
1431 1314 1596 1364 Beyſpiel
1619 1317 1707 1357 wird
1737 1317 1841 1357 meine
1855 1315 2082 1360 Beweisrede
2106 1315 2163 1355 be⸗

1345 1366 1521 1416 kraͤftigen.
1573 1369 1644 1410 Ein
1667 1369 1802 1415 Mann,
1815 1378 1852 1416 zu
1864 1368 1939 1406 dem
1960 1376 2043 1407 man
2058 1365 2161 1412 ſagte,

1345 1406 1398 1455 ein
1416 1419 1555 1456 neueres
1571 1414 1774 1464 Kriegsheer
1798 1410 1894 1457 waͤre
1920 1415 1954 1455 in
1973 1413 2165 1463 Schlacht⸗

1344 1468 1499 1513 ordnung
1530 1467 1678 1514 geſtellt,
1714 1467 1795 1510 dieſe
1821 1467 1989 1513 Truppen
2017 1467 2080 1513 auf
2105 1468 2164 1506 der

1343 1515 1515 1558 Rechten,
1540 1514 1611 1557 jene
1621 1519 1683 1562 zur
1699 1514 1837 1562 Linken,
1863 1515 1934 1552 und
1952 1514 2023 1561 jene
2039 1514 2163 1553 andere

1343 1564 1411 1611 auf
1423 1567 1480 1605 der
1501 1566 1630 1607 Mitte,
1655 1563 1746 1610 haͤtte
1773 1567 1840 1605 das
1866 1563 1976 1611 Recht
1996 1562 2165 1610 anzuneh⸗

1344 1623 1439 1661 men,
1465 1612 1533 1667 daß
1552 1614 1653 1662 dieſes
1669 1612 1891 1661 Kriegsheer,
1909 1617 1967 1654 der
1981 1613 2163 1661 Gewohn⸗

1343 1664 1410 1710 heit
1424 1653 1569 1713 gemaͤß,
1589 1664 1623 1706 in
1643 1674 1732 1712 zwey
1752 1663 1883 1713 Linien,
1903 1665 1939 1714 ja
1957 1662 2055 1713 ſogar
2075 1664 2163 1707 ohne

1344 1716 1515 1761 Ruͤckhalt
1535 1716 1657 1764 geſtellt
1673 1714 1788 1765 waͤre,
1808 1718 1907 1757 wenn
1924 1716 2038 1756 davon
2053 1714 2162 1758 nichts

1345 1762 1499 1813 erwaͤhnt
1525 1765 1686 1811 worden,
1713 1765 1793 1804 weil
1808 1769 1844 1803 es
1864 1763 1950 1804 keine
1966 1761 2162 1809 allgemeine

1345 1818 1415 1857 und
1460 1818 1651 1866 beſtaͤndige
1691 1814 1922 1866 Gewohnheit
1967 1822 2064 1857 unter
2099 1817 2164 1856 den

1346 1870 1497 1909 Neuern
1522 1867 1590 1911 iſt,
1617 1868 1669 1905 ein
1704 1866 1951 1913 Reſervecorps
1980 1874 2018 1911 zu
2041 1863 2165 1911 haben,

1346 1913 1592 1958 vornehmlich,
1614 1922 1713 1953 wenn
1740 1915 1775 1952 in
1801 1916 1875 1954 dem
1897 1914 2076 1960 Verlaufe
2102 1916 2164 1954 des

1346 1963 1516 2014 Treffens
1532 1963 1640 2006 nichts
1660 1961 1862 2011 vorkommt,
1881 1967 1960 2001 was
1972 1961 2087 2007 dieſem
2102 1972 2167 2001 an⸗

1346 2025 1588 2062 genommenen
1597 2016 1709 2063 Satze
1719 2015 1956 2064 widerſpricht.
2008 2016 2084 2060 Und
2100 2017 2168 2057 die⸗

1348 2069 1398 2108 ſes
1423 2069 1461 2111 iſt
1483 2070 1552 2114 hier
1577 2070 1633 2109 der
1658 2068 1765 2116 Fall ;
1793 2068 1841 2115 ja,
1857 2072 1892 2106 es
1912 2067 1953 2113 iſt
1964 2068 2045 2114 noch
2058 2069 2166 2112 mehr.

1345 2114 1420 2163 Zur
1434 2117 1583 2160 zweyten
1602 2116 1743 2162 Urſache
1762 2117 1843 2164 gebe
1858 2114 1904 2159 ich
1922 2124 1986 2160 an,
2008 2116 2085 2154 weil
2107 2116 2165 2154 der

1346 2164 1585 2211 umſtaͤndliche
1602 2165 1766 2211 Bericht,
1791 2165 1933 2210 welchen
1960 2164 2075 2209 Caͤſar
2095 2168 2165 2204 uns

1346 2216 1460 2254 davon
1475 2213 1669 2262 mittheilet,
1697 2216 1797 2262 dieſes
1817 2215 1940 2255 darinn
1957 2212 2167 2261 bekraͤftiget,

1346 2264 1413 2312 daß
1431 2273 1512 2304 man
1527 2264 1649 2304 darinn
1670 2264 1739 2312 ſehr
1760 2263 1898 2308 deutlich
1911 2263 2050 2312 gewahr
2067 2255 2166 2311 wird,

1347 2325 1381 2356 er
1410 2316 1497 2362 habe
1522 2312 1717 2365 anfaͤnglich
1740 2324 1805 2355 nur
1836 2313 1899 2355 mit
1918 2315 2024 2355 einem
2047 2313 2167 2360 Theile

1346 2366 1446 2411 ſeiner
1477 2365 1680 2414 Jnfanterie
1716 2365 1927 2413 geſchlagen,
1960 2365 2166 2413 unterdeſſen

1346 2415 1414 2461 daß
1435 2417 1490 2456 der
1513 2417 1694 2458 andere
1648 2411 1689 2463 in
1714 2414 1946 2465 Unthaͤtigkeit
1964 2416 2166 2459 verblieben,

1347 2468 1434 2514 nicht
1459 2468 1541 2508 aber
1556 2469 1618 2508 mit
1635 2468 1737 2515 ſeiner
1756 2475 1879 2515 ganzen
1891 2466 2090 2515 Jnfanterie
2103 2467 2170 2515 auf

1347 2518 1519 2564 einmahl;
1547 2518 1598 2558 die
1620 2523 1689 2559 aus
1702 2513 1752 2567 der
1755 2518 1916 2566 dritten
1935 2517 2021 2558 Linie
2035 2524 2189 2563 gezoge⸗

1339 2577 1412 2607 nen
1451 2564 1628 2613 Cohorten
1673 2570 1954 2612 ausgenommen.
2033 2566 2166 2613 Dieſes

1348 2614 1440 2665 haͤtte
1456 2617 1595 2666 indeſſen
1610 2619 1690 2665 doch
1709 2616 1880 2666 geſchehen
1892 2615 2038 2665 muͤſſen,
2065 2625 2166 2656 wenn

1347 2677 1381 2708 er
1401 2666 1483 2715 nach
1504 2669 1580 2708 dem
1603 2668 1851 2714 vorgegebenen
1874 2666 2083 2715 Grundſatze
2110 2668 2166 2707 der

1347 2719 1535 2766 Phalanx,
1561 2722 1627 2758 das
1650 2718 1689 2766 iſt,
1730 2719 1765 2757 in
1793 2717 1879 2757 einer
1898 2716 2039 2766 einzigen
2062 2716 2165 2763 Linie,

1344 2765 1534 2819 geſchlagen
1566 2768 1672 2807 haͤtte.
1723 2770 1793 2807 Jm
1821 2768 2044 2807 Gegentheile
2070 2770 2165 2815 aber,

1403 2818 1473 2864 Gg
1504 2830 1523 2861 3

2064 2818 2165 2863 nach⸗

520 2892 567 2933 (*)
588 2891 685 2930 Siehe
698 2888 857 2929 Geſchichte
870 2891 922 2923 des
936 2889 1113 2932 Polybius
1126 2894 1184 2924 von
1199 2886 1344 2929 Folard,
1364 2886 1423 2930 Th.
1442 2887 1509 2927 IV.,
1532 2888 1578 2925 S.
1593 2894 1652 2929 25,
1673 2884 1696 2926 f.
1719 2887 1779 2932 und
1795 2887 1884 2929 deſſen
1902 2897 1972 2924 neue
1986 2887 2164 2923 Entdeckun⸗

564 2936 636 2971 gen,
660 2928 689 2961 in
703 2928 951 2972 gegenwaͤrtigem
969 2932 1040 2965 VII.
1051 2930 1114 2974 Th.
1135 2927 1181 2965 S.
1194 2928 1247 2968 36.
