1191 1790
262 231 463 282 beſtaͤndiger
472 230 619 282 Kampff
634 230 725 275 uͤber
743 233 828 273 dem
847 224 1052 274 Glauben,

263 286 319 320 der
333 283 401 329 ihm
412 282 533 323 einmal
542 282 678 331 gegeben
689 282 744 329 iſt,
754 282 861 330 Epiſt.
871 283 970 331 Jud.
980 289 1011 320 v.
1022 293 1053 325 3.

264 333 351 376 Wo
366 342 438 373 nun
449 334 501 371 der
511 334 632 381 Teufel
647 331 792 377 mercket,
807 333 874 379 daß
891 332 1053 379 Chriſtus

263 384 365 429 durch
375 386 436 424 den
447 384 611 425 Glauben
627 381 763 430 beginne
781 381 815 424 in
824 385 878 423 der
888 383 995 426 Seele
1003 389 1055 429 ge⸗

266 431 373 476 ſtaltet
389 438 426 476 zu
438 430 602 475 werden,
629 430 673 471 da
700 430 790 476 hebet
806 440 835 470 er
849 429 882 478 ſo
910 431 979 478 fort
992 431 1054 471 den

263 483 410 531 Kampff
422 493 478 528 an,
493 486 563 525 und
582 483 684 531 ſuchet
698 483 746 524 die
762 482 922 532 ſchwache
939 483 1057 526 Glau⸗

263 533 491 580 bens⸗Krafft,
508 528 555 576 die
568 532 701 580 Chriſtum
730 533 832 578 faſſet,
841 542 879 577 zu
890 534 1055 578 verſchlin⸗

262 590 346 629 gen,
364 584 457 621 dann
474 581 516 621 ob
530 590 618 630 zwar
633 581 668 621 in
682 575 915 631 angefuͤhrten
932 576 1057 631 Worten

260 636 323 675 des
338 632 480 679 Teufels
491 632 579 680 nicht
588 632 723 681 gedacht
734 635 829 677 wird,
839 631 920 676 noch
935 630 1057 682 einiges

261 683 468 730 Kampffes,
493 685 596 721 den
556 679 590 721 er
612 686 646 726 in
662 684 708 724 der
732 678 823 728 Seele
842 690 990 727 erreget;
1022 682 1057 729 ſo

262 737 353 776 wird
371 737 451 779 doch
468 736 517 776 die
546 730 651 779 Welt,
664 735 719 776 als
736 734 783 777 die
800 735 896 785 rechte
913 733 1059 784 Feindin

261 783 323 823 des
338 782 543 825 Glaubens,
570 778 777 826 angefuͤhret,
804 783 875 819 dem
891 780 1059 822 Glauben

261 832 341 872 aber
350 832 495 871 dennoch
504 832 561 870 der
571 833 670 877 Sieg
680 830 761 870 uͤber
776 830 904 880 dieſelbe
915 829 1057 876 beygele⸗

261 888 328 928 get.
367 883 446 924 Der
457 884 597 923 Glaube
608 884 644 923 iſt
659 885 712 920 der
722 882 821 930 Sieg
836 884 889 924 der
913 875 970 929 die
980 876 1058 932 Welt

256 933 495 972 uͤberwunden
510 932 579 974 hat.
606 932 714 976 Was
724 933 808 979 ſonſt
822 934 870 975 die
896 926 968 981 Welt
993 932 1057 981 ſey,

261 979 326 1022 hat
342 981 475 1026 derſelbe
499 980 633 1028 Apoſtel
665 994 669 1015 I
686 978 927 1027 Joh.
797 977 833 1023 2.
839 977 867 1024 v.
877 981 925 1027 16.
955 980 1057 1023 durch

262 1030 536 1079 Augen⸗Luſt,
560 1024 747 1080 Fleiſches
769 1024 864 1081 Luſt,
880 1034 959 1074 und
969 1030 1059 1081 hof⸗

261 1078 435 1129 faͤrtiges
450 1078 562 1121 Leben
581 1078 800 1127 vorgeſtellet!
829 1078 962 1124 welches
972 1080 1060 1119 alles

261 1131 365 1176 durch
384 1130 432 1169 die
448 1130 566 1177 Krafft
589 1132 648 1169 des
662 1129 849 1169 Glaubens
876 1128 1057 1168 uͤberwun⸗

263 1177 351 1225 den,
379 1177 450 1219 und
467 1177 552 1227 ſamt
568 1178 651 1218 allen
668 1173 870 1225 Reitzungen
887 1176 957 1217 und
976 1176 1059 1217 Aer⸗

266 1227 421 1278 gerniſſen
438 1230 492 1269 der
509 1228 637 1278 aͤuſſern
653 1229 764 1276 Welt,
774 1226 904 1278 beſieget
921 1228 1019 1269 wird.

316 1280 407 1317 Wir
422 1278 539 1326 moͤgen
554 1280 631 1320 aber
656 1278 739 1323 auch
763 1278 862 1328 durch
877 1278 924 1320 die
934 1278 1061 1327 Welt,

268 1295 329 1361 des
339 1316 520 1356 Menſchen
533 1320 636 1365 eigene
644 1318 860 1372 Vernunfft,
870 1322 956 1370 ſam̃t
966 1320 1059 1376 ihren

269 1378 472 1424 mancherley
501 1375 759 1425 zweiffelhafften
776 1375 1056 1425 Einſtreuungen,

268 1424 447 1471 verſtehen;
459 1425 512 1465 als
523 1426 634 1474 welche
648 1420 707 1474 ſich
717 1425 769 1464 der
776 1423 978 1473 Kindlichen
992 1417 1060 1471 Ein⸗

270 1475 337 1519 falt
359 1475 416 1513 des
430 1473 615 1514 Glaubens
635 1480 692 1512 am
720 1472 846 1517 meiſten
860 1480 897 1516 zu
913 1471 1056 1520 widerſe⸗

272 1528 332 1566 tzen
345 1524 471 1571 pfleget.
525 1526 627 1569 Bald
637 1526 706 1576 haͤlt
717 1523 816 1573 ſie
782 1518 832 1570 der
827 1524 933 1568 Seele
945 1524 1022 1570 vor,
1022 1524 1057 1566 es

274 1570 322 1620 ſey
342 1563 420 1624 nicht
452 1560 589 1626 moͤglich
616 1574 647 1622 ſo
661 1581 694 1622 zu
695 1572 812 1621 leben:
842 1571 946 1617 Bald
965 1569 1057 1622 heiſſt
