1547 2326
339 320 475 376 durch
475 320 679 376 Johann
679 320 891 376 Bunian.

1031 318 1111 366 103

121 394 172 446 ſes
183 412 245 450 gar
252 402 313 440 viel
325 402 380 439 der
398 398 597 449 Handlung
608 396 669 436 des
685 395 840 445 Teuffels
852 395 916 435 mit
926 392 1043 440 unſern
1057 400 1109 429 er⸗

124 460 189 509 ſten
199 458 316 501 Eltern
327 455 443 499 Adam
457 458 528 498 und
541 454 619 496 Eva
630 452 798 501 gleichet/
813 455 882 493 und
906 451 972 498 daß
982 450 1031 491 ein
1045 448 1109 497 ſol⸗

126 517 192 559 cher
203 513 344 562 Menſch
355 513 440 560 nicht
454 513 568 557 GOtt
578 510 648 552 und
668 508 785 555 ſeinem
796 506 946 552 Wort/
968 506 1106 553 ſondern

124 569 191 609 dem
205 557 332 616 Teuffel
340 560 456 613 folget.
493 561 565 612 Jch
575 562 642 603 will
654 562 731 601 aber
744 560 845 606 dieſes
858 555 986 604 vorbey
986 554 1100 604 gehen.

177 616 283 660 Was
294 618 342 655 die
352 617 469 655 andere
483 611 595 664 Frage
608 610 781 657 belanget/
793 610 953 654 nemlich/
977 611 1055 648 was
1071 606 1104 654 ſo

123 671 179 712 ein
190 667 362 717 Menſch/
378 668 433 708 der
444 666 479 706 in
491 656 574 716 tieffe
586 663 770 710 Schulden
780 663 936 708 gerathen
950 660 1016 708 iſt/
1037 662 1109 699 und

127 716 216 762 nicht
228 718 293 755 das
304 711 511 761 Vermoͤgen
531 713 589 760 hat
605 707 717 761 ſelbige
732 715 770 756 zu
782 698 967 755 bezahlen/
987 710 1070 748 oder
1075 700 1113 753 es

124 771 214 819 nicht
224 767 339 818 laͤnger
347 768 530 817 aushalten
541 768 617 810 kan/
629 765 781 809 alsdann
792 766 876 809 thun
889 763 985 806 ſolle?
1020 761 1108 807 Da⸗

128 819 223 868 rauff
230 823 396 861 antworte
407 818 488 865 ich;
522 815 590 865 daß
608 816 659 857 ein
671 814 783 863 ſolcher
793 822 852 855 vor
861 812 946 854 allen
957 809 1109 858 Dingen

125 875 255 925 Sorge
266 873 390 925 trage/
411 871 478 920 daß
489 882 522 914 er
543 872 604 920 ſich
627 872 737 913 weiter
754 863 838 916 nicht
864 862 958 913 einen
951 865 1109 914 Pfening

125 927 229 978 tieffer
257 922 291 977 in
278 926 460 975 Schulden
470 925 574 973 ſtecke;
585 924 703 970 Dann
717 925 782 964 das
794 923 856 965 kan
867 931 900 964 er
915 922 980 961 mit
992 925 1110 963 gutem

127 979 297 1027 Gewiſſen
309 978 396 1025 nicht
405 976 515 1024 thun/
521 976 596 1017 weil
625 973 661 1020 er
657 974 720 1016 mit
738 971 963 1019 Vorbedacht
990 969 1109 1017 ſeinem

125 1029 278 1081 Nechſten
292 1029 327 1083 zu
348 1030 429 1080 kuͤrtz
436 1026 531 1077 thut/
533 1026 605 1073 und
618 1021 833 1076 beſchaͤdiget/
838 1017 907 1068 und
920 1024 988 1070 alſo
998 1024 1033 1063 in
1043 1023 1111 1063 das

129 1086 258 1135 Urtheil
268 1088 328 1128 des
339 1084 495 1131 Wortes
508 1082 665 1129 GOttes
676 1080 786 1133 faͤllet:
813 1079 907 1125 Der
919 1073 1112 1126 Gottloſe

129 1136 286 1193 borget
295 1137 385 1185 und
392 1133 576 1190 bezahlet
583 1126 726 1185 nicht/
726 1132 787 1184 Pſ.
798 1144 890 1184 37/2.
917 1131 975 1182 Ja
991 1142 1023 1172 er
1036 1133 1113 1179 thut

134 1192 217 1239 noch
226 1190 340 1241 aͤrger/
350 1190 423 1233 weil
432 1198 464 1231 er
476 1186 576 1238 dieſes
585 1186 744 1238 zuvorher
754 1184 847 1234 weiß.
861 1183 913 1230 Er
925 1191 1005 1232 mag
1016 1190 1116 1223 erwe⸗

131 1238 219 1294 gen/
215 1242 313 1292 durch
327 1245 404 1286 was
415 1239 541 1288 Mittel
553 1250 584 1280 er
598 1238 629 1289 ſo
639 1226 794 1285 herunter
807 1236 959 1279 kommen
955 1231 1022 1289 iſt/
1025 1236 1066 1278 ob
1078 1238 1115 1275 es

129 1303 232 1355 durch
264 1303 327 1355 ſein
340 1302 431 1354 eigen
451 1297 703 1349 Verſaͤumnuͤß
721 1300 799 1342 oder
811 1294 1114 1345 Verſchwendung

130 1352 321 1406 geſchehen/
337 1348 407 1403 oder
405 1355 506 1401 durch
516 1353 565 1396 die
576 1351 835 1397 unmittelbahre
847 1351 958 1402 Hand
967 1350 1115 1392 Gottes.

132 1408 297 1460 Befindet
304 1403 355 1454 er/
361 1402 425 1459 daß
436 1418 472 1448 er
480 1406 580 1453 durch
590 1406 653 1454 ſein
683 1398 770 1457 eigen
774 1398 913 1451 Schuld/
926 1403 1002 1442 oder
1015 1401 1117 1441 durch

131 1459 197 1506 ſein
213 1461 304 1507 eigen
320 1455 594 1511 Leichtſinnigkeit
601 1452 676 1502 von
679 1457 785 1497 einem
800 1454 865 1500 auf
873 1457 939 1495 das
960 1454 1061 1493 ander
1079 1459 1118 1496 zu

133 1509 235 1557 fallen
242 1503 450 1558 geſchehen/
484 1514 567 1552 mag
574 1515 608 1548 er
618 1505 681 1555 ſich
697 1503 912 1551 demuͤthigen
925 1504 997 1544 und
1005 1500 1119 1549 Buſſe

134 1564 234 1608 thun.
262 1560 421 1611 Wofern
430 1570 462 1601 er
471 1561 552 1601 aber
570 1560 671 1603 durch
690 1556 943 1604 Unterſuchung
960 1554 1116 1601 befindet/

134 1608 202 1659 daß
212 1615 249 1652 es
258 1610 370 1650 davon
381 1607 469 1653 nicht
481 1603 650 1654 herühret/
657 1598 819 1652 ſondern/
821 1592 885 1655 daß
894 1612 924 1642 er
934 1601 999 1642 mit
1014 1609 1120 1640 einem

137 1672 241 1711 guten
252 1662 424 1714 Gewiſſen
433 1664 531 1711 ſagen
543 1660 631 1708 kan:
644 1660 714 1711 Jch
722 1660 780 1701 bin
791 1659 879 1704 nicht
890 1660 1119 1702 ausgetretten

137 1723 207 1761 aus
218 1718 293 1761 dem
304 1713 379 1761 Ort
389 1715 467 1758 oder
477 1711 652 1760 Stande/
662 1714 698 1755 in
711 1710 848 1757 welchen
861 1710 945 1757 mich
959 1709 1120 1755 GOTT

139 1766 240 1823 durch
249 1771 329 1820 ſeine
340 1765 549 1817 Vorſehung
559 1764 714 1815 geſetzet/
743 1762 882 1813 ſondern
898 1763 979 1808 habe
991 1763 1075 1805 mich
1088 1774 1123 1800 in

141 1823 280 1867 meinem
289 1817 425 1871 Beruff
435 1827 481 1862 an
495 1817 611 1863 GOtt
624 1812 789 1866 gehalten/
797 1805 840 1861 ich
856 1813 937 1861 habe
950 1802 1067 1863 fleißig
1067 1802 1126 1860 ge⸗

141 1875 296 1927 arbeitet/
306 1872 381 1927 mich
399 1873 437 1925 in
446 1871 588 1915 meinem
597 1871 731 1917 Stand
745 1874 815 1912 und
828 1867 1002 1915 Kleidung
1016 1867 1127 1912 Buͤr⸗

144 1927 263 1975 gerlich
282 1927 485 1978 gehalten/
514 1927 585 1967 und
600 1924 720 1967 meiner
744 1920 945 1967 Creditoren
964 1922 1045 1965 Gut
1061 1930 1124 1960 we⸗

144 1983 199 2024 der
232 1987 297 2029 mit
338 1982 477 2032 Willen
522 1981 604 2028 noch
640 1974 837 2029 beylaͤufftig
875 1972 1133 2025 durchgebracht

145 2040 216 2080 und
242 2033 545 2089 verſchwendet/
557 2036 627 2078 und
667 2032 734 2082 daß
773 2032 842 2081 ihm
881 2032 995 2080 ſolcher
1018 2023 1137 2083 Unfall

145 2086 247 2143 durch
261 2090 312 2135 die
332 2084 595 2142 unmittelbahre
618 2083 727 2136 Hand
746 2084 945 2135 GOTTes
959 2082 1141 2134 begegnet/

602 2147 724 2197 Ggg
724 2147 769 2197 4

1097 2150 1152 2183 es
