1089 2219
82 308 163 373 Bey
158 313 393 365 Zubereitung
399 319 458 356 des
468 277 776 357 H.Abendmahls.

83 377 184 508 J

184 377 253 469 St
269 398 313 445 es
321 405 424 447 denn
435 394 488 441 in
503 395 702 448 Warheit
718 392 778 431 al⸗

189 458 242 503 ſo/
247 452 331 511 daß
340 448 473 500 GOtt
474 454 553 501 der
550 445 694 506 HErr
694 438 785 499 auf

91 503 219 571 Erden
225 513 401 569 wohnen
406 506 524 556 wil?
523 505 653 561 Sihe/
653 502 782 555 Herꝛ/

96 571 198 624 aller
210 566 405 633 Himmel
424 562 613 620 Himmel
629 564 784 608 koͤnnen

98 629 186 693 dich
195 632 297 694 nicht
321 621 563 687 begreiffen;
587 617 690 672 Wie
710 615 788 665 viel

100 689 271 748 weniger
300 686 407 735 wird
435 684 481 730 es
513 678 634 726 meine
662 685 797 722 arme

105 753 225 806 Seele
233 751 338 808 thun
357 740 536 798 koͤnnen/
554 736 633 792 daß
641 733 688 790 ſie
710 732 792 790 dich

104 803 313 854 empfahen
340 801 473 862 ſolte?
506 798 623 854 Doch
649 795 724 845 wie
749 797 796 842 es

109 857 195 914 dein
203 861 355 918 Wille/
371 853 452 913 daß
452 853 513 911 du
522 857 572 909 zu
593 847 676 896 mir
690 846 799 893 kom⸗

113 927 229 978 men/
256 925 335 972 das
349 909 601 971 Abendmahl
618 906 695 955 mit
711 903 802 963 mir

114 974 267 1032 halten/
273 973 363 1032 und
354 968 487 1031 deine
493 966 715 1019 Wohnung
729 963 802 1008 bey

118 1037 198 1086 mir
208 1036 364 1089 machen
372 1027 495 1086 wilſt/
510 1028 546 1082 ſo
553 1022 718 1078 muß
665 1024 728 1080 ich
727 1023 806 1079 vol⸗

115 1088 176 1138 ler
189 1087 533 1148 Verwunderung
546 1078 809 1132 ausbrechen:

122 1139 242 1205 Was
250 1141 296 1196 iſt
305 1152 373 1185 der
386 1141 565 1199 Menſch/
573 1137 658 1197 daß
667 1147 720 1189 du
733 1134 811 1191 ſein

93 1200 362 1260 gedenckeſt?
385 1201 487 1253 Und
510 1199 580 1248 des
594 1192 816 1249 Menſchen

129 1259 257 1306 Kind/
273 1257 345 1313 daß
359 1259 405 1306 du
419 1255 496 1313 dich
510 1255 632 1305 ſeiner
653 1253 818 1309 annim⸗

126 1317 257 1368 meſt?
301 1311 396 1366 Bin
410 1317 465 1374 ich
480 1316 568 1366 doch
587 1308 820 1368 auſſaͤtziger

128 1371 200 1421 als
218 1369 400 1429 Gehaſi/
432 1375 622 1426 unreiner
649 1365 722 1427 als
738 1369 821 1431 jene

131 1431 385 1492 Suͤnderin/
404 1431 560 1483 lahmer
576 1439 641 1479 als
656 1433 827 1481 Mephi⸗

136 1488 274 1550 boſeth
292 1494 356 1544 dir
381 1486 706 1548 nachzufolgen/
736 1492 826 1532 und

140 1541 292 1603 blinder
308 1547 374 1611 als
401 1542 693 1596 Bartimeus/
728 1546 829 1590 ohne

143 1597 235 1659 dein
235 1598 349 1660 Licht
354 1605 430 1661 das
450 1603 591 1657 wahre
594 1598 700 1653 Licht
716 1601 764 1659 zu
780 1595 829 1650 ſe⸗

148 1659 240 1717 hen.
285 1657 406 1721 Aber
409 1661 574 1728 HErr/
594 1658 634 1717 ſo
650 1666 706 1706 du
722 1651 835 1709 wilt/

146 1711 287 1771 kanſtu
303 1719 403 1768 mich
418 1721 503 1774 wol
515 1717 704 1780 reinigen.
755 1709 835 1773 So

148 1769 281 1832 ſchaffe
287 1789 375 1827 nun
389 1777 434 1829 in
439 1779 523 1837 mir
534 1776 595 1827 ein
605 1773 692 1825 rein
699 1769 837 1825 Hertz/

148 1837 237 1882 und
244 1832 309 1887 gib
319 1838 401 1891 mir
408 1837 516 1890 einen
525 1835 652 1887 neuen
657 1818 840 1889 gewiſſen

156 1888 285 1949 Geiſt:
309 1889 520 1944 Verwirff
533 1897 632 1944 mich
646 1887 749 1939 nicht
757 1887 842 1934 von
