<PcGts xmlns="http://schema.primaresearch.org/PAGE/gts/pagecontent/2019-07-15" xmlns:xsi="http://www.w3.org/2001/XMLSchema-instance" xsi:schemaLocation="http://schema.primaresearch.org/PAGE/gts/pagecontent/2019-07-15 http://schema.primaresearch.org/PAGE/gts/pagecontent/2019-07-15/pagecontent.xsd" pcGtsId="OCR-D-GT-FULLTEXT-REPAIR-482">
  <Metadata>
    <Creator>OCR-D DFG Phase III</Creator>
    <Created>2024-01-19T13:08:49Z</Created>
    <LastChange>2024-01-19T13:08:49Z</LastChange>
    <Comments>ODEM: OCR-D extension for mass digitization (2021-2024)</Comments>
    <MetadataItem type="processingStep" name="layout/segmentation/region" value="ocrd-segment-repair">
      <Labels externalModel="ocrd-tool" externalId="parameters">
        <Label value="False" type="sanitize"/>
        <Label value="5" type="sanitize_padding"/>
        <Label value="0" type="simplify"/>
        <Label value="False" type="plausibilize"/>
        <Label value="0.9" type="plausibilize_merge_min_overlap"/>
        <Label value="0" type="spread"/>
        <Label value="region" type="spread_level"/>
      </Labels>
      <Labels externalModel="ocrd-tool" externalId="version">
        <Label value="0.1.24" type="ocrd-segment-repair"/>
        <Label value="2.65.0" type="ocrd/core"/>
      </Labels>
    </MetadataItem>
  </Metadata>
  <Page imageFilename="https://opendata.uni-halle.de/retrieve/edb8b3a6-dedf-45f2-86f7-a2a4fe2a364b/00000143.jpg" imageWidth="1718" imageHeight="2600" type="content" primaryLanguage="German">
    <Border>
      <Coords points="194,284 1210,284 1210,2196 194,2196"/>
    </Border>
    <ReadingOrder>
      <OrderedGroup id="ro_1683201926028" caption="Regions reading order">
        <RegionRefIndexed index="0" regionRef="TextRegion_1675250359931_5733"/>
        <RegionRefIndexed index="1" regionRef="TextRegion_1675250359931_5732"/>
        <RegionRefIndexed index="2" regionRef="region0001"/>
        <RegionRefIndexed index="3" regionRef="region0002"/>
        <RegionRefIndexed index="4" regionRef="region0003"/>
      </OrderedGroup>
    </ReadingOrder>
    <TextRegion id="TextRegion_1675250359931_5733" custom="readingOrder {index:0;} structure {type:header;}" orientation="0.5641273" type="header" readingDirection="left-to-right">
      <Coords points="409,291 1048,291 1048,363 409,363"/>
      <TextLine id="line_1675250359969_5736" custom="readingOrder {index:0;}">
        <Coords points="409,303 494,300 526,305 531,298 541,297 551,298 557,304 664,302 674,300 685,293 699,291 768,293 788,291 794,297 826,299 870,297 891,292 1048,292 1048,341 965,343 923,348 812,350 788,352 781,356 732,360 659,361 629,356 588,355 522,358 493,362 409,363"/>
        <Baseline points="409,355 531,347 721,349 973,332 1048,333"/>
        <Word id="region0000_line0001_word0000" custom="readingOrder {index:0;}">
          <Coords points="683,358 682,307 414,310 415,361 507,359 522,358 588,355 629,356 643,358"/>
          <TextEquiv conf="0.9270741">
            <Unicode>Offenbarung</Unicode>
          </TextEquiv>
        </Word>
        <Word id="region0000_line0001_word0001" custom="readingOrder {index:1;}">
          <Coords points="912,304 709,306 710,356 782,355 788,352 812,350 912,348"/>
          <TextEquiv conf="0.9237782">
            <Unicode>Johannes</Unicode>
          </TextEquiv>
        </Word>
        <Word id="region0000_line0001_word0002" custom="readingOrder {index:2;}">
          <Coords points="999,307 938,308 938,346 965,343 999,342"/>
          <TextEquiv conf="0.88444227">
            <Unicode>VI.</Unicode>
          </TextEquiv>
        </Word>
        <TextEquiv conf="0.9128291">
          <Unicode>Offenbarung Johannes VI.</Unicode>
        </TextEquiv>
      </TextLine>
      <TextEquiv>
        <Unicode>Offenbarung Johannes VI. 135</Unicode>
      </TextEquiv>
    </TextRegion>
    <TextRegion id="TextRegion_1675250359931_5732" custom="readingOrder {index:1;} structure {type:page-number;}" orientation="0.5641273" type="page-number" readingDirection="left-to-right">
      <Coords points="1048,291 1184,291 1184,363 1048,363"/>
      <TextLine id="line_1675250359969_5735" custom="readingOrder {index:0;}">
        <Coords points="1048,292 1063,292 1064,296 1183,292 1184,346 1112,348 1100,346 1089,338 1066,338 1050,341 1048,341"/>
        <Baseline points="1048,333 1184,335"/>
        <Word id="region0000_line0001_word0003" custom="readingOrder {index:0;}">
          <Coords points="1180,312 1116,313 1116,347 1180,346"/>
          <TextEquiv conf="0.9160218">
            <Unicode>135</Unicode>
          </TextEquiv>
        </Word>
        <TextEquiv conf="0.9128291">
          <Unicode>135</Unicode>
        </TextEquiv>
      </TextLine>
      <TextEquiv>
        <Unicode>Offenbarung Johannes VI. 135</Unicode>
      </TextEquiv>
    </TextRegion>
    <TextRegion id="region0001" custom="readingOrder {index:2;}" orientation="0.5641273" readingDirection="left-to-right">
      <Coords points="201,384 1188,384 1188,862 201,862"/>
      <TextLine id="region0001_line0001" custom="readingOrder {index:0;}">
        <Coords points="813,385 804,394 799,394 793,388 783,388 778,392 771,389 757,393 717,391 704,396 695,391 686,391 679,400 604,404 592,404 584,395 569,398 544,394 507,397 488,404 478,399 468,399 462,407 454,409 376,407 368,402 360,402 353,409 347,409 340,403 329,403 323,412 260,415 240,415 235,406 225,403 201,404 202,456 227,457 235,460 352,456 386,457 399,461 405,457 428,457 456,451 600,449 618,452 668,443 809,438 914,440 926,438 944,440 953,445 968,439 1019,437 1027,438 1035,444 1054,444 1060,439 1100,434 1128,433 1133,438 1142,438 1148,432 1188,430 1187,388 1157,389 1154,385 1129,385 1126,389 1120,389 1116,385 1096,387 1076,384 1073,387 1036,393 987,395 973,387 960,386 910,385 904,391 900,385 891,384"/>
        <Baseline points="202,446 414,446 792,428 1188,420"/>
        <Word id="region0001_line0001_word0000" custom="readingOrder {index:0;}">
          <Coords points="212,442 272,441 271,414 260,415 240,415 235,406 225,403 211,403"/>
          <TextEquiv conf="0.92985237">
            <Unicode>ben</Unicode>
          </TextEquiv>
        </Word>
        <Word id="region0001_line0001_word0001" custom="readingOrder {index:1;}">
          <Coords points="298,445 402,444 401,407 376,407 368,402 360,402 353,409 347,409 340,403 329,403 323,412 297,413"/>
          <TextEquiv conf="0.93281907">
            <Unicode>wird;</Unicode>
          </TextEquiv>
        </Word>
        <Word id="region0001_line0001_word0002" custom="readingOrder {index:2;}">
          <Coords points="466,401 462,407 454,409 432,408 433,437 493,436 492,402 488,404 482,401"/>
          <TextEquiv conf="0.9329156">
            <Unicode>mit</Unicode>
          </TextEquiv>
        </Word>
        <Word id="region0001_line0001_word0003" custom="readingOrder {index:3;}">
          <Coords points="519,397 520,444 625,443 624,402 604,404 592,404 585,396 576,396 569,398 560,396"/>
          <TextEquiv conf="0.92200255">
            <Unicode>Krieg</Unicode>
          </TextEquiv>
        </Word>
        <Word id="region0001_line0001_word0004" custom="readingOrder {index:4;}">
          <Coords points="654,434 736,433 735,398 680,398 679,400 653,401"/>
          <TextEquiv conf="0.93024635">
            <Unicode>wird</Unicode>
          </TextEquiv>
        </Word>
        <Word id="region0001_line0001_word0005" custom="readingOrder {index:5;}">
          <Coords points="761,400 810,400 811,433 762,433"/>
          <TextEquiv conf="0.93024635">
            <Unicode>die</Unicode>
          </TextEquiv>
        </Word>
        <Word id="region0001_line0001_word0006" custom="readingOrder {index:6;}">
          <Coords points="836,395 836,438 914,440 926,438 944,440 947,441 960,441 968,439 1019,437 1027,438 1031,441 1055,441 1054,393 1030,393 987,395 984,393"/>
          <TextEquiv>
            <Unicode>Einfuͤhrung</Unicode>
          </TextEquiv>
        </Word>
        <Word id="region0001_line0001_word0007" custom="readingOrder {index:7;}">
          <Coords points="1178,392 1080,393 1081,434 1108,434 1128,433 1129,434 1147,433 1148,432 1179,430"/>
          <TextEquiv conf="0.92914015">
            <Unicode>dieſer</Unicode>
          </TextEquiv>
        </Word>
        <TextEquiv>
          <Unicode>ben wird; mit Krieg wird die Einfuͤhrung dieſer</Unicode>
        </TextEquiv>
      </TextLine>
      <TextLine id="region0001_line0002" custom="readingOrder {index:1;}">
        <Coords points="866,440 856,444 851,449 844,443 834,443 828,449 821,444 812,444 805,449 773,453 768,453 761,445 752,446 745,455 730,456 675,457 664,450 652,449 618,453 583,450 575,455 573,461 541,460 536,455 527,455 520,460 485,464 424,466 390,460 382,462 342,459 316,462 301,471 202,474 202,515 364,514 417,508 469,507 484,508 488,515 494,515 509,508 550,505 679,502 689,508 704,508 713,501 824,492 1046,494 1059,499 1071,493 1128,488 1187,488 1188,446 1086,449 1079,441 1069,441 1062,451 1042,451 1027,449 1019,441 1006,442 1001,446 979,446 966,443 953,446 937,440"/>
        <Baseline points="202,505 657,494 819,482 1188,477"/>
        <Word id="region0001_line0002_word0000" custom="readingOrder {index:0;}">
          <Coords points="212,492 314,491 314,465 310,465 301,471 212,473"/>
          <TextEquiv conf="0.9236443">
            <Unicode>neuen</Unicode>
          </TextEquiv>
        </Word>
        <Word id="region0001_line0002_word0001" custom="readingOrder {index:1;}">
          <Coords points="333,499 501,497 501,462 485,464 424,466 390,460 382,462 342,459 333,460"/>
          <TextEquiv conf="0.92649007">
            <Unicode>Ordnung</Unicode>
          </TextEquiv>
        </Word>
        <Word id="region0001_line0002_word0002" custom="readingOrder {index:2;}">
          <Coords points="527,489 581,488 581,453 578,453 575,455 573,461 541,460 536,455 527,455"/>
          <TextEquiv conf="0.9315128">
            <Unicode>der</Unicode>
          </TextEquiv>
        </Word>
        <Word id="region0001_line0002_word0003" custom="readingOrder {index:3;}">
          <Coords points="637,450 618,453 608,452 608,495 724,494 724,456 675,457 664,450"/>
          <TextEquiv conf="0.92801976">
            <Unicode>Dinge</Unicode>
          </TextEquiv>
        </Word>
        <Word id="region0001_line0002_word0004" custom="readingOrder {index:4;}">
          <Coords points="752,451 752,485 783,484 783,451 773,453 768,453 765,450"/>
          <TextEquiv conf="0.9317374">
            <Unicode>in</Unicode>
          </TextEquiv>
        </Word>
        <Word id="region0001_line0002_word0005" custom="readingOrder {index:5;}">
          <Coords points="812,452 860,452 860,485 812,485"/>
          <TextEquiv conf="0.9302282">
            <Unicode>die</Unicode>
          </TextEquiv>
        </Word>
        <Word id="region0001_line0002_word0006" custom="readingOrder {index:6;}">
          <Coords points="885,450 980,449 980,484 885,485"/>
          <TextEquiv conf="0.5413841">
            <Unicode>Welt</Unicode>
          </TextEquiv>
        </Word>
        <Word id="region0001_line0002_word0007" custom="readingOrder {index:7;}">
          <Coords points="1008,449 1008,493 1081,492 1128,488 1179,488 1179,447 1137,447 1086,449 1085,448 1064,448 1062,451 1042,451 1027,449 1027,449"/>
          <TextEquiv conf="0.9247758">
            <Unicode>beginnen.</Unicode>
          </TextEquiv>
        </Word>
        <TextEquiv conf="0.8797241">
          <Unicode>neuen Ordnung der Dinge in die Welt beginnen.</Unicode>
        </TextEquiv>
      </TextLine>
      <TextLine id="region0001_line0003" custom="readingOrder {index:2;}">
        <Coords points="865,493 856,507 733,509 726,504 710,504 704,512 698,513 629,517 613,517 605,506 593,506 582,513 541,509 508,510 478,519 471,516 462,517 451,511 441,511 434,514 428,522 408,523 338,524 331,518 319,518 312,525 306,525 299,523 292,516 279,519 205,520 202,521 201,578 285,578 340,573 412,572 429,573 434,579 441,580 447,572 453,570 490,566 517,566 522,570 552,574 567,571 577,566 597,572 617,565 852,554 857,554 863,560 870,561 876,558 879,552 891,551 998,552 1011,556 1101,553 1109,558 1125,552 1188,550 1187,501 1136,504 1130,494 1113,492 1105,496 1093,493 1087,498 1000,496 969,504 912,505 907,495 893,494 889,505 883,494"/>
        <Baseline points="201,569 539,562 888,541 1188,540"/>
        <Word id="region0001_line0003_word0000" custom="readingOrder {index:0;}">
          <Coords points="214,563 336,562 336,522 331,518 319,518 312,525 306,525 299,523 292,516 279,519 214,519"/>
          <TextEquiv conf="0.75877494">
            <Unicode>(Dies</Unicode>
          </TextEquiv>
        </Word>
        <Word id="region0001_line0003_word0001" custom="readingOrder {index:1;}">
          <Coords points="368,563 493,562 493,514 478,519 471,516 462,517 451,511 441,511 434,514 428,522 408,523 368,523"/>
          <TextEquiv conf="0.9216206">
            <Unicode>wußte</Unicode>
          </TextEquiv>
        </Word>
        <Word id="region0001_line0003_word0002" custom="readingOrder {index:2;}">
          <Coords points="525,510 525,563 695,561 730,559 730,508 706,508 704,512 698,513 629,517 613,517 607,509 587,509 582,513 548,509"/>
          <TextEquiv conf="0.92106265">
            <Unicode>Johannes</Unicode>
          </TextEquiv>
        </Word>
        <Word id="region0001_line0003_word0003" custom="readingOrder {index:3;}">
          <Coords points="762,515 837,515 837,550 762,550"/>
          <TextEquiv conf="0.9276717">
            <Unicode>von</Unicode>
          </TextEquiv>
        </Word>
        <Word id="region0001_line0003_word0004" custom="readingOrder {index:4;}">
          <Coords points="863,505 863,557 877,557 879,552 891,551 990,552 990,504 952,504 912,505 912,505 889,505 889,505 889,505"/>
          <TextEquiv conf="0.91334116">
            <Unicode>ſeinem</Unicode>
          </TextEquiv>
        </Word>
        <Word id="region0001_line0003_word0005" custom="readingOrder {index:5;}">
          <Coords points="1180,504 1018,506 1018,555 1101,553 1104,554 1117,554 1125,552 1180,550"/>
          <TextEquiv conf="0.92107743">
            <Unicode>Meiſter.</Unicode>
          </TextEquiv>
        </Word>
        <TextEquiv conf="0.8939247">
          <Unicode>(Dies wußte Johannes von ſeinem Meiſter.</Unicode>
        </TextEquiv>
      </TextLine>
      <TextLine id="region0001_line0004" custom="readingOrder {index:3;}">
        <Coords points="993,553 988,554 983,560 934,556 930,559 908,559 890,563 885,558 877,558 868,565 772,567 753,572 690,576 650,575 641,568 631,568 624,572 607,570 596,573 577,567 567,572 549,575 522,571 517,567 453,571 447,573 441,581 421,581 415,574 404,574 396,581 375,580 354,575 317,575 285,579 201,579 202,633 385,628 397,629 405,636 420,636 426,630 442,630 471,622 576,617 582,623 592,623 599,617 649,616 678,609 704,610 706,616 712,620 727,620 780,616 807,607 892,608 946,602 1090,605 1187,602 1188,564 1153,563 1120,556 1109,559 1101,554 1049,562 1021,562 1013,561 1005,554"/>
        <Baseline points="202,622 424,619 658,602 757,606 930,593 1188,592"/>
        <Word id="region0001_line0004_word0000" custom="readingOrder {index:0;}">
          <Coords points="214,615 266,614 265,579 213,579"/>
          <TextEquiv conf="0.9293178">
            <Unicode>S.</Unicode>
          </TextEquiv>
        </Word>
        <Word id="region0001_line0004_word0001" custom="readingOrder {index:1;}">
          <Coords points="302,620 432,619 431,581 421,581 415,574 404,574 396,581 375,580 354,575 317,575 301,576"/>
          <TextEquiv conf="0.92023987">
            <Unicode>Matth.</Unicode>
          </TextEquiv>
        </Word>
        <Word id="region0001_line0004_word0002" custom="readingOrder {index:2;}">
          <Coords points="507,568 456,571 457,612 594,611 593,572 577,567 577,567 567,572 549,575 522,571 518,568"/>
          <TextEquiv>
            <Unicode>XXlIl,</Unicode>
          </TextEquiv>
        </Word>
        <Word id="region0001_line0004_word0003" custom="readingOrder {index:3;}">
          <Coords points="633,573 641,573 641,604 633,604"/>
          <TextEquiv conf="0.5428805">
            <Unicode>6</Unicode>
          </TextEquiv>
        </Word>
        <Word id="region0001_line0004_word0004" custom="readingOrder {index:4;}">
          <Coords points="660,586 700,586 700,592 660,592"/>
          <TextEquiv conf="0.8816788">
            <Unicode>—</Unicode>
          </TextEquiv>
        </Word>
        <Word id="region0001_line0004_word0005" custom="readingOrder {index:5;}">
          <Coords points="719,577 772,576 773,610 720,611"/>
          <TextEquiv conf="0.92082673">
            <Unicode>9.;</Unicode>
          </TextEquiv>
        </Word>
        <Word id="region0001_line0004_word0006" custom="readingOrder {index:6;}">
          <Coords points="818,571 893,570 893,603 818,604"/>
          <TextEquiv conf="0.92141294">
            <Unicode>nach</Unicode>
          </TextEquiv>
        </Word>
        <Word id="region0001_line0004_word0007" custom="readingOrder {index:7;}">
          <Coords points="1050,603 1050,565 937,566 937,603 946,602 1010,603"/>
          <TextEquiv conf="0.92294836">
            <Unicode>dieſem</Unicode>
          </TextEquiv>
        </Word>
        <Word id="region0001_line0004_word0008" custom="readingOrder {index:8;}">
          <Coords points="1093,567 1183,566 1183,599 1093,600"/>
          <TextEquiv>
            <Unicode>Aus⸗</Unicode>
          </TextEquiv>
        </Word>
        <TextEquiv>
          <Unicode>S. Matth. XXlIl, 6 — 9.; nach dieſem Aus⸗</Unicode>
        </TextEquiv>
      </TextLine>
      <TextLine id="region0001_line0005" custom="readingOrder {index:4;}">
        <Coords points="968,603 948,606 939,617 917,618 911,611 901,610 891,612 883,620 831,623 817,623 812,615 802,614 795,621 787,617 778,617 772,621 742,625 735,620 699,619 693,627 684,628 682,621 675,617 619,617 614,622 613,633 585,633 579,624 568,624 562,630 554,633 537,633 528,627 519,627 513,631 507,625 497,625 489,632 450,638 336,641 320,640 313,632 303,632 294,640 238,643 231,634 219,634 210,640 202,640 201,690 216,694 235,694 240,689 268,686 304,685 312,688 321,685 500,676 580,675 591,680 608,676 619,680 656,681 700,670 718,676 724,675 728,670 873,661 882,661 887,667 893,668 903,661 945,659 1051,660 1059,667 1071,666 1079,660 1121,660 1125,663 1137,660 1188,660 1188,618 1137,617 1131,608 1121,608 1111,616 1104,610 1094,610 1087,617 1042,617 1040,608 1030,604"/>
        <Baseline points="201,679 476,666 643,667 933,649 1188,650"/>
        <Word id="region0001_line0005_word0000" custom="readingOrder {index:0;}">
          <Coords points="215,677 342,676 340,640 336,641 320,640 313,632 303,632 294,640 238,643 231,634 219,634 213,638"/>
          <TextEquiv conf="0.92606956">
            <Unicode>ſpruche</Unicode>
          </TextEquiv>
        </Word>
        <Word id="region0001_line0005_word0001" custom="readingOrder {index:1;}">
          <Coords points="362,672 472,671 470,634 450,638 360,640"/>
          <TextEquiv conf="0.9263302">
            <Unicode>waren</Unicode>
          </TextEquiv>
        </Word>
        <Word id="region0001_line0005_word0002" custom="readingOrder {index:2;}">
          <Coords points="497,659 617,658 617,619 614,622 613,633 585,633 579,624 568,624 562,630 554,633 537,633 528,627 519,627 513,631 507,625 497,625"/>
          <TextEquiv conf="0.92802733">
            <Unicode>blutige</Unicode>
          </TextEquiv>
        </Word>
        <Word id="region0001_line0005_word0003" custom="readingOrder {index:3;}">
          <Coords points="637,660 752,659 752,623 742,625 735,620 699,619 693,627 684,628 682,621 675,617 637,617"/>
          <TextEquiv conf="0.92902803">
            <Unicode>Zwiſte</Unicode>
          </TextEquiv>
        </Word>
        <Word id="region0001_line0005_word0004" custom="readingOrder {index:4;}">
          <Coords points="801,615 795,621 787,617 778,617 778,650 826,650 826,623 817,623 812,615"/>
          <TextEquiv conf="0.9316288">
            <Unicode>die</Unicode>
          </TextEquiv>
        </Word>
        <Word id="region0001_line0005_word0005" custom="readingOrder {index:5;}">
          <Coords points="887,615 883,620 854,621 854,657 950,656 950,615 940,615 939,617 917,618 914,615"/>
          <TextEquiv conf="0.93102366">
            <Unicode>erſten</Unicode>
          </TextEquiv>
        </Word>
        <Word id="region0001_line0005_word0006" custom="readingOrder {index:6;}">
          <Coords points="978,610 978,657 1181,655 1181,617 1137,617 1131,608 1120,608 1111,616 1104,610 1094,610 1087,617 1042,617 1040,609"/>
          <TextEquiv conf="0.92569894">
            <Unicode>Vorzeichen</Unicode>
          </TextEquiv>
        </Word>
        <TextEquiv conf="0.92825806">
          <Unicode>ſpruche waren blutige Zwiſte die erſten Vorzeichen</Unicode>
        </TextEquiv>
      </TextLine>
      <TextLine id="region0001_line0006" custom="readingOrder {index:5;}">
        <Coords points="925,661 903,662 893,669 892,675 844,675 838,670 828,670 822,675 782,678 778,672 768,671 762,676 757,673 718,677 680,675 668,681 658,683 618,683 615,679 602,677 590,684 586,677 569,676 563,677 556,688 471,681 440,683 420,692 378,695 346,695 336,688 312,689 304,686 278,688 269,696 256,698 208,694 201,696 202,742 334,743 379,738 385,745 398,746 407,738 426,737 428,745 432,747 452,748 456,745 466,744 473,747 497,747 521,735 535,734 560,733 572,737 578,733 679,731 695,733 698,737 712,737 715,733 757,733 762,728 776,725 846,719 960,719 996,714 1188,713 1188,670 1158,671 1130,666 1059,668 1054,664 1042,663 1033,663 1026,667 1021,662 1012,662 999,671 967,673 956,661"/>
        <Baseline points="202,731 435,727 480,737 516,725 723,722 834,709 1188,703"/>
        <Word id="region0001_line0006_word0000" custom="readingOrder {index:0;}">
          <Coords points="211,719 269,718 268,696 256,698 210,694"/>
          <TextEquiv conf="0.93022317">
            <Unicode>des</Unicode>
          </TextEquiv>
        </Word>
        <Word id="region0001_line0006_word0001" custom="readingOrder {index:1;}">
          <Coords points="288,724 438,723 437,684 420,692 378,695 346,695 336,688 312,689 304,686 287,687"/>
          <TextEquiv conf="0.92492706">
            <Unicode>Sturzes</Unicode>
          </TextEquiv>
        </Word>
        <Word id="region0001_line0006_word0002" custom="readingOrder {index:2;}">
          <Coords points="460,726 715,724 714,676 680,675 668,681 658,683 618,683 615,679 602,677 590,684 586,677 569,676 563,677 556,688 471,681 459,681"/>
          <TextEquiv conf="0.7114032">
            <Unicode>Jeruſalems,</Unicode>
          </TextEquiv>
        </Word>
        <Word id="region0001_line0006_word0003" custom="readingOrder {index:3;}">
          <Coords points="745,676 746,719 812,718 811,676 782,678 780,675 762,676 762,676 762,676"/>
          <TextEquiv conf="0.92598397">
            <Unicode>hier</Unicode>
          </TextEquiv>
        </Word>
        <Word id="region0001_line0006_word0004" custom="readingOrder {index:4;}">
          <Coords points="829,677 886,676 887,709 830,710"/>
          <TextEquiv conf="0.92944014">
            <Unicode>des</Unicode>
          </TextEquiv>
        </Word>
        <Word id="region0001_line0006_word0005" custom="readingOrder {index:5;}">
          <Coords points="906,672 907,711 1097,709 1096,670 998,671 967,673 965,671"/>
          <TextEquiv conf="0.93085486">
            <Unicode>Sinnbilds</Unicode>
          </TextEquiv>
        </Word>
        <Word id="region0001_line0006_word0006" custom="readingOrder {index:6;}">
          <Coords points="1122,677 1180,676 1181,708 1123,709"/>
          <TextEquiv conf="0.9276412">
            <Unicode>des</Unicode>
          </TextEquiv>
        </Word>
        <TextEquiv conf="0.89721054">
          <Unicode>des Sturzes Jeruſalems, hier des Sinnbilds des</Unicode>
        </TextEquiv>
      </TextLine>
      <TextLine id="region0001_line0007" custom="readingOrder {index:6;}">
        <Coords points="1001,716 991,722 989,730 968,728 961,722 950,722 945,726 936,723 898,726 893,721 885,721 874,729 838,733 799,731 776,734 770,729 762,729 755,736 741,738 690,738 686,733 674,732 668,738 636,741 630,735 578,734 568,738 560,734 535,735 521,736 497,748 456,746 452,749 426,747 378,750 367,749 360,741 351,742 342,748 332,750 285,752 277,746 263,749 236,745 202,745 201,806 247,805 260,799 296,795 339,796 344,804 357,804 365,799 366,795 409,792 461,795 511,793 523,789 581,788 632,784 719,783 725,788 734,788 744,782 756,781 765,780 772,786 787,786 796,780 831,777 881,775 886,780 896,780 903,775 930,773 959,774 978,778 1015,779 1052,772 1187,769 1188,766 1188,725 1139,723 1134,719 1086,725 1082,717 1069,716 1057,728 1027,728 1021,721 1010,716"/>
        <Baseline points="202,796 281,785 1188,759"/>
        <Word id="region0001_line0007_word0000" custom="readingOrder {index:0;}">
          <Coords points="211,782 475,779 475,746 456,746 452,749 426,747 378,750 367,749 360,741 351,742 342,748 332,750 285,752 277,746 263,749 236,745 211,745"/>
          <TextEquiv conf="0.9252379">
            <Unicode>Judenthums.)</Unicode>
          </TextEquiv>
        </Word>
        <Word id="region0001_line0007_word0001" custom="readingOrder {index:1;}">
          <Coords points="537,770 710,768 710,738 690,738 686,733 674,732 668,738 636,741 630,735 578,734 568,738 560,734 537,734"/>
          <TextEquiv>
            <Unicode>Vielleicht</Unicode>
          </TextEquiv>
        </Word>
        <Word id="region0001_line0007_word0002" custom="readingOrder {index:2;}">
          <Coords points="759,731 755,736 741,738 727,738 727,773 808,772 808,731 800,731 798,731 776,734 772,731"/>
          <TextEquiv conf="0.92822266">
            <Unicode>zeigt</Unicode>
          </TextEquiv>
        </Word>
        <Word id="region0001_line0007_word0003" custom="readingOrder {index:3;}">
          <Coords points="825,770 902,769 902,727 876,727 874,729 838,733 825,732"/>
          <TextEquiv conf="0.93175644">
            <Unicode>auch</Unicode>
          </TextEquiv>
        </Word>
        <Word id="region0001_line0007_word0004" custom="readingOrder {index:4;}">
          <Coords points="927,730 976,729 976,763 927,764"/>
          <TextEquiv conf="0.9286325">
            <Unicode>die</Unicode>
          </TextEquiv>
        </Word>
        <Word id="region0001_line0007_word0005" custom="readingOrder {index:5;}">
          <Coords points="996,724 996,770 1103,769 1103,723 1101,723 1086,725 1085,723 1061,723 1057,728 1027,728 1023,723"/>
          <TextEquiv conf="0.92765784">
            <Unicode>Farbe</Unicode>
          </TextEquiv>
        </Word>
        <Word id="region0001_line0007_word0006" custom="readingOrder {index:6;}">
          <Coords points="1124,728 1183,727 1183,761 1124,762"/>
          <TextEquiv conf="0.92467046">
            <Unicode>des</Unicode>
          </TextEquiv>
        </Word>
        <TextEquiv>
          <Unicode>Judenthums.) Vielleicht zeigt auch die Farbe des</Unicode>
        </TextEquiv>
      </TextLine>
      <TextLine id="region0001_line0008" custom="readingOrder {index:7;}">
        <Coords points="664,786 654,797 647,797 640,788 630,788 622,798 596,799 552,801 545,798 528,799 512,794 438,795 394,805 375,804 370,800 364,800 357,805 311,807 305,802 297,802 291,807 271,809 263,800 237,807 201,807 201,862 262,861 267,857 307,854 558,843 599,843 607,849 624,849 631,843 655,843 661,848 670,848 676,841 721,837 844,835 856,827 855,797 850,792 685,795 678,786"/>
        <Baseline points="201,852 856,825"/>
        <Word id="region0001_line0008_word0000" custom="readingOrder {index:0;}">
          <Coords points="260,800 237,807 206,807 207,848 337,847 336,805 311,807 305,802 297,802 291,807 271,809 263,800"/>
          <TextEquiv conf="0.93135977">
            <Unicode>Pferds</Unicode>
          </TextEquiv>
        </Word>
        <Word id="region0001_line0008_word0001" custom="readingOrder {index:1;}">
          <Coords points="361,803 362,836 424,836 423,803 402,803 394,805 375,804 373,803"/>
          <TextEquiv conf="0.9275681">
            <Unicode>das</Unicode>
          </TextEquiv>
        </Word>
        <Word id="region0001_line0008_word0002" custom="readingOrder {index:2;}">
          <Coords points="454,798 455,843 682,840 719,837 719,795 655,795 654,797 647,797 646,795 623,796 622,798 596,799 552,801 545,798 528,799 522,797"/>
          <TextEquiv conf="0.92391634">
            <Unicode>Blutvergießen</Unicode>
          </TextEquiv>
        </Word>
        <Word id="region0001_line0008_word0003" custom="readingOrder {index:3;}">
          <Coords points="744,804 799,803 800,828 745,829"/>
          <TextEquiv conf="0.92973155">
            <Unicode>an.</Unicode>
          </TextEquiv>
        </Word>
        <TextEquiv conf="0.9281439">
          <Unicode>Pferds das Blutvergießen an.</Unicode>
        </TextEquiv>
      </TextLine>
      <TextEquiv>
        <Unicode>ben wird; mit Krieg wird die Einfuͤhrung dieſer
neuen Ordnung der Dinge in die Welt beginnen.
(Dies wußte Johannes von ſeinem Meiſter.
S. Matth. XXlIl, 6 — 9.; nach dieſem Aus⸗
ſpruche waren blutige Zwiſte die erſten Vorzeichen
des Sturzes Jeruſalems, hier des Sinnbilds des
Judenthums.) Vielleicht zeigt auch die Farbe des
Pferds das Blutvergießen an.</Unicode>
      </TextEquiv>
    </TextRegion>
    <TextRegion id="region0002" custom="readingOrder {index:3;}" orientation="0.5641273" readingDirection="left-to-right">
      <Coords points="205,861 1203,861 1203,2134 205,2134"/>
      <TextLine id="region0002_line0001" custom="readingOrder {index:0;}">
        <Coords points="951,862 933,863 909,871 820,874 784,873 773,866 761,867 750,872 719,874 698,871 688,877 657,882 598,880 490,884 480,878 466,875 391,876 334,886 309,894 236,896 231,901 231,928 236,933 287,933 288,940 296,948 301,948 320,941 323,936 447,938 455,941 466,935 478,934 577,930 585,931 594,939 602,939 619,931 665,924 705,923 748,932 752,937 763,938 773,931 816,925 833,925 841,931 850,931 859,930 866,923 940,918 947,923 955,923 961,917 1027,912 1202,909 1202,866 1154,867 1152,862 1132,862 1130,866 1009,869 1003,861 992,861 986,866"/>
        <Baseline points="231,923 446,928 665,913 781,918 1032,901 1202,899"/>
        <Word id="region0002_line0001_word0000" custom="readingOrder {index:0;}">
          <Coords points="297,895 328,895 328,930 297,930"/>
          <TextEquiv conf="0.36157486">
            <Unicode>5.</Unicode>
          </TextEquiv>
        </Word>
        <Word id="region0002_line0001_word0001" custom="readingOrder {index:1;}">
          <Coords points="347,886 378,885 378,919 347,920"/>
          <TextEquiv conf="0.36157486">
            <Unicode>6.</Unicode>
          </TextEquiv>
        </Word>
        <Word id="region0002_line0001_word0002" custom="readingOrder {index:2;}">
          <Coords points="410,879 410,930 613,928 613,880 598,880 490,884 480,878"/>
          <TextEquiv conf="0.89442044">
            <Unicode>Theurung</Unicode>
          </TextEquiv>
        </Word>
        <Word id="region0002_line0001_word0003" custom="readingOrder {index:3;}">
          <Coords points="650,914 718,913 718,878 678,878 657,882 650,881"/>
          <TextEquiv conf="0.92712516">
            <Unicode>und</Unicode>
          </TextEquiv>
        </Word>
        <Word id="region0002_line0001_word0004" custom="readingOrder {index:4;}">
          <Coords points="900,873 744,875 744,930 783,929 816,925 833,925 838,928 860,928 866,923 900,920"/>
          <TextEquiv conf="0.92445445">
            <Unicode>Hunger</Unicode>
          </TextEquiv>
        </Word>
        <Word id="region0002_line0001_word0005" custom="readingOrder {index:5;}">
          <Coords points="968,875 933,876 933,918 940,918 942,919 958,919 961,917 968,916"/>
          <TextEquiv conf="0.9234533">
            <Unicode>iſt</Unicode>
          </TextEquiv>
        </Word>
        <Word id="region0002_line0001_word0006" custom="readingOrder {index:6;}">
          <Coords points="994,876 1109,875 1109,910 994,911"/>
          <TextEquiv conf="0.92803544">
            <Unicode>immer</Unicode>
          </TextEquiv>
        </Word>
        <Word id="region0002_line0001_word0007" custom="readingOrder {index:7;}">
          <Coords points="1138,873 1183,872 1183,908 1138,909"/>
          <TextEquiv conf="0.923841">
            <Unicode>im</Unicode>
          </TextEquiv>
        </Word>
        <TextEquiv conf="0.78055996">
          <Unicode>5. 6. Theurung und Hunger iſt immer im</Unicode>
        </TextEquiv>
      </TextLine>
      <TextLine id="region0002_line0002" custom="readingOrder {index:1;}">
        <Coords points="1091,914 1081,923 1072,923 1067,917 1057,916 1047,925 1028,927 998,926 992,921 977,920 969,926 953,929 946,923 936,923 930,930 924,924 915,924 907,931 850,935 836,934 832,928 822,927 811,933 763,939 732,938 719,930 702,927 650,928 619,932 602,940 593,940 584,933 574,933 566,941 492,941 488,936 478,935 466,936 455,942 417,945 390,945 384,939 372,939 366,945 325,948 319,942 301,949 296,949 287,940 206,941 206,998 266,996 273,1002 282,1002 288,995 313,994 324,1001 338,1001 346,994 403,991 431,998 498,997 525,993 537,994 546,1000 562,999 569,993 641,986 714,985 781,979 812,980 820,986 831,986 838,980 933,976 943,977 949,983 962,984 970,978 978,980 988,976 1029,970 1094,969 1203,962 1202,925 1170,922 1113,924 1107,923 1101,914"/>
        <Baseline points="206,986 413,981 493,986 1202,953"/>
        <Word id="region0002_line0002_word0000" custom="readingOrder {index:0;}">
          <Coords points="211,982 358,981 357,945 325,948 319,942 301,949 296,949 287,940 210,940"/>
          <TextEquiv conf="0.92993945">
            <Unicode>Gefolge</Unicode>
          </TextEquiv>
        </Word>
        <Word id="region0002_line0002_word0001" custom="readingOrder {index:1;}">
          <Coords points="375,970 431,970 430,943 417,945 390,945 384,939 374,939"/>
          <TextEquiv conf="0.9317073">
            <Unicode>des</Unicode>
          </TextEquiv>
        </Word>
        <Word id="region0002_line0002_word0002" custom="readingOrder {index:2;}">
          <Coords points="450,981 590,979 589,937 584,933 574,933 566,941 492,941 488,936 478,935 466,936 455,942 449,942"/>
          <TextEquiv>
            <Unicode>Kriegs.</Unicode>
          </TextEquiv>
        </Word>
        <Word id="region0002_line0002_word0003" custom="readingOrder {index:3;}">
          <Coords points="661,932 662,970 733,969 732,938 732,938 721,931"/>
          <TextEquiv conf="0.926109">
            <Unicode>Die</Unicode>
          </TextEquiv>
        </Word>
        <Word id="region0002_line0002_word0004" custom="readingOrder {index:4;}">
          <Coords points="816,930 811,933 763,939 758,939 759,977 999,974 1029,970 1034,970 1033,928 954,929 953,929 953,929 931,929 930,930 929,929 909,929 907,931 850,935 836,934 833,930"/>
          <TextEquiv conf="0.919813">
            <Unicode>nothwendigſten</Unicode>
          </TextEquiv>
        </Word>
        <Word id="region0002_line0002_word0005" custom="readingOrder {index:5;}">
          <Coords points="1054,927 1185,925 1186,962 1055,964"/>
          <TextEquiv>
            <Unicode>Lebens⸗</Unicode>
          </TextEquiv>
        </Word>
        <TextEquiv>
          <Unicode>Gefolge des Kriegs. Die nothwendigſten Lebens⸗</Unicode>
        </TextEquiv>
      </TextLine>
      <TextLine id="region0002_line0003" custom="readingOrder {index:2;}">
        <Coords points="1089,973 1082,981 1075,983 1037,977 1001,976 978,981 970,979 959,989 953,990 913,991 904,990 897,982 888,982 884,985 844,983 831,987 814,985 796,994 789,994 782,986 772,986 765,995 719,996 715,988 699,986 694,988 687,998 671,998 665,989 631,988 591,992 570,1003 526,1003 502,999 498,1002 461,1005 422,1004 416,999 407,999 402,1004 349,1008 323,1005 316,997 308,997 297,1005 276,1006 262,1004 257,1000 247,1001 241,1009 206,1010 206,1055 469,1048 527,1044 691,1041 703,1044 718,1040 954,1032 995,1033 1000,1037 1013,1037 1024,1032 1056,1029 1142,1023 1202,1022 1202,981 1105,982 1099,974"/>
        <Baseline points="206,1044 1202,1012"/>
        <Word id="region0002_line0003_word0000" custom="readingOrder {index:0;}">
          <Coords points="211,1043 314,1042 314,997 308,997 297,1005 276,1006 262,1004 257,1000 247,1001 241,1009 211,1009"/>
          <TextEquiv conf="0.92852724">
            <Unicode>mittel</Unicode>
          </TextEquiv>
        </Word>
        <Word id="region0002_line0003_word0001" custom="readingOrder {index:1;}">
          <Coords points="342,1026 468,1024 468,1004 461,1005 422,1004 416,999 407,999 402,1004 349,1008 342,1007"/>
          <TextEquiv conf="0.9292305">
            <Unicode>werden</Unicode>
          </TextEquiv>
        </Word>
        <Word id="region0002_line0003_word0002" custom="readingOrder {index:2;}">
          <Coords points="504,1023 574,1022 574,1000 570,1003 526,1003 504,999"/>
          <TextEquiv conf="0.9176856">
            <Unicode>dem</Unicode>
          </TextEquiv>
        </Word>
        <Word id="region0002_line0003_word0003" custom="readingOrder {index:3;}">
          <Coords points="610,1027 742,1026 742,995 719,996 715,988 699,986 694,988 687,998 671,998 665,989 631,988 610,990"/>
          <TextEquiv conf="0.93029696">
            <Unicode>Kaͤufer</Unicode>
          </TextEquiv>
        </Word>
        <Word id="region0002_line0003_word0004" custom="readingOrder {index:4;}">
          <Coords points="773,987 773,1022 804,1022 804,990 796,994 789,994 782,987"/>
          <TextEquiv conf="0.9237944">
            <Unicode>in</Unicode>
          </TextEquiv>
        </Word>
        <Word id="region0002_line0003_word0005" custom="readingOrder {index:5;}">
          <Coords points="841,986 841,1022 961,1021 961,987 959,989 953,990 913,991 904,990 900,985"/>
          <TextEquiv conf="0.9224399">
            <Unicode>kleinen</Unicode>
          </TextEquiv>
        </Word>
        <Word id="region0002_line0003_word0006" custom="readingOrder {index:6;}">
          <Coords points="998,982 998,1027 1100,1025 1142,1023 1186,1022 1186,981 1105,982 1104,980 1081,981 1075,983 1064,981"/>
          <TextEquiv conf="0.92964554">
            <Unicode>Portionen</Unicode>
          </TextEquiv>
        </Word>
        <TextEquiv conf="0.9259457">
          <Unicode>mittel werden dem Kaͤufer in kleinen Portionen</Unicode>
        </TextEquiv>
      </TextLine>
      <TextLine id="region0002_line0004" custom="readingOrder {index:3;}">
        <Coords points="1163,1030 1157,1037 1150,1038 932,1048 923,1047 916,1040 906,1037 837,1037 821,1041 816,1049 788,1049 782,1044 772,1044 758,1051 671,1054 663,1053 655,1045 562,1045 555,1050 553,1058 538,1051 513,1049 444,1053 433,1062 425,1064 206,1068 206,1115 222,1117 233,1112 254,1112 272,1116 286,1110 339,1110 351,1101 358,1103 365,1110 453,1104 550,1104 554,1111 563,1113 620,1110 652,1112 658,1111 664,1103 744,1100 796,1093 913,1093 1109,1082 1163,1083 1169,1089 1179,1088 1185,1083 1202,1083 1202,1037 1180,1036 1173,1029"/>
        <Baseline points="206,1104 545,1093 598,1101 782,1083 1202,1073"/>
        <Word id="region0002_line0004_word0000" custom="readingOrder {index:0;}">
          <Coords points="214,1093 421,1091 420,1064 213,1067"/>
          <TextEquiv>
            <Unicode>zugewogen.</Unicode>
          </TextEquiv>
        </Word>
        <Word id="region0002_line0004_word0001" custom="readingOrder {index:1;}">
          <Coords points="494,1085 562,1084 561,1046 561,1046 555,1050 553,1058 538,1051 513,1049 493,1050"/>
          <TextEquiv conf="0.929338">
            <Unicode>Ein</Unicode>
          </TextEquiv>
        </Word>
        <Word id="region0002_line0004_word0002" custom="readingOrder {index:2;}">
          <Coords points="589,1094 728,1093 727,1052 671,1054 663,1053 655,1045 588,1045"/>
          <TextEquiv conf="0.92560333">
            <Unicode>Zehner</Unicode>
          </TextEquiv>
        </Word>
        <Word id="region0002_line0004_word0003" custom="readingOrder {index:3;}">
          <Coords points="766,1046 758,1051 753,1051 754,1079 829,1078 828,1046 817,1046 816,1049 788,1049 785,1046"/>
          <TextEquiv conf="0.9143464">
            <Unicode>oder</Unicode>
          </TextEquiv>
        </Word>
        <Word id="region0002_line0004_word0004" custom="readingOrder {index:4;}">
          <Coords points="854,1043 855,1081 979,1079 978,1045 932,1048 923,1047 917,1041"/>
          <TextEquiv conf="0.92721045">
            <Unicode>Denar</Unicode>
          </TextEquiv>
        </Word>
        <Word id="region0002_line0004_word0005" custom="readingOrder {index:5;}">
          <Coords points="1002,1051 1071,1050 1072,1075 1003,1076"/>
          <TextEquiv conf="0.9261702">
            <Unicode>war</Unicode>
          </TextEquiv>
        </Word>
        <Word id="region0002_line0004_word0006" custom="readingOrder {index:6;}">
          <Coords points="1107,1081 1185,1080 1184,1038 1136,1038 1106,1040"/>
          <TextEquiv conf="0.9257134">
            <Unicode>nach</Unicode>
          </TextEquiv>
        </Word>
        <TextEquiv>
          <Unicode>zugewogen. Ein Zehner oder Denar war nach</Unicode>
        </TextEquiv>
      </TextLine>
      <TextLine id="region0002_line0005" custom="readingOrder {index:4;}">
        <Coords points="1146,1086 1135,1094 1127,1094 1121,1088 1111,1088 1102,1095 1095,1096 1086,1090 1070,1087 1003,1088 993,1092 991,1102 955,1101 950,1096 940,1096 933,1101 883,1103 878,1098 870,1098 863,1104 812,1106 740,1106 735,1102 723,1102 717,1107 685,1111 620,1111 489,1118 465,1118 463,1110 459,1108 365,1111 358,1104 349,1102 339,1113 323,1112 310,1120 290,1120 277,1115 266,1117 245,1113 233,1113 222,1118 206,1116 206,1170 313,1167 326,1171 342,1166 414,1161 481,1169 499,1168 534,1157 597,1157 642,1153 740,1150 804,1157 834,1149 884,1144 1081,1144 1089,1151 1097,1151 1109,1147 1112,1143 1138,1141 1143,1149 1151,1150 1167,1139 1202,1137 1202,1095 1166,1095 1155,1086"/>
        <Baseline points="206,1159 1202,1127"/>
        <Word id="region0002_line0005_word0000" custom="readingOrder {index:0;}">
          <Coords points="214,1154 338,1153 338,1112 323,1112 310,1120 290,1120 277,1115 266,1117 245,1113 233,1113 222,1118 214,1117"/>
          <TextEquiv conf="0.92699933">
            <Unicode>Matth</Unicode>
          </TextEquiv>
        </Word>
        <Word id="region0002_line0005_word0001" custom="readingOrder {index:1;}">
          <Coords points="372,1158 446,1158 446,1108 372,1110"/>
          <TextEquiv>
            <Unicode>XX,</Unicode>
          </TextEquiv>
        </Word>
        <Word id="region0002_line0005_word0002" custom="readingOrder {index:2;}">
          <Coords points="474,1149 507,1149 507,1117 489,1118 474,1118"/>
          <TextEquiv conf="0.93136615">
            <Unicode>9.</Unicode>
          </TextEquiv>
        </Word>
        <Word id="region0002_line0005_word0003" custom="readingOrder {index:3;}">
          <Coords points="537,1139 578,1138 578,1113 537,1115"/>
          <TextEquiv>
            <Unicode>10.</Unicode>
          </TextEquiv>
        </Word>
        <Word id="region0002_line0005_word0004" custom="readingOrder {index:4;}">
          <Coords points="719,1105 717,1107 685,1111 623,1111 623,1138 754,1137 754,1106 740,1106 738,1105"/>
          <TextEquiv conf="0.55673605">
            <Unicode>damals</Unicode>
          </TextEquiv>
        </Word>
        <Word id="region0002_line0005_word0005" custom="readingOrder {index:5;}">
          <Coords points="906,1104 851,1104 812,1106 788,1106 788,1145 881,1144 884,1144 906,1144"/>
          <TextEquiv conf="0.9265409">
            <Unicode>gerade</Unicode>
          </TextEquiv>
        </Word>
        <Word id="region0002_line0005_word0006" custom="readingOrder {index:6;}">
          <Coords points="941,1103 995,1102 995,1137 941,1138"/>
          <TextEquiv conf="0.93036985">
            <Unicode>der</Unicode>
          </TextEquiv>
        </Word>
        <Word id="region0002_line0005_word0007" custom="readingOrder {index:7;}">
          <Coords points="1032,1097 1032,1144 1081,1144 1081,1144 1111,1144 1112,1143 1138,1141 1140,1144 1161,1143 1167,1139 1188,1138 1188,1095"/>
          <TextEquiv conf="0.9237812">
            <Unicode>Taglohn</Unicode>
          </TextEquiv>
        </Word>
        <TextEquiv>
          <Unicode>Matth XX, 9. 10. damals gerade der Taglohn</Unicode>
        </TextEquiv>
      </TextLine>
      <TextLine id="region0002_line0006" custom="readingOrder {index:5;}">
        <Coords points="884,1145 873,1148 870,1159 864,1162 724,1152 718,1156 715,1163 639,1155 588,1160 528,1159 499,1169 468,1171 441,1172 429,1169 422,1164 412,1164 406,1172 398,1172 387,1163 376,1163 369,1167 342,1167 326,1172 307,1168 283,1177 258,1179 251,1180 243,1170 234,1170 225,1181 206,1181 206,1222 715,1212 718,1217 726,1218 735,1211 823,1210 853,1202 863,1210 898,1211 906,1207 927,1210 956,1204 975,1203 981,1209 991,1209 999,1203 1202,1195 1202,1150 1174,1150 1168,1144 1149,1152 1126,1155 1075,1155 1065,1152 1036,1156 1004,1156 996,1149 985,1149 971,1158 967,1150 959,1148 933,1149"/>
        <Baseline points="206,1212 1202,1186"/>
        <Word id="region0002_line0006_word0000" custom="readingOrder {index:0;}">
          <Coords points="216,1202 304,1201 303,1169 283,1177 258,1179 251,1180 243,1170 234,1170 225,1181 215,1181"/>
          <TextEquiv conf="0.93184036">
            <Unicode>eines</Unicode>
          </TextEquiv>
        </Word>
        <Word id="region0002_line0006_word0001" custom="readingOrder {index:1;}">
          <Coords points="323,1203 503,1201 502,1167 499,1169 468,1171 441,1172 429,1169 422,1164 412,1164 406,1172 398,1172 387,1163 376,1163 369,1167 342,1167 326,1172 322,1171"/>
          <TextEquiv>
            <Unicode>Arbeiters.</Unicode>
          </TextEquiv>
        </Word>
        <Word id="region0002_line0006_word0002" custom="readingOrder {index:2;}">
          <Coords points="534,1162 600,1161 601,1200 535,1201"/>
          <TextEquiv conf="0.8982475">
            <Unicode>Ein</Unicode>
          </TextEquiv>
        </Word>
        <Word id="region0002_line0006_word0003" custom="readingOrder {index:3;}">
          <Coords points="629,1155 618,1157 619,1207 743,1206 742,1155 719,1155 718,1156 715,1163 646,1155"/>
          <TextEquiv conf="0.9241111">
            <Unicode>Maaß</Unicode>
          </TextEquiv>
        </Word>
        <Word id="region0002_line0006_word0004" custom="readingOrder {index:4;}">
          <Coords points="773,1202 917,1201 916,1150 872,1150 870,1159 864,1162 772,1155"/>
          <TextEquiv>
            <Unicode>(χοινιξ)</Unicode>
          </TextEquiv>
        </Word>
        <Word id="region0002_line0006_word0005" custom="readingOrder {index:5;}">
          <Coords points="943,1156 944,1201 1032,1200 1031,1156 1004,1156 1003,1155 974,1155 971,1158 969,1155"/>
          <TextEquiv conf="0.7926729">
            <Unicode>faßte</Unicode>
          </TextEquiv>
        </Word>
        <Word id="region0002_line0006_word0006" custom="readingOrder {index:6;}">
          <Coords points="1057,1155 1058,1192 1188,1190 1187,1153 1135,1154 1126,1155 1075,1155 1074,1155"/>
          <TextEquiv conf="0.9264864">
            <Unicode>damals</Unicode>
          </TextEquiv>
        </Word>
        <TextEquiv>
          <Unicode>eines Arbeiters. Ein Maaß (χοινιξ) faßte damals</Unicode>
        </TextEquiv>
      </TextLine>
      <TextLine id="region0002_line0007" custom="readingOrder {index:6;}">
        <Coords points="1113,1204 1103,1213 951,1215 926,1214 915,1208 906,1208 896,1214 887,1215 852,1215 846,1210 836,1210 829,1215 823,1215 810,1210 775,1214 768,1209 759,1210 753,1213 735,1212 726,1219 710,1219 696,1214 648,1215 613,1216 596,1223 589,1216 580,1216 573,1225 524,1225 519,1218 508,1217 494,1226 463,1226 458,1222 444,1222 438,1228 433,1228 427,1221 415,1221 408,1231 386,1232 368,1231 360,1222 349,1223 338,1232 206,1237 206,1282 224,1285 253,1280 339,1278 342,1283 359,1283 362,1277 414,1273 524,1271 577,1266 724,1264 734,1267 742,1264 768,1264 813,1260 897,1260 902,1264 922,1260 961,1267 965,1264 987,1263 1024,1256 1202,1253 1202,1211 1130,1212 1123,1204"/>
        <Baseline points="206,1271 1202,1243"/>
        <Word id="region0002_line0007_word0000" custom="readingOrder {index:0;}">
          <Coords points="217,1266 323,1265 323,1232 217,1236"/>
          <TextEquiv conf="0.9309456">
            <Unicode>genau</Unicode>
          </TextEquiv>
        </Word>
        <Word id="region0002_line0007_word0001" custom="readingOrder {index:1;}">
          <Coords points="343,1266 375,1265 375,1231 368,1231 360,1222 349,1223 343,1227"/>
          <TextEquiv conf="0.9313262">
            <Unicode>ſo</Unicode>
          </TextEquiv>
        </Word>
        <Word id="region0002_line0007_word0002" custom="readingOrder {index:2;}">
          <Coords points="415,1221 408,1231 393,1231 393,1257 455,1257 455,1222 444,1222 438,1228 433,1228 427,1221"/>
          <TextEquiv conf="0.9285353">
            <Unicode>viel</Unicode>
          </TextEquiv>
        </Word>
        <Word id="region0002_line0007_word0003" custom="readingOrder {index:3;}">
          <Coords points="503,1220 494,1226 483,1226 483,1255 535,1255 535,1225 524,1225 520,1220"/>
          <TextEquiv conf="0.92854357">
            <Unicode>als</Unicode>
          </TextEquiv>
        </Word>
        <Word id="region0002_line0007_word0004" custom="readingOrder {index:4;}">
          <Coords points="575,1221 573,1225 562,1225 562,1256 611,1255 611,1221 600,1221 596,1223 594,1221"/>
          <TextEquiv conf="0.92763793">
            <Unicode>ein</Unicode>
          </TextEquiv>
        </Word>
        <Word id="region0002_line0007_word0005" custom="readingOrder {index:5;}">
          <Coords points="634,1218 634,1262 774,1260 774,1216 729,1216 726,1219 710,1219 704,1216"/>
          <TextEquiv conf="0.92613214">
            <Unicode>Menſch</Unicode>
          </TextEquiv>
        </Word>
        <Word id="region0002_line0007_word0006" custom="readingOrder {index:6;}">
          <Coords points="798,1215 798,1260 967,1259 967,1215 951,1215 931,1214 892,1214 887,1215 852,1215 852,1215 829,1215 829,1215 823,1215 823,1215"/>
          <TextEquiv conf="0.9126915">
            <Unicode>bedurfte,</Unicode>
          </TextEquiv>
        </Word>
        <Word id="region0002_line0007_word0007" custom="readingOrder {index:7;}">
          <Coords points="1014,1223 1068,1223 1068,1250 1014,1250"/>
          <TextEquiv conf="0.92898154">
            <Unicode>um</Unicode>
          </TextEquiv>
        </Word>
        <Word id="region0002_line0007_word0008" custom="readingOrder {index:8;}">
          <Coords points="1096,1214 1189,1213 1189,1247 1096,1248"/>
          <TextEquiv conf="0.9293509">
            <Unicode>einen</Unicode>
          </TextEquiv>
        </Word>
        <TextEquiv conf="0.9271272">
          <Unicode>genau ſo viel als ein Menſch bedurfte, um einen</Unicode>
        </TextEquiv>
      </TextLine>
      <TextLine id="region0002_line0008" custom="readingOrder {index:7;}">
        <Coords points="1029,1257 1014,1260 1009,1269 1001,1261 985,1264 984,1270 956,1270 937,1262 925,1262 879,1273 836,1274 824,1265 812,1263 742,1265 734,1268 724,1265 712,1266 700,1270 691,1278 640,1276 630,1270 616,1270 611,1274 600,1273 590,1278 582,1269 571,1269 560,1281 479,1286 453,1286 448,1276 434,1275 424,1286 415,1286 411,1279 400,1278 391,1287 369,1290 362,1290 358,1284 341,1284 338,1292 332,1282 320,1281 308,1292 294,1293 278,1293 273,1285 264,1282 241,1282 224,1286 206,1283 206,1338 269,1339 279,1345 288,1345 299,1340 317,1341 338,1335 502,1329 504,1333 517,1334 528,1329 572,1329 585,1325 607,1325 612,1332 622,1333 630,1324 641,1323 802,1319 842,1315 921,1315 926,1319 935,1319 940,1314 1005,1310 1037,1313 1104,1312 1110,1315 1152,1311 1158,1320 1167,1321 1177,1309 1202,1306 1203,1270 1177,1268 1169,1259 1153,1262 1146,1256 1135,1256 1128,1261 1120,1262 1116,1268 1106,1268 1099,1261 1086,1257"/>
        <Baseline points="206,1329 1202,1297"/>
        <Word id="region0002_line0008_word0000" custom="readingOrder {index:0;}">
          <Coords points="220,1324 297,1323 297,1292 294,1293 278,1293 273,1285 264,1282 241,1282 224,1286 220,1285"/>
          <TextEquiv conf="0.9304239">
            <Unicode>Tag</Unicode>
          </TextEquiv>
        </Word>
        <Word id="region0002_line0008_word0001" custom="readingOrder {index:1;}">
          <Coords points="314,1321 377,1320 377,1288 369,1290 362,1290 358,1284 341,1284 338,1292 332,1282 320,1281 314,1286"/>
          <TextEquiv conf="0.93140244">
            <Unicode>ſein</Unicode>
          </TextEquiv>
        </Word>
        <Word id="region0002_line0008_word0002" custom="readingOrder {index:2;}">
          <Coords points="398,1314 492,1313 492,1285 479,1286 453,1286 448,1276 434,1275 424,1286 415,1286 411,1279 400,1278 398,1280"/>
          <TextEquiv conf="0.9278173">
            <Unicode>Leben</Unicode>
          </TextEquiv>
        </Word>
        <Word id="region0002_line0008_word0003" custom="readingOrder {index:3;}">
          <Coords points="511,1321 546,1321 546,1284 511,1284 511,1284"/>
          <TextEquiv conf="0.9265782">
            <Unicode>zu</Unicode>
          </TextEquiv>
        </Word>
        <Word id="region0002_line0008_word0004" custom="readingOrder {index:4;}">
          <Coords points="569,1270 567,1273 567,1319 687,1318 687,1277 640,1276 630,1270 615,1270 611,1274 600,1273 590,1278 583,1270"/>
          <TextEquiv conf="0.92077655">
            <Unicode>friſten.</Unicode>
          </TextEquiv>
        </Word>
        <Word id="region0002_line0008_word0005" custom="readingOrder {index:5;}">
          <Coords points="756,1273 756,1311 872,1309 872,1273 836,1274 832,1271"/>
          <TextEquiv conf="0.9315227">
            <Unicode>Wenn</Unicode>
          </TextEquiv>
        </Word>
        <Word id="region0002_line0008_word0006" custom="readingOrder {index:6;}">
          <Coords points="891,1271 956,1271 956,1312 891,1312"/>
          <TextEquiv conf="0.93200225">
            <Unicode>alſo</Unicode>
          </TextEquiv>
        </Word>
        <Word id="region0002_line0008_word0007" custom="readingOrder {index:7;}">
          <Coords points="974,1271 1024,1271 1024,1305 974,1305"/>
          <TextEquiv conf="0.928173">
            <Unicode>ein</Unicode>
          </TextEquiv>
        </Word>
        <Word id="region0002_line0008_word0008" custom="readingOrder {index:8;}">
          <Coords points="1045,1268 1045,1312 1104,1312 1110,1315 1152,1311 1154,1314 1172,1314 1177,1309 1194,1306 1194,1269 1177,1268 1175,1266 1116,1267 1116,1268 1106,1268 1105,1267"/>
          <TextEquiv>
            <Unicode>Tagloͤh⸗</Unicode>
          </TextEquiv>
        </Word>
        <TextEquiv>
          <Unicode>Tag ſein Leben zu friſten. Wenn alſo ein Tagloͤh⸗</Unicode>
        </TextEquiv>
      </TextLine>
      <TextLine id="region0002_line0009" custom="readingOrder {index:8;}">
        <Coords points="1063,1314 1046,1317 1035,1324 1031,1324 1024,1316 1014,1316 1007,1325 949,1325 944,1320 934,1320 928,1325 904,1328 868,1328 864,1322 852,1320 839,1329 818,1331 771,1328 755,1331 751,1322 738,1321 727,1331 721,1324 712,1324 703,1334 622,1338 609,1338 591,1329 546,1329 528,1330 517,1335 504,1334 501,1344 453,1345 448,1336 438,1335 430,1342 423,1336 411,1336 400,1345 353,1348 348,1337 338,1336 313,1342 308,1348 205,1351 206,1394 312,1393 317,1397 326,1397 331,1392 401,1390 408,1397 416,1397 423,1389 439,1388 594,1385 623,1381 695,1378 748,1380 814,1374 841,1374 850,1384 863,1384 869,1373 1010,1366 1159,1367 1166,1368 1172,1374 1180,1373 1185,1367 1203,1368 1202,1322 1198,1322 1192,1313 1177,1312 1166,1323 1156,1323 1133,1314 1110,1316 1104,1313"/>
        <Baseline points="206,1384 974,1357 1202,1357"/>
        <Word id="region0002_line0009_word0000" custom="readingOrder {index:0;}">
          <Coords points="221,1370 279,1369 279,1348 221,1350"/>
          <TextEquiv conf="0.9311404">
            <Unicode>ner</Unicode>
          </TextEquiv>
        </Word>
        <Word id="region0002_line0009_word0001" custom="readingOrder {index:1;}">
          <Coords points="316,1374 371,1373 370,1346 353,1348 348,1337 338,1336 315,1341"/>
          <TextEquiv conf="0.91436064">
            <Unicode>fuͤr</Unicode>
          </TextEquiv>
        </Word>
        <Word id="region0002_line0009_word0002" custom="readingOrder {index:2;}">
          <Coords points="406,1375 511,1374 510,1334 504,1334 501,1344 453,1345 448,1336 438,1335 430,1342 423,1336 411,1336 405,1340"/>
          <TextEquiv conf="0.91766196">
            <Unicode>ſeinen</Unicode>
          </TextEquiv>
        </Word>
        <Word id="region0002_line0009_word0003" custom="readingOrder {index:3;}">
          <Coords points="538,1368 661,1367 661,1336 622,1338 609,1338 591,1329 546,1329 538,1329"/>
          <TextEquiv conf="0.9191578">
            <Unicode>Denar</Unicode>
          </TextEquiv>
        </Word>
        <Word id="region0002_line0009_word0004" custom="readingOrder {index:4;}">
          <Coords points="735,1323 727,1331 721,1324 712,1324 703,1334 687,1334 687,1367 771,1366 771,1328 755,1331 751,1323"/>
          <TextEquiv conf="0.9264402">
            <Unicode>nicht</Unicode>
          </TextEquiv>
        </Word>
        <Word id="region0002_line0009_word0005" custom="readingOrder {index:5;}">
          <Coords points="845,1324 839,1329 818,1331 794,1329 795,1372 886,1371 885,1328 868,1328 865,1324"/>
          <TextEquiv conf="0.92375624">
            <Unicode>mehr</Unicode>
          </TextEquiv>
        </Word>
        <Word id="region0002_line0009_word0006" custom="readingOrder {index:6;}">
          <Coords points="911,1328 963,1328 963,1360 911,1360"/>
          <TextEquiv conf="0.9318116">
            <Unicode>als</Unicode>
          </TextEquiv>
        </Word>
        <Word id="region0002_line0009_word0007" custom="readingOrder {index:7;}">
          <Coords points="996,1326 1045,1326 1045,1361 996,1361"/>
          <TextEquiv conf="0.9120619">
            <Unicode>ein</Unicode>
          </TextEquiv>
        </Word>
        <Word id="region0002_line0009_word0008" custom="readingOrder {index:8;}">
          <Coords points="1192,1367 1192,1323 1074,1324 1075,1366 1159,1367 1161,1367 1185,1367 1185,1367 1186,1367"/>
          <TextEquiv conf="0.9252304">
            <Unicode>Maaß</Unicode>
          </TextEquiv>
        </Word>
        <TextEquiv conf="0.9224024">
          <Unicode>ner fuͤr ſeinen Denar nicht mehr als ein Maaß</Unicode>
        </TextEquiv>
      </TextLine>
      <TextLine id="region0002_line0010" custom="readingOrder {index:9;}">
        <Coords points="1092,1369 1080,1378 1048,1380 1013,1376 1008,1380 995,1380 989,1373 979,1373 973,1379 944,1378 916,1381 912,1378 900,1378 888,1384 831,1389 795,1388 780,1379 719,1380 714,1385 713,1393 690,1393 684,1385 673,1384 665,1394 581,1396 577,1393 568,1393 560,1398 489,1402 411,1403 381,1399 375,1394 362,1394 355,1400 340,1400 314,1406 310,1405 309,1399 303,1394 292,1394 279,1406 236,1398 206,1399 205,1450 281,1449 288,1455 296,1455 302,1449 314,1448 441,1446 466,1447 474,1454 483,1454 490,1448 571,1441 709,1436 734,1442 762,1444 799,1433 880,1429 973,1430 1061,1424 1083,1424 1090,1431 1102,1431 1111,1423 1132,1421 1168,1424 1175,1427 1202,1425 1203,1378 1159,1375 1109,1378 1105,1370"/>
        <Baseline points="205,1440 504,1436 1033,1413 1202,1414"/>
        <Word id="region0002_line0010_word0000" custom="readingOrder {index:0;}">
          <Coords points="222,1431 339,1430 339,1400 314,1406 310,1405 309,1399 303,1394 292,1394 279,1406 236,1398 222,1398"/>
          <TextEquiv conf="0.9281361">
            <Unicode>kaufen</Unicode>
          </TextEquiv>
        </Word>
        <Word id="region0002_line0010_word0001" custom="readingOrder {index:1;}">
          <Coords points="359,1431 488,1429 488,1402 411,1403 381,1399 375,1394 362,1394 359,1396"/>
          <TextEquiv conf="0.9284003">
            <Unicode>konnte,</Unicode>
          </TextEquiv>
        </Word>
        <Word id="region0002_line0010_word0002" custom="readingOrder {index:2;}">
          <Coords points="521,1420 587,1419 587,1395 581,1396 577,1393 568,1393 560,1398 521,1400"/>
          <TextEquiv conf="0.9284365">
            <Unicode>und</Unicode>
          </TextEquiv>
        </Word>
        <Word id="region0002_line0010_word0003" custom="readingOrder {index:3;}">
          <Coords points="606,1420 638,1420 638,1394 606,1395"/>
          <TextEquiv conf="0.9302594">
            <Unicode>er</Unicode>
          </TextEquiv>
        </Word>
        <Word id="region0002_line0010_word0004" custom="readingOrder {index:4;}">
          <Coords points="656,1420 724,1419 724,1382 716,1382 714,1385 713,1393 690,1393 684,1385 673,1384 665,1394 656,1394"/>
          <TextEquiv conf="0.9268105">
            <Unicode>eine</Unicode>
          </TextEquiv>
        </Word>
        <Word id="region0002_line0010_word0005" custom="readingOrder {index:5;}">
          <Coords points="743,1427 834,1426 834,1388 831,1389 795,1388 780,1379 743,1379"/>
          <TextEquiv conf="0.93087405">
            <Unicode>Frau</Unicode>
          </TextEquiv>
        </Word>
        <Word id="region0002_line0010_word0006" custom="readingOrder {index:6;}">
          <Coords points="854,1417 921,1416 921,1382 891,1382 888,1384 854,1386"/>
          <TextEquiv conf="0.9289033">
            <Unicode>und</Unicode>
          </TextEquiv>
        </Word>
        <Word id="region0002_line0010_word0007" custom="readingOrder {index:7;}">
          <Coords points="941,1381 1069,1380 1069,1419 941,1420"/>
          <TextEquiv conf="0.9300682">
            <Unicode>Kinder</Unicode>
          </TextEquiv>
        </Word>
        <Word id="region0002_line0010_word0008" custom="readingOrder {index:8;}">
          <Coords points="1089,1377 1089,1422 1125,1421 1132,1421 1138,1421 1192,1421 1192,1377 1175,1376 1132,1376 1109,1378 1108,1376"/>
          <TextEquiv conf="0.9239933">
            <Unicode>hatte,</Unicode>
          </TextEquiv>
        </Word>
        <TextEquiv conf="0.9284313">
          <Unicode>kaufen konnte, und er eine Frau und Kinder hatte,</Unicode>
        </TextEquiv>
      </TextLine>
      <TextLine id="region0002_line0011" custom="readingOrder {index:10;}">
        <Coords points="1114,1423 1103,1433 1087,1432 1056,1425 991,1429 977,1433 973,1443 964,1447 803,1446 737,1450 726,1449 718,1440 707,1440 696,1448 673,1448 668,1444 657,1445 643,1451 570,1456 544,1456 542,1449 537,1445 524,1446 514,1456 474,1455 468,1450 459,1451 453,1456 402,1459 360,1457 353,1450 343,1449 326,1460 263,1462 248,1461 237,1452 229,1452 223,1455 205,1455 206,1506 218,1506 226,1511 239,1505 328,1505 338,1511 347,1511 353,1506 418,1501 699,1495 709,1504 720,1505 732,1494 767,1493 775,1500 787,1501 794,1499 801,1491 879,1487 901,1480 923,1479 977,1478 989,1484 1052,1488 1092,1482 1105,1482 1111,1485 1139,1481 1203,1481 1202,1432 1140,1433 1133,1423"/>
        <Baseline points="206,1495 767,1484 918,1470 1203,1470"/>
        <Word id="region0002_line0011_word0000" custom="readingOrder {index:0;}">
          <Coords points="222,1485 255,1485 254,1461 248,1461 237,1452 229,1452 223,1455 221,1455"/>
          <TextEquiv conf="0.9320608">
            <Unicode>ſo</Unicode>
          </TextEquiv>
        </Word>
        <Word id="region0002_line0011_word0001" custom="readingOrder {index:1;}">
          <Coords points="277,1485 388,1484 387,1458 360,1457 353,1450 343,1449 326,1460 276,1461"/>
          <TextEquiv conf="0.91328675">
            <Unicode>mußte</Unicode>
          </TextEquiv>
        </Word>
        <Word id="region0002_line0011_word0002" custom="readingOrder {index:2;}">
          <Coords points="406,1476 439,1476 438,1456 405,1458"/>
          <TextEquiv conf="0.92714">
            <Unicode>er</Unicode>
          </TextEquiv>
        </Word>
        <Word id="region0002_line0011_word0003" custom="readingOrder {index:3;}">
          <Coords points="461,1477 585,1475 584,1455 570,1456 544,1456 542,1449 537,1445 524,1446 514,1456 474,1455 468,1450 460,1450"/>
          <TextEquiv conf="0.9312602">
            <Unicode>darben</Unicode>
          </TextEquiv>
        </Word>
        <Word id="region0002_line0011_word0004" custom="readingOrder {index:4;}">
          <Coords points="611,1474 678,1473 677,1448 673,1448 668,1444 657,1445 643,1451 610,1453"/>
          <TextEquiv conf="0.91296786">
            <Unicode>und</Unicode>
          </TextEquiv>
        </Word>
        <Word id="region0002_line0011_word0005" custom="readingOrder {index:5;}">
          <Coords points="704,1485 864,1484 863,1446 803,1446 737,1450 726,1449 718,1440 707,1440 703,1442"/>
          <TextEquiv conf="0.9248736">
            <Unicode>hungern.</Unicode>
          </TextEquiv>
        </Word>
        <Word id="region0002_line0011_word0006" custom="readingOrder {index:6;}">
          <Coords points="904,1453 958,1453 958,1461 904,1461"/>
          <TextEquiv conf="0.9210439">
            <Unicode>—</Unicode>
          </TextEquiv>
        </Word>
        <Word id="region0002_line0011_word0007" custom="readingOrder {index:7;}">
          <Coords points="1022,1431 1023,1481 1194,1479 1193,1432 1140,1433 1137,1429 1106,1430 1103,1433 1087,1432 1079,1430"/>
          <TextEquiv>
            <Unicode>Gerſten⸗</Unicode>
          </TextEquiv>
        </Word>
        <TextEquiv>
          <Unicode>ſo mußte er darben und hungern. — Gerſten⸗</Unicode>
        </TextEquiv>
      </TextLine>
      <TextLine id="region0002_line0012" custom="readingOrder {index:11;}">
        <Coords points="1139,1482 1118,1486 1105,1483 1076,1484 1059,1489 941,1486 932,1490 930,1502 899,1502 891,1493 880,1492 875,1496 860,1494 850,1502 791,1506 721,1507 709,1505 696,1498 616,1498 597,1500 593,1503 592,1510 586,1512 535,1511 528,1502 519,1502 507,1511 498,1512 464,1513 415,1505 408,1508 396,1507 389,1514 372,1516 307,1514 301,1509 293,1509 286,1514 250,1516 244,1508 238,1507 227,1512 206,1510 205,1567 308,1566 353,1561 404,1558 416,1561 422,1558 445,1557 515,1558 519,1561 578,1555 651,1555 675,1556 683,1563 696,1563 702,1556 731,1550 804,1548 819,1553 853,1550 861,1556 872,1548 904,1545 1037,1542 1202,1531 1203,1491 1166,1491 1155,1484"/>
        <Baseline points="206,1556 687,1545 1202,1521"/>
        <Word id="region0002_line0012_word0000" custom="readingOrder {index:0;}">
          <Coords points="224,1546 315,1545 315,1514 307,1514 301,1509 293,1509 286,1514 250,1516 244,1508 238,1507 227,1512 224,1511"/>
          <TextEquiv conf="0.92979276">
            <Unicode>brod</Unicode>
          </TextEquiv>
        </Word>
        <Word id="region0002_line0012_word0001" custom="readingOrder {index:1;}">
          <Coords points="345,1545 432,1544 432,1507 415,1505 408,1508 396,1507 389,1514 372,1516 345,1515"/>
          <TextEquiv conf="0.9262865">
            <Unicode>weiſt</Unicode>
          </TextEquiv>
        </Word>
        <Word id="region0002_line0012_word0002" custom="readingOrder {index:2;}">
          <Coords points="456,1543 534,1542 534,1509 528,1502 519,1502 507,1511 498,1512 464,1513 456,1511"/>
          <TextEquiv conf="0.93084997">
            <Unicode>auch</Unicode>
          </TextEquiv>
        </Word>
        <Word id="region0002_line0012_word0003" custom="readingOrder {index:3;}">
          <Coords points="562,1540 624,1539 624,1499 603,1499 597,1500 593,1503 592,1510 586,1512 562,1511"/>
          <TextEquiv conf="0.92061514">
            <Unicode>auf</Unicode>
          </TextEquiv>
        </Word>
        <Word id="region0002_line0012_word0004" custom="readingOrder {index:4;}">
          <Coords points="647,1548 830,1546 830,1503 791,1506 721,1507 709,1505 696,1498 647,1498"/>
          <TextEquiv conf="0.9280159">
            <Unicode>Theurung</Unicode>
          </TextEquiv>
        </Word>
        <Word id="region0002_line0012_word0005" custom="readingOrder {index:5;}">
          <Coords points="858,1497 858,1543 923,1542 923,1502 899,1502 894,1496"/>
          <TextEquiv conf="0.931335">
            <Unicode>hin.</Unicode>
          </TextEquiv>
        </Word>
        <Word id="region0002_line0012_word0006" custom="readingOrder {index:6;}">
          <Coords points="993,1496 1065,1496 1065,1536 993,1536"/>
          <TextEquiv conf="0.9293577">
            <Unicode>Die</Unicode>
          </TextEquiv>
        </Word>
        <Word id="region0002_line0012_word0007" custom="readingOrder {index:7;}">
          <Coords points="1089,1495 1197,1494 1197,1531 1089,1532"/>
          <TextEquiv>
            <Unicode>War⸗</Unicode>
          </TextEquiv>
        </Word>
        <TextEquiv>
          <Unicode>brod weiſt auch auf Theurung hin. Die War⸗</Unicode>
        </TextEquiv>
      </TextLine>
      <TextLine id="region0002_line0013" custom="readingOrder {index:12;}">
        <Coords points="990,1542 976,1551 969,1545 958,1545 949,1556 891,1559 884,1559 878,1549 872,1549 861,1557 847,1551 819,1554 805,1550 770,1551 752,1557 738,1556 731,1561 696,1564 683,1564 651,1556 565,1557 553,1562 547,1568 481,1569 479,1562 474,1558 460,1559 450,1566 443,1559 422,1559 416,1562 402,1559 397,1563 394,1588 387,1590 373,1590 372,1581 367,1576 206,1578 206,1622 273,1621 289,1623 297,1629 311,1629 323,1621 334,1623 341,1620 350,1620 365,1626 383,1627 415,1624 424,1628 433,1623 455,1622 463,1627 476,1627 482,1621 514,1618 630,1620 635,1617 662,1614 859,1612 941,1605 985,1605 991,1611 1003,1611 1010,1605 1044,1605 1051,1609 1066,1608 1081,1600 1119,1596 1203,1593 1202,1546 1120,1545 1084,1549 1008,1550 1004,1543"/>
        <Baseline points="206,1612 603,1610 1041,1595 1203,1581"/>
        <Word id="region0002_line0013_word0000" custom="readingOrder {index:0;}">
          <Coords points="224,1610 336,1609 335,1576 223,1577"/>
          <TextEquiv conf="0.92094123">
            <Unicode>nung:</Unicode>
          </TextEquiv>
        </Word>
        <Word id="region0002_line0013_word0001" custom="readingOrder {index:1;}">
          <Coords points="386,1614 482,1613 481,1569 481,1569 479,1562 474,1558 460,1559 450,1566 443,1559 422,1559 416,1562 402,1559 397,1563 394,1588 387,1590 386,1590"/>
          <TextEquiv conf="0.9251461">
            <Unicode>„ſich</Unicode>
          </TextEquiv>
        </Word>
        <Word id="region0002_line0013_word0002" custom="readingOrder {index:2;}">
          <Coords points="506,1571 555,1571 556,1604 507,1604"/>
          <TextEquiv conf="0.92963105">
            <Unicode>an</Unicode>
          </TextEquiv>
        </Word>
        <Word id="region0002_line0013_word0003" custom="readingOrder {index:3;}">
          <Coords points="577,1560 655,1560 656,1607 578,1607"/>
          <TextEquiv conf="0.9292906">
            <Unicode>Oel</Unicode>
          </TextEquiv>
        </Word>
        <Word id="region0002_line0013_word0004" custom="readingOrder {index:4;}">
          <Coords points="687,1602 763,1602 762,1563 707,1563 696,1564 686,1564"/>
          <TextEquiv conf="0.9268134">
            <Unicode>und</Unicode>
          </TextEquiv>
        </Word>
        <Word id="region0002_line0013_word0005" custom="readingOrder {index:5;}">
          <Coords points="786,1559 787,1606 904,1605 903,1558 891,1559 884,1559 884,1558"/>
          <TextEquiv conf="0.91144586">
            <Unicode>Wein</Unicode>
          </TextEquiv>
        </Word>
        <Word id="region0002_line0013_word0006" custom="readingOrder {index:6;}">
          <Coords points="1025,1553 950,1553 949,1556 931,1556 931,1605 941,1605 985,1605 986,1606 1008,1606 1010,1605 1025,1605"/>
          <TextEquiv conf="0.9267423">
            <Unicode>nicht</Unicode>
          </TextEquiv>
        </Word>
        <Word id="region0002_line0013_word0007" custom="readingOrder {index:7;}">
          <Coords points="1093,1560 1051,1561 1052,1607 1068,1606 1081,1600 1093,1598"/>
          <TextEquiv conf="0.9267423">
            <Unicode>zu</Unicode>
          </TextEquiv>
        </Word>
        <Word id="region0002_line0013_word0008" custom="readingOrder {index:8;}">
          <Coords points="1119,1560 1195,1559 1196,1593 1120,1594"/>
          <TextEquiv>
            <Unicode>ver⸗</Unicode>
          </TextEquiv>
        </Word>
        <TextEquiv>
          <Unicode>nung: „ſich an Oel und Wein nicht zu ver⸗</Unicode>
        </TextEquiv>
      </TextLine>
      <TextLine id="region0002_line0014" custom="readingOrder {index:13;}">
        <Coords points="1119,1597 1066,1609 950,1617 877,1618 854,1612 768,1611 751,1613 743,1621 728,1620 722,1613 709,1613 699,1620 679,1620 676,1615 662,1615 651,1622 647,1618 635,1618 628,1623 602,1626 589,1625 582,1620 551,1623 548,1620 530,1619 523,1624 497,1628 463,1628 456,1625 433,1624 424,1629 413,1625 361,1631 359,1626 350,1621 334,1624 323,1622 318,1624 314,1631 231,1636 227,1651 205,1652 206,1690 271,1690 319,1681 328,1681 335,1689 346,1688 351,1681 376,1680 384,1682 388,1687 400,1688 407,1684 435,1684 439,1681 440,1673 520,1672 526,1680 537,1681 542,1672 563,1671 572,1682 586,1681 591,1670 612,1669 658,1670 663,1675 673,1674 678,1669 699,1669 704,1674 714,1674 720,1668 726,1667 828,1665 834,1673 845,1674 859,1664 882,1660 947,1658 954,1659 965,1667 974,1666 988,1658 1036,1654 1077,1652 1123,1658 1129,1654 1157,1650 1202,1648 1202,1606 1150,1606 1134,1603 1130,1598"/>
        <Baseline points="206,1679 419,1672 445,1662 821,1656 1202,1638"/>
        <Word id="region0002_line0014_word0000" custom="readingOrder {index:0;}">
          <Coords points="223,1670 437,1668 437,1624 433,1624 424,1629 413,1625 361,1631 359,1626 350,1621 334,1624 323,1622 318,1624 314,1631 231,1636 227,1651 223,1651"/>
          <TextEquiv conf="0.92994004">
            <Unicode>„greifen,“</Unicode>
          </TextEquiv>
        </Word>
        <Word id="region0002_line0014_word0001" custom="readingOrder {index:1;}">
          <Coords points="467,1666 606,1665 606,1625 602,1626 589,1625 582,1620 551,1623 548,1620 530,1619 523,1624 497,1628 467,1628"/>
          <TextEquiv conf="0.9298668">
            <Unicode>verſtehe</Unicode>
          </TextEquiv>
        </Word>
        <Word id="region0002_line0014_word0002" custom="readingOrder {index:2;}">
          <Coords points="635,1660 678,1659 678,1618 676,1615 662,1615 651,1622 647,1618 635,1618"/>
          <TextEquiv conf="0.9252256">
            <Unicode>ich</Unicode>
          </TextEquiv>
        </Word>
        <Word id="region0002_line0014_word0003" custom="readingOrder {index:3;}">
          <Coords points="706,1615 704,1616 704,1660 757,1660 757,1615 749,1615 743,1621 728,1620 723,1615"/>
          <TextEquiv conf="0.75931823">
            <Unicode>ſo:</Unicode>
          </TextEquiv>
        </Word>
        <Word id="region0002_line0014_word0004" custom="readingOrder {index:4;}">
          <Coords points="800,1613 800,1662 875,1661 882,1660 947,1658 954,1659 955,1660 983,1660 983,1614 950,1617 877,1618 855,1612"/>
          <TextEquiv conf="0.9253745">
            <Unicode>Theurung</Unicode>
          </TextEquiv>
        </Word>
        <Word id="region0002_line0014_word0005" custom="readingOrder {index:5;}">
          <Coords points="1008,1615 1075,1614 1075,1645 1008,1646"/>
          <TextEquiv conf="0.93243706">
            <Unicode>und</Unicode>
          </TextEquiv>
        </Word>
        <Word id="region0002_line0014_word0006" custom="readingOrder {index:6;}">
          <Coords points="1195,1607 1098,1608 1098,1653 1138,1652 1157,1650 1195,1648"/>
          <TextEquiv>
            <Unicode>Hun⸗</Unicode>
          </TextEquiv>
        </Word>
        <TextEquiv>
          <Unicode>„greifen,“ verſtehe ich ſo: Theurung und Hun⸗</Unicode>
        </TextEquiv>
      </TextLine>
      <TextLine id="region0002_line0015" custom="readingOrder {index:14;}">
        <Coords points="1057,1659 1050,1667 1004,1665 996,1661 985,1661 974,1667 942,1671 933,1662 923,1662 912,1671 871,1671 839,1676 782,1673 777,1669 728,1672 720,1674 716,1681 653,1681 647,1673 636,1672 627,1681 582,1684 500,1683 493,1676 483,1676 472,1684 439,1688 391,1689 384,1688 382,1683 376,1681 366,1681 358,1689 206,1694 205,1745 243,1744 291,1733 356,1733 369,1738 380,1738 388,1734 413,1731 480,1730 485,1735 494,1735 500,1730 603,1724 637,1725 642,1729 652,1729 657,1725 678,1724 696,1727 704,1733 714,1733 720,1728 751,1728 778,1720 914,1716 920,1722 928,1722 935,1715 974,1713 979,1718 989,1718 995,1713 1050,1709 1140,1706 1171,1709 1177,1714 1203,1709 1202,1662 1074,1665 1067,1659"/>
        <Baseline points="205,1732 557,1715 728,1717 1104,1696 1203,1700"/>
        <Word id="region0002_line0015_word0000" custom="readingOrder {index:0;}">
          <Coords points="225,1721 384,1719 383,1686 382,1683 376,1681 366,1681 358,1689 224,1693"/>
          <TextEquiv conf="0.9296882">
            <Unicode>gersnoth</Unicode>
          </TextEquiv>
        </Word>
        <Word id="region0002_line0015_word0001" custom="readingOrder {index:1;}">
          <Coords points="410,1715 516,1714 515,1683 500,1683 493,1676 483,1676 472,1684 439,1688 409,1688"/>
          <TextEquiv conf="0.92753464">
            <Unicode>macht</Unicode>
          </TextEquiv>
        </Word>
        <Word id="region0002_line0015_word0002" custom="readingOrder {index:2;}">
          <Coords points="542,1717 721,1715 720,1674 720,1674 716,1681 653,1681 647,1673 636,1672 627,1681 582,1684 541,1684"/>
          <TextEquiv conf="0.92311424">
            <Unicode>manchen,</Unicode>
          </TextEquiv>
        </Word>
        <Word id="region0002_line0015_word0003" custom="readingOrder {index:3;}">
          <Coords points="766,1671 767,1706 823,1705 822,1675 782,1673 779,1670"/>
          <TextEquiv conf="0.9312987">
            <Unicode>der</Unicode>
          </TextEquiv>
        </Word>
        <Word id="region0002_line0015_word0004" custom="readingOrder {index:4;}">
          <Coords points="849,1677 883,1676 883,1705 849,1706"/>
          <TextEquiv conf="0.9272524">
            <Unicode>es</Unicode>
          </TextEquiv>
        </Word>
        <Word id="region0002_line0015_word0005" custom="readingOrder {index:5;}">
          <Coords points="918,1669 919,1712 1002,1711 1001,1668 962,1668 942,1671 939,1668"/>
          <TextEquiv conf="0.9194451">
            <Unicode>ſonſt</Unicode>
          </TextEquiv>
        </Word>
        <Word id="region0002_line0015_word0006" custom="readingOrder {index:6;}">
          <Coords points="1034,1669 1084,1668 1085,1702 1035,1703"/>
          <TextEquiv conf="0.9318994">
            <Unicode>nie</Unicode>
          </TextEquiv>
        </Word>
        <Word id="region0002_line0015_word0007" custom="readingOrder {index:7;}">
          <Coords points="1194,1708 1194,1673 1109,1674 1109,1707 1140,1706 1164,1708"/>
          <TextEquiv conf="0.9236196">
            <Unicode>war,</Unicode>
          </TextEquiv>
        </Word>
        <TextEquiv conf="0.9267315">
          <Unicode>gersnoth macht manchen, der es ſonſt nie war,</Unicode>
        </TextEquiv>
      </TextLine>
      <TextLine id="region0002_line0016" custom="readingOrder {index:15;}">
        <Coords points="1062,1714 1004,1716 989,1723 966,1727 957,1718 947,1718 937,1727 930,1728 919,1728 914,1719 903,1718 889,1731 833,1731 828,1730 821,1722 807,1725 760,1726 755,1730 753,1737 743,1734 689,1736 687,1730 678,1725 666,1729 658,1738 646,1738 644,1732 636,1727 553,1729 537,1735 525,1732 513,1739 479,1742 424,1742 418,1732 402,1734 396,1739 369,1739 356,1734 301,1734 296,1736 289,1746 205,1749 206,1795 233,1796 242,1791 516,1782 622,1783 699,1779 731,1781 742,1785 782,1782 807,1776 829,1775 847,1775 853,1782 863,1783 870,1774 884,1773 935,1773 942,1779 951,1779 956,1773 994,1771 1001,1777 1010,1777 1016,1770 1050,1769 1064,1772 1078,1766 1133,1765 1142,1756 1149,1759 1153,1771 1161,1770 1166,1765 1202,1764 1202,1719 1102,1721"/>
        <Baseline points="206,1783 1202,1753"/>
        <Word id="region0002_line0016_word0000" custom="readingOrder {index:0;}">
          <Coords points="225,1779 297,1778 296,1743 291,1743 289,1746 224,1748"/>
          <TextEquiv conf="0.93078524">
            <Unicode>zum</Unicode>
          </TextEquiv>
        </Word>
        <Word id="region0002_line0016_word0001" custom="readingOrder {index:1;}">
          <Coords points="330,1770 439,1769 439,1742 424,1742 418,1732 402,1734 396,1739 369,1739 356,1734 330,1734"/>
          <TextEquiv conf="0.9315957">
            <Unicode>Diebe</Unicode>
          </TextEquiv>
        </Word>
        <Word id="region0002_line0016_word0002" custom="readingOrder {index:2;}">
          <Coords points="523,1733 513,1739 479,1742 474,1742 474,1767 541,1767 541,1733 537,1735 529,1733"/>
          <TextEquiv conf="0.9208651">
            <Unicode>und</Unicode>
          </TextEquiv>
        </Word>
        <Word id="region0002_line0016_word0003" custom="readingOrder {index:3;}">
          <Coords points="580,1729 580,1772 743,1771 743,1734 689,1736 687,1730 684,1728 667,1728 666,1729 658,1738 646,1738 644,1732 638,1728"/>
          <TextEquiv>
            <Unicode>Raͤuber;</Unicode>
          </TextEquiv>
        </Word>
        <Word id="region0002_line0016_word0004" custom="readingOrder {index:4;}">
          <Coords points="809,1727 809,1772 868,1772 868,1731 833,1731 828,1730 825,1727"/>
          <TextEquiv>
            <Unicode>bey</Unicode>
          </TextEquiv>
        </Word>
        <Word id="region0002_line0016_word0005" custom="readingOrder {index:5;}">
          <Coords points="895,1725 895,1725 895,1771 1016,1770 1016,1770 1022,1770 1022,1724 981,1724 966,1727 963,1724 940,1725 937,1727 930,1728 919,1728 917,1725"/>
          <TextEquiv conf="0.9223799">
            <Unicode>aͤußerſt</Unicode>
          </TextEquiv>
        </Word>
        <Word id="region0002_line0016_word0006" custom="readingOrder {index:6;}">
          <Coords points="1197,1723 1055,1725 1055,1769 1071,1768 1078,1766 1133,1765 1142,1756 1149,1759 1151,1767 1163,1767 1166,1765 1197,1764"/>
          <TextEquiv conf="0.92793036">
            <Unicode>ſtrenger</Unicode>
          </TextEquiv>
        </Word>
        <TextEquiv>
          <Unicode>zum Diebe und Raͤuber; bey aͤußerſt ſtrenger</Unicode>
        </TextEquiv>
      </TextLine>
      <TextLine id="region0002_line0017" custom="readingOrder {index:16;}">
        <Coords points="1142,1757 1133,1768 1071,1769 1064,1773 1050,1772 1043,1780 1038,1781 1030,1773 1019,1772 1013,1782 980,1784 925,1783 920,1778 908,1778 903,1783 870,1788 781,1789 777,1786 768,1787 763,1790 741,1790 737,1784 719,1782 711,1791 697,1792 659,1791 529,1795 477,1789 455,1792 449,1787 434,1787 426,1794 386,1799 350,1800 348,1794 341,1789 325,1790 318,1800 289,1799 274,1793 242,1792 233,1797 206,1796 205,1848 272,1848 320,1844 326,1849 334,1849 340,1843 390,1840 424,1841 427,1845 438,1846 449,1841 561,1837 568,1837 578,1845 591,1846 602,1837 638,1835 949,1828 965,1829 974,1832 1035,1824 1128,1824 1202,1819 1203,1780 1168,1780 1161,1771 1153,1772 1148,1759"/>
        <Baseline points="205,1837 1202,1809"/>
        <Word id="region0002_line0017_word0000" custom="readingOrder {index:0;}">
          <Coords points="225,1819 355,1818 354,1799 350,1800 348,1794 341,1789 325,1790 318,1800 289,1799 274,1793 242,1792 233,1797 224,1796"/>
          <TextEquiv conf="0.9306739">
            <Unicode>Strafe</Unicode>
          </TextEquiv>
        </Word>
        <Word id="region0002_line0017_word0001" custom="readingOrder {index:1;}">
          <Coords points="373,1818 450,1818 449,1787 449,1787 434,1787 426,1794 386,1799 373,1799"/>
          <TextEquiv conf="0.92830884">
            <Unicode>muß</Unicode>
          </TextEquiv>
        </Word>
        <Word id="region0002_line0017_word0002" custom="readingOrder {index:2;}">
          <Coords points="467,1817 637,1816 636,1791 529,1795 477,1789 466,1790"/>
          <TextEquiv conf="0.9231477">
            <Unicode>deswegen</Unicode>
          </TextEquiv>
        </Word>
        <Word id="region0002_line0017_word0003" custom="readingOrder {index:3;}">
          <Coords points="662,1808 816,1806 815,1788 781,1789 777,1786 768,1787 763,1790 741,1790 737,1784 719,1782 711,1791 697,1792 661,1791"/>
          <TextEquiv conf="0.92965037">
            <Unicode>verboten</Unicode>
          </TextEquiv>
        </Word>
        <Word id="region0002_line0017_word0004" custom="readingOrder {index:4;}">
          <Coords points="843,1814 984,1812 983,1783 980,1784 925,1783 920,1778 908,1778 903,1783 870,1788 842,1788"/>
          <TextEquiv conf="0.91803306">
            <Unicode>werden,</Unicode>
          </TextEquiv>
        </Word>
        <Word id="region0002_line0017_word0005" custom="readingOrder {index:5;}">
          <Coords points="1021,1803 1052,1803 1051,1772 1050,1772 1043,1780 1038,1781 1030,1773 1020,1772"/>
          <TextEquiv conf="0.93283534">
            <Unicode>in</Unicode>
          </TextEquiv>
        </Word>
        <Word id="region0002_line0017_word0006" custom="readingOrder {index:6;}">
          <Coords points="1135,1765 1133,1768 1078,1768 1079,1804 1199,1803 1198,1780 1168,1780 1161,1771 1153,1772 1150,1765"/>
          <TextEquiv>
            <Unicode>Wein⸗</Unicode>
          </TextEquiv>
        </Word>
        <TextEquiv>
          <Unicode>Strafe muß deswegen verboten werden, in Wein⸗</Unicode>
        </TextEquiv>
      </TextLine>
      <TextLine id="region0002_line0018" custom="readingOrder {index:17;}">
        <Coords points="1051,1828 1040,1836 1030,1837 1021,1837 1003,1830 982,1830 974,1833 965,1830 918,1830 885,1834 866,1844 835,1844 828,1834 820,1834 808,1844 751,1845 746,1837 732,1835 726,1837 719,1845 678,1848 578,1849 571,1840 560,1841 553,1849 521,1841 455,1842 438,1847 408,1846 400,1851 369,1855 264,1860 243,1859 238,1852 228,1851 221,1854 205,1854 206,1904 277,1905 278,1901 286,1896 292,1899 293,1913 307,1905 400,1898 503,1897 511,1902 519,1902 526,1896 533,1902 551,1901 557,1896 659,1892 667,1900 677,1900 685,1892 722,1891 727,1896 737,1896 745,1890 809,1886 873,1885 889,1890 1040,1885 1045,1890 1055,1890 1060,1885 1086,1887 1092,1883 1120,1881 1158,1881 1165,1888 1177,1887 1185,1880 1203,1880 1202,1836 1094,1837 1087,1836 1080,1829 1066,1832 1059,1828"/>
        <Baseline points="206,1894 1202,1870"/>
        <Word id="region0002_line0018_word0000" custom="readingOrder {index:0;}">
          <Coords points="226,1894 344,1893 343,1856 264,1860 243,1859 238,1852 228,1851 225,1852"/>
          <TextEquiv conf="0.9314579">
            <Unicode>bergen</Unicode>
          </TextEquiv>
        </Word>
        <Word id="region0002_line0018_word0001" custom="readingOrder {index:1;}">
          <Coords points="363,1881 430,1881 429,1847 405,1847 400,1851 369,1855 362,1855"/>
          <TextEquiv conf="0.92896444">
            <Unicode>und</Unicode>
          </TextEquiv>
        </Word>
        <Word id="region0002_line0018_word0002" custom="readingOrder {index:2;}">
          <Coords points="448,1843 447,1844 448,1889 648,1887 647,1848 578,1849 573,1842 558,1842 553,1849 529,1843"/>
          <TextEquiv>
            <Unicode>Obſtgaͤrten</Unicode>
          </TextEquiv>
        </Word>
        <Word id="region0002_line0018_word0003" custom="readingOrder {index:3;}">
          <Coords points="666,1853 702,1852 703,1887 667,1888"/>
          <TextEquiv conf="0.9240515">
            <Unicode>zu</Unicode>
          </TextEquiv>
        </Word>
        <Word id="region0002_line0018_word0004" custom="readingOrder {index:4;}">
          <Coords points="726,1840 727,1884 860,1883 859,1844 835,1844 831,1839 813,1839 808,1844 751,1845 747,1839"/>
          <TextEquiv conf="0.9191429">
            <Unicode>freveln.</Unicode>
          </TextEquiv>
        </Word>
        <Word id="region0002_line0018_word0005" custom="readingOrder {index:5;}">
          <Coords points="929,1840 1018,1839 1019,1884 930,1885"/>
          <TextEquiv conf="0.93094385">
            <Unicode>(Die</Unicode>
          </TextEquiv>
        </Word>
        <Word id="region0002_line0018_word0006" custom="readingOrder {index:6;}">
          <Coords points="1044,1838 1045,1883 1103,1882 1120,1881 1158,1881 1159,1882 1184,1881 1185,1880 1198,1880 1197,1836 1185,1836"/>
          <TextEquiv conf="0.92473024">
            <Unicode>ſchwarze</Unicode>
          </TextEquiv>
        </Word>
        <TextEquiv>
          <Unicode>bergen und Obſtgaͤrten zu freveln. (Die ſchwarze</Unicode>
        </TextEquiv>
      </TextLine>
      <TextLine id="region0002_line0019" custom="readingOrder {index:18;}">
        <Coords points="1121,1885 1111,1892 1090,1892 1087,1888 1074,1887 1066,1895 1046,1897 1023,1897 1004,1887 926,1891 913,1898 880,1896 874,1891 866,1892 857,1897 804,1901 738,1899 705,1902 698,1894 688,1894 681,1902 667,1901 659,1893 645,1897 627,1894 581,1904 552,1905 550,1902 523,1905 508,1902 503,1898 450,1900 424,1902 395,1911 380,1910 374,1905 366,1905 358,1911 322,1916 318,1915 315,1906 307,1906 292,1914 291,1899 283,1897 277,1906 283,1912 291,1913 290,1917 283,1917 278,1910 269,1907 206,1907 205,1971 246,1971 264,1963 324,1960 423,1957 447,1958 454,1963 463,1963 469,1958 497,1958 513,1953 550,1950 607,1949 617,1950 623,1957 632,1957 639,1950 647,1950 652,1955 662,1955 669,1949 723,1946 993,1943 1040,1940 1077,1940 1082,1944 1090,1944 1095,1940 1146,1937 1169,1938 1186,1942 1202,1939 1203,1892 1136,1892 1130,1885"/>
        <Baseline points="205,1958 532,1940 1202,1929"/>
        <Word id="region0002_line0019_word0000" custom="readingOrder {index:0;}">
          <Coords points="226,1953 337,1952 337,1914 322,1916 318,1915 315,1906 307,1906 292,1914 291,1899 283,1897 277,1906 283,1912 291,1913 290,1917 283,1917 278,1910 269,1907 226,1907"/>
          <TextEquiv conf="0.9248916">
            <Unicode>Farbe</Unicode>
          </TextEquiv>
        </Word>
        <Word id="region0002_line0019_word0001" custom="readingOrder {index:1;}">
          <Coords points="365,1906 365,1943 423,1943 423,1906 411,1906 395,1911 380,1910 375,1906"/>
          <TextEquiv conf="0.92982644">
            <Unicode>des</Unicode>
          </TextEquiv>
        </Word>
        <Word id="region0002_line0019_word0002" custom="readingOrder {index:2;}">
          <Coords points="447,1903 447,1950 595,1948 595,1901 595,1901 581,1904 552,1905 550,1902 523,1905 509,1902"/>
          <TextEquiv conf="0.92880845">
            <Unicode>Pferdes</Unicode>
          </TextEquiv>
        </Word>
        <Word id="region0002_line0019_word0003" custom="readingOrder {index:3;}">
          <Coords points="623,1899 623,1947 720,1946 723,1946 738,1945 738,1899 705,1902 701,1898 684,1898 681,1902 667,1901 664,1898"/>
          <TextEquiv conf="0.91637146">
            <Unicode>ſcheint</Unicode>
          </TextEquiv>
        </Word>
        <Word id="region0002_line0019_word0004" custom="readingOrder {index:4;}">
          <Coords points="773,1910 836,1910 836,1935 773,1935"/>
          <TextEquiv conf="0.93155855">
            <Unicode>nur</Unicode>
          </TextEquiv>
        </Word>
        <Word id="region0002_line0019_word0005" custom="readingOrder {index:5;}">
          <Coords points="864,1901 920,1900 920,1935 864,1936"/>
          <TextEquiv conf="0.92233515">
            <Unicode>der</Unicode>
          </TextEquiv>
        </Word>
        <Word id="region0002_line0019_word0006" custom="readingOrder {index:6;}">
          <Coords points="957,1897 957,1939 1199,1936 1199,1894 1058,1895 1046,1897 1023,1897 1021,1896"/>
          <TextEquiv conf="0.92033386">
            <Unicode>Abwechslung</Unicode>
          </TextEquiv>
        </Word>
        <TextEquiv conf="0.9248751">
          <Unicode>Farbe des Pferdes ſcheint nur der Abwechslung</Unicode>
        </TextEquiv>
      </TextLine>
      <TextLine id="region0002_line0020" custom="readingOrder {index:19;}">
        <Coords points="803,1946 797,1955 792,1951 783,1951 777,1956 767,1953 759,1953 754,1957 723,1957 699,1953 695,1956 666,1957 641,1963 595,1963 588,1954 574,1954 565,1965 456,1970 455,1964 447,1959 436,1959 426,1970 421,1971 205,1976 206,2018 268,2019 275,2011 280,2011 283,2016 279,2023 290,2026 296,2025 302,2019 318,2018 348,2021 358,2026 378,2020 407,2025 423,2018 477,2012 508,2012 515,2020 528,2020 535,2012 544,2011 568,2009 574,2014 591,2008 604,2008 610,2014 618,2014 624,2009 635,2009 647,2010 653,2016 661,2016 669,2009 754,2003 817,2004 824,2009 844,2008 856,2003 942,2002 947,2008 962,2009 968,2002 1013,2000 1046,2001 1053,2008 1065,2008 1074,2000 1097,1995 1149,1992 1172,1993 1180,1997 1203,1994 1202,1946 1089,1952 1063,1944 998,1944 988,1947 982,1956 933,1958 912,1957 910,1950 905,1946 894,1947 884,1957 873,1957 871,1949 864,1946"/>
        <Baseline points="206,2008 404,2009 734,1993 1203,1984"/>
        <Word id="region0002_line0020_word0000" custom="readingOrder {index:0;}">
          <Coords points="225,2007 337,2006 336,1972 224,1975"/>
          <TextEquiv conf="0.92578596">
            <Unicode>wegen</Unicode>
          </TextEquiv>
        </Word>
        <Word id="region0002_line0020_word0001" custom="readingOrder {index:1;}">
          <Coords points="357,2006 498,2004 497,1968 456,1970 455,1964 447,1959 436,1959 426,1970 421,1971 356,1972"/>
          <TextEquiv conf="0.92949784">
            <Unicode>gegeben</Unicode>
          </TextEquiv>
        </Word>
        <Word id="region0002_line0020_word0002" custom="readingOrder {index:2;}">
          <Coords points="516,1968 551,1968 552,2004 517,2004"/>
          <TextEquiv conf="0.93176126">
            <Unicode>zu</Unicode>
          </TextEquiv>
        </Word>
        <Word id="region0002_line0020_word0003" custom="readingOrder {index:3;}">
          <Coords points="572,1957 573,2004 670,2003 669,1956 666,1957 641,1963 595,1963 590,1956"/>
          <TextEquiv conf="0.92933494">
            <Unicode>ſeyn,</Unicode>
          </TextEquiv>
        </Word>
        <Word id="region0002_line0020_word0004" custom="readingOrder {index:4;}">
          <Coords points="700,1960 740,1960 741,1994 701,1994"/>
          <TextEquiv conf="0.9321611">
            <Unicode>da</Unicode>
          </TextEquiv>
        </Word>
        <Word id="region0002_line0020_word0005" custom="readingOrder {index:5;}">
          <Coords points="760,1961 809,1960 810,1994 761,1995"/>
          <TextEquiv conf="0.93135345">
            <Unicode>die</Unicode>
          </TextEquiv>
        </Word>
        <Word id="region0002_line0020_word0006" custom="readingOrder {index:6;}">
          <Coords points="835,1956 836,2001 930,2000 929,1957 912,1957 911,1955 885,1955 884,1957 873,1957 872,1955"/>
          <TextEquiv conf="0.9208643">
            <Unicode>Farbe</Unicode>
          </TextEquiv>
        </Word>
        <Word id="region0002_line0020_word0007" custom="readingOrder {index:7;}">
          <Coords points="1002,1965 949,1966 950,2002 981,2001 1002,2000"/>
          <TextEquiv conf="0.9302327">
            <Unicode>zur</Unicode>
          </TextEquiv>
        </Word>
        <Word id="region0002_line0020_word0008" custom="readingOrder {index:8;}">
          <Coords points="1197,1952 1014,1954 1015,2000 1046,2001 1047,2002 1072,2001 1074,2000 1097,1995 1149,1992 1172,1993 1180,1997 1198,1995"/>
          <TextEquiv conf="0.9270455">
            <Unicode>Theurung</Unicode>
          </TextEquiv>
        </Word>
        <TextEquiv conf="0.92867076">
          <Unicode>wegen gegeben zu ſeyn, da die Farbe zur Theurung</Unicode>
        </TextEquiv>
      </TextLine>
      <TextLine id="region0002_line0021" custom="readingOrder {index:20;}">
        <Coords points="1090,1997 1074,2008 1035,2011 965,2013 961,2009 898,2012 878,2010 873,2014 838,2018 773,2019 767,2011 757,2010 749,2020 737,2020 732,2011 720,2010 713,2020 673,2020 637,2020 631,2015 621,2015 615,2020 604,2020 600,2014 586,2011 573,2015 569,2021 552,2022 547,2015 536,2014 526,2023 493,2022 488,2018 478,2018 473,2021 420,2024 416,2027 391,2027 388,2022 378,2021 358,2028 292,2029 279,2024 282,2013 275,2012 268,2020 271,2024 267,2029 260,2025 250,2025 244,2031 206,2031 205,2072 274,2074 279,2078 288,2078 294,2074 353,2075 365,2075 371,2081 376,2081 389,2079 392,2074 432,2074 436,2077 446,2077 451,2074 501,2069 536,2070 542,2074 549,2074 554,2070 568,2069 574,2076 583,2076 589,2067 600,2066 733,2062 769,2064 775,2071 791,2067 794,2063 810,2062 938,2055 993,2055 997,2052 1077,2051 1202,2042 1203,2004 1138,2003 1132,1998 1123,1998 1117,2003 1103,2003 1097,1997"/>
        <Baseline points="206,2063 430,2065 1202,2033"/>
        <Word id="region0002_line0021_word0000" custom="readingOrder {index:0;}">
          <Coords points="272,2014 268,2020 271,2024 267,2029 260,2025 250,2025 244,2031 226,2031 226,2055 330,2054 330,2028 292,2029 279,2024 281,2014"/>
          <TextEquiv conf="0.9279778">
            <Unicode>nichts</Unicode>
          </TextEquiv>
        </Word>
        <Word id="region0002_line0021_word0001" custom="readingOrder {index:1;}">
          <Coords points="355,2061 448,2060 448,2022 420,2024 416,2027 391,2027 388,2022 378,2021 358,2028 355,2028"/>
          <TextEquiv conf="0.92600685">
            <Unicode>thut;</Unicode>
          </TextEquiv>
        </Word>
        <Word id="region0002_line0021_word0002" custom="readingOrder {index:2;}">
          <Coords points="478,2054 554,2054 554,2021 552,2022 547,2015 536,2014 526,2023 493,2022 488,2018 478,2018"/>
          <TextEquiv conf="0.9301382">
            <Unicode>doch</Unicode>
          </TextEquiv>
        </Word>
        <Word id="region0002_line0021_word0003" custom="readingOrder {index:3;}">
          <Coords points="574,2057 684,2056 684,2020 673,2020 637,2020 631,2015 621,2015 615,2020 604,2020 600,2014 586,2011 574,2014"/>
          <TextEquiv conf="0.9231376">
            <Unicode>finden</Unicode>
          </TextEquiv>
        </Word>
        <Word id="region0002_line0021_word0004" custom="readingOrder {index:4;}">
          <Coords points="703,2054 806,2053 806,2018 773,2019 767,2011 757,2010 749,2020 737,2020 732,2011 720,2010 713,2020 703,2020"/>
          <TextEquiv conf="0.9243334">
            <Unicode>einige</Unicode>
          </TextEquiv>
        </Word>
        <Word id="region0002_line0021_word0005" custom="readingOrder {index:5;}">
          <Coords points="824,2045 899,2044 899,2012 875,2012 873,2014 838,2018 824,2018"/>
          <TextEquiv conf="0.9280073">
            <Unicode>auch</Unicode>
          </TextEquiv>
        </Word>
        <Word id="region0002_line0021_word0006" custom="readingOrder {index:6;}">
          <Coords points="928,2011 928,2044 996,2043 996,2012 965,2013 962,2010"/>
          <TextEquiv conf="0.9298859">
            <Unicode>dies</Unicode>
          </TextEquiv>
        </Word>
        <Word id="region0002_line0021_word0007" custom="readingOrder {index:7;}">
          <Coords points="1022,2043 1198,2041 1198,2005 1076,2006 1074,2008 1035,2011 1022,2011"/>
          <TextEquiv>
            <Unicode>vorbedeu⸗</Unicode>
          </TextEquiv>
        </Word>
        <TextEquiv>
          <Unicode>nichts thut; doch finden einige auch dies vorbedeu⸗</Unicode>
        </TextEquiv>
      </TextLine>
      <TextLine id="region0002_line0022" custom="readingOrder {index:21;}">
        <Coords points="1101,2049 1070,2065 1044,2060 999,2060 985,2062 968,2071 952,2071 946,2065 936,2065 930,2071 907,2072 902,2064 892,2063 883,2073 875,2073 873,2066 864,2063 810,2063 800,2064 794,2070 787,2068 775,2072 767,2070 739,2071 733,2068 717,2071 704,2069 698,2074 667,2080 660,2080 651,2070 634,2070 623,2081 605,2081 600,2068 589,2068 583,2081 559,2083 547,2083 544,2076 536,2071 525,2072 516,2083 494,2084 422,2085 396,2083 390,2079 372,2082 365,2076 298,2083 280,2080 260,2086 206,2085 206,2131 269,2129 305,2134 397,2133 406,2130 437,2129 457,2134 536,2134 551,2131 554,2134 579,2133 596,2127 625,2124 632,2134 642,2134 649,2127 663,2128 668,2134 681,2133 686,2127 709,2126 714,2126 720,2132 730,2132 736,2123 769,2121 834,2128 860,2126 879,2118 914,2116 1043,2112 1077,2116 1110,2106 1142,2102 1156,2102 1180,2108 1203,2106 1202,2049 1149,2052 1145,2049 1133,2049 1128,2053 1114,2053 1109,2049"/>
        <Baseline points="206,2121 518,2124 1058,2103 1143,2092 1203,2094"/>
        <Word id="region0002_line0022_word0000" custom="readingOrder {index:0;}">
          <Coords points="225,2114 322,2113 321,2080 298,2083 280,2080 260,2086 224,2085"/>
          <TextEquiv conf="0.9226605">
            <Unicode>tend;</Unicode>
          </TextEquiv>
        </Word>
        <Word id="region0002_line0022_word0001" custom="readingOrder {index:1;}">
          <Coords points="353,2115 501,2113 500,2083 494,2084 422,2085 396,2083 390,2079 372,2082 365,2076 352,2077"/>
          <TextEquiv conf="0.7898233">
            <Unicode>ſchwarz,</Unicode>
          </TextEquiv>
        </Word>
        <Word id="region0002_line0022_word0002" custom="readingOrder {index:2;}">
          <Coords points="523,2114 618,2113 617,2081 605,2081 600,2068 589,2068 583,2081 559,2083 547,2083 544,2076 536,2071 525,2072 522,2075"/>
          <TextEquiv conf="0.9265102">
            <Unicode>ſagen</Unicode>
          </TextEquiv>
        </Word>
        <Word id="region0002_line0022_word0003" custom="readingOrder {index:3;}">
          <Coords points="631,2115 685,2114 684,2076 667,2080 660,2080 651,2070 634,2070 630,2073"/>
          <TextEquiv conf="0.93187493">
            <Unicode>ſie,</Unicode>
          </TextEquiv>
        </Word>
        <Word id="region0002_line0022_word0004" custom="readingOrder {index:4;}">
          <Coords points="706,2113 742,2113 741,2070 739,2071 733,2068 717,2071 705,2069"/>
          <TextEquiv conf="0.9308242">
            <Unicode>iſt</Unicode>
          </TextEquiv>
        </Word>
        <Word id="region0002_line0022_word0005" custom="readingOrder {index:5;}">
          <Coords points="811,2117 810,2063 800,2064 794,2070 787,2068 781,2070 775,2072 767,2070 762,2072 759,2071 760,2117"/>
          <TextEquiv conf="0.9283865">
            <Unicode>die</Unicode>
          </TextEquiv>
        </Word>
        <Word id="word_1675250653991_5870" custom="readingOrder {index:6;}">
          <Coords points="820,2064 865,2063 873,2066 875,2073 883,2073 891,2063 893,2063 902,2064 907,2072 928,2071 928,2110 821,2112"/>
          <TextEquiv conf="0.92479235">
            <Unicode>Farbe</Unicode>
          </TextEquiv>
        </Word>
        <Word id="region0002_line0022_word0007" custom="readingOrder {index:7;}">
          <Coords points="958,2072 942,2072 938,2068 938,2115 958,2114 992,2113 992,2061 985,2062 968,2071 959,2071"/>
          <TextEquiv conf="0.93173146">
            <Unicode>des</Unicode>
          </TextEquiv>
        </Word>
        <Word id="region0002_line0022_word0008" custom="readingOrder {index:8;}">
          <Coords points="1006,2061 1007,2109 1103,2107 1110,2106 1142,2102 1156,2102 1176,2107 1190,2107 1196,2106 1196,2059 1079,2060 1070,2065 1046,2060"/>
          <TextEquiv>
            <Unicode>Ungluͤcks.)</Unicode>
          </TextEquiv>
        </Word>
        <TextEquiv>
          <Unicode>tend; ſchwarz, ſagen ſie, iſt die Farbe des Ungluͤcks.)</Unicode>
        </TextEquiv>
      </TextLine>
      <TextEquiv>
        <Unicode>5. 6. Theurung und Hunger iſt immer im
Gefolge des Kriegs. Die nothwendigſten Lebens⸗
mittel werden dem Kaͤufer in kleinen Portionen
zugewogen. Ein Zehner oder Denar war nach
Matth XX, 9. 10. damals gerade der Taglohn
eines Arbeiters. Ein Maaß (χοινιξ) faßte damals
genau ſo viel als ein Menſch bedurfte, um einen
Tag ſein Leben zu friſten. Wenn alſo ein Tagloͤh⸗
ner fuͤr ſeinen Denar nicht mehr als ein Maaß
kaufen konnte, und er eine Frau und Kinder hatte,
ſo mußte er darben und hungern. — Gerſten⸗
brod weiſt auch auf Theurung hin. Die War⸗
nung: „ſich an Oel und Wein nicht zu ver⸗
„greifen,“ verſtehe ich ſo: Theurung und Hun⸗
gersnoth macht manchen, der es ſonſt nie war,
zum Diebe und Raͤuber; bey aͤußerſt ſtrenger
Strafe muß deswegen verboten werden, in Wein⸗
bergen und Obſtgaͤrten zu freveln. (Die ſchwarze
Farbe des Pferdes ſcheint nur der Abwechslung
wegen gegeben zu ſeyn, da die Farbe zur Theurung
nichts thut; doch finden einige auch dies vorbedeu⸗
tend; ſchwarz, ſagen ſie, iſt die Farbe des Ungluͤcks.)</Unicode>
      </TextEquiv>
    </TextRegion>
    <TextRegion id="region0003" custom="readingOrder {index:4;} structure {type:catch-word;}" orientation="0.5641273" type="catch-word" readingDirection="left-to-right">
      <Coords points="1158,2147 1202,2147 1202,2190 1158,2190"/>
      <TextLine id="region0003_line" custom="readingOrder {index:0;}">
        <Coords points="1158,2147 1202,2147 1202,2190 1158,2190"/>
        <Word id="region0003_line_word0000" custom="readingOrder {index:0;}">
          <Coords points="1198,2170 1164,2170 1164,2190 1198,2190"/>
          <TextEquiv conf="0.27774248">
            <Unicode>7.</Unicode>
          </TextEquiv>
        </Word>
        <TextEquiv conf="0.27774248">
          <Unicode>7.</Unicode>
        </TextEquiv>
      </TextLine>
      <TextEquiv conf="0.27774248">
        <Unicode>7.</Unicode>
      </TextEquiv>
    </TextRegion>
  </Page>
</PcGts>
