1481 2181
426 419 510 461 Der
522 427 583 460 25.
601 417 755 468 Auguſti
772 417 818 466 iſt
836 416 1058 465 nunmehro
1075 417 1245 468 vorbey;
1268 427 1365 458 man

451 469 557 510 wird
577 468 655 517 alſo
675 470 765 509 bald
779 467 974 517 erfahren,
990 479 1092 508 wem
1116 470 1269 519 Pohlen
1292 479 1340 514 zu

572 517 710 568 ſeinem
732 519 1007 568 Ober⸗Haupt
1031 519 1219 570 erwehlen

837 578 971 612 wird?

420 623 644 813 M

599 637 698 679 An
711 635 776 677 kan
798 639 835 673 es
857 634 936 673 eben
956 631 989 681 ſo
1009 642 1118 677 genau
1141 632 1226 675 nicht
1243 634 1367 683 wiſſen,

661 689 718 724 wie
733 687 812 724 bald
825 686 873 722 die
891 687 1000 730 gantze
1008 684 1144 734 Sache
1164 684 1261 724 einen
1276 682 1366 726 Aus⸗

656 731 771 781 ſchlag
771 731 955 781 gewinnen
964 744 1109 774 werde.
1140 733 1364 783 Wenigſtens

656 783 800 835 werden
800 783 901 837 doch
901 783 954 836 4.
974 783 1131 835 Wochen
1164 783 1364 845 verlauffen,

422 838 481 885 ehe
496 839 564 879 und
585 838 687 880 bevor
714 848 797 878 man
815 848 870 885 zur
883 840 1091 882 wuͤrcklichen
1120 838 1240 887 Wahl
1273 842 1363 882 eines

424 892 580 940 Koͤniges
607 892 755 938 ſchreiten
791 892 924 944 duͤrffte.
1002 893 1115 938 Denn
1137 895 1180 934 da
1205 892 1256 934 ein
1275 896 1364 943 jeder

424 933 669 990 Reichs ⸗ Tag
680 942 759 984 eben
774 943 808 994 ſo
824 944 924 993 lange
939 940 1012 991 Zeit
1026 946 1154 989 dauret,
1165 945 1197 985 ſo
1209 945 1248 995 iſt
1259 947 1366 991 leicht⸗

424 998 485 1041 lich
507 1007 543 1043 zu
560 986 767 1046 vermuthen,
786 998 852 1045 daß
865 1001 914 1042 die
932 999 1048 1049 Wahl
1063 1003 1122 1041 des
1142 992 1363 1049 Pohlniſchen

422 1051 637 1096 Monarchen
651 1052 744 1095 mehr
757 1051 830 1098 Zeit
849 1051 1017 1097 erfordern
1032 1051 1175 1099 duͤrffte,
1191 1051 1363 1099 immaßen

424 1099 558 1154 dieſelbe
582 1112 649 1145 von
682 1104 837 1153 groͤſſerer
861 1106 1078 1149 Wichtigkeit
1097 1105 1159 1155 iſt,
1191 1108 1245 1145 als
1270 1107 1363 1154 wohl

423 1154 540 1195 irgend
562 1154 629 1193 eine
643 1157 764 1195 andere
782 1155 928 1194 Materie
947 1154 1017 1203 ſeyn
1035 1155 1109 1201 kan,
1122 1154 1170 1194 die
1184 1154 1249 1200 auf
1259 1159 1361 1197 denen

423 1207 720 1257 Reichs ⸗ Tagen
748 1207 873 1260 ſonſten
906 1209 1128 1260 abgehandelt
1158 1217 1196 1258 zu
1226 1211 1360 1252 werden

420 1245 554 1309 pfleget.

421 1322 490 1362 Es
504 1319 630 1366 haben
643 1318 720 1369 ſich
735 1320 824 1361 aber
837 1321 897 1360 die
904 1320 1059 1371 Pohlen
1074 1320 1143 1370 bey
1158 1324 1221 1363 der
1229 1322 1363 1371 Wahl

420 1372 530 1421 ſchon
544 1374 625 1412 eine
637 1369 774 1421 Muͤhe
793 1381 838 1418 zu
855 1370 1020 1420 erſparen
1035 1367 1215 1424 geſuchet,
1226 1374 1359 1413 indem

420 1425 473 1477 ſie
488 1427 549 1466 die
561 1424 867 1467 Confœderation
883 1424 949 1477 bey
972 1429 1058 1467 dem
1080 1425 1363 1470 Reichs ⸗ Con-

421 1474 733 1527 vocations - Tag
763 1474 1079 1524 unterſchrieben,
1104 1474 1180 1526 daß
1204 1476 1255 1527 ſie
1285 1480 1363 1517 nie⸗

421 1529 543 1569 mand
567 1528 728 1575 anders,
754 1528 816 1566 als
837 1529 945 1567 einen
970 1527 1195 1580 gebohrnen
1223 1531 1362 1570 Piaſten

442 1590 532 1627 zum
553 1575 715 1632 Koͤnige
736 1581 923 1621 erwehlen
946 1579 1106 1624 wollen.
1130 1581 1198 1622 Es
1211 1579 1339 1631 fraget

494 1633 572 1684 ſich
585 1635 674 1683 alſo,
689 1635 739 1675 ob
753 1634 803 1685 ſie
814 1635 933 1684 dabey
944 1635 1093 1677 bleiben
1106 1637 1288 1677 werden?

472 1699 557 1742 Der
570 1700 768 1747 Woywode
781 1708 847 1740 von
861 1698 1072 1750 Podlachien
1096 1700 1155 1748 hat
1181 1698 1242 1747 ſich
1267 1699 1361 1749 ſchon

419 1750 602 1796 damahlen
622 1751 687 1798 auf
699 1752 789 1794 keine
812 1752 927 1800 Weiſe
942 1748 1097 1794 bewegen
1115 1748 1214 1799 laſſen
1227 1753 1361 1800 wollen,

419 1801 467 1841 die
484 1799 787 1840 Confœderation
809 1810 845 1846 zu
869 1791 1142 1849 unterſchreiben,
1163 1797 1297 1846 ſondern
1315 1804 1360 1842 da

420 1865 504 1902 man
537 1859 715 1908 deswegen
741 1857 861 1908 hefftig
880 1860 915 1901 in
939 1858 997 1908 ihn
1025 1856 1136 1908 hinein
1156 1859 1364 1909 gedrungen,
