1610 2285
537 410 589 449 die
603 409 664 457 ſein
683 404 789 466 Lehrer
803 415 903 463 oͤfters
919 418 1058 468 machte,
1096 424 1334 478 gegenwaͤrtig;
1373 430 1433 479 bey

535 449 608 499 dem
617 461 723 510 Herrn
735 465 788 505 D.
797 466 993 517 Hofmann
1003 472 1106 520 hoͤrete
1125 486 1156 512 er
1172 475 1326 516 lectiones
1332 482 1432 532 phar-

535 511 935 561 maceutico - chymicas,
985 520 1033 556 ein
1061 515 1254 573 Collegium
1278 526 1430 579 phyſico-

535 557 702 599 medicum
720 565 984 617 experimentale,
1008 569 1259 626 pathologicum
1277 579 1429 631 generale

535 619 599 652 und
615 614 889 672 phyſiologicum,
917 623 973 673 bey
990 631 1062 666 dem
1070 628 1177 677 Herrn
1213 634 1240 673 D.
1249 635 1428 682 Bakmei⸗

533 668 601 715 ſter
619 670 750 718 beſuchte
768 686 801 712 er
816 675 890 714 bald
912 677 1163 735 phyſiologiſche,
1194 685 1268 725 bald
1287 691 1427 738 ſemiolo⸗

532 719 630 766 giſche
638 721 868 774 Vorleſungen,
895 734 958 768 und
976 734 1087 773 lernete
1103 734 1134 771 in
1150 735 1250 782 ſeinen
1264 740 1424 792 Collegiis

531 771 582 809 die
592 771 971 828 Experimentalchemie,
994 782 1042 822 die
1060 786 1229 824 materiam
1248 788 1422 838 medicam,

531 828 597 863 und
613 830 664 866 die
677 829 758 874 Art,
788 833 925 879 Recepte
948 835 1208 888 vorzuſchreiben.
1284 846 1421 894 Endlich

529 876 621 922 ſtund
637 890 670 915 er
685 882 729 918 im
739 881 842 927 Maͤrz
861 894 957 929 1742
973 890 1035 924 das
1050 889 1258 942 gewoͤhnliche
1273 896 1419 945 Examen

528 923 587 968 bey
601 928 657 962 der
677 926 904 977 mediciniſchen
921 931 1070 982 Facultaͤt
1086 945 1167 982 aus,
1198 945 1262 977 und
1286 947 1420 995 verthei⸗

526 975 613 1021 digte
636 976 710 1016 bald
730 979 852 1028 darauf
868 995 929 1032 pro
946 986 1090 1024 Licentia
1114 992 1180 1029 eine
1197 993 1417 1047 Streitſchrift

524 1036 589 1067 von
598 1033 670 1068 dem
677 1032 859 1082 Eyterauge,
889 1039 998 1083 welche
1005 1046 1063 1081 den
1071 1044 1122 1091 ſel.
1164 1039 1210 1092 D.
1193 1047 1415 1097 Mauchard

525 1091 597 1128 zum
609 1082 775 1133 Verfaſſer
789 1088 897 1139 hatte,
921 1093 985 1131 und
999 1092 1077 1144 auch
1092 1101 1182 1137 unter
1197 1097 1310 1151 ſeinem
1323 1102 1413 1147 Vor⸗

522 1131 585 1179 ſitze
597 1132 771 1182 verfochten
788 1141 908 1179 wurde.

600 1186 703 1230 Allein
732 1191 822 1240 unſer
844 1194 1011 1244 Gelehrter
1039 1209 1109 1239 war
1124 1202 1184 1240 mit
1200 1203 1408 1254 demjenigen,

520 1244 593 1276 was
616 1251 649 1278 er
667 1241 729 1289 auf
742 1246 796 1282 der
812 1247 913 1296 hohen
925 1250 1052 1296 Schule
1071 1255 1173 1302 ſeines
1188 1256 1409 1303 Vaterlandes

518 1289 630 1338 gefaßt
650 1295 755 1342 hatte,
780 1297 837 1343 bey
848 1301 972 1340 weitem
984 1304 1066 1350 nicht
1080 1305 1255 1358 zufrieden,
1277 1312 1407 1364 ſondern

514 1342 594 1389 ſeine
614 1347 710 1393 große
733 1348 817 1389 Liebe
837 1363 873 1395 zu
896 1357 955 1393 den
978 1355 1232 1411 Wiſſenſchaften
1255 1365 1337 1405 trieb
1347 1367 1406 1416 ihn

515 1403 557 1431 an,
605 1396 661 1444 ſich
675 1397 753 1443 auch
762 1400 810 1439 die
824 1401 1073 1457 Gelehrſamkeit
1093 1415 1146 1449 der
1160 1412 1346 1456 Auslaͤnder
1365 1428 1404 1464 zu

513 1450 618 1500 Nutze
633 1462 668 1498 zu
684 1453 823 1500 machen.
875 1459 927 1501 Er
941 1460 1042 1509 begab
1058 1466 1113 1513 ſich
1128 1469 1161 1506 in
1173 1469 1270 1518 dieſer
1277 1468 1404 1523 Abſicht

511 1501 589 1547 nach
605 1501 781 1554 Frankfurt
791 1519 833 1547 an
847 1514 918 1550 dem
929 1511 1064 1561 Mayn,
1087 1514 1180 1564 gieng
1203 1529 1266 1557 von
1282 1525 1323 1558 da
1337 1530 1400 1562 aus

510 1555 588 1599 nach
617 1559 763 1609 Gießen,
795 1562 899 1610 kehrte
926 1567 1039 1605 wieder
1070 1573 1148 1616 nach
1182 1573 1399 1625 Weiſſenfels,

507 1601 622 1653 Leipzig
644 1614 706 1648 und
722 1611 819 1659 Halle
832 1616 865 1652 in
884 1615 1031 1663 Sachſen
1043 1621 1160 1667 zuruͤck,
1181 1628 1246 1661 und
1260 1628 1316 1673 ließ
1329 1622 1397 1681 ſich

508 1654 648 1708 uͤberall,
676 1662 705 1707 ſo
719 1662 781 1701 viel
797 1670 831 1702 es
851 1667 900 1703 die
914 1667 1021 1712 Kuͤrze
1041 1673 1095 1708 der
1108 1670 1180 1716 Zeit
1195 1675 1279 1722 litte,
1304 1678 1395 1728 hoͤch⸗

505 1699 588 1747 ſtens
605 1707 772 1753 angelegen
782 1708 863 1756 ſeyn,
885 1711 964 1759 ſeine
972 1708 1228 1768 Wiſſenſchaften
1237 1726 1301 1764 und
1309 1724 1395 1766 Ein⸗

502 1753 593 1803 ſicht,
617 1751 735 1814 ſowohl
753 1761 846 1810 durch
870 1766 928 1804 den
953 1761 1100 1816 Umgang
1127 1773 1187 1810 mit
1206 1771 1397 1827 Gelehrten,

503 1808 556 1845 als
572 1810 648 1853 auch
662 1814 755 1859 durch
772 1814 966 1869 Beſuchung
985 1823 1039 1858 der
1053 1820 1247 1875 botaniſchen
1260 1826 1395 1873 Gaͤrten

501 1861 566 1898 und
594 1860 818 1901 Theatrorum
849 1868 1110 1917 anatomicorum
1139 1883 1175 1920 zu
1200 1876 1384 1925 bereichern.

497 1916 572 1957 Aus
589 1913 735 1962 Sachſen
753 1921 827 1960 aber
842 1926 910 1963 eilte
924 1935 958 1964 er
973 1926 1049 1973 nach
1055 1928 1209 1981 Holland,
1230 1939 1295 1976 und
1308 1935 1385 1985 hiel⸗

495 1978 525 2007 te
529 1968 601 2020 ſich
620 1968 749 2021 daſelbſt
771 1976 819 2014 ein
852 1981 969 2028 ganzes
989 1978 1085 2032 Jahr
1113 1993 1151 2034 zu
1179 1985 1283 2028 Leiden
1305 1991 1383 2039 auf;
