1632 2450
502 402 538 431 D.
711 407 784 436 427.
958 404 997 433 D.

499 443 690 480 M.Chriſte,
699 448 752 474 der
760 448 802 476 du
810 442 870 480 biſt
878 444 953 480 Tag
953 444 996 478 ꝛc.

502 483 570 564 H

570 477 707 526 inunter*
699 476 738 530 iſt
745 487 791 520 der
801 482 996 526 ſonnenſchein,

570 527 632 563 Die
641 528 730 569 finſtre
737 529 816 570 nacht
823 528 909 566 bricht
918 528 998 564 ſtarck

500 570 612 617 herein;
630 574 724 615 Leucht
732 577 796 613 uns,
806 574 884 613 Herr
891 573 995 611 Chriſt,

502 617 540 649 du
548 614 661 656 wahres
675 613 748 655 licht,
763 614 816 653 Laß
830 616 886 647 uns
900 615 939 647 im
948 612 995 654 fin⸗

501 658 571 702 ſtern
581 660 735 694 wandeln**
744 659 824 699 nicht.
830 653 995 697 *Pſ.104,19.

549 703 691 730 **Andre:
710 702 813 732 tappen.
836 706 849 725 2
860 697 934 732 Petr.
943 706 962 730 1,
969 705 996 730 9.

547 750 574 772 2.
583 738 646 773 Dir
661 739 702 779 ſey
717 737 807 773 danck,
823 738 875 777 daß
892 740 927 772 du
941 740 996 771 uns

501 783 554 816 den
569 785 618 822 tag
638 781 705 817 Vor
715 778 829 822 ſchad'n,
838 779 933 821 gefahr
940 781 996 815 und

488 821 631 862 mancher
645 821 730 861 plag,
749 820 849 863 Durch
865 823 939 858 deine
955 830 995 856 en⸗

500 865 555 907 gel,
572 865 631 907 haſt
647 863 753 907 behuͤt't
767 866 831 901 Aus
848 866 921 906 gnad
939 865 996 899 und

501 908 666 947 vaͤterlicher
682 906 742 950 guͤt.

549 960 574 989 3.
584 948 699 983 Womit
716 949 768 982 wir
778 947 862 989 hab'n
873 944 997 989 erzuͤrnet

501 999 573 1042 dich,
583 997 702 1040 Daſſelb
710 999 811 1039 verzeih
819 1002 873 1033 uns
883 994 996 1038 gnaͤdig⸗

501 1041 563 1084 lich,
581 1035 622 1079 Und
637 1040 714 1082 rechn
726 1049 754 1074 es
766 1041 860 1080 unſrer
869 1041 917 1082 ſeel
926 1042 996 1080 nicht

502 1092 553 1125 zu:
582 1084 636 1128 Laß
660 1087 715 1120 uns
739 1084 854 1128 ſchlafen
879 1088 909 1120 in
927 1085 996 1127 fried

500 1132 559 1168 und
572 1132 636 1172 ruh.

522 1174 553 1202 4.
556 1162 657 1204 Durch
666 1164 726 1196 dein
738 1162 815 1198 engel
823 1165 866 1198 die
873 1163 947 1205 wach
955 1162 998 1197 be⸗

501 1213 568 1253 ſtell,
576 1213 649 1253 Daß
658 1215 713 1245 uns
714 1206 751 1249 der
770 1202 836 1253 boͤſe
847 1213 914 1249 feind
927 1211 998 1249 nicht

501 1255 579 1300 faͤll,*
586 1258 655 1292 Vor
669 1256 803 1296 ſchreck'n,
814 1254 931 1295 geſpenſt
941 1257 997 1290 und

501 1295 677 1338 feuersnoth,
693 1293 793 1337 Behuͤt
808 1298 863 1330 uns
875 1296 969 1339 heunt,
980 1304 997 1330 o

501 1344 595 1377 treuer
602 1341 688 1376 Gott.
767 1344 829 1373 Nic.
840 1344 999 1374 Hermann.

587 1386 657 1422 *d.i.
672 1383 794 1418 uͤberfalle
809 1385 859 1416 oder
870 1379 963 1419 ſchade.

550 1432 575 1460 5.
578 1422 641 1463 Ehr
652 1421 692 1463 ſey
703 1423 763 1455 dem
771 1421 865 1457 Vater
873 1424 927 1456 und
937 1422 997 1455 dem

481 1465 611 1507 Sohn,
636 1464 732 1500 Samt
748 1464 864 1506 heilgem
871 1464 959 1505 Geiſt,
967 1467 998 1499 in

502 1507 590 1542 einem
598 1507 694 1548 thron:
713 1502 761 1545 Der
779 1502 905 1547 heiligen
902 1506 998 1546 Drey⸗

502 1548 627 1587 einigkeit
649 1549 716 1592 Sey
738 1549 784 1585 lob
804 1551 861 1585 und
877 1543 953 1592 preis
967 1551 998 1584 in

502 1589 633 1637 ewigkeit.

500 1635 539 1665 A.
704 1631 778 1679 428.
955 1636 992 1667 D.

502 1678 557 1713 M.
568 1679 668 1712 Vater
677 1677 763 1714 unſer
772 1676 817 1709 im
830 1675 998 1715 Himmelr.

502 1728 564 1811 J

564 1728 592 1766 ch
621 1726 717 1761 dancke
749 1728 809 1765 dir,
839 1724 997 1764 liebreicher

572 1763 658 1802 Gott,
669 1762 741 1802 Daß
751 1764 787 1798 du
795 1762 863 1804 mich
873 1762 938 1802 heut
946 1769 999 1796 vor

502 1811 599 1852 ſchand
615 1812 664 1844 und
679 1808 769 1850 ſpott,
789 1813 852 1845 Und
868 1810 998 1850 ſchweren

501 1849 586 1900 faͤllen
600 1856 658 1898 haſt
676 1855 802 1896 behuͤt't;
831 1857 875 1889 Es
893 1858 999 1889 kommt

502 1903 559 1931 von
568 1897 660 1930 deiner
668 1897 741 1935 gnad
749 1897 806 1931 und
814 1892 874 1938 guͤt.
912 1896 999 1932 Mein

503 1933 580 1981 gantz
601 1939 750 1975 verderben
781 1940 813 1979 iſt
844 1942 898 1974 aus
926 1940 999 1975 mir;

502 1980 592 2023 Mein
612 1984 668 2028 heil
685 1987 738 2020 das
768 1986 871 2021 koͤmmt
893 1986 1000 2021 allein*

504 2036 560 2063 von
575 2029 627 2062 dir.
694 2027 789 2067 *Hoſ.
802 2037 848 2066 13,
860 2035 887 2059 9.

550 2080 576 2100 2.
588 2067 684 2101 Wenn
700 2066 736 2100 du
747 2065 818 2107 nicht
832 2057 932 2107 haͤtteſt
944 2068 1000 2101 mir

504 2111 619 2154 gereicht
655 2112 767 2149 Dein'n
792 2111 1017 2153 gnadenfinger,

505 2154 567 2195 waͤr
574 2152 614 2202 ich
623 2156 702 2203 leicht
702 2156 832 2202 Gefallen
841 2156 907 2199 auch
915 2157 942 2199 ſo
951 2157 1003 2200 tief

1028 389 1058 421 in
1073 386 1159 429 ſuͤnd,
1180 386 1236 422 Als
1258 389 1355 428 irgend
1375 385 1443 430 ſonſt
1461 376 1521 419 ein*

1030 429 1239 468 menſchenkind.
1282 429 1358 467 Ohn
1376 429 1450 461 deine
1464 418 1521 464 huͤlf

1030 476 1085 510 und
1100 477 1284 517 gnadenhand
1306 474 1385 519 Faͤllt
1398 475 1462 519 auch
1478 476 1519 509 der

1028 519 1196 565 froͤmmſt**
1206 525 1234 557 in
1251 519 1318 566 ſuͤnd
1333 523 1390 556 und
1400 520 1500 564 ſchand.

1044 557 1145 601 *Andr.
1156 562 1246 597 ſonſten
1252 560 1458 594 andre.**1Cor.
1453 553 1521 595 10,12.

1076 612 1101 642 3.
1111 601 1168 643 Jch
1176 601 1222 636 bin
1236 610 1310 642 zwar
1318 601 1389 643 nicht
1399 604 1471 642 gantz
1481 606 1517 632 en⸗

1029 641 1150 683 gelrein,
1165 642 1262 684 Welch
1278 642 1379 684 menſch
1394 643 1443 679 kan
1455 640 1518 681 ohne

1029 683 1112 728 ſuͤnde
1135 683 1221 728 ſeyn?
1233 683 1302 717 Den
1317 683 1393 717 alten
1407 675 1516 718 Adam*

1030 728 1096 775 ſpuͤr
1103 731 1142 773 ich
1159 732 1211 774 oft,
1222 732 1286 767 Der
1295 731 1363 773 mich
1372 740 1431 772 zum
1439 732 1517 767 argen

1030 774 1103 815 reitzt
1129 775 1186 808 und
1211 773 1286 815 ruft:
1315 770 1395 814 Haͤtt
1419 775 1458 816 ich
1481 771 1517 806 die

1029 815 1119 853 gnade
1134 813 1206 852 recht
1221 812 1383 854 gebraucht,
1404 815 1447 849 Er
1463 808 1517 849 waͤr

1030 866 1059 899 in
1069 865 1124 898 mir
1133 865 1194 898 todt
1203 865 1258 898 und
1268 862 1420 903 verraucht.

1063 904 1111 937 *d.
1113 899 1137 934 i.
1149 908 1179 935 die
1185 903 1325 940 Erbſuͤnde.
1343 905 1408 940 Eph.
1416 914 1442 938 4,
1449 911 1488 932 22.

1060 954 1088 981 4.
1092 941 1149 983 Jch
1157 941 1217 983 klag
1226 950 1262 975 an
1272 949 1345 975 mein
1354 943 1514 982 unachtſam⸗

1030 980 1081 1015 keit
1104 980 1150 1014 Vor
1161 980 1213 1018 dir,
1225 987 1239 1015 o
1250 978 1336 1016 Gott,
1351 980 1397 1012 mit
1412 987 1454 1013 reu
1463 974 1513 1011 und

1030 1026 1100 1064 leid;
1124 1027 1191 1061 Wie
1200 1028 1236 1061 du
1246 1025 1311 1068 auch
1314 1021 1405 1066 ſelber
1417 1025 1473 1068 haſt
1486 1028 1517 1062 ge⸗

1028 1064 1101 1105 ſehn,
1109 1063 1187 1096 Was
1197 1062 1238 1103 oft
1247 1065 1301 1096 aus
1309 1061 1483 1105 ſchwachheit
1485 1048 1520 1102 iſt

1030 1106 1174 1147 geſchehn:
1186 1107 1256 1141 Den
1264 1107 1358 1140 innern
1371 1100 1518 1149 menſchen*

1029 1154 1084 1196 hab
1093 1155 1132 1194 ich
1142 1156 1216 1197 nicht
1223 1155 1290 1190 Mit
1302 1155 1364 1196 fleiß
1373 1152 1518 1196 verwahrt,

1014 1194 1096 1237 nach
1106 1198 1209 1230 meiner
1219 1197 1328 1238 pflicht.
1343 1198 1434 1238 *Eph.
1442 1208 1466 1236 3,
1475 1193 1516 1227 16.

1057 1245 1107 1280 5.
1116 1239 1186 1278 Den
1209 1242 1298 1283 ſinnen
1315 1240 1369 1284 hab
1383 1242 1421 1284 ich
1431 1234 1474 1281 oft
1489 1244 1518 1277 zu

1029 1278 1094 1313 weit
1101 1276 1170 1313 Den
1179 1285 1257 1318 zaum
1266 1277 1387 1318 gemacht
1396 1286 1442 1317 zur
1451 1272 1518 1312 eitel⸗

1036 1327 1104 1368 keit;
1136 1327 1193 1369 Jch
1210 1326 1280 1369 habe
1297 1328 1351 1362 viel
1368 1330 1467 1368 geredt,
1483 1329 1517 1365 ge⸗

1028 1365 1118 1409 dacht,
1133 1365 1257 1406 Gehoͤrt,
1274 1365 1384 1406 geſehen
1393 1368 1449 1401 und
1458 1361 1516 1401 voll⸗

1029 1408 1144 1459 bracht,
1170 1412 1225 1448 Was
1244 1420 1299 1446 mir
1308 1412 1380 1454 nicht
1397 1411 1473 1453 wohl
1481 1406 1516 1449 ge⸗

1026 1453 1141 1494 ſtanden
1155 1460 1208 1491 an,
1232 1454 1294 1487 Und
1308 1452 1349 1493 ich
1369 1453 1440 1495 nicht
1455 1446 1534 1494 alles

1030 1498 1146 1544 wiſſen*
1148 1497 1238 1542 kan.
1298 1502 1364 1542 *Pſ.
1377 1513 1423 1540 19,
1436 1511 1482 1539 13.

1054 1540 1082 1570 6.
1085 1538 1148 1570 Aus
1156 1537 1263 1576 gnaden
1274 1535 1342 1570 alles
1351 1536 1406 1571 mir
1415 1528 1516 1576 vergib,

1028 1584 1198 1622 Verbrenns
1211 1585 1251 1618 im
1265 1583 1340 1625 feuer
1355 1585 1448 1619 deiner
1460 1580 1518 1620 lieb,

1029 1629 1141 1670 Erſtatt
1163 1630 1217 1663 aus
1239 1629 1350 1668 gnaden
1374 1628 1448 1672 ſelbſt
1477 1624 1519 1669 fuͤr

1029 1671 1106 1713 mich,
1120 1671 1198 1707 Was
1214 1675 1267 1705 mir
1283 1671 1351 1713 noch
1365 1671 1458 1714 fehlet,
1471 1667 1520 1706 bitt

1028 1719 1069 1762 ich
1084 1720 1157 1762 dich:
1186 1720 1266 1755 Dein
1282 1718 1452 1760 blutſchweiß
1468 1723 1520 1754 ma⸗

1029 1758 1072 1800 che
1078 1759 1147 1794 mich
1156 1759 1183 1802 ſo
1192 1761 1262 1798 rein,
1277 1758 1334 1793 Als
1349 1761 1402 1794 wie
1411 1750 1447 1794 du
1455 1754 1520 1794 wilt,

1031 1806 1085 1847 daß
1095 1797 1127 1846 ich
1135 1801 1191 1847 ſoll
1199 1807 1269 1847 ſeyn.

1071 1841 1165 1884 7.Jch
1182 1839 1262 1878 danck
1271 1846 1348 1883 auch,
1363 1831 1466 1876 liebſter
1476 1822 1525 1887 Je⸗

1029 1882 1068 1924 ſu,
1080 1888 1122 1922 dir
1137 1883 1190 1928 Fuͤr
1202 1884 1254 1916 alle
1262 1883 1361 1923 gaben,
1371 1884 1414 1917 die
1422 1884 1460 1918 du
1467 1878 1520 1916 mir

1028 1928 1156 1969 Erzeiget
1172 1929 1231 1971 haſt
1253 1936 1308 1964 von
1333 1930 1452 1975 kindheit
1467 1922 1520 1963 auf,

1029 1973 1131 2016 Durch
1159 1976 1265 2008 meinen
1292 1977 1403 2014 gantzen
1422 1970 1521 2010 lebens⸗

1029 2016 1107 2060 lauf:
1131 2018 1201 2052 Mir
1215 2016 1274 2058 haſt
1290 2018 1326 2050 du
1346 2015 1372 2059 ſo
1392 2017 1446 2052 viel
1460 2010 1520 2059 guts

1030 2062 1142 2102 gethan,
1152 2062 1225 2103 Daß
1236 2061 1297 2103 ichs
1306 2062 1422 2104 nicht
1381 2056 1422 2103 all
1443 2056 1521 2106 erzeh⸗

1029 2111 1101 2147 len*
1114 2111 1175 2145 kan.
1252 2109 1376 2149 *Pſ.40,
1387 2111 1416 2141 6.

1074 2152 1103 2185 8.
1117 2143 1159 2197 Jch
1178 2146 1256 2187 bitte,
1265 2145 1328 2187 halt
1336 2146 1405 2190 auch
1413 2142 1523 2190 gnaͤdig⸗
