2642 3263
881 757 1061 794 Reformati.

389 808 646 856 Compendium
661 816 910 854 præcipuorum
925 816 1078 853 capitum
1092 809 1255 841 doƈtrinæ
1274 792 1483 846 Chriſtianæ.

390 870 446 908 Ad
469 870 585 905 Ariani
602 867 755 905 libellum
770 861 950 915 reſponſio.

397 921 452 958 Ad
473 917 700 959 Wilhelmum
718 915 912 954 Holderum
930 909 1117 965 reſponſio.

394 968 626 1019 Epiſtolarum
643 969 734 1006 Libr.
761 968 807 1006 II.

391 1018 637 1067 Prolegomena
637 1021 688 1065 ad
700 1022 886 1062 Phyſicam.
961 1022 1089 1071 Sind
1105 1009 1339 1067 zuſammen
1355 997 1537 1065 gedruckt
1562 1007 1701 1047 Genev

244 1077 354 1125 1619.
371 1076 411 1119 in
431 1086 525 1125 VIII.
563 1082 684 1118 Tom.
716 1076 756 1116 in
783 1071 897 1119 folio.

363 1139 562 1178 Johannes
576 1137 745 1176 Jacobus
761 1134 961 1175 Grynæus.
1050 1135 1171 1180 War
1189 1142 1359 1178 Thomæ
1365 1107 1538 1170 Grynæi,
1572 1105 1703 1168 Predi⸗

246 1191 345 1239 gers
348 1190 394 1239 zu
417 1194 572 1242 Roͤteln
601 1191 675 1243 bey
706 1190 798 1240 dem
830 1187 1169 1245 Marck⸗Grafen
1202 1196 1252 1244 zu
1293 1182 1480 1234 Baaden
1509 1177 1705 1233 leiblicher

247 1245 407 1300 Sohn,
450 1246 535 1295 und
564 1241 767 1301 gebohren
796 1253 844 1300 zu
872 1241 1000 1294 Bern
1029 1254 1118 1284 ann.
1145 1248 1274 1293 1540.
1301 1246 1375 1284 den
1406 1238 1506 1288 1ſten
1540 1233 1708 1278 Oƈtobr.

247 1304 310 1352 Er
330 1307 495 1352 ſtudirte
514 1313 562 1358 zu
582 1300 717 1357 Baſel
735 1298 865 1360 wohl.
966 1301 1135 1348 Wurde
1159 1303 1289 1340 Paſtor
1315 1304 1370 1341 an
1395 1290 1519 1350 ſeines
1544 1289 1710 1342 Vaters

260 1362 422 1410 Stelle,
454 1360 540 1406 und
571 1358 821 1412 promovirte
844 1363 896 1413 zu
922 1355 1146 1410 Tuͤbingen
1165 1359 1207 1395 in
1225 1353 1444 1396 Doƈtorem
1460 1348 1710 1402 Theologiæ.

246 1412 413 1466 Wurde
433 1412 712 1468 nachgehends
731 1415 920 1456 Profeſſor
933 1418 1170 1463 Theologiæ
1187 1415 1236 1460 zu
1256 1407 1386 1459 Baſel
1403 1407 1490 1452 und
1517 1402 1625 1454 ſtarb
1644 1405 1713 1446 da⸗

249 1475 358 1532 ſelbſt
380 1489 469 1520 ann.
491 1479 605 1532 1617.
626 1472 704 1519 den
717 1472 859 1529 30ſten
878 1469 983 1526 Aug.
1047 1470 1168 1517 War
1185 1468 1249 1513 ein
1269 1466 1420 1520 groſſer
1441 1464 1609 1517 Freund
1619 1464 1715 1506 Cal-

248 1533 342 1578 vini,
375 1531 462 1580 und
484 1529 560 1580 hat
573 1527 858 1580 geſchrieben:

400 1591 658 1633 Enarrationem
678 1595 808 1630 aliquot
820 1596 1028 1627 Pſalmorum
1051 1596 1087 1627 &
1104 1582 1360 1621 Prophetarum.

403 1645 725 1697 Demonſtrationes
741 1633 1027 1700 Evangeliſtarum.

404 1701 674 1737 Chronologiam
693 1697 828 1725 brevem
844 1691 1040 1733 evangelicæ
1056 1688 1216 1731 hiſtoriæ,
1240 1684 1416 1728 logicique
1432 1676 1563 1718 artificii
1574 1678 1612 1717 in
1631 1674 1715 1725 Epi-

443 1747 543 1788 ſtolas
553 1749 642 1786 Pauli
651 1750 695 1785 ad
703 1750 892 1784 Romanos
899 1731 1181 1782 declarationem.

405 1800 524 1839 Irenæi
543 1806 646 1852 opera
670 1788 881 1841 illuſtrata.

403 1846 653 1894 Sciagraphiam
675 1844 856 1893 theologiæ
868 1837 1054 1881 ſecundum
1070 1846 1137 1876 tres
1149 1833 1307 1876 methodi
1325 1833 1467 1875 formas.

402 1899 589 1946 Epitomen
601 1900 800 1940 Bibliorum.

411 1954 650 1993 Charaƈterem
673 1958 958 1993 Chriſtianorum.

410 2002 469 2043 De
491 2005 673 2056 Apoſtaſia.

413 2056 578 2106 Epiſtolas
593 2059 637 2100 ad
649 2057 846 2101 familiares.
925 2050 1095 2105 Welche
1125 2048 1275 2109 letztere
1313 2037 1533 2106 ſonderlich
1567 2041 1723 2102 Apinus

261 2117 350 2155 ann.
372 2113 500 2163 1720.
519 2120 611 2153 cum
629 2125 717 2163 vitæ
735 2122 934 2158 curriculo
946 2122 1076 2165 ediret
1107 2106 1195 2156 hat.

378 2180 611 2240 Chriſtoph.
632 2181 819 2231 Pezelius.
904 2176 1022 2230 War
1038 2175 1103 2226 ein
1120 2168 1421 2228 Voigtlaͤnder,
1448 2168 1650 2221 gebohren
1668 2172 1717 2216 zu

259 2224 432 2277 Plauen
451 2250 540 2281 ann.
563 2250 677 2286 1539.
743 2245 894 2288 Nahm
905 2253 986 2283 aus
1004 2231 1192 2277 Armuth
1212 2237 1290 2275 das
1312 2236 1505 2269 Cantorat
1525 2223 1565 2261 in
1594 2214 1718 2267 ſeiner

261 2276 570 2337 Vater⸗Stadt
585 2297 672 2339 an;
701 2299 906 2351 reſignirte
921 2304 1036 2343 aber,
1063 2292 1150 2340 und
1165 2294 1265 2338 ging
1284 2283 1437 2333 wieder
1449 2284 1524 2330 gen
1535 2269 1719 2320 Witten⸗

261 2344 375 2396 berg,
407 2349 480 2387 wo
492 2352 535 2388 er
553 2350 675 2395 zuvor
696 2350 879 2404 ſtudiret,
903 2365 991 2400 und
1012 2356 1176 2397 erhielte
1194 2343 1361 2392 daſelbſt
1372 2342 1434 2385 die
1446 2330 1716 2379 Profeſſionem

261 2395 495 2449 Theologiæ
510 2401 589 2445 cum
601 2405 807 2455 dignitate
811 2414 1017 2453 Doƈtoris;
1050 2412 1144 2458 weil
1162 2412 1204 2455 er
1221 2403 1321 2452 aber
1345 2413 1400 2444 an
1428 2390 1552 2431 denen
1582 2381 1718 2423 Calvi-

262 2452 410 2503 niſchen
439 2450 634 2507 Haͤndeln
676 2457 763 2498 und
775 2461 849 2514 der
869 2475 1001 2520 daher
1015 2470 1286 2511 erwachſenen
1307 2443 1475 2494 Unruhe
1506 2441 1550 2486 in
1574 2435 1716 2488 Sach⸗

265 2516 330 2557 ſen
350 2511 482 2564 vielen
500 2510 675 2564 Antheil
687 2519 860 2573 gehabt,
886 2532 1017 2573 muſte
1029 2540 1074 2568 er
1090 2529 1163 2571 ſich
1182 2520 1289 2563 nicht
1309 2502 1430 2550 allein
1441 2490 1591 2556 erſtlich
1603 2495 1718 2545 einen

265 2551 412 2615 harten
436 2565 566 2607 Arreſt
588 2568 674 2605 und
693 2575 865 2608 hernach
896 2587 995 2612 auch
1019 2586 1122 2612 ſeine
1148 2568 1348 2608 Dimiſſion
1374 2554 1547 2603 gefallen
1580 2544 1719 2603 laſſen.

266 2628 331 2682 Er
358 2630 503 2685 wurde
525 2623 684 2684 darauf
706 2621 1047 2687 Schul ⸗ Diener
1071 2634 1120 2682 zu
1145 2622 1337 2678 Siegen,
1372 2614 1506 2675 ferner
1525 2617 1650 2661 Paſtor
1672 2626 1722 2673 zu
