1844 2655
611 373 692 409 178

862 363 1362 424 Johanneiſche

701 460 784 487 mals
798 460 846 489 ein
871 461 969 492 lautes
989 462 1180 501 Bekenntniß
1196 461 1376 509 abzulegen,
1398 460 1456 509 daß
1471 479 1503 507 er
1523 471 1601 511 nicht

700 519 898 555 der|Meſſias
924 521 986 559 ſey,
1009 522 1131 566 ſondern
1157 524 1217 566 ſein
1236 525 1455 572 Wegbereiter,
1478 534 1528 564 der
1548 532 1596 574 ſich

697 577 768 611 uͤber
805 582 861 613 das
885 579 1078 625 Wachsthum
1111 588 1168 620 des
1184 587 1338 631 Anſehens
1359 588 1439 633 Jeſu
1471 593 1594 633 erfreue.

695 637 736 670 V.
753 646 802 675 28.
859 641 1017 678 Niemand
1046 645 1123 681 kann
1141 647 1190 685 ſich
1213 652 1279 683 eine
1294 651 1409 687 Wuͤrde
1431 653 1596 694 anmaßen,

694 700 739 727 die
757 688 819 737 ihm
838 700 912 738 nicht
932 706 990 732 von
1006 702 1084 735 Gott
1098 703 1156 740 (εϰ
1173 714 1225 733 του
1243 709 1386 749 ουϱανον)
1404 708 1530 752 gegeben
1550 713 1592 753 iſt.

691 756 765 789 Mir
790 759 824 793 iſt
843 761 888 791 die
903 757 1016 798 Wuͤrde
1041 765 1093 796 des
1108 763 1245 802 Meſſias
1266 765 1340 805 nicht
1366 768 1506 810 gegeben,
1522 770 1592 818 alſo

688 815 767 846 kann
785 815 824 850 ich
843 817 900 848 mir
917 817 950 854 ſie
969 817 1040 857 auch
1054 818 1127 860 nicht
1144 822 1304 864 anmaßen.
1326 824 1391 865 Auf
1405 824 1472 860 euer
1487 828 1591 872 eignes

686 871 819 912 Zeugniß
839 876 917 907 kann
932 879 971 914 ich
990 881 1059 917 mich
1077 880 1215 921 berufen,
1238 883 1296 924 daß
1320 886 1360 925 ich
1377 884 1483 922 erklaͤrt
1503 888 1591 932 habe,

686 936 725 955 ich
745 936 788 957 ſey
809 936 883 959 nicht
909 938 956 955 der
974 937 1125 964 Meſſias,
1143 939 1266 967 ſondern
1285 947 1347 965 nur
1364 946 1423 966 von
1442 939 1520 968 Goltt
1543 942 1590 977 ge⸗

686 996 775 1033 ſandt
790 1001 842 1025 vor
856 994 936 1036 ihm,
960 1005 1011 1029 um
1032 1000 1095 1039 ihm
1114 1004 1168 1034 den
1188 1002 1264 1043 Weg
1283 1009 1321 1045 zu
1337 1006 1467 1050 bahnen.
1509 1010 1587 1052 Daß

681 1052 725 1090 ich
743 1054 788 1086 die
796 1052 897 1093 Sache
918 1056 972 1090 mit
990 1058 1085 1095 einem
1101 1059 1258 1105 Gleichniß
1272 1062 1425 1104 erlaͤutere,
1453 1071 1510 1108 wie,
1531 1075 1586 1103 wer

683 1114 729 1148 die
747 1114 855 1149 Braut
871 1117 934 1158 hat,
959 1121 1008 1154 der
1023 1118 1224 1166 Braͤutigam,
1234 1127 1308 1168 und
1325 1127 1387 1169 alſo
1404 1130 1450 1165 die
1466 1130 1587 1179 Haupt⸗

680 1173 785 1214 perſon
804 1175 848 1215 iſt,
871 1179 920 1210 der
941 1177 1057 1220 Freund
1083 1184 1135 1216 des
1151 1181 1454 1231 Braͤutigams
1383 1183 1457 1232 aber
1478 1189 1587 1233 dieſem

676 1239 741 1261 nun
761 1235 945 1272 bereitwillig
963 1236 1077 1276 dienet,
1099 1241 1160 1270 und
1178 1238 1250 1273 uͤber
1268 1241 1368 1287 ſeinen
1387 1239 1517 1290 Zuſtand
1535 1251 1576 1287 ſich

676 1293 789 1324 freuet:
813 1292 842 1323 ſo
870 1292 903 1326 iſt
915 1298 1026 1335 |Jeſus
1049 1293 1094 1323 die
1115 1285 1345 1336 Hauptperſon,
1356 1300 1414 1338 ich.
1428 1300 1499 1334 aber
1515 1302 1583 1342 ſein

673 1350 814 1392 Diener,
837 1351 885 1371 der
904 1347 1004 1390 uͤber
1006 1349 1062 1377 das
1085 1348 1280 1392 Wachsthum
1303 1350 1398 1392 ſeines
1424 1355 1579 1399 Anſehens

673 1407 723 1444 ſich
751 1407 868 1449 herzlich
895 1409 1017 1451 freuet.
1041 1409 1140 1451 Jener
1170 1404 1233 1456 muß
1259 1423 1300 1451 an
1317 1415 1451 1463 Anſehen
1472 1423 1581 1465 zuneh⸗

675 1474 762 1496 men,
799 1470 839 1499 ich
869 1471 1015 1505 hingegen
1040 1475 1110 1504 muß
1138 1479 1234 1502 daran
1261 1478 1498 1517 abnehmen.
1489 1482 1512 1521 —
1520 1477 1578 1513 So

670 1532 741 1561 weit
766 1531 835 1571 geht
860 1535 929 1571 nach
957 1537 1070 1570 meiner
1087 1537 1244 1581 Meinuug
1266 1548 1325 1575 nur
1345 1544 1391 1577 die
1413 1544 1497 1581 Rede
1512 1542 1590 1588 Jo⸗

671 1589 798 1622 hannis.
841 1591 916 1619 Das
940 1592 1043 1629 uͤbrige
1062 1595 1102 1622 V.
1117 1612 1242 1646 31 ⸗ 36.
1263 1590 1296 1634 iſt
1311 1598 1393 1631 Rede
1409 1603 1459 1632 des
1475 1600 1575 1634 Evan⸗

670 1650 788 1680 geliſten
813 1651 882 1680 nach
902 1651 1039 1685 Sprache
1057 1658 1117 1681 und
1132 1656 1267 1691 Jnhalt,
1292 1659 1323 1686 in
1335 1657 1454 1695 welchert
1474 1665 1503 1690 er
1518 1662 1572 1693 des

669 1705 800 1740 Taͤufers
830 1709 932 1736 Worte
960 1716 1060 1747 weiter
1084 1718 1283 1745 commentirt.
1303 1706 1346 1739 —

708 1769 784 1809 Hier
804 1770 857 1810 hat
877 1775 952 1803 denn
966 1776 1032 1812 alſo
1050 1777 1218 1819 Johannes
1237 1782 1284 1813 ein
1302 1782 1461 1825 vierfaches
1478 1783 1604 1829 Zeug⸗

666 1829 717 1865 niß
734 1829 785 1860 des
803 1827 934 1868 Taͤufers
952 1830 1139 1875 angefuͤhrt,
1164 1834 1220 1875 daß
1233 1835 1330 1880 Jeſus
1355 1841 1426 1873 weit
1447 1831 1569 1885 vorzuͤg⸗

665 1892 750 1931 licher
780 1895 856 1927 denn
880 1902 932 1935 er,
972 1896 1027 1936 daß
1052 1906 1081 1932 er
1104 1903 1151 1935 der
1176 1897 1310 1950 Meſſias
1332 1900 1401 1953 ſey,
1437 1910 1488 1943 der
1517 1912 1567 1943 ein

661 1946 755 1984 Opfer
773 1942 867 1988 ſeines
880 1949 1014 1991 Berufes
1035 1955 1149 1990 werden
1165 1955 1275 1993 wuͤrde.
1319 1956 1474 1999 Wundern
1493 1964 1564 2004 muß

660 2014 734 2043 man
763 2011 827 2048 ſich,
865 2015 923 2052 daß
949 2014 999 2055 bey
1024 2018 1118 2057 dieſen
1147 2021 1304 2062 deutlichen
1324 2023 1498 2066 Zeugniſſen
1517 2030 1564 2064 die

659 2062 775 2100 Schule
790 2062 955 2102 Johannis
973 2072 1039 2102 doch
1058 2074 1125 2104 noch
1142 2078 1277 2111 getrennt
1296 2078 1354 2104 von
1368 2064 1431 2109 der
1446 2077 1562 2125 Schule

653 2124 731 2166 Jeſu
751 2127 799 2168 ſich
820 2130 953 2165 erhalten
977 2135 1036 2164 und
1061 2135 1259 2178 ausgebreitet
1275 2138 1345 2182 hat,
1369 2141 1400 2180 ja
1422 2145 1492 2185 noch
1504 2139 1562 2178 be⸗

655 2187 735 2224 ſteht.
776 2191 844 2224 Der
873 2190 991 2234 baldige
1011 2194 1075 2227 Tod
1102 2196 1183 2237 ihres
1209 2196 1329 2243 Lehrers
1355 2203 1460 2244 ſcheint
1485 2204 1559 2245 dieſe

650 2240 818 2285 Trennung
844 2246 1033 2290 unterhalten
1059 2256 1094 2290 zu
1117 2249 1223 2296 haben.
1269 2257 1364 2293 Denn
1390 2268 1420 2294 er
1444 2254 1557 2300 wuͤrde,
