1748 2663
544 467 676 519 plex).
744 471 848 510 Wird
880 471 920 519 ſie
958 469 1019 505 mit
1043 481 1070 516 4
1097 465 1150 507 bis
1178 480 1198 516 5
1227 468 1365 517 Theilen
1392 467 1526 517 Waſſer

545 520 736 570 verduͤnnt,
785 524 847 561 das
884 519 1030 565 einfache
1071 518 1364 574 Scheidewaſſer
1400 518 1526 568 (aqua

543 581 647 621 fortis
676 578 884 630 ſimplex),
915 582 992 617 oder
1017 583 1066 619 die
1091 572 1298 623 verduͤnnte
1326 577 1524 629 Salpeter⸗

543 635 649 690 ſaͤure
676 635 857 687 (acidum
892 636 979 675 nitri
1009 638 1192 680 dilutum,
1223 638 1373 681 tenue).
1451 638 1524 678 Bei

544 699 739 742 Bereitung
783 695 881 742 dieſer
921 694 1127 735 verduͤnnten
1176 693 1438 742 Salpeterſaͤure
1477 695 1523 732 im

544 758 713 802 Großen,
760 753 925 794 verduͤnnt
967 766 1046 793 man
1093 757 1142 795 die
1187 753 1435 801 Vitriolſaͤure,
1473 754 1525 792 die

544 828 625 854 man
657 815 720 861 auf
742 818 802 852 den
832 815 997 860 Salpeter
1023 813 1134 862 gießt,
1176 815 1236 851 mit
1265 826 1285 851 2
1314 813 1366 851 bis
1391 827 1416 861 4
1443 816 1524 851 oder

545 890 567 925 5
587 876 725 924 Theilen
754 876 909 924 Waſſer,
950 878 1028 912 oder
1054 884 1135 912 man
1160 873 1250 920 gießt
1284 876 1365 920 dieſe
1390 875 1524 919 Menge

547 933 704 978 Waſſer,
735 931 764 977 je
796 931 951 972 nachdem
987 941 1066 967 man
1103 931 1153 968 die
1187 931 1256 967 eine
1292 933 1369 968 oder
1403 932 1525 966 andere

544 987 672 1028 Saͤure
697 985 837 1024 bereiten
867 987 955 1031 will,
995 988 1029 1021 in
1058 989 1114 1024 die
1148 985 1326 1029 Vorlage,
1366 983 1417 1019 die
1447 992 1522 1030 zum

542 1041 736 1090 Auffangen
760 1046 816 1080 der
841 1042 967 1083 Saͤure
993 1042 1155 1089 beſtimmt
1181 1042 1229 1086 iſt.

587 1136 650 1170 Die
675 1132 887 1171 Fabrikanten,
910 1132 1009 1170 welche
1033 1134 1076 1165 die
1099 1130 1321 1171 Salpeterſaͤure
1338 1131 1419 1170 durch
1433 1130 1526 1172 Huͤlfe

629 1196 679 1222 des
701 1190 827 1228 Thons,
850 1190 915 1219 oder
939 1189 988 1219 des
1009 1187 1183 1227 gebrannten
1208 1187 1414 1228 Eiſenvitriols
1437 1181 1540 1220 berei⸗

630 1254 690 1286 ten,
710 1249 818 1289 pflegen
831 1247 950 1288 Waſſer,
969 1251 1015 1281 das
1024 1250 1157 1288 doppelte
1169 1250 1233 1281 oder
1249 1249 1383 1285 vierfache
1392 1248 1525 1286 Gewicht

628 1313 679 1344 des
703 1307 876 1349 Salpeters,
901 1311 931 1341 in
954 1310 997 1342 die
1020 1309 1167 1347 Vorlagen
1187 1313 1220 1347 zu
1242 1307 1341 1347 gießen
1365 1324 1404 1330 —
1420 1302 1460 1344 in
1463 1307 1537 1351 der

628 1358 830 1397 Kunſtſprache
851 1346 1124 1397 vorzuſchlagen.
1147 1373 1189 1380 —
1211 1357 1277 1390 Der
1294 1357 1452 1395 Ruͤckſtand
1467 1363 1525 1387 von

630 1426 678 1455 der
702 1422 892 1461 Deſtillation
916 1425 967 1454 des
990 1421 1151 1459 Salpeters
1171 1422 1228 1461 mit
1250 1419 1434 1460 Eiſenvitriol
1449 1419 1526 1461 giebt

629 1485 784 1524 gleichfalls
809 1481 906 1524 (683.
933 1481 988 1523 5.)
1009 1484 1204 1523 vitrioliſirten
1228 1481 1396 1521 Weinſtein.
1443 1482 1526 1515 Man

630 1544 699 1581 loͤſet
721 1544 810 1582 dieſen
833 1541 991 1581 Ruͤckſtand
1012 1544 1044 1573 in
1072 1541 1182 1579 Waſſer
1214 1540 1281 1579 auf,
1309 1540 1453 1579 vermiſcht
1482 1542 1528 1571 die

630 1600 787 1637 Aufloͤſung
811 1600 865 1629 mit
885 1603 976 1629 etwas
994 1599 1164 1636 Pottaſche,
1194 1604 1242 1628 um
1265 1598 1338 1632 allen
1361 1597 1540 1633 anhaͤngen⸗

631 1656 684 1683 den
707 1651 850 1689 Eiſenkalk
871 1651 1099 1688 fortzuſchaffen,
1123 1652 1180 1680 und
1201 1645 1322 1686 dampft
1338 1650 1373 1686 ſie
1395 1649 1441 1678 bis
1461 1654 1524 1687 zum

631 1701 963 1745 Cryſtalliſationspunct
985 1705 1029 1737 ab.
1088 1705 1183 1740 Dann
1205 1705 1277 1738 wird
1300 1704 1343 1736 die
1372 1701 1460 1745 Lauge
1480 1705 1521 1743 fil⸗

632 1772 702 1804 trirt
735 1773 792 1804 und
824 1778 872 1810 zur
905 1770 1127 1812 Cryſtalliſation
1161 1770 1309 1814 befoͤrdert.
1368 1770 1437 1804 Den
1475 1768 1540 1808 auf

629 1829 699 1869 dieſe
720 1828 774 1859 Art
798 1833 990 1866 gewonnenen
1012 1828 1206 1865 vitrioliſirten
1227 1823 1398 1864 Weinſtein,
1416 1831 1524 1856 nannte

631 1891 698 1914 man
735 1884 805 1921 ſonſt
844 1881 1075 1922 Doppelſalz,
1120 1878 1343 1924 holſteiniſche
1386 1881 1525 1920 Panace

632 1942 821 1983 (Arcanum
850 1940 1061 1982 duplicatum,
1094 1947 1232 1978 panacea
1264 1939 1452 1984 holſatica).
1485 1956 1526 1961 —

631 2002 699 2034 Der
716 2000 893 2039 vitrioliſirte
911 2000 1090 2039 Weinſtein,
1129 1999 1176 2029 der
1192 2000 1264 2036 nach
1291 2003 1338 2031 der
1366 1998 1526 2035 Zerlegung

633 2061 682 2089 des
713 2056 892 2094 Salpeters,
917 2058 997 2093 durch
1027 2053 1218 2093 Vitriolſaͤure
1241 2059 1305 2087 oder
1329 2054 1525 2097 Eiſenvitriol,

634 2113 758 2154 erhalten
782 2114 874 2148 wird,
909 2112 981 2145 kann
1004 2121 1067 2152 zum
1091 2110 1221 2155 Beweiſe
1244 2114 1360 2148 dienen,
1394 2111 1447 2149 daß
1481 2115 1530 2145 der
