1566 2517
499 526 574 556 666

601 522 664 556 lII.
676 519 773 556 Von
783 516 851 558 der
858 510 1040 571 gifftigen
1050 528 1087 560 u.
1099 515 1338 570 ſchaͤdlichen

501 606 590 655 ches
601 604 700 657 auch
712 608 751 652 in
764 608 897 653 etwas
918 601 1009 663 auf,
1027 607 1113 653 und
1131 605 1296 664 greiffen
1320 603 1393 661 ſol⸗

499 665 588 714 ches
610 674 666 709 an
684 664 757 712 alle
776 659 1163 720 Kraͤuter ⸗ Saltze,
1191 665 1266 709 wie
1286 662 1388 715 auch

506 725 550 768 in
566 720 726 777 Waſſer
741 720 968 782 zerlaſſener
995 715 1225 773 Salmiac,
1254 719 1394 778 inglei⸗

506 776 597 827 chen
633 787 785 835 gemein
817 776 1158 837 Kuͤchen ⸗ Saltz,
1192 785 1315 825 wenn
1344 782 1390 825 es

507 838 640 889 damit
658 851 738 887 eine
751 837 925 901 zeitlang
954 838 1112 897 gekocht
1150 838 1293 898 wird.
1318 839 1389 902 Ja

505 900 586 946 das
605 897 722 956 bloſſe
734 901 912 947 gemeine
927 890 1102 954 Waſſer,
1120 897 1284 949 welches
1303 907 1389 946 von

501 961 595 1008 dem
630 951 965 1020 hoͤchſt ⸗ ſubtilen
1004 951 1394 1021 Univerſal ⸗ Saltz

504 1016 601 1066 was
620 1020 691 1075 bey
708 1009 780 1078 ſich
796 1017 931 1076 fuͤhrt,
958 1018 1063 1074 reißt
1094 1016 1245 1071 endlich
1263 1019 1390 1075 einige

504 1077 696 1139 Theilgen
708 1080 797 1126 von
817 1077 905 1129 dem
916 1074 1168 1137 Queckſilber
1186 1079 1257 1134 ab,
1265 1086 1390 1126 wenn

503 1136 548 1187 es
569 1132 690 1195 lange
711 1139 833 1184 darin
850 1139 1007 1195 gekocht
1022 1142 1142 1192 wird,
1151 1138 1277 1190 daher
1286 1146 1391 1185 man

504 1192 653 1254 ſolches
674 1196 836 1252 Waſſer
860 1204 902 1244 in
928 1202 997 1245 der
1034 1192 1391 1262 Frantzoſen⸗Cur,

506 1256 609 1307 auch
629 1259 755 1302 wider
773 1258 833 1300 die
847 1250 1050 1305 Wuͤrmer
1066 1260 1127 1303 im
1144 1244 1254 1305 Leibe
1282 1254 1389 1307 nicht

504 1314 607 1369 ohne
627 1314 732 1363 allen
753 1313 882 1360 Effect
900 1311 1102 1371 pfleget
1068 1308 1113 1373 zu
1123 1312 1389 1372 gebrauchen.

505 1377 647 1424 Wenn
664 1378 747 1421 das
773 1372 1035 1429 Queckſilber
1049 1366 1200 1421 bereits
1224 1380 1273 1430 zu
1305 1380 1392 1430 zar⸗

505 1437 578 1481 tem
604 1428 736 1494 Pulver
781 1434 964 1492 gemacht
980 1432 1049 1487 iſt:
1060 1432 1100 1489 ſo
1111 1433 1204 1492 geht
1213 1437 1270 1482 die
1282 1435 1394 1486 Auf⸗

508 1487 653 1550 loͤſung
671 1493 794 1545 durch
816 1495 876 1538 die
894 1489 1039 1548 Saltze
1058 1490 1157 1542 noch
1173 1484 1297 1554 beſſer
1318 1484 1390 1541 von

509 1548 670 1605 ſtatten.
726 1549 1008 1605 Derowegen,
1032 1552 1152 1595 wenn
1177 1549 1246 1598 der
1274 1550 1390 1595 Mer-

508 1605 648 1647 curius
670 1605 796 1648 dulcis
825 1593 921 1654 oder
960 1596 1227 1658 præcipitatus
1264 1608 1392 1649 ruber

509 1667 596 1713 und
612 1664 738 1719 albus,
768 1665 845 1712 wie
862 1660 966 1716 auch
1004 1664 1085 1713 das
1114 1663 1391 1729 Turpethum

509 1722 710 1768 minerale
725 1729 803 1771 mit
820 1721 1026 1777 Salmiac
1043 1726 1139 1771 oder
1153 1723 1392 1779 Weinſtein⸗

506 1776 634 1839 Saltz
642 1775 859 1841 vermiſcht
876 1780 968 1851 und
969 1775 1037 1842 :in
1048 1785 1211 1844 Waſſer
1234 1786 1392 1844 gekocht

502 1824 630 1892 wird,
642 1836 742 1897 zieht
761 1833 822 1884 die
839 1835 1040 1888 Solution,
1064 1842 1185 1884 wenn
1206 1853 1310 1883 man
1339 1846 1390 1892 ſie

504 1904 636 1960 koſtet,
661 1912 799 1963 wegen
822 1910 1163 1961 angenommener
1187 1903 1389 1965 Schaͤrffe

505 1966 593 2013 und
606 1958 885 2012 Corroſivitaͤt
918 1962 1002 2010 das
1030 1961 1167 2013 Maul
1195 1965 1301 2015 recht
1324 1972 1391 2023 zu⸗

503 2020 700 2081 ſammen,
716 2015 882 2073 welches
901 2019 1008 2072 nicht
1024 2020 1241 2069 obſerviret
1269 2026 1392 2075 wird,

502 2095 625 2136 wenn
645 2088 726 2133 das
746 2084 842 2139 rohe
862 2083 1107 2140 Queckſilber
1124 2090 1202 2135 mit
1225 2085 1391 2143 Waſſer

504 2130 738 2203 abgeſotten
753 2143 940 2199 worden,
983 2140 1074 2191 weil
1104 2144 1228 2204 deſſen
1260 2142 1391 2201 Figur

1280 2215 1396 2272 gantz
