1368 2000
793 332 866 364 283

179 418 317 455 Franziska
338 418 367 451 iſt
388 412 464 453 frey;
484 418 513 449 iſt
538 417 608 453 hier;
628 417 679 448 und
702 416 738 451 ich
758 417 801 447 bin
822 417 869 450 bey

128 478 179 515 ihr.
216 480 266 518 Jch
283 479 338 514 ſehe
357 478 387 512 ſie
405 477 563 516 geſetzmaͤßig
587 479 660 512 jeden
679 478 737 512 Tag
755 483 798 508 um
817 476 871 509 eine

128 545 270 579 beſtimmte
289 546 407 578 Stunde.
445 545 528 578 Dann
558 545 613 577 ſehe
630 545 666 579 ich
693 544 723 578 ſie
739 543 787 574 mit
809 544 871 574 mei⸗

130 618 178 643 nen
202 613 302 647 Augen.
350 611 408 642 Mit
431 610 528 643 meiner
549 611 631 642 Seele
659 611 713 645 ſehe
738 611 789 640 und
811 609 872 644 hoͤre

131 666 167 693 ich
188 661 234 696 ſie,
261 667 359 691 uͤberall
383 672 423 691 wo
448 667 484 692 ich
511 667 564 689 bin.

184 742 316 780 Zuweilen
341 742 370 773 iſt
392 742 443 772 mir
465 749 494 776 zu
508 741 625 774 Muthe,
645 743 687 772 als
714 740 745 772 ob
772 740 808 773 ich
826 743 874 777 auf

131 808 226 843 Reiſen
244 804 330 838 waͤre,
351 812 408 839 wo,
428 805 477 836 wie
500 806 533 836 du
548 804 642 839 weißt,
663 805 702 836 die
717 806 872 839 Bewegung

132 876 205 911 ſelbſt
221 874 274 906 eine
294 874 413 912 Zeitlang
439 874 480 907 die
498 873 649 909 Muͤdigkeit
672 873 815 907 verbannt,
835 872 875 904 die

135 938 168 974 ſie
187 940 280 974 erregt.
317 938 387 970 Auch
398 940 476 974 pflegt
491 944 552 968 man
570 938 603 966 da
619 937 685 969 nicht
699 943 761 971 ganz
781 936 816 967 im
825 936 877 971 Zu⸗

135 1000 220 1035 ſtande
235 1001 279 1030 der
296 999 383 1029 reinen
400 994 521 1033 Begriffe
541 1003 570 1031 zu
583 997 657 1030 ſeyn,
676 996 725 1027 wie
745 999 810 1027 etwa
830 998 879 1030 auf

134 1070 193 1100 dem
217 1067 358 1102 Kanapee,
377 1068 430 1097 und
453 1066 483 1100 iſt
505 1067 565 1099 doch
582 1065 705 1100 zuweilen
727 1070 790 1098 ganz
805 1066 878 1099 wohl

135 1133 301 1167 unterhalten
324 1133 376 1161 und
399 1138 462 1166 ganz
484 1129 643 1166 vernuͤnftig.

192 1202 257 1234 Wer
272 1198 338 1231 lebte
357 1199 423 1232 nicht
444 1197 480 1230 im
498 1197 615 1235 Himmel
638 1198 684 1230 bey
702 1197 781 1233 dieſer
797 1199 879 1233 Fran⸗

136 1268 226 1302 ziska?
243 1265 333 1299 Blicke
348 1266 465 1300 einmal,
486 1265 635 1301 Erforſcher
657 1268 701 1296 der
717 1265 819 1297 Wuͤrde
835 1267 880 1297 des

137 1331 262 1366 Weibes,
295 1330 344 1366 auf
371 1331 412 1365 ihr
436 1331 573 1366 Betragen
603 1329 628 1360 in
656 1334 699 1360 der
726 1331 812 1362 Nacht
837 1331 881 1360 der

137 1398 343 1435 Entſcheidung!
363 1399 404 1436 Jn
427 1401 471 1429 der
497 1400 573 1433 erſten
598 1396 761 1431 Betaͤubung
783 1398 832 1432 gab
850 1398 882 1431 ſie

136 1469 181 1505 ſich
220 1462 256 1506 in
270 1467 353 1498 meine
381 1465 518 1503 beglaubte
542 1466 637 1504 Hand;
666 1469 719 1498 und
751 1467 800 1496 das
825 1473 909 1497 war

136 1537 226 1572 ſchoͤn;
262 1537 327 1566 denn
352 1535 383 1571 ſie
404 1537 497 1568 kannte
517 1534 591 1567 mich.
644 1535 755 1567 Sobald
783 1534 813 1568 ſie
836 1535 880 1570 ſich

136 1597 199 1629 aber
222 1596 347 1633 ſammeln
369 1598 479 1631 konnte,
508 1596 593 1629 kehrte
617 1594 648 1628 ſie
675 1602 703 1629 zu
732 1592 814 1628 ihrem
839 1601 881 1628 ge⸗

136 1664 241 1701 pruͤften
258 1662 412 1700 Entſchluſſe
433 1662 535 1700 zuruͤck;
555 1663 607 1693 und
632 1665 679 1694 das
699 1668 754 1695 war
770 1661 882 1696 ſchoͤner.

795 1733 881 1767 Solch
