1673 2472
365 998 775 1097 Vorbericht.

125 1150 371 1429 E

371 1222 426 1272 S
444 1223 534 1279 ſind
559 1222 696 1283 wenig
721 1225 952 1288 Materien/
974 1232 1045 1282 da⸗

373 1285 458 1326 von
473 1283 575 1323 man
574 1274 628 1336 ſo
683 1276 763 1326 viel
779 1279 1046 1347 geſchrieben/

371 1341 442 1387 als
457 1349 542 1391 von
553 1344 625 1390 der
631 1344 868 1404 Erziehung
885 1350 949 1397 der
973 1350 1040 1407 Ju⸗

385 1389 493 1447 gend.
519 1396 723 1449 Dennoch
753 1406 838 1445 aber
875 1406 1040 1447 ſcheinet

127 1447 209 1494 mir
219 1448 320 1503 dieſe
340 1453 509 1500 Materie
525 1459 610 1502 von
620 1454 759 1510 ſolcher
769 1456 1035 1517 Wichtigkeit

125 1514 175 1560 zu
199 1501 325 1557 ſeyn/
328 1509 414 1559 und
424 1511 488 1557 die
506 1510 743 1572 Erziehung
760 1516 836 1570 hat
859 1519 1034 1568 meinem

124 1560 339 1621 Befinden
351 1573 453 1618 nach
462 1569 580 1616 einen
587 1570 630 1622 ſo
656 1563 796 1633 groſſen
822 1566 969 1637 Einfluß
988 1580 1033 1630 in

126 1617 242 1671 unſer
262 1621 423 1679 gantzes
443 1611 601 1680 Leben/
612 1630 695 1675 und
710 1630 886 1683 dadurch
906 1633 946 1680 in
967 1636 1031 1685 die

124 1682 445 1742 Gluͤckſeeligkeit
485 1690 559 1739 des
600 1692 896 1748 Menſchlichen
945 1699 1031 1749 Ge⸗

123 1739 361 1797 ſchlechtes/
355 1745 439 1800 daß
448 1750 546 1802 auch
556 1749 618 1798 die
629 1750 757 1809 groſſe
779 1754 947 1813 Anzahl
957 1759 1029 1807 der

121 1797 336 1853 Buͤcher/
354 1802 497 1856 welche
524 1804 707 1865 allbereit
753 1809 924 1864 hiervon
952 1820 1028 1878 am

121 1856 243 1914 Tage
255 1854 406 1917 liegen/
427 1863 535 1916 nicht
553 1861 671 1924 faͤhig
695 1866 909 1928 geweſen/
922 1873 1025 1928 mich

118 1923 205 1964 von
239 1912 415 1969 meinem
451 1920 687 1976 Vorhaben
722 1923 941 1984 abwendig
971 1939 1023 1986 zu

117 1973 313 2029 machen/
338 1974 409 2031 und
432 1992 471 2040 zu
476 1980 670 2041 bewegen
691 1986 773 2034 das
789 1987 962 2044 meinige
971 1999 1022 2044 zu

117 2028 427 2086 unterdruͤcken.
486 2037 621 2097 Zwar
640 2038 878 2098 doͤrften
834 2035 900 2098 die
899 2039 1024 2098 Vor⸗

115 2086 307 2154 ſchlaͤge/
326 2090 443 2154 welche
461 2087 518 2156 ich
534 2110 585 2157 zu
609 2101 752 2160 dieſem
769 2104 890 2158 Ende
908 2102 1026 2166 gebe/
