1973 2771
719 387 805 430 uns
815 383 917 431 wol?
954 385 1007 430 wie
1035 383 1105 430 wir
1118 380 1284 430 wuͤrden
1293 389 1408 428 unter
1427 385 1510 427 uns
1524 378 1623 435 ſeyn,
1623 374 1674 431 die
1690 374 1755 435 ſich
1771 373 1832 434 fuͤr

718 440 901 498 Chriſten
921 438 1160 492 bekenneten,
1187 447 1303 486 wenn
1326 438 1373 492 ſie
1388 439 1463 493 alſo
1479 434 1682 492 deßwegen
1706 437 1833 482 tracti⸗

718 508 778 547 ret
799 500 955 545 werden
976 496 1114 551 ſolten?
1142 498 1220 552 Ach
1243 505 1329 543 wer
1349 496 1447 549 nicht
1463 497 1541 543 eine
1556 495 1627 541 viel
1645 493 1833 548 geringere

721 554 920 607 Schmach
936 564 1009 602 um
1026 554 1172 609 Chriſti
1187 553 1313 602 willen
1327 560 1505 605 ertragen
1525 551 1618 604 kan,
1646 560 1727 598 wer
1744 550 1836 599 nicht

715 603 801 660 eine
820 611 941 665 ſcheele
963 609 1101 665 Mine,
1131 610 1222 655 oder
1244 610 1350 656 einen
1373 607 1575 663 Schimpf⸗
1584 607 1673 653 und
1684 601 1836 652 Spott⸗

722 668 893 716 Namen
922 674 995 711 um
1027 657 1136 720 ſeinet
1160 665 1243 711 und
1279 667 1345 711 der
1379 662 1543 716 wahren
1569 658 1838 718 Froͤmmigkeit

720 723 850 772 willen
874 722 1150 778 verſchmertzen
1175 722 1269 776 kan;
1299 722 1373 768 wie
1393 722 1474 770 will
1497 720 1651 773 derſelbe
1682 719 1837 774 geſchickt

719 781 827 836 ſeyn,
854 781 914 826 ein
931 781 1004 826 viel
1019 777 1200 835 groͤſſeres
1213 777 1348 826 Leiden
1365 787 1413 833 zu
1429 774 1715 832 uͤbernehmen?
1753 774 1837 827 Ach,

721 833 799 887 daß
812 835 888 880 wir
906 836 990 880 uns
1012 834 1053 879 in
1072 825 1288 886 geduldiger
1305 831 1545 885 Ertragung
1559 821 1625 879 der
1645 828 1837 882 Schmach

720 896 804 942 und
839 896 904 940 des
929 891 1121 944 Unrechts
1146 892 1223 947 fein
1241 891 1310 942 bey
1324 889 1477 946 Zeiten,
1504 888 1540 941 ſo
1555 890 1668 943 lange
1689 893 1731 935 es
1751 889 1837 940 noch

724 950 898 997 erlaubet
909 948 962 1005 iſt,
978 949 1044 1003 ſich
1062 947 1129 999 fuͤr
1143 950 1248 995 einen
1262 945 1442 1003 Chriſten
1453 957 1502 1002 zu
1525 946 1719 998 bekennen,
1734 944 1841 996 uͤben,

719 1008 804 1052 und
831 1003 946 1057 unſer
970 1004 1247 1059 empfindliches
1272 1005 1355 1050 und
1377 1000 1571 1059 zaͤrtliches
1595 1002 1736 1054 Weſen
1760 1010 1838 1049 ver⸗

720 1063 885 1117 leugnen
904 1063 984 1107 und
1001 1061 1205 1115 creutzigen
1223 1057 1417 1113 moͤchten;
1444 1060 1540 1114 ſonſt
1563 1059 1605 1111 iſt
1619 1059 1701 1112 ſehr
1721 1069 1768 1111 zu
1785 1057 1841 1102 be⸗

720 1119 870 1174 ſorgen,
889 1117 965 1173 daß
986 1120 1064 1165 wir
1092 1126 1164 1172 zur
1182 1116 1269 1174 Zeit
1288 1120 1355 1166 der
1368 1115 1671 1171 Verfolgungen
1685 1114 1840 1167 ſchlechte

722 1177 896 1236 Proben
915 1179 981 1223 der
1005 1172 1295 1230 Beſtaͤndigkeit
1305 1172 1479 1228 ablegen,
1499 1175 1583 1219 und
1599 1174 1677 1220 wol
1695 1171 1838 1223 ſchwer⸗

722 1232 788 1283 lich
805 1240 927 1285 jenem
943 1228 1115 1285 Buͤrger
1128 1237 1177 1284 zu
1198 1228 1399 1281 Antiochia
1423 1225 1641 1282 nachfolgen
1665 1222 1841 1279 moͤchten,

721 1287 890 1341 welcher,
905 1287 970 1333 als
991 1296 1031 1333 er
1045 1294 1125 1335 von
1141 1288 1264 1332 einem
1283 1286 1434 1333 andern
1454 1281 1666 1341 geſchlagen
1678 1284 1841 1333 worden,

723 1345 847 1398 nichts
876 1338 986 1403 mehr,
1003 1344 1056 1392 als
1068 1343 1181 1395 dieſes
1204 1339 1244 1401 zu
1247 1342 1328 1399 ihm
1337 1341 1459 1399 ſagte:
1484 1340 1665 1393 Dancke
1679 1339 1839 1394 GOtt,

725 1405 822 1464 daß
838 1404 905 1462 ich
930 1407 996 1452 ein
1013 1403 1158 1461 Chriſt
1175 1404 1261 1450 bin.

781 1461 960 1517 Darauf
968 1462 1069 1508 wird
1099 1462 1146 1515 2)
1166 1460 1363 1516 gemeldet,
1389 1469 1501 1507 was
1514 1468 1622 1506 man
1644 1469 1722 1513 zur
1737 1457 1840 1508 Ent⸗

728 1524 1016 1586 ſchuldigung
1030 1523 1164 1580 dieſes
1174 1523 1408 1580 unbilligen
1416 1521 1734 1573 Tractaments
1743 1531 1840 1567 vor⸗

723 1581 952 1638 gewendet
973 1577 1113 1635 habe?
1141 1580 1265 1628 Denn
1286 1581 1348 1626 als
1366 1580 1433 1626 der
1459 1577 1605 1632 Knecht
1621 1580 1708 1624 dem
1725 1575 1841 1633 HEr⸗

725 1653 798 1691 ren
825 1643 1000 1700 JESU
1020 1646 1092 1690 den
1114 1640 1396 1693 Backenſtreich
1419 1637 1599 1692 verſetzte,
1633 1639 1669 1689 ſo
1696 1639 1794 1690 ſagte
1807 1646 1841 1680 er

727 1696 869 1751 dabey:
895 1692 1087 1752 Solteſt
1101 1695 1166 1743 du
1182 1697 1282 1744 dem
1295 1690 1626 1749 Hohenprieſter
1640 1693 1735 1743 alſo
1752 1698 1841 1738 ant⸗

724 1755 930 1799 worten?
986 1749 1201 1807 Hierdurch
1232 1750 1345 1798 wolte
1380 1750 1490 1805 dieſer
1513 1748 1731 1802 Boͤſewicht
1754 1747 1838 1800 ſeine

717 1800 947 1861 ungerechte
967 1805 1082 1861 That
1096 1806 1188 1858 noch
1201 1804 1476 1860 rechtfertigen,
1505 1807 1589 1852 und
1614 1804 1759 1855 dieſelbe
1774 1803 1839 1850 mit

723 1864 814 1912 dem
836 1862 961 1918 Eyfer
982 1863 1051 1917 fuͤr
1076 1863 1132 1910 die
1155 1861 1262 1917 Ehre
1286 1862 1354 1907 des
1367 1857 1687 1917 Hohenprieſters
1710 1852 1840 1911 ſchmuͤ⸗

726 1922 819 1971 cken.
870 1923 952 1971 Du
972 1918 1078 1978 ſetzeſt
1099 1919 1213 1973 auch,
1238 1919 1319 1968 will
1342 1928 1383 1966 er
1405 1919 1535 1973 ſagen,
1566 1919 1666 1967 allen
1689 1919 1838 1971 Reſpect

726 1986 844 2033 gegen
868 1979 940 2024 den
960 1976 1258 2032 Hohenprieſter
1285 1977 1454 2025 GOttes
1485 1981 1566 2023 aus
1600 1978 1670 2022 den
1695 1974 1840 2027 Augen.

723 2030 853 2092 Weiſt
870 2039 926 2084 du
944 2034 1065 2088 nicht,
1091 2041 1179 2081 wen
1193 2037 1247 2080 du
1261 2041 1333 2080 vor
1349 2035 1410 2080 dir
1428 2032 1535 2089 haſt?
1565 2031 1719 2081 Solteſt
1727 2034 1778 2077 du
1786 2039 1839 2082 ge⸗

725 2100 798 2145 gen
824 2093 896 2138 den
917 2089 1129 2145 Geſalbten
1152 2091 1220 2137 des
1241 2087 1417 2142 HErren
1438 2088 1536 2140 nicht
1555 2089 1665 2137 mehr
1679 2086 1842 2137 Beſchei⸗

724 2140 876 2194 denheit
919 2140 1180 2199 gebrauchen?
1234 2138 1387 2196 Solteſt
1412 2143 1467 2189 du
1497 2143 1568 2188 den
1597 2137 1840 2195 Aug ⸗ Apfel

725 2203 899 2253 GOttes
915 2206 988 2250 mit
1007 2201 1143 2258 ſolchen
1161 2198 1334 2257 ſchnoͤden
1353 2200 1528 2249 Worten
1548 2197 1741 2254 antaſten,
1764 2197 1838 2244 und

722 2261 800 2317 dich
813 2258 1066 2318 unterſtehen,
1082 2259 1166 2317 ihm
1182 2256 1250 2307 ins
1267 2257 1464 2317 Angeſicht
1479 2266 1528 2316 zu
1544 2254 1680 2314 ſagen:
1719 2257 1838 2305 Was
