1713 2638
145 597 251 638 1725.
278 588 376 630 ward
408 582 511 630 dieſes
529 578 721 632 Regiment
744 580 811 620 aus
836 578 901 617 den
918 588 955 625 3.
984 574 1245 622 Walloniſchen

81 613 348 676 Regimentern,
372 623 660 667 Maldeghem,
688 628 828 656 Lanoy
848 627 919 648 und
944 630 1099 653 Julius,
1130 636 1256 646 Mar⸗

82 688 149 732 quis
164 699 232 730 von
245 686 472 735 Pancalier,
496 679 678 728 errichtet,
702 679 774 723 und
786 679 862 720 dem
877 675 924 726 F.
938 660 983 726 Z.
997 680 1155 723 Johann
1170 683 1246 715 An⸗

83 733 164 789 ton,
188 733 363 787 Marquis
383 739 451 773 von
466 729 560 777 Prie
573 725 749 775 gegeben,
774 726 913 770 welcher
930 736 1036 764 1753.
1056 731 1110 759 ein
1123 732 1249 767 Jahr⸗

81 788 150 841 geld
166 786 306 838 bekam,
331 782 483 834 dagegen
499 781 566 824 das
584 776 777 827 Regiment
790 778 865 821 dem
878 776 932 819 G.
946 772 993 824 F.
1007 773 1072 816 M.
1095 777 1132 814 L.
1143 778 1255 816 Wil⸗

81 835 187 880 helm,
214 833 367 880 Prinzen
381 839 449 874 von
464 824 861 878 Sachſen ⸗ Gotha,
879 824 1015 870 ertheilt
1027 829 1142 864 ward.

83 883 228 936 Obriſt,
253 893 321 928 von
340 878 544 931 Langlois.

83 931 413 989 Obriſtlieutenant,
438 939 506 976 von
518 927 707 975 Clairfait.

434 984 541 1032 Graf
552 978 796 1029 Belgioioſo.

84 1022 468 1084 Obriſtwachtmeiſter,
489 1033 557 1066 von
576 1022 794 1070 Mangeot.

486 1090 555 1124 von
572 1078 782 1123 Vinchant.

151 1134 278 1185 Dieſes
288 1130 481 1183 Regiment
492 1129 553 1179 hat
567 1127 630 1169 den
640 1119 829 1176 Feldzuͤgen
840 1121 875 1165 in
887 1121 952 1164 den
964 1118 1259 1174 Niederlandem,

84 1173 145 1224 den
167 1177 388 1231 Schlachten
411 1175 462 1217 bei
476 1171 712 1221 Dettingen,
737 1167 802 1207 wie
823 1167 906 1210 auch
932 1168 1090 1213 Collin,
1122 1176 1264 1210 Liſſa,

86 1226 324 1278 Hochkirch,
358 1228 428 1269 und
455 1225 531 1267 dem
553 1215 795 1272 Scharmuͤtzel
849 1222 901 1273 am
894 1219 1150 1266 Moysberg,
1184 1233 1264 1252 mit:

88 1280 200 1326 vielem
223 1279 351 1330 Ruhm
373 1274 607 1328 beigewohnt,
632 1269 715 1316 auch
748 1269 854 1315 1760.
880 1269 915 1310 in
939 1270 1000 1305 der
1017 1272 1262 1314 Belagerung

89 1332 153 1377 von
165 1331 349 1380 Dresden
362 1320 511 1379 nuͤtzliche
521 1320 665 1374 Dienſte
675 1318 834 1372 geleiſtet.

277 1440 351 1487 41.
392 1425 611 1487 Regiment
638 1419 771 1480 Jung
803 1416 1062 1473 Colloredo.

532 1486 612 1524 Vier
624 1481 811 1521 Bataillons.

166 1578 278 1620 1734.
291 1567 391 1612 ward
404 1565 507 1616 dieſes
520 1558 708 1612 Regiment
734 1559 838 1608 durch
857 1560 922 1602 den
946 1556 1002 1601 G.
1020 1554 1066 1606 F.
1088 1552 1130 1604 Z.
1144 1553 1275 1608 Wolf

95 1602 320 1661 Sigmund,
341 1607 532 1656 Freyherrn
552 1608 621 1643 von
634 1600 810 1643 Damnig
838 1602 1090 1643 angeworben;
1113 1614 1186 1631 und
1200 1615 1264 1634 als

95 1655 196 1711 dieſer
218 1666 328 1709 1754.
355 1663 420 1699 den
440 1666 502 1698 21.
527 1649 748 1699 September
771 1647 837 1691 mit
850 1652 949 1693 Tode
966 1654 1143 1691 abgieng,
1181 1663 1268 1685 dem

95 1713 222 1771 ietzigen
236 1719 291 1765 G.
304 1716 346 1766 F.
360 1715 424 1760 M.
437 1717 472 1763 L.
484 1714 575 1762 Carl
582 1702 814 1760 Boromaͤus,
827 1703 1083 1755 Reichsgrafen
1095 1715 1164 1745 von
1172 1713 1269 1746 Col⸗

101 1765 255 1803 loredo,
281 1764 425 1801 ertheilt.

101 1818 253 1872 Obriſt,
277 1813 445 1866 Freyherr
457 1823 524 1859 von
537 1811 673 1857 Stein.

277 1869 368 1915 Carl
385 1865 583 1918 Friedrich,
616 1858 784 1909 Freyherr
798 1866 867 1903 von
879 1850 1043 1905 Haller.

101 1882 434 1948 Obriſtlieutenant,
458 1904 596 1940 Joſeph
614 1902 736 1929 Anton
753 1907 822 1927 von
836 1904 1001 1925 Ortner.

465 1965 612 2013 Martin
627 1970 697 2004 von
713 1961 857 2009 Hoche.

105 2004 492 2057 Obriſtwachtmeiſter,
517 2001 647 2051 Preyß
660 2007 727 2043 von
740 1999 1000 2046 Ehrenpreis.

176 2064 302 2115 Dieſes
326 2061 514 2112 Regiment
539 2058 600 2105 hat
619 2057 656 2099 in
676 2058 753 2098 dem
779 2063 847 2095 von
870 2059 975 2098 1740.
1000 2057 1056 2091 bis
1081 2054 1192 2096 1748.
1218 2062 1281 2095 ge⸗

111 2106 248 2161 fuͤhrten
260 2104 575 2161 Oeſterreichiſchen
592 2099 977 2154 Erbſchafts ⸗ Kriege,
999 2099 1035 2136 in
1048 2103 1109 2137 der
1122 2102 1283 2143 Belage⸗

110 2169 200 2214 rung
222 2174 290 2208 von
305 2162 530 2215 Freyburg,
555 2159 627 2198 und
650 2158 685 2200 in
706 2158 764 2198 der
781 2146 958 2204 Schlacht
980 2153 1030 2191 bei
1047 2158 1194 2197 Soor,
1218 2162 1286 2191 wie

111 2220 194 2268 auch
221 2214 386 2264 neuerlich
409 2214 445 2257 in
465 2214 524 2255 der
541 2205 721 2261 Schlacht
746 2206 798 2249 bei
812 2206 948 2254 Prag,
972 2198 1123 2249 nuͤtzliche
1139 2205 1291 2249 Dienſte

116 2266 272 2317 geleiſtet.
