3163 4441
196 2158 332 2203 Sapient

207 2227 288 2253 7,7.

182 2546 294 2587 Eſ.57,

228 2588 278 2619 16.

187 3367 282 3404 Exod.

181 3416 203 3440 c.
223 3408 253 3446 8.
276 3412 296 3447 &

175 3449 251 3489 ſeqq.

183 3490 319 3536 Gen.7.7

180 3533 202 3557 c.
218 3535 260 3564 19,
269 3517 314 3573 15.

217 3578 268 3618 16.

354 399 490 440 meines
500 397 670 447 Vaters,
696 398 833 442 ererbet
841 399 910 442 das
925 400 1059 446 Reich,
1085 394 1143 446 das
1161 395 1243 450 euch

354 454 429 492 von
435 451 587 503 Anfang
595 451 658 495 der
666 453 777 496 Welt
785 452 934 495 bereitet
941 452 997 501 iſt.
1006 453 1136 498 Wenn
1145 454 1194 495 du
1202 461 1243 499 zu

354 503 476 548 Bette
484 501 612 552 geheſt,
627 503 701 544 und
711 503 794 545 dein
804 503 925 546 Gebet
933 501 1180 551 beſchleuſſeſt,
1204 505 1241 551 ſo

353 548 469 601 haͤnge
478 553 549 595 mit
557 563 624 595 an:
651 554 725 600 Ach
736 553 859 597 GOtt,
904 555 964 600 laß
975 555 1063 599 mich
1077 554 1160 602 ſelig
1170 554 1243 597 ein⸗

351 595 540 654 ſchlaffen,
560 599 633 648 wenn
641 609 739 643 mein
747 596 958 646 Stuͤndlein
967 602 1176 650 vorhanden
1186 603 1240 652 iſt.

353 653 482 696 Wenn
477 647 521 699 du
564 652 748 701 aufſteheſt
764 649 825 695 und
841 655 922 697 dein
933 655 1055 699 Gebet
1064 655 1243 697 beſchleuſ⸗

352 700 426 754 ſeſt,
433 698 466 755 ſo
478 703 607 752 ſprich:
637 706 713 751 Ach
724 704 921 751 GOtt,
867 698 915 746 laß
932 707 1020 751 mich
1028 703 1152 751 froͤlich
1161 707 1241 750 auf⸗

353 751 507 799 erſtehen
515 759 594 798 zum
604 751 736 804 ewigen
744 752 864 796 Leben.
876 754 1005 797 Wenn
1014 754 1063 796 du
1070 753 1157 801 iſſeſt
1166 755 1241 797 und

354 801 535 852 trinckeſt,
558 803 594 850 ſo
614 803 786 851 beſchleuß
806 804 887 846 dein
905 802 1027 848 Gebet
1043 811 1112 847 mit
1129 804 1242 852 dieſen

353 851 584 899 Gedancken:
593 855 667 898 Ach
678 855 812 903 GOtt,
812 855 876 903 laß
883 855 973 902 mich
979 856 1099 898 deiner
1110 855 1241 902 ewigen

350 902 490 951 Freude
498 903 574 945 und
585 902 769 954 Seligkeit
776 903 960 953 genieſſen,
974 905 1049 946 und
1058 906 1128 947 mit
1135 904 1194 947 dir
1203 905 1242 947 in

347 950 487 992 deinem
501 950 615 1000 Reich
634 951 722 999 eſſen
738 951 814 994 und
833 950 988 996 trincken
998 947 1086 996 uͤber
1103 953 1242 996 deinem

352 1013 467 1051 Tiſch.

401 1043 512 1093 Sihe,
520 1040 549 1104 ſo
560 1044 659 1093 wirſt
667 1044 717 1086 du
723 1036 852 1103 taͤglich
862 1053 911 1087 an
920 1044 989 1088 das
999 1036 1159 1099 Juͤngſte
1166 1046 1240 1091 Ge⸗

347 1103 440 1150 richt
448 1101 647 1156 gedencken,
649 1098 724 1150 und
738 1099 833 1155 wirſt
840 1104 971 1149 wacker
978 1107 1073 1154 ſeyn,
1090 1107 1166 1148 denn
1179 1108 1241 1149 der

346 1150 466 1202 HErr
476 1150 555 1200 ſagt
564 1151 632 1200 hie,
639 1153 713 1192 wir
721 1153 829 1202 ſollen
837 1156 977 1197 allezeit
993 1154 1135 1194 wacker
1146 1154 1241 1202 ſeyn,

346 1201 416 1243 das
428 1201 526 1251 iſt,
504 1198 537 1249 in
536 1204 629 1243 allen
638 1202 791 1250 Dingen
802 1206 875 1244 uns
887 1203 957 1245 den
965 1197 1152 1254 Juͤngſten
1159 1202 1240 1253 Tag

346 1240 546 1300 vorbilden.
568 1248 780 1303 Hieronymus:
792 1253 865 1304 Jch
875 1252 1010 1303 ſchlaffe
1020 1254 1105 1296 oder
1111 1253 1240 1301 wache,

347 1304 411 1351 eſſe
420 1305 506 1347 oder
514 1303 665 1353 trincke,
691 1305 729 1352 ſo
738 1306 862 1352 deucht
870 1304 980 1352 mich,
999 1306 1050 1354 ich
1058 1303 1143 1353 hoͤre
1152 1308 1241 1354 dieſe

345 1354 537 1399 Stimme:
565 1355 710 1405 Stehet
718 1355 790 1405 auf
790 1355 846 1405 ihr
855 1357 1014 1403 Todten,
1047 1352 1109 1400 und
1129 1352 1242 1401 kommt

344 1393 409 1456 fuͤr
425 1407 588 1454 Gericht.

395 1446 487 1490 Das
508 1449 550 1485 lI.
584 1447 781 1485 Remedium
799 1447 885 1492 oder
904 1445 1041 1492 Mittel
1057 1446 1101 1500 iſt
1116 1449 1240 1490 beten.

344 1491 470 1551 Beten
472 1502 615 1545 lindert
620 1501 675 1548 die
675 1501 876 1552 Ungedult,
904 1496 1024 1555 Angſt,
1040 1495 1244 1557 Bangigkeit

342 1556 418 1598 und
428 1555 549 1605 Zagen
558 1557 621 1599 der
628 1557 789 1601 Seelen,
809 1558 942 1604 wehret
949 1561 1011 1601 der
1021 1557 1238 1605 Verzweife⸗

345 1605 434 1654 lung
442 1598 517 1648 und
528 1607 590 1649 der
613 1595 741 1653 Furcht.
774 1608 856 1650 Denn
870 1609 999 1655 durchs
1011 1609 1133 1653 Gebet
1142 1609 1240 1652 komt

341 1654 406 1696 der
415 1653 575 1704 freudige
585 1654 706 1703 Geiſt,
716 1653 779 1696 der
789 1656 909 1701 wahre
918 1651 1236 1707 Hertzenstroͤſter,

342 1705 418 1747 und
433 1706 603 1754 geiſtliche
619 1707 781 1753 Balſam
798 1708 859 1749 des
873 1707 1124 1756 zerbrochenen
1141 1719 1237 1750 Her⸗

348 1753 439 1800 tzens
451 1750 526 1799 und
538 1753 696 1802 Geiſtes.
723 1752 840 1795 Denn
848 1752 1113 1803 dieweilunſere
1123 1745 1237 1799 Seele

342 1815 401 1848 ein
412 1807 519 1852 Geiſt
529 1808 587 1854 iſt,
602 1808 638 1852 ſo
648 1805 722 1850 will
738 1802 788 1855 ſie
782 1807 868 1856 auch
877 1808 1003 1854 gleiche
1013 1811 1163 1857 Artzney
1174 1809 1236 1857 ha⸗

341 1857 423 1903 ben,
440 1857 516 1899 und
525 1857 588 1900 der
596 1856 788 1905 traurigen
798 1858 939 1902 Seelen
948 1858 1103 1906 Artzney
1103 1858 1150 1905 iſt
1160 1861 1235 1903 nir⸗

342 1906 433 1953 gend
441 1906 575 1950 anders
584 1916 626 1955 zu
639 1903 769 1954 finden,
790 1904 865 1952 denn
876 1910 914 1951 in
923 1909 1004 1950 dem
1009 1910 1063 1956 H.
1071 1910 1233 1957 Geiſt,
1199 1906 1235 1952 in

340 1948 422 1998 dem
431 1955 621 2006 freudigen
621 1956 729 2005 Geiſt
727 1947 842 2006 JEſu
848 1956 1008 2006 Chriſti,
1002 1948 1037 2003 in
1045 1958 1126 2001 dem
1126 1958 1236 2008 Geiſt

339 2009 404 2050 der
414 2004 617 2054 troͤſtlichen
627 2010 788 2051 Gnaden
798 2009 976 2055 GOttes,
985 2011 1136 2055 derſelbe
1148 2012 1234 2055 aber

341 2056 479 2098 kommt
488 2055 617 2103 durchs
617 2055 753 2105 Gebet,
753 2056 833 2100 Luc.
840 2063 958 2101 11,13.
937 2057 1054 2106 Wie
1064 2059 1235 2108 vielmehr

340 2108 435 2150 wird
444 2108 540 2151 mein
548 2109 778 2158 himmliſcher
792 2112 916 2153 Vater
936 2112 1052 2161 ſeinen
1064 2107 1235 2173 Heiligen

343 2152 450 2203 Geiſt
459 2154 567 2203 geben
576 2158 691 2205 allen,
707 2155 762 2199 die
773 2157 833 2205 ihn
843 2157 975 2200 darum
983 2155 1110 2199 bitten.
1161 2157 1234 2206 Jch

342 2205 420 2253 bat,
422 2198 567 2250 ſpricht
556 2207 738 2255 Salomo,
747 2206 823 2249 und
834 2210 872 2249 es
882 2205 963 2250 kam
972 2210 1045 2251 mir
1054 2207 1117 2248 der
1126 2208 1233 2259 Geiſt

340 2258 403 2300 der
413 2248 611 2304 Weißheit.
614 2245 693 2301 Und
706 2257 769 2299 der
776 2258 901 2305 heilige
909 2257 1042 2302 David
1058 2257 1160 2307 Pſal.
1197 2272 1231 2300 51,

342 2315 400 2353 14.
426 2300 556 2355 Troͤſte
566 2306 653 2353 mich
662 2305 792 2350 wieder
804 2308 874 2350 mit
883 2306 1004 2348 deiner
1012 2299 1154 2357 Huͤlffe,
1157 2299 1223 2353 und

335 2358 400 2400 der
408 2356 569 2406 freudige
580 2358 688 2405 Geiſt
696 2358 832 2405 erhalte
841 2360 942 2404 mich.
968 2360 1059 2402 Wie
1067 2361 1107 2403 in
1117 2368 1230 2402 einem

334 2399 519 2454 Geſpraͤch
531 2406 601 2448 mit
618 2407 733 2449 einem
746 2410 857 2455 guten
877 2406 1042 2456 Freunde
1048 2409 1117 2451 das
1125 2408 1228 2460 Hertz

334 2454 513 2498 gelindert
533 2454 649 2498 wird:
683 2448 771 2502 Alſo
797 2457 836 2499 in
852 2458 931 2499 dem
950 2453 1134 2506 Geſpraͤch
1160 2463 1229 2499 mit

333 2490 459 2554 Gott,
479 2503 559 2551 denn
585 2507 627 2546 es
636 2505 733 2549 betet
738 2506 815 2548 kein
842 2497 976 2556 Chriſt,
993 2499 1071 2554 Gott
1070 2511 1232 2550 antwor⸗

336 2557 392 2596 tet
408 2548 481 2605 ihm,
497 2547 549 2601 und
575 2547 675 2604 laͤſſet
685 2557 756 2597 aus
766 2556 894 2603 ſeinem
902 2557 1047 2599 Munde
1055 2558 1113 2599 ein
1123 2556 1231 2608 Geiſt

334 2601 456 2651 weben,
480 2601 621 2656 welchen
630 2609 699 2650 das
707 2609 810 2657 Hertz
819 2608 1026 2657 empfindet.
1038 2610 1095 2656 Es
1106 2610 1229 2660 ſteiget

334 2657 412 2700 kein
422 2655 545 2702 Gebet
560 2664 626 2704 gen
643 2647 828 2708 Himmel,
857 2661 895 2700 es
911 2656 1034 2707 ſteiget
1047 2658 1104 2700 ein
1118 2657 1231 2709 Troſt

333 2705 466 2749 wieder
481 2697 602 2753 herab.

385 2755 473 2799 Der
490 2755 583 2807 Nutz
604 2754 690 2797 aber
711 2754 786 2798 und
810 2753 946 2805 Frucht
964 2757 1073 2806 dieſer
1098 2753 1231 2807 beyden

335 2801 656 2853 Artzney⸗Mittel,
665 2802 810 2844 wacker
820 2804 902 2853 ſeyn
912 2807 992 2845 und
1003 2807 1142 2851 beten,
1165 2806 1229 2854 iſt:

339 2873 372 2900 1.
381 2852 617 2905 Entfliehen
629 2860 693 2902 der
702 2854 918 2908 truͤbſeligen
930 2859 1030 2910 Zeit,
1040 2861 1102 2903 der
1112 2860 1230 2918 Angſt

334 2909 472 2956 Furcht
487 2908 563 2950 und
572 2906 720 2958 Zagen,
740 2909 811 2952 das
818 2911 886 2959 iſt,
909 2910 983 2957 daß
992 2913 1033 2953 in
1041 2908 1076 2959 ſo
1091 2919 1229 2960 groſſen

334 2952 548 3011 Truͤbſalen,
579 2953 710 3013 Hunger,
727 2952 922 3008 Peſtilentz,
940 2960 1226 3014 Blutvergieſſen,

334 3010 538 3055 Erdbeben,
549 3013 775 3054 Feuers-⸗und
785 3012 1066 3061 Waſſersnoth,
1091 3012 1179 3060 auch
1189 3014 1227 3056 in

333 3063 370 3108 ſo
381 3062 495 3104 vielen
524 3058 666 3107 Rotten,
685 3057 830 3108 Secten,
835 3059 973 3108 falſcher
981 3064 1102 3112 Lehre,
1113 3065 1228 3107 Aber⸗

332 3107 500 3157 glauben,
514 3102 650 3159 groſſen
652 3106 804 3159 Noͤthen
831 3103 887 3156 und
890 3110 1162 3160 Anfechtungen
1171 3110 1236 3159 die

333 3150 549 3206 Glaubigen
558 3158 665 3206 ſollen
674 3157 850 3207 erhalten,
865 3158 940 3200 und
948 3159 1162 3208 wunderlich
1173 3167 1227 3203 er⸗

333 3212 447 3253 rettet
461 3208 627 3257 werden,
651 3210 718 3254 wie
736 3210 792 3253 die
808 3209 947 3255 Kinder
954 3204 1085 3262 Jſrael
1085 3205 1149 3262 fuͤr
1158 3214 1226 3257 den

333 3261 570 3309 Egyptiſchen
586 3263 753 3311 Plagen,
778 3263 826 3306 da
836 3268 875 3307 es
885 3264 949 3312 bey
961 3266 1029 3307 den
1036 3266 1226 3312 Egyptern

330 3307 540 3361 ſchreckliche
547 3312 766 3363 Finſternuß
774 3322 878 3362 war,
904 3313 969 3362 bey
978 3315 1047 3357 den
1060 3309 1227 3359 Kindern

332 3359 461 3407 Jſrael
469 3358 556 3406 aber
556 3358 679 3408 Liecht:
694 3359 783 3410 Bey
794 3361 900 3411 ihnen
907 3369 1030 3404 waren
1039 3367 1106 3406 alle
1116 3362 1228 3412 Waſ⸗

330 3410 392 3446 ſer
401 3416 509 3459 Blut
527 3416 603 3457 und
614 3416 824 3466 ſtinckend,
854 3419 920 3463 bey
938 3418 1052 3459 dieſen
1065 3423 1135 3465 gut
1151 3420 1226 3461 und

328 3464 448 3509 friſch,
472 3463 543 3506 das
553 3465 671 3511 heiſſet
687 3460 891 3514 entfliehen,
916 3466 983 3509 wie
991 3468 1104 3513 Noah
1114 3468 1152 3509 in
1161 3469 1225 3511 der

331 3502 559 3561 Suͤndfluth,
572 3503 651 3561 Loth
657 3514 729 3555 aus
747 3519 818 3554 dem
827 3505 959 3564 Feuer,
965 3507 1022 3559 wie
1033 3515 1091 3557 ein
1099 3510 1225 3565 Voͤge⸗

328 3561 401 3601 lein
411 3566 491 3607 dem
502 3566 649 3609 Stricke
659 3568 857 3613 entfleucht.
867 3568 951 3613 Diß
961 3570 1082 3611 Wort
1090 3570 1225 3615 entflie⸗

326 3613 397 3660 hen
423 3612 610 3666 bezeuget,
635 3615 707 3663 daß
730 3616 786 3659 die
812 3618 932 3666 letzten
949 3611 1153 3662 Truͤbſalen
1170 3618 1226 3661 die

327 3662 541 3712 Glaubigen
559 3664 654 3714 nicht
670 3665 813 3708 werden
830 3661 1028 3714 anruͤhren.
1055 3668 1221 3715 Apoc.3,

330 3727 387 3753 10.
413 3716 521 3761 Weil
528 3714 578 3759 du
586 3718 664 3764 haſt
673 3717 853 3766 bewahret
861 3719 930 3762 das
940 3719 1061 3763 Wort
1071 3721 1134 3761 der
1143 3721 1221 3765 Ge⸗

325 3763 430 3809 dult,
456 3763 493 3812 ſo
509 3764 583 3806 will
601 3765 650 3814 ich
669 3764 742 3812 dich
761 3766 847 3814 auch
870 3765 1058 3810 bewahren
1078 3760 1142 3815 fuͤr
1152 3768 1219 3810 den

328 3811 554 3866 Truͤbſalen,
579 3815 635 3859 die
653 3817 814 3860 kommen
832 3818 938 3867 ſollen
957 3813 1046 3861 uͤber
1060 3818 1127 3861 den
1151 3819 1221 3863 Er⸗

327 3867 520 3912 denkrays.

380 3924 413 3951 2.
440 3912 496 3961 Zu
505 3912 619 3962 ſtehen
629 3909 692 3962 fuͤr
702 3913 764 3957 des
772 3913 964 3964 Menſchen
979 3915 1108 3965 Sohn.
1127 3915 1222 3960 Das

304 3958 374 4012 iſt
383 3962 458 4004 eine
465 3962 576 4019 groſſe
585 3964 842 4016 Herrlichkeit,
869 3970 939 4007 mit
954 3962 1136 4016 froͤlichem
1146 3967 1223 4011 Ge⸗

332 4015 452 4065 wiſſen
459 4010 521 4064 fuͤr
530 4016 847 4066 GOttesGericht
855 4006 1060 4070 erſcheinen,
1063 4007 1130 4067 mit
1130 4007 1223 4070 Fro⸗

1279 400 1407 449 locken,
1414 395 1474 447 mit
1485 402 1687 451 Jauchtzen.
1694 397 1799 452 Sap.
1807 415 1881 449 5,1.
1892 405 1977 453 ſeqq.
1998 406 2166 447 Alsdenn

1279 452 1369 494 wird
1383 453 1445 494 der
1452 445 1628 498 Gerechte
1637 452 1750 500 ſtehen
1761 457 1830 492 mit
1847 453 1979 501 groſſer
1994 454 2165 503 Freudig⸗

1275 501 1345 545 keit
1353 502 1463 546 wider
1472 503 1548 551 die,
1573 503 1609 551 ſo
1619 502 1678 549 ihn
1691 497 1873 552 geaͤngſtet
1882 504 2015 553 haben,
2043 507 2115 546 und
2132 509 2164 553 ſo

1278 550 1368 598 ſeine
1398 550 1511 594 Arbeit
1534 544 1728 603 verworffen
1736 552 1858 599 haben.
1878 544 2004 595 Wenn
2014 554 2167 601 dieſelbi⸗

1279 611 1321 649 ge
1336 602 1430 645 denn
1440 606 1566 651 ſolches
1584 604 1705 651 ſehen,
1731 606 1870 647 werden
1881 605 1925 652 ſie
1934 606 2103 655 grauſam
2114 618 2165 648 er⸗

1278 652 1444 701 ſchrecken
1453 648 1515 698 fuͤr
1525 656 1652 702 ſolcher
1662 652 1865 703 Seligkeit,
1874 654 1936 696 der
1946 656 1989 704 ſie
1999 656 2061 704 ſich
2073 657 2166 704 nicht

1276 701 1439 749 verſehen
1448 695 1590 750 haͤtten,
1594 694 1662 747 und
1673 701 1815 743 werden
1823 702 2105 745 untereinander
2112 715 2163 745 re⸗

1274 753 1343 796 den
1352 753 1421 795 mit
1430 753 1551 801 Reue,
1566 754 1639 795 und
1649 750 1712 804 fuͤr
1723 753 1839 805 Angſt
1848 756 1909 797 des
1922 757 2067 804 Geiſtes
2078 757 2165 805 ſeuf⸗

1277 808 1365 851 tzen:
1392 805 1483 844 Das
1503 804 1545 853 iſt
1563 802 1649 849 der,
1674 804 1820 850 welchen
1840 810 1907 846 wir
1926 811 2019 847 etwa
2035 799 2096 853 fuͤr
2110 816 2166 848 ein

1277 856 1406 901 Spott
1414 853 1566 899 hielten,
1581 856 1655 898 und
1665 852 1727 904 fuͤr
1738 858 1794 899 ein
1805 853 1961 905 hoͤhniſch
1978 859 2164 906 Beyſpiel.

1275 902 1369 944 Wir
1383 902 1536 945 Narren
1554 902 1684 950 hielten
1693 903 1765 952 ſein
1784 894 1890 946 Leben
1901 898 1963 952 fuͤr
1973 903 2162 953 unſinnig,

1274 955 1350 997 und
1365 954 1438 1004 ſein
1456 956 1559 999 Ende
1574 952 1637 1003 fuͤr
1649 967 1723 999 eine
1735 957 1920 1003 Schande.
1972 959 2061 1000 Wie
2072 960 2115 1008 iſt
2126 969 2164 1001 er

1275 1010 1352 1042 nun
1370 1000 1518 1050 gezehlet
1530 1009 1638 1045 unter
1656 1005 1711 1046 die
1728 1005 1866 1047 Kinder
1877 1004 2061 1053 GOttes,
2089 1009 2163 1047 und

1275 1056 1346 1100 ſein
1364 1056 1461 1100 Erbe
1477 1062 1585 1099 unter
1595 1058 1662 1098 den
1672 1058 1865 1107 Heiligen?
1892 1060 2046 1101 Darum
2057 1055 2073 1104 ſo
2105 1060 2165 1107 ha⸗

1275 1101 1341 1142 ben
1356 1102 1425 1143 wir
1442 1101 1506 1143 des
1515 1103 1653 1151 rechten
1662 1093 1801 1153 Weges
1810 1102 1983 1151 gefehlet,
2009 1105 2084 1146 und
2094 1106 2162 1147 das

1276 1158 1387 1204 Liecht
1394 1159 1455 1199 der
1466 1156 1729 1207 Gerechtigkeit
1749 1158 1813 1206 hat
1831 1162 1905 1200 uns
1921 1160 2015 1206 nicht
2026 1159 2164 1208 geſchie⸗

1276 1213 1367 1247 nen,
1393 1204 1467 1247 und
1483 1206 1539 1249 die
1557 1207 1695 1250 Sonne
1706 1206 1748 1253 iſt
1758 1209 1830 1248 uns
1841 1205 1936 1253 nicht
1945 1207 2165 1257 aufgangen.

1324 1244 1416 1298 Wir
1424 1257 1551 1296 wollen
1561 1253 1767 1303 beſchlieſſen
1776 1259 1844 1296 mit
1861 1255 1939 1296 dem
1961 1261 2042 1295 126.
2062 1247 2165 1306 Pſal.

1274 1307 1310 1346 v.
1324 1309 1356 1345 1.
1374 1309 1413 1341 ad
1421 1305 1479 1342 fin.
1490 1309 1624 1349 Wenn
1632 1309 1697 1347 der
1707 1306 1832 1353 HErr
1839 1310 1898 1348 die
1907 1306 2164 1358 Gefangenen

1276 1351 1373 1392 Zion
1381 1345 1517 1400 erloͤſen
1527 1349 1644 1401 wird,
1646 1346 1683 1405 ſo
1689 1355 1839 1392 werden
1849 1353 1922 1392 wir
1932 1352 2013 1402 ſeyn
2021 1352 2093 1392 wie
2103 1354 2163 1394 die

1277 1401 1567 1451 Traͤumenden,
1592 1406 1692 1445 denn
1707 1407 1807 1445 wird
1817 1405 1923 1455 unſer
1933 1407 2075 1450 Mund
2086 1412 2162 1447 voll

1276 1454 1451 1501 lachens,
1464 1457 1543 1495 und
1554 1454 1661 1504 unſer
1670 1455 1781 1505 Zung
1789 1459 1863 1496 voll
1873 1457 2058 1505 růhmens
2065 1453 2163 1506 ſeyn,

1273 1506 1376 1552 denn
1395 1502 1498 1544 wird
1515 1514 1608 1544 man
1608 1498 1735 1555 ſagen
1757 1514 1872 1546 unter
1888 1509 1962 1546 den
1985 1506 2161 1555 Heyden,

1273 1553 1335 1601 der
1335 1553 1460 1603 HErr
1470 1558 1545 1605 hat
1553 1555 1715 1606 Groſſes
1723 1565 1776 1599 an
1786 1557 1903 1606 ihnen
1910 1557 2071 1607 gethan,
2097 1561 2163 1599 der

1275 1609 1400 1657 HErr
1403 1606 1482 1653 hat
1490 1608 1651 1658 Groſſes
1660 1619 1713 1650 an
1720 1617 1798 1653 uns
1808 1609 1969 1657 gethan,
1995 1611 2067 1660 deß
2077 1612 2162 1661 ſind

1275 1660 1349 1700 wir
1358 1653 1508 1708 froͤlich.
1531 1659 1605 1700 Die
1614 1660 1690 1701 mit
1703 1659 1889 1711 Thraͤnen
1898 1658 1998 1710 ſaen,
2009 1663 2162 1704 werden

1271 1702 1341 1756 mit
1362 1706 1519 1756 Freuden
1530 1711 1699 1750 erndten.
1748 1711 1826 1750 Sie
1834 1709 1955 1757 gehen
1963 1710 2052 1758 hin,
2081 1712 2162 1751 und

1271 1748 1429 1806 weinen,
1447 1756 1511 1794 und
1521 1758 1660 1803 tragen
1667 1755 1771 1796 edlen
1781 1757 1957 1805 Samen,
1971 1758 2049 1795 und
2060 1757 2162 1796 kom⸗

1272 1813 1357 1845 men
1374 1808 1451 1846 mit
1468 1804 1657 1854 Freuden,
1683 1808 1764 1847 und
1786 1808 1949 1856 bringen
1964 1809 2043 1858 ihre
2058 1809 2163 1849 Gar⸗

1272 1861 1367 1904 ben,
1392 1857 1526 1900 Amen.

1271 1902 1395 1953 Kurtze
1413 1901 1673 1952 Betrachtung
1683 1900 1746 1946 der
1756 1896 2079 1954 Haupt⸗Spruͤche
2088 1906 2163 1949 und

1373 1959 1656 2012 Weiſſagungen
1664 1966 1750 2004 vom
1758 1956 1944 2012 Juͤngſten
1959 1964 2066 2012 Tage.

1323 2005 1359 2057 1.
1360 2009 1444 2059 Eſa.
1454 2003 1506 2057 66,
1520 2009 1572 2062 15.
1581 2013 1635 2053 16.
1656 2014 1771 2059 Sihe,
1774 2008 1834 2057 der
1843 2014 1961 2058 HErr
1970 2015 2060 2057 wird
2071 2015 2165 2057 kom⸗

1271 2064 1354 2101 men
1360 2059 1431 2101 mit
1438 2055 1576 2109 Feuer,
1593 2057 1668 2102 und
1679 2062 1749 2110 ſein
1756 2054 1906 2111 Wagen
1916 2071 1980 2102 wie
1990 2071 2047 2103 ein
2072 2064 2166 2104 Wet⸗

1273 2116 1354 2159 ter,
1378 2107 1451 2158 daß
1461 2122 1499 2153 er
1508 2112 1665 2160 vergelte
1674 2124 1723 2154 im
1735 2114 1890 2156 Grimm
1899 2115 2009 2162 ſeines
2020 2113 2164 2163 Zorns,

1269 2158 1347 2201 und
1354 2160 1426 2208 ſein
1437 2160 1613 2206 Schelten
1633 2160 1689 2202 mit
1696 2157 1997 2211 Feuerflammen,
2005 2155 2083 2208 denn
2102 2164 2165 2206 der

1271 2214 1392 2265 HErr
1400 2214 1492 2255 wird
1502 2216 1631 2256 durchs
1650 2216 1767 2255 Feuer
1786 2216 1943 2264 richten,
1969 2216 2044 2258 und
2055 2217 2163 2265 durch

1270 2261 1342 2303 ſein
1352 2257 1531 2306 Schwerd
1550 2266 1638 2305 alles
1650 2260 1791 2309 Fleiſch.

1318 2306 1393 2356 Hie
1402 2303 1589 2351 bedencke,
1601 2306 1667 2349 wie
1685 2305 1872 2356 ſchrecklich
1880 2304 1948 2350 das
1961 2306 2043 2357 ſeyn
2055 2308 2163 2360 wird,

1269 2354 1372 2406 wenn
1373 2360 1434 2402 die
1442 2360 1553 2410 groſſe
1562 2362 1689 2406 Weite
1696 2363 1879 2409 Himmels
1895 2365 1959 2407 und
1981 2366 2037 2407 der
2039 2365 2164 2408 Erden

1268 2417 1342 2454 voll
1350 2412 1448 2460 Feur
1472 2420 1539 2459 ſeyn
1548 2410 1655 2457 wird,
1664 2409 1723 2455 und
1740 2415 1861 2457 GOtt
1876 2417 1931 2458 der
1940 2417 2058 2465 HErr
2069 2417 2165 2459 kom⸗

1270 2467 1352 2502 men
1361 2459 1453 2502 wird
1463 2462 1502 2502 in
1512 2460 1626 2502 einem
1635 2461 1771 2510 groſſen
1781 2462 1954 2507 Wetter,
1972 2465 2030 2503 als
2041 2463 2106 2511 auf
2116 2465 2165 2506 ei⸗

1268 2522 1352 2554 nem
1367 2511 1530 2562 Wagen.
1580 2512 1671 2556 Wie
1680 2516 1739 2556 ein
1756 2514 1889 2562 groſſer
1903 2516 2043 2565 Einzug
2053 2515 2165 2558 vieler

1269 2559 1419 2609 Waͤgen
1429 2572 1486 2605 ein
1496 2566 1586 2610 groß
1598 2563 1789 2611 Gepraſſel
1799 2564 1928 2610 macht,
1944 2567 2018 2606 und
2028 2567 2093 2609 wie
2103 2568 2166 2609 ein

1268 2606 1400 2660 groſſer
1421 2606 1498 2658 HErr
1522 2614 1643 2657 ſeinen
1661 2614 1751 2659 Zorn
1751 2614 1853 2661 ſehen
1861 2604 1960 2663 laͤſſet
1970 2609 2037 2661 mit
2047 2616 2162 2658 einem

1268 2664 1501 2710 ſchrecklichen
1520 2666 1692 2710 Gericht:
1720 2669 1809 2711 Alſo
1828 2668 1919 2710 wird
1935 2671 1999 2710 des
2015 2668 2161 2716 HErrn

1269 2714 1370 2759 Zorn
1375 2714 1453 2757 kein
1460 2716 1544 2762 bloß
1554 2714 1675 2758 Wort
1685 2715 1767 2758 oder
1781 2710 1897 2760 Schall
1910 2717 2027 2764 ſeyn,
2024 2717 2162 2759 ſondern

1268 2765 1567 2819 Feuerflammen,
1578 2765 1626 2808 da
1634 2765 1725 2808 wird
1734 2775 1822 2809 man
1833 2768 1993 2812 GOttes
2004 2763 2078 2815 Zorn
2104 2770 2161 2817 ſe⸗

1267 2821 1335 2855 nen
1343 2815 1383 2856 in
1391 2814 1459 2856 den
1465 2814 1772 2864 Feuerflammen,
1799 2816 1873 2856 und
1884 2817 1949 2858 wie
1964 2816 2032 2858 das
2042 2816 2159 2866 Feuer

1266 2871 1335 2910 alle
1343 2867 1452 2913 Ding
1463 2868 1657 2912 probieret,
1674 2871 1753 2908 was
1765 2872 1802 2909 es
1813 2869 1851 2910 in
1860 2870 1921 2919 ſich
1931 2869 2050 2919 halte;
2068 2873 2158 2921 Alſo

1264 2912 1352 2961 auch
1360 2918 1424 2954 am
1431 2905 1617 2963 Juͤngſten
1632 2903 1743 2962 Tage.

1318 2970 1351 3002 2.
1378 2962 1451 3009 Eſa.
1474 2972 1524 3008 51,
1535 2964 1651 3008 4.5.6.
1677 2964 1818 3007 Mercke
1840 2964 1909 3012 auf
1924 2964 2034 3014 mich,
2060 2965 2157 3007 mein

1266 3003 1385 3063 Volck,
1399 3004 1499 3060 hoͤret
1507 3013 1595 3059 mich
1601 3011 1714 3054 meine
1734 3015 1840 3061 Leute,
1864 3011 1948 3062 denn
1946 3016 2058 3056 meine
2078 3017 2159 3060 Ge⸗

1263 3063 1465 3115 rechtigkeit
1474 3062 1518 3112 iſt
1527 3068 1632 3115 nahe,
1646 3066 1719 3107 und
1731 3076 1824 3107 mein
1834 3067 1931 3115 Heyl
1943 3068 2057 3114 zeucht
2070 3071 2157 3112 aus,

1265 3115 1341 3156 und
1355 3115 1451 3157 mein
1462 3117 1557 3158 Arm
1565 3116 1655 3160 wird
1666 3118 1719 3160 die
1729 3115 1880 3162 Voͤlcker
1897 3112 2049 3168 richten.
2059 3118 2158 3168 Hebet

1266 3173 1349 3208 eure
1359 3166 1489 3213 Augen
1500 3165 1568 3213 auf
1577 3173 1643 3214 gen
1652 3167 1833 3216 Himmel,
1860 3169 1934 3210 und
1943 3169 2080 3216 ſchauet
2089 3177 2156 3210 un⸗

1264 3220 1326 3258 ten
1335 3216 1403 3264 auf
1409 3216 1464 3259 die
1475 3217 1621 3265 Erden,
1648 3218 1739 3259 denn
1750 3218 1811 3259 der
1819 3218 1981 3263 Himmel
1990 3218 2080 3260 wird
2091 3229 2157 3261 wie

1264 3264 1323 3304 ein
1332 3260 1463 3309 Rauch
1471 3261 1730 3312 vergehen,
1670 3257 1728 3310 und
1742 3264 1797 3306 die
1808 3255 1905 3308 Erde
1915 3266 1981 3306 wie
1993 3265 2049 3307 ein
2049 3265 2156 3308 Kleid

1264 3317 1444 3365 veralten,
1463 3313 1521 3361 und
1539 3313 1594 3362 die
1611 3313 1724 3365 darauf
1753 3319 1894 3369 wohnen,
1912 3321 2033 3362 werden
2048 3319 2157 3368 dahin

1265 3367 1424 3417 ſterben,
1436 3368 1521 3409 aber
1530 3369 1626 3410 mein
1633 3369 1732 3417 Heyl
1740 3369 1869 3412 bleibet
1879 3370 2055 3419 ewiglich,
2080 3372 2158 3414 und

1263 3417 1378 3460 meine
1389 3416 1651 3465 Gerechtigkeit
1658 3420 1749 3461 wird
1760 3419 1855 3464 nicht
1863 3424 2046 3469 verzagen.

1313 3475 1385 3508 Hie
1403 3463 1602 3514 bedencket,
1634 3473 1700 3507 wie
1719 3464 1874 3516 troͤſtlich
1902 3469 1965 3510 der
1985 3470 2067 3517 Tag
2091 3468 2155 3511 des

1264 3509 1409 3570 HErrn
1417 3518 1499 3566 ſeyn
1508 3519 1624 3564 wird;
1651 3520 1768 3563 Denn
1792 3534 1823 3560 1.
1843 3517 1878 3568 ſo
1890 3520 2026 3563 kommt
2038 3523 2155 3566 GOt⸗

1263 3573 1322 3613 tes
1340 3568 1626 3617 Gerechtigkeit,
1652 3580 1694 3618 zu
1711 3572 1838 3618 helffen
1859 3577 1948 3614 allen
1975 3573 2090 3620 denen,
2118 3573 2155 3620 ſo

1264 3618 1416 3662 Gewalt
1422 3616 1570 3666 gelitten
1577 3610 1780 3667 haben,
1730 3611 1795 3665 und
1820 3610 1951 3667 GOttes
1967 3621 2050 3671 Heyl
2059 3620 2157 3663 kom̃t

1264 3666 1356 3707 denn
1367 3664 1442 3714 mit,
1454 3662 1554 3719 allen,
1566 3657 1615 3709 die
1626 3667 1664 3709 in
1674 3668 1782 3716 dieſer
1793 3670 1900 3712 Welt
1908 3670 2002 3712 keine
2013 3663 2153 3720 Huͤlffe,

1267 3722 1372 3771 Rath
1382 3722 1457 3764 und
1467 3724 1578 3771 Troſt
1587 3722 1727 3772 gehabt.
1758 3738 1791 3764 2.
1805 3722 1867 3769 Ob
1878 3725 1984 3773 gleich
1994 3725 2157 3769 Himmel

1264 3768 1337 3809 und
1348 3768 1446 3811 Erde
1455 3766 1626 3817 vergehen
1637 3768 1778 3811 werden
1784 3771 1849 3812 wie
1860 3780 1916 3812 ein
1927 3762 2071 3818 Rauch,
2092 3777 2157 3808 wie

1264 3818 1320 3859 ein
1336 3817 1441 3860 Kleid
1459 3818 1529 3858 mit
1546 3813 1639 3865 allen
1660 3808 1819 3871 Kraͤften
1824 3820 1988 3862 veralten
1988 3820 2068 3863 und
2078 3825 2164 3867 ver⸗

1264 3869 1445 3919 ſchlieſſen,
1484 3869 1624 3910 (daraus
1634 3869 1727 3917 wohl
1739 3869 1998 3918 abzunehmen,
2026 3873 2092 3913 wie
2101 3872 2156 3914 die

1268 3917 1395 3969 Kraͤfte
1422 3912 1480 3972 des
1495 3912 1610 3967 Himels
1620 3922 1694 3963 und
1703 3924 1826 3965 Erden
1836 3923 1942 3969 ſollen
1949 3917 2157 3972 geſchwaͤcht

1274 3971 1414 4021 verden,
1426 3967 1484 4017 wie
1492 3983 1547 4013 ein
1555 3973 1702 4020 Menſch
1714 3984 1752 4014 in
1769 3975 1884 4020 ſeinem
1899 3977 1991 4017 Alter
2006 3984 2052 4015 an
2062 3979 2155 4016 allen

1271 4011 1419 4071 Kraͤften
1429 4020 1623 4069 abnimmt,
1635 4022 1744 4071 daher
1753 4025 1819 4067 deñ
1831 4024 1945 4066 elende
1971 4026 2055 4071 Zeit,
2081 4026 2155 4067 Hun⸗

2176 3777 2293 3821 Pſ.102.

2164 3825 2275 3868 26,72.
