2247 2851
745 514 822 562 und
842 515 919 568 ihre
943 517 1071 566 Briefe
1087 512 1273 570 verhalten
1291 522 1363 567 mir
1382 525 1424 566 es
1440 523 1537 574 nicht
1558 522 1610 581 (§.
1628 528 1743 577 122.).
1805 526 1889 578 Die
1903 520 2038 581 groben

745 567 890 620 Eiferer
914 570 1012 621 ſelbſt
1040 568 1103 625 (§.
1129 582 1200 621 123.
1224 583 1303 621 125.
1325 583 1403 621 131.
1431 580 1511 624 136.
1539 581 1614 623 und
1630 560 1759 635 folg.),
1800 582 1966 632 beweiſen
1993 581 2038 632 ſie

742 632 863 674 etwas
889 632 1062 685 anderes,
1088 634 1147 676 als
1172 636 1274 685 ihren
1296 638 1474 690 Verdruß
1503 634 1590 685 uͤber
1622 641 1689 685 den
1721 643 1874 697 Verluſt
1904 633 2040 690 meiner

741 693 914 744 geringen
930 697 1096 744 Perſon?

860 797 935 850 Jch
946 798 1033 849 habe
1042 800 1211 850 demnach
1220 801 1382 857 Urſache,
1401 804 1566 855 Freunde
1579 808 1655 852 und
1664 797 1796 859 Feinde
1806 819 1848 858 zu
1864 810 2035 863 erſuchen,

741 860 816 908 daß
844 861 923 904 Sie
943 859 980 909 ja
1003 861 1098 905 keine
1123 861 1275 913 Schuld
1297 865 1361 914 bey
1391 865 1527 910 meiner
1556 862 1945 914 Religionsaͤnderung
1971 870 2040 914 auf

1951 927 2036 972 mei⸗

743 1014 915 1061 „kannter,
931 1020 990 1053 den
1006 1017 1211 1065 abweſenden
1232 1020 1366 1063 Anblick

743 1068 891 1111 „meines
906 1069 1075 1111 Geliebten
1085 1071 1268 1122 beleidige.
1295 1073 1365 1123 Jch

741 1115 862 1167 „thue,
888 1127 962 1158 was
977 1122 1022 1163 ich
1039 1122 1088 1167 itzt
1107 1120 1202 1171 thue,
1228 1130 1293 1163 aus
1310 1128 1363 1164 der

739 1174 1002 1224 „aufrichtigſten
1024 1178 1117 1220 Liebe.
1185 1179 1253 1228 Jch
1281 1181 1360 1226 habe

741 1220 927 1274 „juͤngſthin
945 1230 992 1267 die
1011 1229 1078 1278 ſehr
1089 1227 1233 1271 betruͤbte
1249 1233 1359 1274 Nach⸗

740 1274 848 1315 „richt
862 1274 1021 1323 erhalten,
1050 1278 1098 1317 die
1123 1279 1226 1318 meine
1252 1280 1359 1322 Seele

738 1317 841 1369 „aufs
870 1325 1045 1374 Aeuſſerſte
1068 1324 1263 1371 bekuͤmmert
1291 1334 1359 1368 und

739 1370 1051 1422 „niedergeſchlagen
1065 1376 1131 1425 hat,
1162 1375 1224 1430 daß
1249 1367 1362 1434 nehm⸗

737 1418 822 1465 „lich
842 1424 929 1461 mein
943 1412 1147 1474 Wertheſter
1162 1429 1223 1481 zur
1233 1419 1358 1476 luthe⸗

735 1473 906 1527 „riſchen
919 1478 1033 1522 Kirche
1049 1477 1291 1532 uͤbergegangen
1312 1481 1359 1530 ſey

737 1522 830 1567 „und
844 1527 908 1572 ſein
929 1526 1126 1576 oͤffentliches
1149 1534 1218 1569 und
1231 1530 1362 1578 feyerli⸗

735 1574 832 1615 „ches
848 1573 1228 1623 Glaubensbekenntniß,
1236 1578 1362 1627 wovon

735 1619 804 1664 „ich
823 1625 881 1660 den
899 1620 1026 1670 Aufſatz
1053 1628 1123 1662 und
1147 1629 1202 1665 das
1231 1615 1358 1676 Formu⸗

738 1670 817 1720 „lar
837 1674 927 1724 ſelbſt
955 1675 1097 1725 geleſen,
1136 1678 1171 1718 in
1200 1680 1356 1727 derſelben

734 1716 905 1772 „abgelegt
934 1711 1024 1775 habe.
1101 1723 1170 1777 Jch
1188 1727 1273 1778 bete,
1301 1728 1355 1770 als

733 1770 809 1826 „ein
827 1764 991 1825 Suͤnder,
1019 1776 1095 1823 dieſe
1116 1778 1354 1830 unerforſchlich

733 1823 832 1875 „tiefe
848 1835 916 1870 und
932 1824 1148 1881 erſchreckliche
1162 1830 1351 1885 Fuͤrſehung

735 1869 898 1922 „GOttes
917 1887 960 1915 an
978 1882 1045 1916 und
1068 1879 1204 1919 bedaure
1221 1872 1354 1929 zugleich

733 1928 884 1972 „meinen
910 1929 1081 1971 Geliebten
1100 1940 1173 1973 von
1207 1931 1352 1981 Herzen;

728 1981 808 2022 „wo
823 1979 944 2018 anders
966 1968 1060 2026 dieſer
1078 1970 1167 2022 mein
1190 1980 1352 2030 Schmerz

733 2039 818 2075 „von
842 2038 912 2073 dem
943 2036 1127 2088 wertheſten
1156 2038 1352 2083 Mitbruder

731 2083 792 2126 „in
826 2084 1055 2134 Betrachtung
1085 2092 1236 2134 gezogen
1244 2090 1350 2133 wird;

728 2127 808 2173 „ein
818 2121 1000 2180 Schmerz,
1021 2131 1095 2178 der,
1112 2136 1190 2176 nach
1213 2136 1350 2183 meinem

729 2169 897 2231 „Urtheil,
938 2175 1162 2234 hoͤchſtgerecht
1192 2179 1274 2238 iſt,
1279 2189 1361 2238 und

728 2232 889 2279 „welchen
918 2234 1012 2283 unſer
1035 2244 1151 2284 ganzer
1175 2237 1267 2279 alter
1279 2242 1360 2285 und

726 2277 915 2337 „heiligſter
936 2281 1055 2340 Orden
1078 2286 1139 2335 mit
1146 2276 1345 2346 empfindet.

1415 1019 1713 1074 „Geliebteſter,
1744 1029 1826 1071 mich
1851 1030 1940 1075 ſelbſt
1965 1034 2035 1071 und

1414 1076 1500 1124 „alle
1509 1079 1609 1119 meine
1617 1080 1754 1130 Dienſte
1761 1089 1851 1131 trage
1860 1084 1904 1124 ich
1913 1080 2037 1132 Jhnen

1411 1120 1593 1171 „ergebenſt
1609 1134 1670 1174 an,
1692 1129 1758 1164 und
1784 1117 1845 1166 das
1867 1134 1963 1176 ganze
1982 1136 2033 1175 ge⸗

1411 1181 1525 1232 „ringe
1539 1175 1684 1235 Kloſter,
1695 1177 1948 1237 Blankſtetten,
1951 1180 2031 1239 ſteht

1409 1218 1551 1283 „Jhnen
1578 1242 1631 1279 zur
1661 1232 1824 1284 Zuflucht,
1856 1247 1927 1282 zum
1945 1239 2029 1286 Auf⸗

1409 1282 1559 1332 „enthalt
1583 1288 1652 1323 und
1676 1294 1714 1333 zu
1740 1285 1822 1326 allen
1854 1287 2029 1337 moͤglichen

1408 1334 1597 1382 „Dienſten
1612 1336 1716 1383 offen,
1740 1347 1837 1377 wenn
1854 1340 1927 1381 Sie
1936 1342 2028 1387 mich,

1408 1388 1507 1430 „oder
1522 1387 1678 1437 vielmehr
1697 1388 1810 1438 Jhren
1826 1391 1930 1431 GOtt
1943 1391 2027 1433 wuͤr⸗

1406 1433 1483 1479 „dig
1502 1435 1630 1481 achten,
1659 1435 1713 1476 als
1744 1438 1794 1478 ein
1828 1438 2029 1488 gehorſamer

1409 1485 1546 1535 „Sohn
1570 1488 1649 1529 mich
1677 1490 1738 1528 mit
1762 1492 1846 1541 ihrer
1860 1489 2035 1542 Ruͤckkehr

1392 1540 1465 1576 „zu
1489 1533 1659 1582 erfreuen,
1682 1537 1736 1583 ehe
1758 1542 1812 1577 der
1833 1538 1933 1584 groſſe
1957 1544 2032 1580 und

1405 1583 1492 1621 „und
1502 1584 1699 1630 ſchreckliche
1733 1579 1791 1633 Tag
1796 1593 1866 1628 des
1883 1589 2037 1635 HErrn,

1404 1632 1497 1671 „an
1516 1632 1593 1670 dem
1616 1630 1704 1673 keine
1732 1632 1852 1675 Gnade
1870 1633 1962 1682 mehr
1987 1643 2025 1681 zu

1406 1680 1541 1729 „hoffen
1566 1683 1622 1733 iſt,
1649 1685 1865 1734 hereinbricht.
1919 1683 2035 1732 Mein

1404 1731 1782 1786 „Allerwertheſter,
1823 1739 1921 1791 dieſes
1953 1740 2034 1790 ſage

1404 1786 1470 1832 „ich
1500 1784 1600 1837 Jhnen
1617 1791 1675 1833 mit
1692 1788 1863 1842 Thraͤnen,
1888 1795 1947 1832 als
1959 1798 2033 1838 das

1403 1834 1536 1884 „Letzte;
1566 1832 1692 1887 wollen
1707 1834 1755 1891 Sie
1785 1845 1819 1891 ja
1843 1836 1927 1890 nicht
1948 1837 2021 1889 wie⸗

1403 1882 1482 1925 „der
1503 1880 1611 1930 zuruͤck
1627 1875 1789 1934 kommen,
1809 1888 1878 1928 wie
1878 1889 1930 1929 ich
1942 1889 2020 1932 doch

1401 1925 1545 1983 „ſolches
1565 1942 1630 1977 von
1661 1936 1762 1980 einem
1781 1938 1812 1985 ſo
1837 1936 2032 1990 vernuͤnfti⸗

1402 1994 1496 2037 „gen,
1509 1987 1649 2032 wackern
1663 1996 1731 2033 und
1745 1992 1867 2040 groſſen
1882 1994 2020 2040 Manne

1402 2043 1492 2088 mit
1510 2043 1696 2094 heroiſcher
1708 2047 1906 2097 Freudigkeit
1922 2049 2032 2105 hoffe

1401 2094 1493 2133 „und
1499 2091 1644 2139 glaube:
1671 2094 1703 2141 ſo
1709 2090 1796 2139 bitte
1812 2102 1863 2141 und
1878 2092 1959 2152 flehe
1976 2099 2033 2141 ich

1400 2142 1509 2187 „Sie
1521 2144 1611 2191 aufs
1625 2143 1852 2196 Beweglichſte
1869 2151 1936 2190 und
1944 2147 2029 2190 bey

1397 2190 1531 2241 „allem,
1559 2200 1622 2235 was
1648 2189 1740 2248 Jhnen
1779 2199 1838 2242 lieb
1862 2202 1918 2250 iſt,
1944 2207 2012 2247 ver⸗

1394 2237 1522 2290 geſſen
1536 2246 1605 2287 und
1618 2244 1771 2296 verlaſſen
1796 2243 1846 2299 Sie
1873 2242 1943 2292 doch
1960 2248 2014 2289 die

1395 2294 1573 2350 „Maria,
1584 2292 1648 2358 die
1631 2299 1792 2356 Maria,
1807 2295 1867 2349 die
1881 2302 2026 2350 Maria,
