1705 2650
1132 360 1224 407 235

218 447 418 492 Geſchwulſt
442 455 498 484 am
520 442 643 489 rechten
657 441 734 489 Fuß
758 444 857 491 dazu;
886 441 1017 489 hierauf
1031 442 1140 478 wurde
1156 443 1218 476 das

219 496 442 548 Judenpechoͤl
478 497 513 542 zu
518 509 562 535 10
579 495 726 541 Tropfen
743 494 914 546 Morgens
934 499 1000 532 und
1011 497 1145 532 Abends
1165 503 1219 537 ge⸗

219 549 334 599 geben,
345 554 398 586 der
413 547 575 593 Auswurf
593 555 702 584 wurde
719 548 855 589 dadurch
874 549 1022 595 haͤufiger
1047 552 1113 582 und
1131 549 1217 587 leich⸗

222 609 289 651 ter,
300 604 366 640 und
383 603 460 642 alles
483 605 590 640 wurde
607 600 716 648 beſſer,
742 599 773 643 ſo
789 601 852 645 daß
869 611 914 646 er,
934 597 1083 640 nachdem
1105 608 1136 634 er
1157 603 1220 633 die⸗

220 660 268 707 ſes
288 658 406 699 Mittel
427 655 608 707 ohngefaͤhr
630 665 647 704 5
669 653 813 696 Wochen
829 654 1001 699 gebraucht
1028 654 1137 697 hatte,
1165 662 1218 695 ge⸗

222 709 301 755 ſund
319 719 402 754 war,
430 696 528 752 außer
547 706 611 752 daß
628 717 676 741 ein
695 702 841 751 geringer
859 703 984 750 Huſten
1012 706 1105 750 uͤbrig
1124 707 1222 749 blieb,

222 773 290 803 und
310 775 343 802 er
359 765 459 813 nahm
487 764 589 808 nichts
610 763 701 811 mehr
721 761 780 798 ein.

326 818 392 860 Ein
429 813 599 865 Juͤngling
633 821 697 852 von
730 825 780 861 24
802 809 968 860 Jahren,
1004 811 1133 857 welcher
1157 820 1222 849 von

222 864 514 915 ſchwindſuͤchtigen
526 863 642 903 Eltern
660 862 821 911 gebohren
837 869 921 908 war,
950 863 1017 896 und
1031 869 1140 906 wegen
1164 867 1222 897 des

222 922 385 970 Huſtens,
413 927 465 960 der
483 912 765 969 Engbruͤſtigkeit,
795 922 860 957 und
880 919 966 956 eines
984 917 1115 963 eitrigen
1130 918 1225 954 Aus⸗

223 975 332 1015 wurfs
351 973 559 1017 beſchwerlich
578 971 698 1019 Athem
723 970 830 1019 holte,
858 970 925 1006 und
944 971 1001 1005 des
1018 967 1155 1006 Abends
1172 970 1224 1004 ein

201 1025 341 1068 kleines
361 1022 470 1070 Fieber
488 1024 548 1060 mit
565 1021 869 1070 Nachtſchweiſſen,
895 1021 960 1056 und
978 1019 1044 1055 eine
1062 1019 1224 1063 Neigung

224 1062 285 1119 zum
304 1059 494 1121 Erbrechen
529 1070 658 1115 bekam,
683 1083 795 1105 woran
820 1084 852 1101 er
879 1078 899 1118 3
918 1071 1065 1117 Wochen
1091 1077 1224 1110 gelitten

226 1132 329 1179 hatte,
358 1129 543 1178 gebrauchte
562 1130 680 1172 Mittel
697 1139 797 1176 gegen
825 1130 878 1165 das
900 1125 1024 1175 Fieber,
1036 1123 1224 1171 Schwefel⸗

227 1182 380 1230 blumen,
410 1183 471 1220 das
497 1179 681 1234 aufgeloͤßte
696 1181 915 1227 Ammoniak,
942 1182 1008 1215 und
1031 1180 1081 1213 ein
1100 1176 1226 1226 China⸗

226 1237 346 1286 dekokt,
372 1235 448 1272 aber
466 1234 547 1282 ohne
563 1234 623 1273 alle
640 1233 829 1280 Linderung,
841 1243 871 1267 er
889 1234 988 1278 nahm
1009 1232 1106 1278 daher
1124 1232 1227 1267 Mor⸗

225 1298 309 1339 gens
327 1299 393 1330 und
411 1291 545 1331 Abends
565 1298 586 1339 8
606 1288 750 1337 Tropfen
766 1284 990 1336 Judenpechoͤl
1008 1296 1072 1333 ein,
1083 1289 1151 1324 und
1166 1287 1228 1324 wie

228 1354 263 1383 er
279 1346 347 1381 das
360 1343 481 1388 wenige
498 1339 592 1388 Tage
607 1339 778 1386 gebraucht
797 1342 897 1387 hatte,
908 1339 939 1382 ſo
956 1341 1087 1375 wurden
1105 1338 1151 1374 die
1162 1338 1229 1381 Zu⸗

229 1390 306 1440 faͤlle
314 1392 477 1444 gelinder,
501 1395 555 1429 der
572 1388 697 1436 Huſten
719 1390 808 1438 hoͤrte
824 1394 904 1435 auf,
926 1398 961 1424 es
990 1391 1071 1425 blieb
1092 1390 1165 1425 aber
1185 1394 1227 1424 ei⸗

230 1457 271 1496 ne
295 1449 426 1494 geringe
447 1438 716 1496 Engbruͤſtigkeit
738 1444 866 1494 zuruͤck,
893 1447 940 1482 die
966 1444 1022 1490 ſich
1048 1443 1126 1488 auch
1151 1443 1228 1488 nach

227 1501 467 1546 zweymaligem
484 1491 669 1544 Aderlaſſen
686 1499 828 1545 verlohr,
855 1499 887 1540 ſo
905 1498 968 1541 daß
985 1505 1017 1531 er
1034 1498 1066 1531 in
1075 1497 1146 1540 Zeit
1162 1504 1227 1531 von

231 1545 333 1582 einem
345 1534 500 1585 Monat,
524 1545 577 1579 als
604 1553 638 1577 er
652 1547 757 1592 dieſes
787 1550 906 1579 Mittel
928 1550 1101 1584 gebraucht
1126 1552 1229 1584 hatte,

233 1592 332 1641 voͤllig
356 1595 455 1632 kurirt
470 1590 588 1633 wurde.

336 1648 444 1691 Einer
463 1647 726 1697 Frauensperſon
754 1658 819 1685 von
848 1655 891 1694 31
921 1650 1080 1694 Jahren,
1114 1651 1229 1688 welche

233 1701 283 1742 ein
307 1707 425 1749 ganzes
461 1700 557 1751 Jahr
573 1703 628 1738 den
653 1702 778 1747 Huſten
801 1705 910 1750 hatte,
933 1706 1130 1747 engbruͤſtig
1145 1714 1229 1741 war,

231 1739 326 1792 Eiter
350 1741 553 1802 ausſpuckte,
581 1755 657 1801 und
681 1755 731 1793 oft
754 1755 954 1793 Schmerzen
980 1764 1014 1780 in
1044 1760 1098 1779 der
1128 1759 1231 1781 linken

233 1808 344 1854 Bruſt
361 1795 483 1853 bekam,
494 1806 525 1850 ſo
545 1806 608 1852 daß
624 1808 678 1841 der
693 1812 790 1850 ganze
799 1809 928 1848 Koͤrper
947 1812 1053 1839 davon
1070 1811 1230 1848 abzehrte,

232 1858 299 1911 gab
326 1861 370 1902 ich
394 1851 492 1907 gleich
510 1859 683 1906 Morgens
707 1865 773 1896 und
790 1862 926 1899 Abends
953 1863 972 1901 8
991 1862 1138 1899 Tropfen
1162 1861 1234 1901 Ju⸗

234 1908 400 1960 denpechoͤl
418 1920 477 1951 mit
492 1915 563 1949 dem
581 1910 701 1959 Erfolg
726 1913 799 1953 ein,
824 1914 889 1953 daß
909 1916 963 1945 der
982 1916 1108 1954 Huſten
1130 1917 1161 1942 in
1186 1924 1231 1956 14

231 1968 348 2020 Tagen
363 1965 461 2013 voͤllig
479 1963 656 2020 aufhoͤrte,
676 1969 743 2004 und
758 1966 798 2010 ſie
813 1967 989 2014 hergeſtellt
1007 1968 1134 2002 wurde.

339 2020 407 2063 Ein
425 2020 591 2065 Maͤdchen
609 2024 674 2055 von
692 2027 741 2053 22
752 2020 885 2062 Jahren
903 2020 991 2065 hatte
1009 2020 1097 2059 ſchon
1135 2026 1136 2062 3
1149 2020 1233 2054 Mo⸗

231 2089 290 2119 nat
306 2082 365 2120 den
381 2076 529 2128 Huſten,
554 2076 594 2125 ſie
616 2086 686 2115 war
703 2072 912 2125 engbruͤſtig,
937 2074 1026 2120 warf
1041 2072 1133 2115 Eiter
1151 2083 1232 2122 aus,

233 2132 321 2183 hatte
354 2136 360 2172 6
377 2132 524 2180 Wochen
545 2131 593 2170 die
608 2127 750 2177 Kraͤtze,
777 2130 844 2167 und
869 2128 957 2166 einen
977 2127 1107 2167 Monat
1124 2137 1234 2164 waren

233 2188 286 2230 ihr
309 2192 357 2227 die
376 2186 468 2236 Fuͤße
498 2183 729 2236 geſchwollen;
745 2183 790 2231 ich
813 2183 878 2231 gab
906 2183 955 2233 ihr
971 2182 1143 2231 Morgens
1168 2185 1237 2219 und

232 2234 381 2287 Abends
399 2228 454 2282 10
464 2232 612 2285 Tropfen
625 2229 870 2287 Judenpechoͤl,
900 2234 966 2270 und
991 2237 1032 2271 da
1057 2238 1107 2279 die
1121 2235 1239 2277 Kraͤtze

1154 2300 1232 2347 nach
