1618 2246
95 434 162 463 man
185 427 273 466 eigene
291 422 477 462 Reibinnen;
513 421 630 461 hernach
646 421 717 454 wird
734 427 761 452 er
787 418 814 452 in
832 418 901 457 For⸗

96 498 160 524 men
175 488 335 530 geſchlagen.
394 487 437 524 Er
458 487 528 521 wird
556 487 601 520 als
628 485 685 518 eine
707 482 820 522 geſunde
843 483 901 515 und

98 556 244 596 nahrhafte
263 553 358 593 Speis
373 549 564 592 angeruͤhmt,
587 551 627 588 oft
641 551 686 583 als
705 557 761 583 eine
776 547 903 586 heilſame

99 622 204 662 Arzney
221 619 366 660 geprieſen.
414 619 498 655 Nebſt
518 616 624 657 eignem
639 614 789 652 Gebrauch
807 614 836 650 iſt
854 613 906 646 im⸗

109 694 188 725 merzu
205 686 255 718 viel
272 685 301 718 in
318 682 413 723 Faͤſſer
429 681 552 722 gepackt,
574 683 632 714 und
651 689 679 712 in
688 680 729 713 die
745 675 830 716 Naͤhe
846 678 904 711 und

100 743 207 784 Fehrne
224 738 385 780 abgefuͤhret
398 738 535 776 worden,
567 741 625 772 und
643 738 720 776 ſtehet
737 739 773 770 da
797 738 839 773 oft
853 733 909 771 auf

101 818 269 855 vornehmen
288 814 401 854 Tafeln.

159 949 211 983 Ob
221 947 301 985 unſer
313 943 491 985 Viehhandel
502 943 558 982 auf
566 943 629 976 dem
642 942 742 976 Markt
757 947 787 979 zu
799 940 907 978 Lauis,

103 1016 166 1049 zum
184 1008 323 1048 gemeinen
342 1006 444 1047 Beſten
461 1006 561 1043 einiche
580 1002 839 1044 Einſchrankungen
858 997 909 1034 noͤ⸗

104 1075 163 1115 thig
173 1073 265 1112 habe,
297 1073 361 1106 oder
384 1072 438 1105 das
454 1071 484 1104 in
499 1068 603 1110 einigen
624 1066 754 1103 Cantons
770 1065 909 1105 gemachte

105 1140 200 1180 Geſatz
217 1142 263 1171 der
280 1137 383 1172 baaren
405 1134 571 1174 Bezahlung
590 1135 640 1170 gut
660 1128 762 1168 waͤre,
790 1130 852 1170 laſſe
870 1131 910 1169 ich

105 1207 204 1239 andere
214 1204 400 1242 unterſuchen.
441 1200 639 1241 Schlachtvieh
654 1199 685 1237 iſt
698 1200 726 1232 in
740 1197 827 1235 dieſen
835 1196 913 1238 Jah⸗

107 1274 153 1301 ren
168 1266 218 1301 viel
239 1273 292 1300 von
317 1264 408 1304 auſſen
431 1265 478 1301 her
504 1262 550 1296 ins
566 1263 643 1298 Land
662 1259 770 1300 gekauft
789 1260 911 1293 worden.

107 1334 171 1372 Auf
184 1333 234 1366 den
251 1331 350 1367 Markt
374 1339 405 1369 zu
430 1327 518 1365 Lauis
542 1328 650 1360 werden
678 1333 731 1358 von
759 1334 844 1359 1000.
868 1323 913 1358 bis

109 1404 195 1428 2000.
214 1390 305 1431 Stuͤck
322 1393 429 1430 Vieh,
467 1390 524 1424 und
547 1395 600 1421 von
624 1397 688 1420 100.
710 1387 754 1420 bis
772 1396 839 1422 200.
855 1388 915 1419 und

114 1471 177 1500 300.
198 1460 295 1499 Pferdt
313 1466 364 1495 von
383 1458 479 1496 unſern
501 1456 620 1494 Leuthen
631 1451 765 1494 gefuͤhret.

186 1594 339 1632 Obſchon,
369 1593 411 1626 die
430 1587 629 1631 mittelmaͤßige
646 1588 736 1624 Wolle
759 1587 914 1626 ausgenoh⸗

110 1659 198 1689 men,
230 1656 322 1694 unſere
341 1655 580 1693 Land ⸗ Schaafe
598 1661 650 1685 von
671 1648 821 1691 vorzuͤglich
838 1652 917 1690 guter

113 1719 186 1755 Art,
218 1719 243 1755 ſo
264 1717 293 1753 iſt
309 1717 374 1756 doch
393 1716 434 1749 die
450 1707 540 1754 eigene
559 1713 751 1752 Schaafzucht
767 1712 860 1747 bisher
876 1718 920 1747 ge⸗

115 1777 178 1818 ring
198 1777 343 1820 geweſen,
365 1779 423 1812 und
435 1777 487 1812 viel
498 1775 637 1816 wichtiger
654 1779 702 1809 der
722 1777 852 1813 Einkauf
862 1777 921 1805 der⸗

923 939 1004 973 Vieh⸗

924 977 1024 1010 handel.

927 1584 1030 1621 Schaa⸗

929 1632 962 1661 fe.
