1657 2319
521 288 595 338 208

719 286 815 325 Das
834 284 1038 331 Verhalten
1056 290 1151 331 eines
1176 286 1351 335 Suͤnders

522 389 661 436 Natur
669 399 744 435 an,
755 387 827 443 daß
843 401 878 435 er
893 389 1021 439 immer
1044 393 1099 439 die
1125 392 1283 450 Schuld
1297 406 1373 442 von
1388 393 1457 453 ſich
1475 395 1538 448 ab,

520 444 599 489 und
615 441 689 498 auf
698 446 829 492 andere
847 445 990 502 waͤltzen
1012 449 1106 497 will!
1131 451 1203 499 Da
1226 450 1289 508 ſoll
1319 450 1383 503 bey
1406 451 1537 508 ſeinem

519 501 798 558 Suͤnden⸗Fall
813 507 873 550 der
892 503 1026 562 Teufel
1051 507 1141 553 alles
1155 508 1289 565 gethan
1316 503 1462 563 haben,
1475 514 1537 558 der

520 559 667 619 freylich
693 563 768 609 wol
783 564 838 610 die
855 574 973 620 gantze
989 566 1106 616 Welt
1129 567 1247 626 ſuchet
1268 581 1310 624 zu
1328 566 1537 627 verfuͤhren,

520 622 606 667 oder
632 621 737 679 dieſer
757 627 835 670 und
849 625 946 679 jener
960 625 1144 684 Menſch,
1159 630 1220 673 der
1238 627 1301 682 ihn
1319 641 1402 683 zum
1416 628 1538 686 Zorn,

518 688 582 730 zur
601 676 788 734 Unzucht,
804 692 867 735 zur
876 680 1081 736 Dieberey,
1098 696 1180 739 zum
1191 682 1309 740 Luͤgen
1319 689 1394 733 und
1410 688 1445 743 ſo
1456 687 1536 734 wei⸗

516 738 572 777 ter
587 733 764 788 gereitzet;
786 735 864 781 und
876 738 908 788 es
928 734 971 792 iſt
989 736 1085 795 nicht
1093 739 1183 795 ohne
1193 739 1285 785 einer
1303 738 1467 795 verleitet
1467 740 1537 802 oͤff⸗

516 801 572 841 ter
591 798 659 841 den
677 798 830 845 andern.
872 798 969 847 Das
989 797 1317 860 allerſchrecklichſte
1334 801 1399 860 iſt,
1423 802 1544 851 wenn

516 863 607 899 man
622 851 659 910 ſo
677 866 743 909 gar
762 861 800 902 es
818 856 891 914 auf
902 859 1081 911 GOTT
1097 861 1242 918 waͤltzen
1258 863 1356 917 will,
1373 866 1434 909 der
1443 862 1533 919 doch

515 913 712 962 Niemand
728 926 810 969 zum
827 914 934 973 boͤſen
948 915 1138 974 verſuchet.
1193 920 1254 969 Es
1265 923 1356 968 wird
1365 922 1451 970 aber
1459 924 1535 970 kein

514 968 727 1028 warhafftig
734 969 978 1030 Bußfertiger
993 972 1137 1028 jemand
1147 977 1281 1025 anders
1289 977 1348 1026 als
1356 977 1424 1036 ſich
1431 977 1534 1037 ſelbſt

516 1027 722 1087 anklagen;
749 1034 846 1084 Wie
871 1034 1003 1083 David
1031 1036 1129 1092 thaͤt,
1155 1039 1202 1085 da
1226 1050 1262 1084 er
1282 1037 1321 1084 in
1341 1036 1532 1095 Ehebruch

513 1086 669 1144 gefallen
690 1096 807 1139 war,
834 1093 896 1137 der
923 1091 1047 1152 ſprach
1084 1095 1205 1148 nicht:
1233 1099 1295 1142 der
1311 1096 1391 1153 boͤſe
1414 1096 1531 1153 Feind

512 1145 578 1198 hat
586 1148 625 1190 es
642 1146 713 1190 mir
729 1144 964 1203 eingegeben,
971 1149 1062 1204 noch
1070 1151 1141 1198 das
1149 1151 1288 1203 Weib,
1299 1155 1354 1200 die
1369 1156 1532 1198 Bathſe-

512 1199 563 1244 ba
582 1199 679 1256 haͤtte
696 1202 793 1257 nicht
818 1202 984 1250 kommen
1009 1203 1139 1262 ſollen,
1163 1207 1250 1261 oder
1274 1208 1369 1256 mein
1386 1208 1532 1260 Diener

509 1261 557 1319 ſie
573 1263 702 1322 holen;
720 1265 911 1324 ſondern,
927 1268 979 1321 ich
1000 1268 1084 1323 habe
1100 1263 1317 1328 geſuͤndiget
1323 1268 1451 1318 wieder
1457 1273 1521 1315 den

508 1319 672 1375 HErrn.
689 1333 730 1366 2.
747 1321 874 1371 Sam.
896 1334 969 1374 12,
998 1337 1062 1377 13.
1087 1324 1179 1383 Alſo
1203 1326 1294 1383 auch
1317 1328 1366 1375 da
1395 1341 1433 1375 er
1457 1326 1531 1376 aus

508 1377 727 1434 Hochmuth
760 1384 830 1430 das
855 1381 978 1431 Volck
1001 1383 1117 1440 zehlen
1147 1383 1231 1440 ließ,
1262 1384 1309 1432 ob
1332 1386 1395 1443 ihn
1421 1383 1529 1443 gleich

507 1440 570 1485 der
586 1439 693 1498 Zorn
712 1444 775 1489 des
803 1442 951 1500 HErrn
974 1443 1065 1497 dazu
1088 1444 1242 1501 gereitzet
1265 1447 1385 1503 hatte,
1407 1446 1445 1498 ja
1469 1451 1528 1495 der

505 1495 653 1545 Satan
683 1496 747 1550 ihn
787 1494 997 1551 eingegeben
1026 1499 1153 1556 hatte,
1173 1498 1211 1557 ſo
1237 1513 1319 1548 war
1340 1505 1429 1561 doch
1461 1505 1528 1552 die⸗

503 1551 562 1611 ſes
578 1554 648 1609 ſein
665 1555 901 1613 Bekaͤntnis;
920 1559 973 1611 ich
988 1557 1087 1612 habe
1106 1557 1340 1618 geſuͤndiget,
1357 1564 1408 1615 ich
1429 1561 1528 1620 habe

505 1618 564 1663 die
595 1615 786 1671 Mißethat
791 1612 972 1675 gethan,
981 1630 1007 1660 2.
1019 1618 1149 1668 Sam.
1162 1631 1231 1671 24,
1246 1633 1310 1666 10.
1333 1624 1423 1671 Und
1449 1626 1525 1675 eher

502 1670 644 1717 kommt
661 1678 700 1717 es
725 1674 816 1727 auch
840 1685 884 1728 zu
906 1673 1021 1722 keiner
1042 1677 1192 1735 wahren
1215 1677 1361 1737 Buſſe,
1384 1681 1446 1730 bis
1468 1684 1528 1729 der

502 1725 666 1784 Menſch
679 1727 747 1783 ſich
766 1730 872 1776 allein
890 1733 1047 1793 anklagt.

616 1850 704 1898 Der
720 1850 849 1906 Sohn
861 1848 978 1906 ſagte:
994 1853 1052 1900 im
1062 1851 1252 1909 Himmel
1268 1857 1352 1906 und
1361 1856 1434 1915 fuͤr
1453 1847 1527 1895 dir.

502 1904 561 1955 Er
576 1906 674 1962 hatte
692 1917 741 1952 an
754 1905 882 1963 ſeinem
896 1906 1084 1967 Naͤchſten
1094 1908 1324 1969 geſuͤndiget,
1333 1914 1388 1960 an
1400 1912 1526 1961 denen,

500 1959 569 2007 mit
589 1959 742 2019 welchen
761 1975 797 2011 er
821 1960 893 2020 ſein
916 1963 1009 2015 Gut
1029 1962 1243 2022 verpraßet,
1262 1967 1301 2015 in
1319 1970 1403 2018 dem
1419 1982 1456 2017 er
1477 1968 1527 2020 ih⸗

1443 2031 1521 2070 nen
