1766 2482
152 494 283 548 unſerer
304 500 490 554 bibliſchen
509 500 657 557 Buͤcher
673 515 742 558 gar
756 505 853 562 nicht
869 507 998 564 noͤthig

151 533 221 597 ſey,
248 547 281 597 ſo
305 551 420 602 haben
446 555 517 593 wir
532 558 622 603 auch
646 561 743 609 nicht
758 559 903 608 noͤthig,
920 572 998 602 uns

148 592 208 651 bey
216 606 330 657 dieſen
349 619 595 661 angezogenen
611 616 773 658 Worten
791 622 896 666 lange
914 623 995 668 auf⸗

147 657 320 719 zuhalten,
343 669 493 721 ſondern
527 675 711 714 errinnern
735 686 806 717 nur
837 680 993 731 kuͤrtzlich

146 709 262 775 dieſes,
276 727 349 777 daß
369 728 576 773 Edelmann
591 737 663 768 von
682 737 794 771 denen
807 745 851 780 4.
868 740 993 778 Evan⸗

144 780 245 829 gelien
260 786 324 839 erſt
342 785 536 844 tuͤchtigere
553 786 728 845 Gruͤnde,
746 795 807 836 als
826 801 894 839 den
916 801 992 842 Un⸗

143 830 281 897 tergang
298 844 392 898 ihrer
414 845 664 902 Urſchrifften,
680 852 841 901 angeben
863 856 990 908 muͤſſe,

142 887 191 939 ehe
210 907 245 942 er
264 904 410 953 jemand
428 902 667 958 zweiffelhafft
688 908 834 959 machen
860 917 989 966 wolle,

141 949 179 992 ob
199 957 366 1013 dieſelben
399 961 593 1017 goͤttlichen
625 963 812 1018 Anſehens
840 970 987 1023 waͤren,

139 1006 203 1050 und
216 1012 358 1069 folglich
373 1020 482 1071 auch,
509 1021 554 1061 ob
575 1022 753 1064 darinnen
776 1023 894 1066 lauter
917 1038 986 1070 un⸗

136 1051 279 1118 fehlbare
291 1076 537 1128 Wahrheiten
561 1076 713 1129 erzaͤhlet
734 1080 897 1124 wuͤrden.

183 1191 267 1240 Aus
279 1195 406 1252 dieſem
421 1198 582 1249 Grunde
598 1199 779 1250 bekoͤmmt
793 1203 884 1259 auch
899 1205 978 1261 groͤ⸗

136 1228 304 1298 ſtentheils
321 1253 508 1305 dasjenige
527 1253 628 1307 ſchon
655 1256 707 1297 im
728 1261 868 1300 voraus
892 1261 979 1308 ſeine

135 1284 365 1356 Abfertigung
381 1326 465 1359 was
480 1333 558 1358 nun
582 1323 618 1369 p.
634 1335 718 1361 100.
737 1314 851 1368 folgt:
871 1316 978 1366 Haͤt⸗

136 1342 193 1405 ten
209 1358 292 1414 wir
305 1375 365 1426 die
383 1368 621 1436 Evangelia
638 1370 867 1438 Johannis
889 1394 970 1426 und

137 1404 338 1485 Matthaͤi,
365 1433 576 1491 ingleichen
612 1439 674 1490 die
704 1439 973 1496 Apoſtel ⸗ Ge⸗

131 1459 290 1542 „ſchichte
308 1492 413 1548 noch,
447 1497 498 1554 ſo,
525 1500 593 1547 wie
614 1497 665 1554 ſie
680 1500 738 1550 die
749 1501 879 1553 Juden
896 1503 977 1556 ehe⸗

131 1527 256 1590 „deſſen
265 1558 306 1597 zu
329 1556 501 1602 Tiberias
513 1553 554 1603 in
571 1551 782 1604 hebraͤiſcher
799 1557 981 1608 Sprache

130 1596 266 1647 „gehabt
285 1610 398 1657 haben
420 1610 540 1664 ſollen,
558 1619 633 1657 und
649 1613 707 1662 die
715 1613 784 1658 wir
804 1614 892 1672 nach
910 1618 977 1669 der

133 1642 278 1714 „Hand,
295 1668 416 1721 beſage
432 1667 489 1715 der
518 1669 845 1717 Centuriatorum
863 1673 973 1731 Mag-

130 1701 230 1752 „deb.
252 1722 367 1765 Cent.
390 1729 455 1762 IV.
471 1736 510 1779 p.
535 1736 641 1779 1463.
658 1738 736 1775 und
763 1724 971 1776 Epiphanii

129 1750 193 1807 „L.
189 1765 229 1821 I.
237 1768 358 1826 Tom.
370 1787 402 1824 2.
417 1775 507 1824 hær.
523 1788 584 1821 30.
598 1784 707 1831 unter
728 1794 784 1830 die
809 1783 972 1838 Apocry⸗

129 1812 295 1885 „phiſchen
331 1833 480 1888 Buͤcher
523 1836 739 1888 verworffen,
793 1843 970 1897 vielleicht

127 1869 292 1931 „koͤnnten
306 1898 376 1933 wir
389 1895 500 1941 ſehen,
516 1896 587 1934 wie
603 1898 688 1934 weit
702 1897 803 1937 unſer
817 1901 969 1961 Johan⸗

125 1939 200 1983 „nes
213 1953 289 1993 und
304 1953 514 2004 Matthaͤus
523 1955 599 1995 mit
615 1954 796 2007 denſelben
807 1964 966 2020 uͤberein⸗

124 1982 349 2062 „ſtimmeten:
393 2015 501 2070 Weil
534 2014 605 2067 wir
643 2016 728 2068 aber
765 2020 835 2073 alle
877 2027 966 2079 dieſe

123 2046 338 2116 „Schrifften
351 2074 463 2121 theils
486 2081 556 2120 mit
570 2082 677 2131 Fleiß
697 2088 966 2136 unterdruͤcket,

996 1210 1157 1257 ingleichen

999 1260 1068 1293 ſeine
1087 1268 1164 1299 nun⸗

1005 1303 1103 1330 mehro
1118 1314 1170 1343 an⸗

997 1336 1133 1369 gefuͤhrte

999 1387 1116 1433 Worte,
