2889 3135
933 409 1262 464 augenſcheinlich,
1287 409 1468 467 zwiſchen
1468 409 1645 468 beyden,
1674 412 1750 459 eine
1760 411 2044 466 Ungleichheit.
2089 414 2260 471 Folglich
2279 408 2357 469 will
2377 415 2533 468 derglei⸗

929 470 1022 526 chen
1031 468 1244 525 Ehrfurcht,
1264 479 1378 523 gegen
1392 463 1450 521 die
1460 470 1603 528 Eltern,
1612 468 1685 519 ein
1703 469 1871 523 eheliches
1904 465 2002 522 Band
2022 465 2128 529 nicht
2149 466 2234 530 wohl
2248 474 2374 524 leiden.
2403 474 2528 520 Was

934 522 1114 579 hergegen
1130 524 1225 578 nicht
1235 518 1391 585 anders,
1409 518 1465 580 als
1465 520 1581 581 unter
1595 516 1715 581 vielen
1717 517 2097 583 Einſchraͤnckungen,
2112 527 2333 581 compatibel
2347 530 2404 587 iſt,
2419 529 2529 578 Das

935 591 1057 635 mag,
1071 593 1145 629 von
1160 582 1418 639 vernuͤnftigen
1435 586 1511 631 und
1528 583 1671 642 weiſen
1671 583 1834 643 Leuten,
1860 586 1955 640 nicht
1980 588 2170 641 verlanget
2189 591 2351 636 werden.
2405 589 2529 639 Dieſe

936 646 1115 691 Relation,
1133 641 1299 697 zwiſchen
1328 634 1457 703 Eltern
1474 635 1553 693 und
1572 643 1767 692 Kindern,
1785 644 1828 704 iſt
1845 646 1942 698 auch
1959 642 2167 699 natuͤrlich;
2197 646 2526 699 Derowegen
2455 639 2529 695 die

936 703 1059 751 damit
1078 699 1286 758 verknuͤpfte
1297 698 1495 760 Ehrfurcht
1514 702 1609 757 ewig
1629 698 1706 752 und
1718 700 2044 760 unveraͤnderlich.
2088 703 2208 757 Was
2208 694 2366 759 mithin
2370 705 2527 760 Einige,

935 759 1009 805 mit
1024 760 1109 806 dem
1127 757 1303 812 Exempel
1323 757 1423 808 eines
1444 751 1626 815 Koͤniges,
1643 752 1709 811 der
1720 760 1801 814 ſich,
1822 760 1892 812 mit
1911 761 2020 816 einer
2029 754 2141 816 ſeiner
2157 756 2435 817 Unterthanen,
2454 772 2526 815 gar

936 815 1041 868 wohl
1055 808 1271 868 vermaͤhlen
1282 812 1416 869 koͤnne,
1434 807 1642 871 hierwider,
1661 806 1860 870 anfuͤhren,
1876 819 2059 869 quadriret
2085 809 2196 876 nicht,
2223 829 2364 875 hieher;
2373 816 2525 871 Jndem

930 872 993 917 die
998 868 1275 926 Ungleichheit,
1294 870 1468 927 zwiſchen
1482 861 1678 925 Regenten
1705 876 1772 919 und
1782 871 2055 932 Unterthanen,
2067 884 2140 920 nur
2152 877 2234 918 facti
2248 876 2324 922 und
2341 867 2442 927 nicht
2460 887 2525 922 na⸗

931 925 1078 984 tuͤrlich,
1097 927 1231 982 mithin
1250 929 1339 984 auch
1356 928 1459 984 wohl
1475 925 1740 983 veraͤnderlich,
1760 931 1817 987 iſt,
1856 928 2034 981 Uberdis
2048 923 2140 985 waͤre
2159 917 2294 991 freilich
2304 921 2524 990 dergleichen

936 989 1217 1044 Vermiſchung
1233 993 1335 1038 derer
1350 982 1495 1045 Eltern,
1516 983 1586 1039 mit
1600 985 1712 1048 ihren
1722 989 1904 1049 Kindern,
1925 987 2187 1050 Unkeuſchheit
2198 998 2274 1041 und
2295 993 2524 1049 unvernuͤnf⸗

936 1049 1017 1102 tig;
1043 1049 1153 1098 Weil
1167 1049 1215 1098 ſie
1232 1049 1337 1104 nicht,
1357 1049 1449 1103 nach
1490 1046 1553 1107 dem
1555 1049 1785 1113 Endzwecke
1804 1054 1870 1101 des
1892 1053 2160 1110 allerweiſeſten
2186 1051 2426 1108 Schoͤpfers,
2446 1054 2524 1099 ein⸗

935 1102 1104 1157 gerichtet
1120 1100 1234 1150 waͤre.
1282 1095 1420 1163 Keuſch
1437 1095 1520 1163 ſeyn
1548 1105 1636 1153 aber
1654 1106 1740 1162 heiſt
1760 1107 1852 1156 ſeine
1868 1097 2106 1160 Begierden,
2134 1107 2172 1153 in
2189 1110 2252 1153 der
2268 1107 2522 1163 menſchlichen

936 1160 1211 1215 Vermehrung
1227 1164 1304 1206 und
1319 1151 1525 1218 Zeugung,
1542 1157 1644 1216 nach
1670 1167 1753 1210 dem
1771 1156 1923 1218 Endziel
1941 1169 2007 1218 des
2025 1163 2317 1222 Allerhoͤchſten,
2344 1160 2525 1220 maͤſigen.

935 1220 1085 1271 Nuptiæ
1104 1220 1241 1259 inceſtæ
1257 1218 1348 1274 ſind
1354 1212 1436 1268 alſo
1446 1212 1582 1270 nuptiæ
1597 1215 1879 1269 inverecundæ.
1925 1220 2051 1282 Denn
2063 1212 2236 1264 inceſtum
2255 1226 2324 1263 eſſe
2332 1223 2375 1276 iſt
2391 1223 2426 1276 ſo
2439 1222 2524 1275 viel,

935 1273 998 1317 als
1018 1287 1091 1313 non
1109 1266 1242 1314 caſtum
1261 1276 1345 1315 eſſe.
1403 1272 1504 1321 Wer
1523 1263 1698 1325 demnach
1718 1263 1970 1328 unverſchaͤmt
1982 1273 2044 1330 iſt,
2052 1274 2114 1331 der
2125 1269 2286 1336 verehret
2313 1275 2520 1333 Diejenigen

936 1334 1042 1386 nicht,
1058 1335 1187 1388 welche
1206 1343 1245 1381 er
1260 1336 1348 1387 doch
1376 1329 1539 1388 verehren
1561 1329 1670 1386 ſoll.
1690 1336 1799 1390 Auch
1817 1338 2030 1390 verunehret
2046 1340 2115 1395 ſich
2130 1337 2246 1386 Einer
2265 1336 2388 1395 ſelbſt,
2407 1351 2519 1385 wenn

934 1405 971 1439 er
990 1394 1057 1448 ſich
1075 1390 1369 1445 Denenjenigen,
1389 1390 1429 1441 in
1445 1392 1607 1446 gewiſſer
1623 1395 1752 1449 Maſe,
1774 1394 1886 1448 gleich
1905 1392 2057 1450 machet,
2084 1394 2143 1442 die
2159 1397 2223 1453 ihn
2239 1397 2329 1444 doch
2343 1395 2520 1454 fuͤrchten,

932 1448 1023 1494 oder
1037 1444 1110 1499 ihre
1135 1441 1334 1500 natuͤrliche
1352 1444 1819 1505 Unvollkommenheiten,
1828 1456 1896 1493 vor
1917 1440 2004 1507 ihm,
2029 1444 2222 1511 verbergen
2246 1438 2392 1503 ſollen.
2410 1455 2516 1493 Vid.

930 1508 1072 1536 PAVLI
1102 1509 1259 1544 HVLSII
1281 1489 1440 1553 Hiſtoria
1454 1498 1558 1557 Sacra
1579 1494 1814 1547 turpitudinis
1830 1499 1965 1558 inceſtæ
1969 1495 2052 1550 und
2070 1501 2187 1552 meine
2204 1495 2375 1553 obcitirte
2384 1494 2517 1546 Diſſer-

926 1551 1045 1604 tation
1063 1548 1350 1610 Gundlingianor.
1368 1541 1412 1609 §.
1425 1542 1456 1605 3.
1476 1546 1559 1623 ſeqq.
1572 1567 1611 1604 p.
1628 1551 1698 1611 157.
1718 1552 1810 1611 ſeqq.
1855 1553 1931 1614 Jn
1951 1558 2065 1612 dieſen
2080 1555 2217 1618 Faͤllen
2237 1556 2515 1618 durchgehends

930 1607 1044 1670 findet
1063 1610 1196 1664 dahero
1218 1598 1301 1671 auch
1323 1611 1431 1658 keine
1446 1614 1698 1659 Diſpenſation
1717 1612 1857 1661 Statt.
1922 1617 2098 1666 Conf.
2052 1619 2116 1672 pr.
2135 1616 2155 1656 &
2177 1615 2216 1669 §.
2239 1629 2266 1654 1.
2283 1618 2327 1654 it.
2345 1623 2386 1655 L.
2396 1629 2454 1667 53.
2473 1618 2516 1658 &

927 1682 1002 1729 54.
1016 1670 1043 1721 ff.
1070 1687 1101 1723 h.
1125 1688 1163 1721 T.

1340 1729 1409 1766 Ad.
1429 1729 1463 1774 §.
1481 1739 1519 1764 11.
1543 1726 1714 1768 Ludovici
1732 1720 1850 1769 Doctr.
1869 1715 1984 1771 Pand.
1991 1729 2029 1770 h.
2048 1735 2087 1772 T.

1046 1782 1191 1830 Soviel
1209 1783 1273 1835 nun
1262 1771 1503 1836 hiernaͤchſt
1521 1786 1668 1825 Lineam
1685 1786 1934 1826 Collateralem
1950 1785 2133 1838 anlangt;
2163 1783 2252 1832 Und
2269 1793 2371 1839 zwar
2382 1785 2512 1839 zuvoͤr⸗

935 1845 1028 1894 derſt
1041 1845 1245 1894 Æqualem,
1265 1843 1301 1895 ſo
1322 1843 1420 1898 fragt
1429 1845 1518 1900 ſichs
1536 1837 1773 1901 anfaͤnglich;
1796 1846 1872 1893 Ob
1885 1846 2171 1904 Geſchwiſter
2200 1845 2391 1907 Einander
2416 1849 2514 1899 hei⸗

937 1896 1089 1951 rathen
1110 1897 1307 1943 koͤnnen?
1339 1900 1454 1951 Reſp:
1485 1898 1573 1945 Aus
1592 1902 1655 1947 der
1664 1900 1875 1955 Vernunft,
1896 1901 1992 1945 kann
2011 1911 2102 1946 man
2105 1901 2160 1960 die
2165 1905 2419 1947 Prohibition
2431 1909 2512 1953 der⸗

938 1958 1092 2009 gleichen
1113 1961 1337 2000 Matrimonii
1357 1958 1451 2012 nicht
1468 1959 1620 2014 erſehen.
1678 1960 1781 2008 Wir
1794 1957 1934 2017 haben
1944 1961 2036 2014 auch
2047 1959 2257 2022 wirckliche
2281 1957 2430 2023 Exempel
2447 1966 2512 2009 da⸗

936 2022 1036 2069 von;
1065 2012 1288 2065 Allermaſen
1312 2019 1351 2060 es
1377 2016 1481 2070 wohl
1505 2014 1601 2070 nicht
1627 2018 1766 2063 anders
1796 2015 1878 2070 ſeyn
1898 2015 2059 2069 koͤnnen,
2104 2019 2165 2064 als
2193 2019 2266 2071 daß
2286 2021 2344 2066 die
2360 2020 2510 2073 Soͤhne

935 2074 1074 2112 Adams
1101 2069 1178 2122 ihre
1193 2069 1436 2125 Schweſtern
1462 2069 1700 2134 geheirathet.
1754 2072 1858 2126 Auch
1871 2074 1972 2128 noch
1991 2077 2170 2116 Abraham
2193 2075 2274 2128 hatt
2291 2078 2349 2120 die
2370 2083 2507 2122 Saram,

938 2127 999 2171 als
1014 2125 1104 2178 ſeine
1120 2130 1290 2166 Sororem
1312 2128 1621 2180 conſangvineam,
1638 2136 1699 2180 zur
1716 2125 1797 2181 Ehe
1815 2122 1961 2193 gehabt.
2014 2119 2139 2187 Allein
2154 2132 2200 2186 ſie
2216 2133 2341 2182 thaten
2349 2133 2511 2185 Dieſes,

938 2195 987 2220 ex
1012 2182 1222 2224 neceſſitate.
1258 2173 1420 2231 Wenn
1439 2183 1635 2235 hergegen,
1670 2182 1744 2236 itzo,
1761 2183 1931 2235 Jemand
1958 2183 2048 2242 ſeine
2068 2187 2290 2241 Schweſter
2315 2193 2506 2240 heirathen

938 2242 1070 2291 wollte,
1079 2235 1212 2286 wuͤrde
1228 2252 1264 2297 er
1282 2240 1471 2294 Solches,
1490 2242 1573 2286 blos
1591 2256 1636 2291 ex
1655 2243 1833 2289 lubidine,
1847 2234 1953 2299 thun.
1994 2243 2173 2300 Dahero
2192 2247 2340 2297 ſcheinet
2360 2247 2412 2298 es,
2428 2251 2505 2298 daß

938 2298 1061 2343 GOtt
1077 2295 1178 2350 ſchon
1196 2298 1309 2343 denen
1328 2297 1576 2354 Patriarchen
1594 2297 1821 2353 zuverſtehen
1838 2293 2017 2354 gegeben;
2049 2301 2136 2350 Sie
2155 2303 2278 2354 ſollten
2293 2306 2391 2347 keine
2409 2307 2505 2355 Hei⸗

933 2351 1075 2405 rathen,
1092 2354 1183 2392 inter
1198 2356 1320 2395 fratres
1337 2360 1371 2395 &
1388 2356 1539 2402 ſorores,
1556 2355 1657 2410 mehr
1672 2353 1928 2418 vornehmen.
1954 2357 2027 2419 Ja
2045 2360 2180 2409 endlich
2190 2360 2269 2412 ſind
2288 2361 2412 2411 ſolche,
2431 2362 2501 2398 Le-

936 2412 1004 2450 vit.
1021 2413 1081 2450 IV.
1097 2424 1178 2457 v.9.
1197 2407 1444 2465 ausdruͤcklich
1464 2407 1645 2464 verboten
1654 2415 1834 2458 worden.
1862 2408 2110 2476 Gleichwohl
2131 2419 2267 2477 wollen
2281 2419 2346 2469 ſich
2367 2419 2424 2460 die
2434 2419 2501 2461 ob⸗

934 2455 1173 2512 angefuͤhrten
1197 2464 1365 2505 Rationes
1387 2450 1665 2526 prohibitionis,
1691 2454 1868 2527 zwiſchen
1884 2463 2013 2523 Eltern
2031 2479 2111 2519 und
2132 2471 2322 2527 Kindern,
2357 2472 2501 2519 groͤſten

937 2520 1072 2573 Theils
1090 2520 1182 2570 nicht
1202 2511 1305 2572 auch,
1316 2521 1396 2574 auf
1407 2523 1464 2572 die
1483 2516 1670 2577 verbotene
1688 2521 1925 2575 Heirathen,
1938 2526 2114 2588 zwiſchen
2139 2527 2419 2589 Geſchwiſtern,
2435 2547 2500 2578 ap-

937 2584 1083 2633 pliciren
1103 2580 1224 2635 laſſen.
1277 2582 1361 2631 Und
1383 2584 1505 2633 darum
1528 2570 1669 2644 muͤfſen
1684 2583 1776 2640 wir,
1809 2579 1877 2646 auf
1898 2580 2023 2646 andere
2038 2587 2208 2635 Raiſons,
2237 2590 2386 2644 bedacht
2403 2592 2501 2639 ſeyn.
