1599 2397
547 481 606 522 der
627 479 742 531 Rede,
768 481 820 522 die
835 491 869 523 er
884 492 942 533 zur
958 485 1245 540 Vertheidigung
1266 492 1327 532 des
1347 493 1402 536 A.

544 524 691 573 Caͤcina
714 530 892 585 gehalten,
916 535 980 578 viel
1001 535 1236 592 ſcharfſinnige
1257 542 1403 587 Gedan⸗

543 577 604 624 ken
620 593 689 626 von
708 588 765 626 der
775 582 843 626 Art
858 585 1074 638 angebracht,
1101 591 1147 633 da
1163 591 1220 640 ihn
1229 595 1295 642 ſein
1304 594 1402 644 Geg⸗

542 643 604 675 ner
624 633 727 682 durch
740 633 860 686 falſche
880 638 1218 689 Wortklaubereyen
1235 645 1316 691 dazu
1329 652 1399 687 ver⸗

542 683 697 732 anlaßte.
773 687 844 732 Ein
860 690 984 742 groſſer
1003 693 1106 742 Theil
1123 699 1181 740 der
1196 695 1399 747 Schoͤnheit

539 738 600 776 der
616 729 829 785 Schreibart
843 729 938 783 ruͤhrt
955 738 1070 789 daher,
1095 750 1197 784 wenn
1216 752 1298 786 man
1325 737 1397 788 eine

537 786 709 837 Sprache
729 787 764 838 ſo
780 791 850 841 ſehr
869 794 906 836 in
922 793 1024 842 ſeiner
1043 796 1190 841 Gewalt
1218 797 1301 848 hat,
1326 798 1398 848 daß

537 846 623 879 man
641 838 694 879 ein
709 838 802 889 jedes
823 843 945 888 Wort
967 841 1107 895 gehoͤrig
1133 848 1303 898 brauchen
1319 851 1396 902 kan,

535 887 676 941 folglich
696 890 765 939 daß
787 903 871 935 man
900 894 991 946 nicht
1022 899 1087 940 den
1114 898 1234 950 Fehler
1262 900 1396 951 begehe,

537 946 614 985 und
639 941 779 987 Worte
810 945 867 990 als
894 943 1110 1001 gleichguͤltig
1144 948 1310 1001 brauche,
1343 956 1397 998 die

535 998 575 1035 es
598 993 682 1040 doch
703 994 792 1046 nicht
812 997 901 1047 ſind.
977 992 1106 1053 Daher
1135 1003 1175 1052 iſt
1198 1005 1286 1056 klar,
1311 1003 1394 1055 daß,

535 1043 619 1092 dieſe
629 1045 705 1091 Art
719 1051 777 1093 der
804 1046 1068 1105 ſcharfſinnigen
1091 1053 1295 1103 Gedanken,
1319 1057 1392 1100 eine

532 1097 642 1150 groſſe
665 1097 870 1154 Schoͤnheit
884 1103 1093 1158 verurſache.
1164 1113 1207 1155 2)
1231 1112 1309 1156 Die
1322 1113 1395 1154 Un⸗

533 1146 766 1200 terſcheidung
781 1151 838 1191 der
856 1151 1152 1208 Paronomaſien,
1162 1157 1244 1201 oder
1257 1163 1315 1201 der
1329 1160 1392 1207 bey

533 1198 623 1246 nahe
641 1199 781 1244 einerley
802 1202 1000 1256 klingenden
1020 1206 1172 1255 Worte,
1226 1209 1394 1257 Mehren⸗

529 1251 634 1302 theils
653 1253 692 1304 iſt
708 1245 811 1307 dieſes
822 1256 1050 1309 Klingelwerk
1075 1263 1229 1316 kindiſch.
1281 1269 1393 1310 Was

530 1301 625 1346 komt
647 1301 797 1353 heraus,
823 1314 925 1349 wenn
941 1307 990 1358 ich
1008 1306 1110 1359 ſage:
1147 1322 1218 1362 zur
1244 1312 1391 1362 Pfarre

528 1350 678 1405 gehoͤrt
703 1355 781 1397 eine
804 1357 995 1408 Quarre,
1018 1353 1223 1408 Scheiden
1250 1365 1388 1416 bringt

526 1405 701 1449 Leiden,
732 1404 803 1447 der
833 1406 1046 1460 Eheſtand
1072 1409 1145 1462 iſt,
1170 1414 1230 1453 ein
1254 1411 1388 1458 Labe⸗

527 1453 662 1508 Lebe ⸗
664 1457 801 1509 Liebe ⸗
805 1458 941 1509 Lobe ⸗
946 1458 1090 1510 Luſt ⸗
1105 1462 1280 1512 Stand?
1306 1469 1389 1514 Und

527 1503 615 1556 noch
634 1509 720 1559 dazu
736 1508 840 1559 durch
865 1514 928 1557 alle
944 1513 1028 1566 fuͤnf
1032 1515 1296 1568 Selbſtlauter?
1316 1520 1386 1567 Un⸗

526 1558 687 1611 terdeſſen
703 1562 777 1616 gibt
792 1568 831 1608 es
854 1559 967 1618 einige
986 1561 1251 1627 Paronomaſien,
1267 1574 1389 1620 welche

524 1616 592 1663 gut
612 1613 696 1664 ſind,
720 1624 821 1661 wenn
842 1619 894 1663 die
916 1619 1179 1674 Bedeutungen
1195 1623 1265 1666 eine
1284 1624 1384 1676 gehoͤ⸗

524 1664 598 1714 rige
617 1665 860 1719 Verbindung
875 1675 975 1715 unter
986 1672 1145 1727 einander
1163 1677 1285 1727 haben,
1303 1681 1384 1722 und

523 1718 594 1762 das
604 1717 676 1760 eine
685 1717 804 1766 Wort
815 1719 872 1765 als
882 1721 934 1764 ein
959 1722 1122 1781 bequemes
1139 1726 1383 1778 Erinnerungs⸗

521 1766 652 1815 Mittel
678 1769 734 1812 der
761 1768 981 1824 Bedeutung
1009 1776 1071 1818 des
1093 1777 1226 1821 andern
1248 1777 1381 1828 angeſe⸗

520 1820 588 1870 hen
609 1821 746 1864 werden
766 1824 845 1869 kan.
898 1827 984 1872 Nur
1002 1827 1089 1878 muß
1114 1841 1200 1872 man
1226 1830 1269 1880 ſie
1287 1832 1380 1884 nicht

518 1881 561 1923 zu
577 1871 661 1924 hoch
682 1872 838 1928 ſchaͤtzen,
860 1879 901 1928 ſie
922 1880 994 1931 ſehr
1012 1879 1196 1937 ſparſam,
1203 1882 1277 1926 und
1291 1894 1378 1935 ganz

518 1929 781 1976 ungezwungen
806 1924 1046 1983 anbringen.
1082 1933 1219 1976 Cicero
1255 1933 1291 1975 in
1319 1939 1379 1980 der

516 1974 643 2029 Rede,
670 1976 784 2018 worin
811 1990 845 2021 er
874 1983 940 2023 den
966 1980 1108 2030 Caͤlius
1136 1982 1376 2038 vertheidiget:

517 2023 614 2082 ſagt:
639 2030 737 2071 Civis
750 2028 924 2072 bonarum
938 2037 1089 2083 artium,
1115 2036 1285 2078 bonarum
1304 2053 1379 2090 par-
