1656 2416
630 367 662 399 in
678 365 753 401 allen
768 363 905 402 Laͤndern,
929 369 975 398 wo
990 366 1039 399 der
1048 363 1277 404 Despotismus
1292 361 1422 404 herrſcht,
1444 362 1510 403 daſ⸗

629 425 733 467 ſelbige
752 425 803 465 iſt,
825 423 854 464 ſo
872 427 944 457 wird
963 425 1032 465 dieſe
1048 423 1169 460 Buͤrde,
1190 422 1239 462 fuͤr
1256 422 1348 462 alles,
1369 424 1437 454 was
1464 422 1510 454 ein

630 483 737 518 Mann
761 480 868 522 beſitzt,
890 480 975 521 Jtem
999 479 1159 518 enthalten.
1209 480 1257 515 Es
1279 487 1343 513 war
1367 479 1427 511 eine
1439 476 1511 518 Zeit,

634 550 681 575 wo
705 541 796 581 dieſes
817 542 861 575 die
878 539 982 575 Buͤrde
1004 547 1063 574 von
1079 538 1285 578 Britannien,
1300 537 1441 577 waͤhrend
1463 542 1512 571 der

631 599 847 642 ungluͤcklichen
876 599 1049 640 Regierung
1078 602 1126 633 der
1157 598 1297 636 Stuarts
1330 606 1406 632 war.
1450 598 1513 636 Sie

631 662 752 701 enthielt
787 660 974 700 verſchiedene
997 659 1125 699 Artikel,
1152 657 1297 700 naͤmlich:
1332 658 1408 694 Das
1427 657 1512 693 Ton⸗

632 721 817 760 nen ⸗ Geld,
838 723 896 754 das
911 720 1136 761 Pfund ⸗ Geld,
1158 722 1201 754 die
1218 719 1387 758 Erlaubniß
1405 718 1514 759 Fleiſch

631 779 844 821 zuzubereiten,
865 779 991 820 Patente
1005 779 1056 819 fuͤr
1078 782 1122 814 die
1138 780 1246 819 Seife,
1267 778 1397 818 Karten,
1418 777 1516 812 Wuͤr⸗

634 843 693 885 fel,
714 842 847 877 Nadeln.
890 841 979 883 Dieſe
995 841 1098 878 Buͤrde
1118 844 1218 874 wurde
1235 843 1288 874 den
1304 838 1514 877 Unterthanen,

632 898 768 941 vermoͤge
790 904 843 934 des
866 897 1040 942 koͤniglichen
1062 898 1244 938 Vorrechts,
1278 897 1442 938 auferlegt;
1478 899 1513 931 es

632 963 734 994 wurde
749 958 821 998 nach
837 961 901 992 dem
913 956 1154 1000 allergnaͤdigſten
1164 957 1301 999 Gefallen
1312 958 1400 998 ſeiner
1409 957 1514 999 Maje⸗

634 1017 692 1061 ſtaͤt
706 1017 850 1057 vermehrt
868 1019 934 1050 oder
950 1016 1137 1051 vermindert.
1173 1012 1282 1057 Dieſes
1298 1022 1362 1048 war
1376 1016 1437 1049 eine
1452 1014 1513 1053 ſehr

635 1079 754 1121 ſchwere
770 1078 891 1118 Buͤrde;
914 1081 988 1112 denn
1005 1078 1043 1120 ſie
1058 1077 1200 1119 erſtreckte
1216 1079 1269 1118 ſich
1285 1077 1342 1116 auf
1353 1078 1406 1112 alle
1415 1077 1515 1116 Noth⸗

634 1137 841 1179 wendigkeiten
866 1141 919 1173 des
937 1137 1059 1173 Lebens.
1101 1137 1160 1172 Ein
1175 1136 1273 1178 Chriſt
1295 1135 1399 1170 konnte
1420 1135 1515 1175 ſeinen

633 1197 721 1238 Kopf
734 1196 809 1238 nicht
824 1195 880 1235 ſein
898 1196 977 1235 eigen
993 1202 1126 1233 nennen,
1148 1194 1223 1233 ohne
1238 1193 1295 1233 daß
1311 1204 1342 1228 er
1359 1192 1449 1233 dafuͤr
1465 1194 1514 1229 be⸗

633 1257 746 1298 zahlte;
769 1257 838 1297 noch
854 1257 952 1296 durfte
973 1258 1019 1291 ein
1034 1255 1198 1296 Unterthan
1223 1260 1276 1291 den
1292 1254 1399 1294 Rauch
1421 1254 1514 1295 ſeines

633 1318 854 1361 Schornſteins
875 1327 929 1359 gen
945 1317 1078 1359 Himmel
1099 1317 1203 1358 ſteigen
1226 1317 1333 1358 laſſen,
1354 1316 1428 1356 ohne
1451 1319 1514 1350 dem

634 1377 735 1420 Koͤnig
761 1384 859 1417 wegen
883 1378 974 1419 dieſes
989 1377 1153 1419 Vorrechts
1175 1378 1220 1411 ein
1243 1375 1389 1416 Gewiſſes
1412 1384 1444 1417 zu
1466 1376 1515 1409 be⸗

633 1438 748 1480 zahlen.
788 1438 855 1476 Der
880 1438 978 1481 Koͤnig
1009 1446 1069 1473 von
1095 1437 1278 1476 Britannien
1308 1443 1373 1470 war
1401 1444 1434 1477 zu
1466 1439 1515 1470 der

633 1498 696 1542 Zeit
721 1499 790 1535 eben
813 1499 904 1540 ſowol
925 1503 974 1533 der
987 1498 1076 1541 Fuͤrſt
1100 1498 1170 1533 uͤber
1185 1501 1242 1533 das
1259 1497 1350 1537 Reich
1373 1500 1422 1530 der
1438 1496 1515 1536 Luft,

634 1559 689 1593 als
706 1556 806 1599 Koͤnig
821 1564 879 1592 von
895 1555 1076 1592 Britannien
1094 1559 1154 1589 und
1167 1554 1312 1597 Jrrland.
1331 1572 1375 1580 --
1415 1556 1515 1589 Wenn

636 1620 692 1655 alle
707 1619 834 1658 Voͤlker,
855 1625 902 1651 wo
917 1621 965 1652 der
979 1617 1067 1659 Fuͤrſt
1085 1613 1288 1658 eigenmaͤchtig
1305 1616 1355 1657 iſt,
1377 1617 1437 1649 eine
1459 1615 1516 1655 ſol⸗

635 1677 683 1718 che
697 1676 801 1714 Buͤrde
819 1677 876 1715 auf
890 1676 942 1716 ſich
958 1674 1062 1716 haben,
1084 1674 1112 1715 ſo
1129 1672 1271 1715 brauchen
1291 1674 1327 1715 ſie
1342 1675 1398 1709 viel
1415 1674 1516 1711 Staͤr⸗

635 1743 667 1774 ke
683 1747 744 1774 und
765 1744 822 1774 viel
838 1743 969 1774 Geduld.
989 1744 1029 1774 *)

1423 1783 1515 1818 Unter

670 1849 702 1884 *)
719 1847 774 1879 Die
788 1845 885 1882 endlich
899 1845 1034 1880 ermuͤdet,
1052 1844 1100 1876 wie
1116 1844 1158 1875 bei
1170 1845 1221 1874 den
1240 1842 1404 1880 ehemaligen
1426 1844 1514 1873 britti⸗

706 1892 775 1924 ſchen
802 1889 933 1920 Kolonien
953 1889 982 1920 in
1001 1888 1193 1920 Nordamerika
1221 1889 1273 1918 und
1305 1888 1334 1918 in
1355 1887 1516 1922 Frankreich.

706 1933 787 1967 Viele
801 1940 851 1964 von
865 1933 914 1963 den
928 1932 984 1967 hier
998 1934 1148 1968 genannten
1156 1932 1247 1962 Taren
1259 1932 1312 1962 und
1325 1931 1448 1967 Abgaben
1464 1930 1516 1964 ſind
