1464 2256
175 340 325 414 nutz,
347 333 481 413 aufs
500 332 639 410 beſte
658 352 719 407 er
744 338 878 409 kan:
917 338 1030 411 alſo
1057 339 1126 415 iſt

173 417 433 500 Chriſtus
451 416 608 498 unſer
624 421 878 502 worden,
893 419 1002 502 daß
1014 423 1124 501 wir

173 498 269 576 ihn
297 520 363 588 zu
396 499 615 585 unſerer
633 506 930 599 Seligkeit
966 511 1126 583 brau⸗

173 589 303 666 chen
330 588 574 671 koͤnnen,
618 589 727 664 wie
759 592 869 665 wir
902 596 1125 671 wollen.

170 685 418 750 Darum
446 680 602 761 ſiehe,
623 682 790 758 lieber
810 684 1022 772 Chriſt,
1048 687 1124 763 du

171 756 323 838 kanſt
333 757 428 839 ihn
441 760 718 836 brauchen
738 765 804 842 zu
823 763 970 835 einer
984 767 1125 844 Artz⸗

170 860 276 925 ney
320 847 508 923 deiner
545 848 764 928 Seele,
814 864 882 936 zu
935 851 1123 930 deiner

144 937 386 1020 Speiſe
414 942 529 1014 und
541 941 776 1031 Tranck,
795 943 915 1033 dich
936 946 1123 1025 damit

170 1037 236 1107 zu
257 1022 559 1112 erquicken,
595 1043 660 1116 zu
685 1027 901 1107 deinem
918 1034 1120 1112 Brun⸗

170 1128 280 1186 nen
320 1119 418 1189 des
461 1117 672 1195 Lebens
714 1117 893 1196 wider
934 1121 1121 1199 deiner

168 1206 357 1274 Seele
387 1203 610 1288 Durſt,
638 1219 704 1290 zu
726 1205 940 1282 deinem
969 1208 1121 1293 Licht

168 1285 229 1354 in
254 1286 588 1371 Finſterniß,
607 1304 673 1374 zu
698 1289 884 1363 deiner
906 1293 1120 1378 Freude

169 1364 229 1443 in
254 1348 650 1457 Traurigkeit,
682 1383 747 1453 zu
769 1369 985 1448 deinem
1006 1379 1137 1454 Ad⸗

166 1476 405 1538 vocaten
425 1471 540 1540 und
563 1467 922 1559 Fuͤrſprecher
945 1475 1120 1551 wider

165 1547 320 1622 deine
349 1546 667 1642 Anklaͤger,
706 1563 804 1637 zur
837 1553 1118 1639 Weisheit

163 1630 337 1707 wider
363 1634 517 1712 deine
543 1632 848 1723 Thorheit,
882 1652 979 1723 zur
1004 1640 1117 1716 Ge⸗

165 1713 485 1806 rechtigkeit
508 1719 685 1799 wider
703 1724 857 1799 deine
869 1725 1117 1809 Suͤnde,

163 1815 265 1886 zur
288 1804 599 1901 Heiligung
628 1812 802 1886 wider
826 1813 979 1886 deine
1004 1815 1118 1890 Un⸗

162 1886 513 1982 wuͤrdigkeit,
528 1912 626 1981 zur
640 1897 921 1984 Erloͤſung
943 1898 1120 1981 wider
