2078 2967
230 439 334 495 Von
357 443 433 493 der
452 443 754 491 bruͤderlichen
777 447 870 491 und
901 449 1177 491 allgemeinen
1204 441 1343 493 Liebe.

1394 443 1469 499 831

177 515 250 585 keit,
284 531 420 579 damit
438 541 480 575 er
497 532 602 583 nicht
619 532 796 583 behende

179 597 327 648 erwecke
337 597 454 658 Zorn
466 597 550 649 und
564 595 709 660 Streit
730 597 794 656 bey

177 634 303 707 denen,
323 654 386 700 die
410 655 467 699 der
493 654 595 712 Geiſt
622 657 677 697 des
696 655 796 705 Frie⸗

180 694 264 758 dens
277 713 356 773 ſoll
358 715 554 772 regieren,
575 723 660 765 und
673 723 719 763 in
719 723 797 762 der

180 765 303 823 Stille
321 773 468 832 fuͤhren
494 781 543 837 zu
567 774 675 828 dem,
703 776 798 818 was

178 819 313 888 lieblich
336 831 465 891 heiſſt.

222 904 259 949 8.
278 893 370 956 Hilf
377 904 457 955 uns
461 899 500 958 ja
513 898 648 961 fleißig
657 895 797 961 halten

178 934 230 987 die
252 949 453 1004 Einigkeit
470 963 529 1001 im
554 953 687 1001 Geiſt,
717 953 798 997 daß

180 990 269 1053 uͤber
293 1009 375 1055 uns
401 1014 510 1064 moͤg'
534 1024 687 1062 walten
707 1024 799 1062 dein

181 1054 318 1123 Segen
336 1073 577 1124 allermeiſt;
613 1084 711 1128 nach
721 1073 799 1125 dei⸗

182 1126 262 1178 nem
278 1131 395 1191 Geiſt
414 1134 499 1180 und
519 1134 645 1183 Sinn
668 1141 806 1183 einan⸗

182 1168 240 1225 der
249 1188 325 1243 uns
335 1198 555 1241 vertragen
566 1195 609 1247 in
618 1200 801 1247 Freund⸗

182 1229 308 1299 ſchaft,
345 1261 432 1300 und
461 1262 680 1307 nachjagen
709 1254 801 1306 dem

183 1288 402 1365 koͤſtlichſten
421 1313 624 1365 Gewinn.

186 1369 260 1415 801.
292 1377 365 1420 Mel.
383 1378 485 1433 Ach!
500 1381 637 1431 HErr,
642 1386 764 1429 wenn
764 1381 804 1425 k.

180 1422 249 1533 H

255 1424 357 1494 Err!
383 1436 510 1491 einige
527 1437 620 1486 doch
631 1436 726 1481 bald
742 1436 805 1481 die

255 1489 450 1542 Schafe
480 1496 620 1550 deiner
644 1497 805 1552 Heerde

185 1549 258 1601 und
270 1551 401 1605 deiner
426 1555 566 1606 Kinder
580 1551 710 1611 Zahl!
736 1555 804 1606 laß

185 1586 230 1643 ſie
244 1605 346 1667 nicht
354 1613 495 1667 laͤnger
506 1619 620 1665 mehr
633 1617 672 1678 ſo
684 1620 805 1675 unter

186 1647 247 1722 ſich
258 1667 443 1722 zerſtreut
463 1677 524 1725 auf
547 1676 685 1728 dieſer
674 1683 806 1728 Jam⸗

188 1723 367 1781 mererde.
418 1734 480 1782 Es
498 1734 545 1788 iſt
564 1734 605 1785 ja
622 1736 732 1783 ſchon
743 1741 805 1785 ge⸗

186 1778 284 1839 nug,
314 1787 394 1842 daß
409 1793 460 1846 ſie
474 1795 523 1842 ſo
543 1796 613 1843 hin
631 1796 716 1845 und
734 1799 806 1842 her

186 1837 261 1888 von
278 1843 398 1905 dieſer
423 1852 546 1906 Welt
561 1854 702 1910 haͤufig
720 1856 806 1900 hier

184 1894 337 1951 werden
365 1913 598 1967 zerſtreuet:
634 1922 716 1970 wie
735 1915 806 1973 ſol⸗

186 1948 248 2002 ten
271 1958 320 2014 ſie
341 1971 462 2022 unter
484 1972 556 2034 ſich
581 1974 691 2036 ſelbſt
712 1976 805 2035 ſeyn

187 2017 408 2077 gezweyet?

235 2097 277 2132 2.
304 2072 404 2136 Wie
418 2089 540 2145 ſolten
549 2088 601 2150 ſie
612 2090 685 2148 ſich
695 2089 808 2145 ſelbſt

186 2137 302 2189 unter
313 2139 502 2193 einander
514 2154 692 2204 beiſſen?
707 2154 807 2196 Ach!

178 2182 267 2239 leid'
276 2201 338 2260 es,
337 2198 474 2258 JEſu,
485 2220 610 2278 nicht;
622 2226 691 2265 und
710 2214 807 2271 ſteu⸗

185 2251 221 2296 re
243 2254 336 2313 doch
354 2275 446 2315 dem
465 2268 609 2326 Feind,
639 2277 710 2328 der
722 2281 807 2326 nur

184 2307 394 2366 zerſtreuen
406 2324 528 2387 kann,
545 2339 616 2386 und
639 2341 710 2382 von
726 2335 805 2388 ein⸗

184 2372 301 2426 ander
324 2382 486 2438 reiſſen,
513 2396 609 2453 was
633 2395 691 2444 du
717 2399 806 2442 ver⸗

186 2412 337 2497 bunden
372 2443 460 2497 haſt
492 2453 581 2508 und
612 2453 802 2506 inniglich

183 2474 343 2545 vereint:
358 2508 446 2554 ach!
458 2512 618 2554 ſammle
631 2517 713 2566 uns
713 2517 805 2565 aus

181 2527 242 2585 der
254 2548 537 2620 Verwirrung
537 2569 806 2636 zuſammen!

182 2588 247 2648 laß
276 2616 319 2665 in
355 2628 440 2676 uns
475 2631 692 2694 auflodern
729 2634 801 2682 der

181 2646 437 2742 Bruderlieb'
448 2696 679 2740 Flammen.

889 540 924 585 3.
956 531 1044 577 Gib
1066 534 1148 571 uns
1173 532 1295 581 durch
1323 532 1465 573 deinen

833 596 950 654 Geiſt
969 596 1032 646 die
1047 594 1148 647 Lieb’
1173 595 1216 643 in
1233 595 1349 649 unſre
1361 595 1465 653 Her⸗

832 656 923 705 zen!
958 655 1049 696 dein
1079 652 1196 701 Geiſt
1229 657 1465 698 vereiniget,

831 722 916 762 und
952 723 1063 764 deine
1084 719 1202 763 Liebe
1223 722 1320 762 eint.
1383 711 1466 760 Laß

836 788 918 828 uns
937 774 1154 824 bedenken,
1182 780 1262 828 daß
1283 780 1364 820 wir
1391 786 1468 826 alle

831 834 909 888 mit
919 835 997 884 viel
1010 834 1262 883 Schmerzen
1275 833 1316 874 in
1330 833 1468 884 deiner

835 901 1012 953 Mutter
1040 900 1104 948 dir
1136 898 1272 956 bisher
1306 897 1467 955 gelegen

836 954 983 1000 ſeynd!
1031 965 1190 1000 erinnre
1230 963 1312 1004 uns
1352 961 1472 1007 arme

834 1014 919 1060 und
936 1013 1070 1063 elende
1088 1013 1283 1069 Suͤnder,
1301 1023 1380 1062 daß
1391 1014 1470 1062 alle

835 1074 915 1121 wir
927 1083 1005 1123 nur
1018 1074 1123 1118 eines
1142 1075 1290 1119 einigen
1312 1074 1469 1134 Kinder.

893 1142 938 1184 4.
957 1133 1060 1181 Ach!
1085 1134 1189 1181 lehre
1207 1135 1300 1180 doch
1317 1135 1471 1175 einmal

836 1195 899 1244 ein
917 1195 1042 1245 Glied
1067 1194 1144 1241 das
1165 1195 1292 1246 andre
1310 1197 1472 1255 tragen,

835 1255 1030 1314 gleichwie
1044 1255 1089 1300 du
1094 1258 1176 1302 alle
1188 1258 1295 1304 deine
1301 1261 1479 1306 Glieder

837 1321 965 1366 traͤgſt
976 1316 1019 1369 in
1035 1315 1124 1366 dir:
1143 1316 1201 1365 du
1225 1313 1381 1362 warfeſt
1390 1316 1473 1370 uns

839 1375 945 1422 nicht
961 1382 1064 1425 weg,
1091 1376 1156 1426 als
1180 1381 1260 1422 wir
1282 1375 1324 1416 in
1342 1382 1470 1427 Suͤn⸗

839 1435 917 1478 den
927 1432 1045 1487 lagen
1056 1443 1157 1485 ganz
1170 1434 1295 1487 elend,
1302 1434 1472 1497 ſchwach

838 1495 925 1545 und
951 1491 1090 1550 krank,
1121 1495 1163 1554 ja
1187 1503 1263 1550 gar
1284 1496 1478 1552 verloren

840 1555 981 1607 ſchier:
1041 1554 1122 1599 Du
1142 1554 1265 1604 eilteſt
1276 1554 1474 1603 vielmehr

841 1614 928 1669 erſt,
947 1619 1027 1672 uns
1043 1615 1251 1666 gruͤndlich
1270 1622 1318 1672 zu
1329 1614 1473 1672 heilen,

840 1678 926 1724 und
972 1685 1056 1724 uns
1102 1681 1173 1718 zur
1220 1673 1476 1717 Geſundheit

841 1735 919 1790 dich
936 1734 1048 1790 ſelbſt
1067 1733 1361 1783 mitzutheilen.

899 1802 934 1840 5.
957 1806 1000 1844 O
1007 1798 1103 1842 wer
1103 1795 1176 1842 itzt
1172 1806 1227 1847 iſt
1247 1804 1395 1846 geſund,
1404 1806 1476 1848 der

843 1862 939 1907 mag
954 1857 995 1910 ja
1011 1854 1123 1903 wohl
1139 1856 1316 1912 zuſehen,
1337 1855 1416 1908 daß
1433 1863 1478 1903 er

842 1915 949 1968 nicht
987 1913 1180 1963 kraͤnklich
1215 1916 1354 1972 werd’,
1390 1917 1481 1972 und

843 1975 957 2025 elend
973 1974 1148 2031 uͤberall!
1182 1974 1268 2026 und
1288 1982 1375 2022 wer
1385 1981 1478 2028 ver⸗

843 2050 998 2103 meynt,
1029 2055 1131 2103 ganz
1153 2044 1236 2103 veſt
1265 2046 1344 2101 auf
1355 2044 1478 2102 ſeiner

843 2095 940 2143 Hut
952 2103 999 2145 zu
1009 2094 1158 2143 ſtehen,
1175 2105 1245 2145 der
1262 2094 1345 2141 ſehe
1356 2094 1477 2140 kuͤhn⸗

843 2164 915 2200 lich
931 2173 995 2209 zu,
1027 2153 1108 2204 daß
1123 2162 1170 2199 er
1180 2155 1288 2205 nicht
1305 2154 1479 2210 ploͤtzlich

842 2214 941 2267 fall;
971 2222 1058 2264 wer
1072 2213 1252 2267 wuͤnſcht
1260 2215 1366 2272 nicht
1379 2223 1478 2270 vom

840 2274 933 2329 Fall
949 2273 1212 2329 aufgerichtet
1225 2284 1273 2331 zu
1282 2274 1479 2331 werden?

842 2335 959 2384 Was
976 2337 1032 2383 du
1056 2336 1120 2387 dir
1149 2335 1367 2392 wuͤnſch'ſt,
1399 2334 1475 2382 das

840 2394 917 2448 thu
936 2398 1027 2446 dem
1034 2394 1213 2450 Bruder
1231 2394 1307 2456 auf
1307 2392 1472 2456 Erden.

900 2455 944 2503 6.
977 2454 1060 2509 Du
1078 2453 1236 2508 ruͤhmſt
1252 2453 1336 2505 dich
1369 2447 1475 2504 ſtark

838 2521 888 2576 zu
918 2514 1039 2570 ſeyn:
1074 2524 1134 2570 o
1157 2515 1253 2569 aber
1280 2507 1473 2560 ſchwache

837 2574 1022 2632 Staͤrke,
1047 2574 1110 2630 die
1139 2574 1182 2628 ja
1207 2572 1301 2624 noch
1326 2566 1471 2626 ſchwaͤ⸗

835 2636 936 2688 cher,
967 2639 1033 2689 als
1043 2636 1115 2683 der
1131 2627 1360 2689 Schwache
1375 2626 1472 2681 ſelb⸗

1368 2699 1457 2750 ſten
