2346 2788
775 457 897 503 gegen
911 451 987 498 den
1003 451 1158 498 Staat.

1606 462 1663 509 41

291 536 394 560 damit
404 543 452 569 zu,
469 535 522 562 wie
535 530 588 575 mit
598 528 681 564 allen
697 529 820 566 andern
836 528 997 574 Affecten:
1014 527 1175 567 Oſcitante
1191 543 1259 565 uno
1278 530 1386 568 oſcitat
1401 535 1436 568 &
1453 533 1550 576 alter,
1566 543 1661 573 wenn

291 589 406 616 andere
422 588 526 616 etwas
542 582 641 625 thun,
653 579 684 625 ſo
701 582 786 618 wird
803 582 890 619 mein
906 581 1039 629 Spiritus
1055 584 1191 623 dadurch
1218 589 1358 630 erreget,
1380 584 1444 628 daß
1460 590 1503 627 ich
1530 590 1660 626 mitma⸗

290 638 351 671 che.
402 636 465 670 Da
482 631 560 676 muß
577 639 653 668 man
674 631 727 677 ſich
743 631 818 670 aber
833 631 953 682 huͤten,
979 633 1081 675 damit
1096 644 1174 674 man
1190 638 1271 678 nicht
1289 641 1324 675 in
1348 640 1396 677 die
1414 640 1585 684 Meinung
1606 647 1660 684 ge⸗

289 685 403 725 rathe,
427 688 527 717 wann
542 690 620 717 man
636 683 732 722 durch
747 687 850 720 etwas
866 683 1063 733 aͤuſſerliches
1079 695 1133 733 zur
1147 684 1294 728 Andacht
1311 688 1490 734 angereitzet
1497 691 1592 734 wird,
1604 690 1659 730 als

289 737 329 771 ob
346 734 458 780 ſolches
469 735 561 780 gleich
579 736 644 774 eine
662 733 835 783 Erregung
856 739 910 774 des
925 737 1077 786 Heiligen
1087 739 1215 784 Geiſtes
1227 739 1284 794 ſey.
1335 739 1566 790 Jnſonderheit
1594 737 1661 791 muß

288 786 340 821 ein
357 782 516 826 Menſch,
542 788 596 821 der
611 782 674 831 auf
685 787 754 822 dem
772 784 876 832 Wege
892 791 945 824 der
961 786 1192 836 Froͤmmigkeit
1206 780 1371 832 wandelt,
1389 790 1444 836 ſich
1455 789 1572 838 huͤten,
1591 791 1657 839 daß

288 840 320 867 er
339 833 420 868 nicht
441 833 563 875 meine,
592 840 623 867 er
640 829 718 877 habe
736 842 802 869 nun
821 833 898 871 alles
918 832 1065 882 hinweg,
1094 843 1188 873 wenn
1203 845 1236 873 er
1263 836 1350 873 einen
1367 842 1461 884 guten
1477 838 1581 886 Affect
1606 840 1656 879 be⸗

286 884 405 920 koͤmmt
422 885 488 920 und
503 883 559 929 bey
576 881 632 927 ſich
648 883 828 932 verſpuͤret:
854 885 958 927 Denn
976 894 1011 925 es
1029 887 1090 926 kan
1107 890 1191 927 einer
1208 889 1303 931 durch
1329 891 1377 927 die
1401 889 1583 937 Harmonie
1600 895 1656 930 der

285 932 401 978 Muſik
425 943 479 980 zur
504 932 649 975 Andacht
675 934 811 983 beweget
835 940 983 982 werden,
1010 939 1115 977 indem
1136 945 1171 978 es
1187 938 1346 980 natuͤrlich
1364 940 1423 989 iſt,
1449 940 1533 988 daß,
1560 950 1656 980 wenn

286 992 335 1028 ein
354 987 485 1036 Geſang
503 990 568 1025 eine
584 989 770 1038 anmuthige
787 991 937 1034 Melodie
952 993 1030 1043 hat,
1053 995 1109 1041 bey
1127 1000 1196 1034 dem
1205 997 1379 1045 Menſchen
1395 1000 1460 1036 eine
1476 996 1600 1044 Freude
1611 1008 1658 1038 er⸗

285 1037 394 1078 wecket
410 1040 516 1085 wird;
543 1045 642 1077 wann
660 1049 692 1076 er
708 1041 783 1078 aber
800 1042 866 1078 eine
887 1044 1029 1089 traurige
1045 1045 1193 1084 Melodie
1211 1045 1286 1091 hat,
1312 1046 1344 1091 ſo
1360 1049 1440 1085 wird
1460 1051 1511 1086 der
1537 1042 1655 1096 Menſch

285 1085 425 1132 traurig.
477 1087 551 1125 Und
569 1088 632 1134 alſo
651 1090 688 1133 iſt
705 1094 739 1129 es
756 1094 831 1132 auch
848 1094 882 1128 in
902 1092 1075 1137 weltlichen
1093 1094 1262 1140 Affairen,
1287 1101 1380 1132 wenn
1395 1100 1444 1135 ein
1466 1098 1601 1142 Menſch
1619 1098 1655 1138 in

284 1137 370 1173 einer
387 1135 505 1180 Sache
522 1137 730 1184 verdrießlich
745 1139 806 1183 iſt,
825 1145 893 1176 und
909 1147 942 1178 es
958 1143 1078 1179 kommt
1093 1143 1159 1188 ihm
1177 1148 1282 1180 etwas
1299 1152 1380 1185 vor,
1403 1144 1435 1189 ſo
1450 1146 1506 1189 ihn
1518 1149 1654 1190 ergetzet,

286 1182 317 1227 ſo
333 1185 421 1231 gehet
440 1192 473 1223 es
493 1187 559 1234 ihm
574 1188 688 1223 wieder
705 1194 762 1233 gut
781 1196 845 1225 von
871 1190 1008 1237 ſtatten;
1035 1199 1097 1228 nur
1124 1192 1162 1239 iſt
1187 1192 1252 1240 hier
1270 1198 1323 1230 der
1341 1194 1562 1240 Unterſcheid,
1589 1196 1653 1241 daß

283 1241 362 1269 man
380 1236 413 1271 in
435 1235 535 1280 jenem
551 1234 626 1282 Fall
640 1248 703 1284 pro
719 1238 855 1287 Objecto
872 1239 977 1281 GOtt
993 1242 1027 1280 in
1042 1241 1230 1281 Gedancken
1247 1240 1317 1288 hat,
1327 1244 1361 1280 in
1377 1244 1485 1292 dieſem
1495 1244 1568 1292 Fall
1575 1245 1653 1284 aber

285 1288 341 1321 den
361 1284 547 1330 Menſchen.
602 1286 797 1332 Diejenigen
817 1296 905 1339 nun,
934 1289 1043 1331 welche
1061 1290 1148 1338 ſchon
1165 1290 1258 1337 lange
1275 1297 1367 1329 unter
1385 1295 1432 1332 die
1457 1292 1588 1334 Quaker
1601 1302 1654 1340 ge⸗

282 1336 429 1374 kommen
432 1331 533 1388 ſind,
554 1361 678 1382 ſagen,
703 1339 768 1387 daß
786 1339 823 1386 ſie
840 1343 981 1387 zittern;
1010 1340 1143 1385 welches
1157 1352 1218 1389 gar
1235 1340 1324 1390 wohl
1339 1343 1474 1390 moͤglich
1493 1345 1562 1392 ſeyn
1580 1345 1655 1390 kan,

285 1384 423 1426 ehedann
441 1393 518 1419 man
535 1385 700 1427 gewohnet
727 1391 809 1423 wird,
831 1390 866 1434 ſo
895 1389 970 1433 ſtille
992 1399 1029 1432 zu
1051 1390 1155 1433 ſitzen,
1180 1396 1247 1426 und
1262 1390 1324 1435 auf
1336 1393 1498 1434 Goͤttliche
1515 1395 1655 1435 Sachen

281 1440 319 1473 zu
337 1431 483 1474 dencken,
505 1434 611 1474 zumal
628 1438 669 1469 da
687 1435 742 1476 ſich
758 1439 805 1471 die
821 1436 908 1472 Leute
924 1437 1178 1473 Præſumtionem
1196 1440 1373 1474 Divinitatis
1387 1439 1515 1485 gefaſſet
1534 1442 1653 1487 haben.

281 1480 378 1518 Man
396 1478 479 1523 ſaget
494 1480 594 1523 auch,
619 1481 684 1526 daß
699 1480 814 1523 ſolches
830 1482 958 1529 Zittern
976 1493 1038 1519 nur
1057 1484 1205 1529 diejenige
1225 1485 1333 1527 thun,
1350 1487 1381 1529 ſo
1398 1488 1453 1531 ſich
1469 1487 1529 1533 erſt
1544 1498 1581 1532 zu
1595 1492 1653 1528 der

282 1528 390 1568 Secte
408 1527 563 1575 begeben,
589 1530 672 1570 nicht
687 1529 763 1570 aber
780 1531 841 1577 die,
851 1531 880 1578 ſo
899 1529 984 1578 ſchen
1002 1534 1095 1580 lange
1110 1534 1243 1571 darinne
1257 1536 1393 1583 geweſen
1407 1537 1486 1580 ſind.
1537 1539 1652 1583 Wenn

283 1584 333 1620 ein
350 1579 486 1628 Menſch
503 1584 553 1621 ein
570 1580 765 1631 Verlangen
781 1592 836 1631 zur
853 1583 1100 1635 Gemuͤthsruhe
1113 1585 1191 1635 hat,
1213 1586 1276 1633 auf
1294 1587 1357 1634 ſein
1379 1589 1486 1629 Elend
1508 1592 1652 1637 regardi⸗

282 1639 351 1676 ret,
376 1630 431 1678 ſich
448 1636 501 1671 der
520 1628 716 1682 aͤuſſerlichen
731 1634 875 1678 Andacht
892 1635 1051 1685 bedienet,
1077 1641 1143 1675 und
1159 1651 1176 1674 a
1189 1636 1432 1678 Diſſenſionibus
1441 1639 1582 1688 gaͤntzlich
1594 1642 1651 1681 ab⸗

282 1680 453 1727 ſtrahiret,
482 1683 613 1725 derſelbe
629 1688 713 1723 wird
731 1683 817 1725 einen
836 1687 867 1733 ſo
883 1686 1013 1732 ſubtilen
1041 1689 1171 1724 Motum
1195 1688 1249 1737 bey
1277 1690 1331 1734 ſich
1356 1687 1487 1739 fuͤhlen,
1519 1691 1647 1733 welcher

282 1733 365 1777 ihme
383 1736 475 1772 durch
494 1734 616 1773 Marck
632 1742 696 1770 und
714 1736 807 1773 Bein
824 1736 930 1781 gehet:
957 1736 1076 1778 Alleine
1092 1748 1169 1775 man
1189 1738 1266 1785 muß
1283 1739 1336 1784 ſich
1345 1737 1461 1786 huͤten,
1488 1739 1552 1787 daß
1569 1750 1647 1780 man

281 1783 362 1820 nicht
381 1782 414 1815 in
429 1780 681 1818 Enthuſiaſmum
700 1781 791 1828 falle,
817 1783 1026 1834 inſonderheit
1038 1789 1094 1826 ein
1112 1787 1395 1833 Melancholicus;
1417 1793 1503 1828 dann
1513 1792 1646 1839 derſelbe

282 1833 319 1876 iſt
342 1826 471 1879 capabel,
484 1827 536 1879 ſich
554 1835 601 1870 die
620 1834 810 1877 naͤrriſchten
830 1834 944 1884 Dinge
962 1836 1166 1884 einzubilden.
1220 1839 1306 1879 Nun
1324 1841 1361 1887 iſt
1378 1847 1412 1878 es
1429 1841 1503 1879 aber
1521 1845 1566 1880 mit
1592 1847 1647 1881 der

281 1879 496 1925 menſchlichen
517 1880 634 1920 Natur
655 1881 719 1926 alſo
736 1882 925 1931 beſchaffen,
955 1885 1018 1929 daß
1043 1889 1123 1929 das,
1149 1892 1222 1925 was
1247 1888 1308 1925 wir
1335 1887 1475 1927 niemals
1501 1889 1647 1937 empfun⸗

282 1936 340 1967 den
359 1928 480 1975 haben,
505 1938 570 1967 uns
585 1941 638 1968 am
657 1932 925 1979 allerſenſibleſten
938 1936 1090 1981 duͤncket;
1115 1946 1206 1972 wenn
1225 1946 1302 1975 man
1318 1939 1392 1977 aber
1409 1940 1468 1984 erſt
1481 1943 1546 1978 eine
1563 1943 1642 1982 Sa⸗

282 1981 330 2024 che
347 1978 508 2025 gewohnet
524 1982 583 2025 iſt,
606 1983 635 2027 ſo
652 1983 819 2028 empfindet
838 1994 914 2022 man
933 1983 1043 2030 ſelbige
1063 1987 1092 2030 ſo
1106 1987 1284 2024 ſenſibiliter
1300 1990 1382 2029 nicht
1394 1989 1492 2037 mehr.
1521 1991 1595 2027 Und
1613 1991 1644 2035 ſo

280 2027 369 2075 gehet
384 2037 418 2064 es
428 2028 458 2073 ſo
468 2029 553 2075 wohl
571 2030 604 2066 in
621 2034 720 2068 denen
738 2031 1005 2076 natuͤrlichen
951 2030 1002 2078 als
1015 2033 1288 2076 uͤbernatuͤrlichen
1296 2038 1458 2085 Affecten,
1484 2039 1549 2084 daß
1566 2039 1643 2084 dieſe

281 2080 374 2118 durch
390 2081 504 2117 andere
519 2078 606 2117 Leute
627 2075 759 2128 erreget
763 2084 909 2126 werden,
927 2083 1137 2133 inſonderheit
1152 2091 1225 2123 was
1242 2089 1300 2123 den
1327 2087 1459 2123 Cultum
1475 2094 1643 2123 externum

278 2125 401 2173 betrifft,
409 2127 513 2169 und
531 2133 628 2162 wann
645 2129 708 2163 das
723 2125 830 2171 Hertze
846 2128 997 2176 ohnedem
1013 2129 1075 2174 auf
1090 2136 1194 2168 etwas
1209 2133 1348 2178 gewiſſes
1367 2134 1512 2179 gerichtet
1528 2125 1579 2178 iſt,
1605 2142 1641 2173 es

280 2179 356 2216 aber
371 2178 434 2223 alſo
454 2182 571 2224 erreget
589 2180 684 2224 wird,
697 2180 825 2225 daſſelbe
841 2186 879 2229 iſt
897 2185 1031 2223 dennoch
1050 2184 1115 2220 kein
1132 2189 1247 2227 rechter
1287 2181 1516 2232 GOttesdienſt;
1530 2188 1642 2236 gleich⸗

280 2231 340 2263 wie
360 2237 387 2261 v.
403 2240 434 2273 g.
452 2227 484 2266 in
503 2225 697 2275 Tragoͤdien,
708 2236 805 2265 wann
811 2226 864 2272 ein
877 2232 1093 2279 weichhertzig
1110 2234 1274 2280 Gemuͤthe
1293 2239 1339 2275 die
1356 2235 1454 2270 Actus
1460 2229 1557 2288 ſiehet
1577 2246 1642 2276 vor⸗

282 2277 404 2323 ſtellen,
431 2277 461 2321 ſo
481 2278 567 2325 gehet
584 2277 648 2324 ihm
666 2278 779 2323 ſolches
796 2287 832 2324 zu
852 2280 1008 2325 Hertzen:
1024 2283 1127 2321 Allein
1148 2284 1311 2328 deßwegen
1328 2283 1387 2321 kan
1403 2294 1479 2323 man
1496 2289 1579 2328 nicht
1598 2287 1642 2333 ſa⸗

280 2334 359 2367 gen,
382 2329 445 2370 daß
462 2336 493 2364 er
510 2325 711 2374 barmhertzig
729 2320 783 2379 ſey,
808 2326 872 2370 denn
890 2330 967 2375 ſeine
985 2331 1104 2370 Natur
1123 2337 1187 2369 und
1203 2332 1346 2379 Affecten
1364 2331 1495 2382 bringen
1514 2342 1548 2371 es
1559 2337 1641 2377 nicht

282 2379 401 2411 anders
414 2381 473 2412 mit
494 2379 562 2422 ſich.
606 2377 754 2418 Welches
770 2379 846 2418 auch
868 2378 971 2423 oͤfters
993 2386 1058 2415 von
1078 2385 1175 2417 denen
1189 2380 1372 2430 Predigern
1392 2383 1643 2430 gemisbrauchet

280 2429 385 2469 wird,
410 2433 501 2462 wenn
521 2429 557 2470 ſie
575 2432 648 2472 gute
664 2428 813 2464 Oratores
830 2432 894 2464 und
913 2427 1010 2474 dabey
1038 2436 1140 2466 etwas
1166 2429 1321 2480 ernſthaft
1346 2432 1433 2481 ſind,
1455 2435 1502 2472 die
1520 2434 1640 2472 koͤnnen

279 2479 371 2519 durch
390 2478 455 2526 ihre
470 2477 648 2527 Predigten
666 2481 712 2517 die
728 2478 812 2521 Leute
830 2489 866 2527 zu
882 2481 1004 2520 weinen
1021 2480 1189 2533 bewegen;
1214 2482 1299 2524 Aber
1322 2486 1416 2528 ſolche
1438 2491 1546 2526 Motus
1562 2486 1642 2528 muß

421 2534 562 2590 Erſter
579 2527 706 2587 Theil.

1137 2541 1165 2589 F

1563 2554 1641 2584 man
