1830 2789
1239 338 1319 393 179

226 436 290 478 Die
314 436 394 473 keine
412 433 658 474 Contravention
683 440 777 475 gegen
800 433 850 467 ein
873 429 1079 473 Acciſegeſetz,
1109 430 1237 471 ſondern
1261 428 1326 463 eine

227 475 418 527 anmaßliche
449 484 491 518 in
513 486 565 517 der
580 478 821 529 Acciſefreiheit
835 477 1018 526 begruͤndete
1040 480 1257 521 Gerechtigkeit
1288 485 1326 511 ei⸗

227 549 282 579 nes
306 542 433 585 Privati
456 548 549 583 gegen
570 541 639 575 den
662 539 789 588 Fiscum
814 535 1016 581 betreffenden
1030 530 1176 585 Proceſſe
1192 535 1326 584 gehoͤren

225 596 302 632 aber
331 603 387 630 vor
420 599 478 629 das
497 586 833 641 Juſtiz ⸗ Collegium,
864 596 895 624 v.
916 592 1012 630 1789.
1043 597 1076 629 p.
1099 595 1196 628 2403.
1219 589 1324 624 VIII.

222 656 265 684 N.
291 655 328 684 C.
354 653 392 684 C.
417 654 464 684 M.

243 733 669 772 (Licent ⸗ Contributions⸗)

180 788 699 859 Licent ⸗ Contribution,
716 813 746 820 v.
766 806 854 825 1792.
886 804 916 820 A.
927 804 1003 825 281.
1028 804 1065 816 X.
1096 814 1186 820 wenn
1202 808 1234 818 es
1249 796 1330 820 nicht

182 864 255 904 bloß
282 864 342 905 auf
363 865 409 898 die
432 850 760 907 Praͤjudicial ⸗ Frage
792 861 963 894 ankommt:
998 860 1035 892 ob
1060 859 1108 892 bei
1130 865 1183 891 der
1206 871 1266 891 von
1291 864 1329 889 ei⸗

176 926 238 954 ner
284 911 457 963 Pfarrhufe
495 908 688 961 geforderten
729 903 960 953 Contribution
1004 914 1080 953 dieſe
1124 916 1189 945 eine
1227 918 1332 950 wahre

180 972 362 1020 Pfarrhufe
379 970 458 1010 oder
480 983 544 1010 eine
567 970 832 1016 Pfarrbauerhufe
855 963 926 1012 ſey?
953 968 984 1004 v.
998 974 1091 1008 1758.
1117 968 1154 1003 A.
1176 971 1250 1010 246.
1269 965 1331 1001 IV.

177 1019 220 1060 v.
231 1015 330 1063 1703.
361 1024 399 1059 A.
421 1015 495 1065 317.
519 1023 591 1055 XII.
626 1022 663 1056 ob
687 1022 735 1055 die
758 1007 861 1058 einem
885 1011 942 1059 pio
970 1009 1098 1063 corpori
1119 1019 1333 1062 zugehoͤrigen

178 1073 397 1121 Grundſtuͤcke
429 1076 593 1118 ritterfreie
626 1073 814 1111 Laͤndereyen
852 1072 942 1117 ſind?
992 1078 1023 1104 v.
1055 1079 1149 1109 1781.
1198 1074 1234 1102 A.
1256 1077 1334 1109 267.

178 1116 292 1166 VIII.
311 1130 440 1172 ſondern
461 1117 561 1167 wenn
577 1117 672 1167 ohne
687 1113 872 1168 Ruͤckſicht
888 1123 1028 1164 hierauf
1049 1124 1136 1156 uͤber
1149 1128 1248 1157 deren
1272 1122 1334 1156 Be⸗

177 1167 310 1223 freiung
335 1182 395 1210 von
420 1173 478 1209 den
492 1169 658 1206 oneribus
681 1173 830 1214 publicis
855 1174 983 1204 erkannt
1005 1181 1128 1203 werden
1151 1176 1223 1209 ſoll,
1265 1182 1294 1202 c.
1313 1181 1333 1199 I.

286 1272 438 1309 (Steuer ⸗)

181 1329 267 1377 und
292 1336 643 1383 Steuerſachen,
657 1347 748 1372 wenn
770 1342 822 1371 der
844 1339 973 1380 Beſitzer
998 1330 1088 1369 eines
1110 1323 1334 1375 wirklichen

184 1395 331 1443 Adeligen
356 1394 542 1444 Ritterſitzes
573 1389 649 1444 eine
667 1394 840 1444 Befreiung
848 1402 910 1429 von
935 1398 991 1428 den
1019 1394 1083 1435 ihm
1106 1390 1336 1434 zugemutheten

186 1455 336 1495 Abgaben
359 1453 533 1495 ausfuͤhren
557 1454 641 1494 will,
687 1459 718 1487 v.
738 1459 831 1491 1777.
872 1449 911 1485 A.
928 1451 1004 1488 265.
1028 1438 1092 1497 IV.
1116 1447 1223 1489 auch
1244 1454 1334 1482 was

190 1507 267 1545 mit
304 1508 396 1543 dem
426 1503 603 1547 Connex,
627 1498 794 1556 Klagen
822 1498 923 1539 uͤber
940 1496 1285 1546 Praͤgravation
1285 1502 1334 1542 in

182 1543 266 1611 der
285 1545 704 1604 Contribution,
644 1553 709 1609 v.
724 1555 821 1595 1784.
853 1551 891 1585 A.
919 1556 995 1588 225.
1027 1545 1111 1600 IX.
1111 1546 1222 1599 oder
1252 1555 1337 1590 Ex⸗

259 1645 524 1684 (Commerzien⸗,
542 1642 978 1682 Stempel ⸗ Contraventions ⸗,
995 1641 1183 1679 Fabriquen⸗)

185 1721 339 1783 emtion
373 1728 540 1772 davon,
590 1720 667 1763 wie
706 1723 796 1769 auch
843 1722 929 1762 alle
971 1722 1337 1770 Commerzien ⸗*)

763 1790 797 1826 M
831 1800 852 1823 2

1232 1787 1338 1829 mit⸗

223 1918 251 1954 *)
269 1918 309 1953 Zu
329 1914 503 1953 Koͤnigsberg
522 1915 552 1943 in
568 1913 738 1951 Oſtpreußen
765 1913 796 1947 iſt
814 1913 857 1942 ein
876 1909 1034 1946 beſonderes
1052 1911 1338 1942 Commerz ⸗ und

258 1954 794 1996 Admiralitaͤts ⸗ Collegium
820 1953 866 1988 fuͤr
892 1955 934 1981 die
961 1951 1117 1986 Aufnahme
1142 1954 1188 1979 des
1212 1954 1338 1982 Handels

257 2003 312 2030 und
333 2001 377 2027 der
391 1987 570 2039 Schifffahrt
596 1994 657 2035 und
671 1994 824 2034 Beſtellung
849 1992 983 2029 tuͤchtiger
1001 1994 1124 2024 Maͤkler,
1153 1998 1267 2020 welches
1296 2001 1339 2020 die

257 2033 403 2071 Direction
431 2042 477 2068 der
499 2034 737 2076 Hafen ⸗ Policey
762 2040 816 2064 und
836 2041 880 2064 des
907 2037 1140 2070 Pilotageweſens
1168 2039 1197 2060 in
1218 2042 1341 2069 Koͤnigs⸗

199 2082 335 2121 berg,
358 2085 454 2118 Pillau
470 2088 524 2111 und
536 2083 640 2114 Memel
655 2084 725 2114 hat,
741 2084 794 2108 und
815 2082 855 2109 die
875 2081 993 2114 Aufſicht
1011 2081 1077 2106 uͤber
1096 2081 1137 2104 die
1156 2084 1339 2112 innlaͤndiſche

219 2120 398 2159 Rhederey
417 2122 528 2157 fuͤhret;
556 2124 621 2153 auch
642 2128 685 2149 ein
705 2124 967 2155 Wettgericht,
993 2128 1044 2143 vor
1060 2124 1172 2146 welches
1193 2128 1234 2144 die
1245 2129 1340 2164 Hand⸗

263 2165 709 2205 lungs ⸗ Contraventionsſachen
735 2168 790 2194 und
819 2171 860 2195 die
884 2165 1340 2200 Privathandlungsſtreitigkeiten

268 2214 314 2241 der
324 2210 575 2250 Koͤnigsbergſchen
594 2210 741 2245 Kaufleute
760 2209 894 2246 gehoͤren;
921 2214 951 2241 zu
972 2208 1102 2241 Pillau
1124 2216 1173 2238 hat
1192 2215 1240 2233 das
1264 2219 1340 2245 See⸗

226 2259 339 2286 und
353 2252 614 2291 Hafengericht
649 2252 691 2281 die
709 2254 829 2287 Aufſicht
847 2253 913 2278 uͤber
931 2256 972 2275 die
993 2255 1236 2293 Hafenanſtalten,
1266 2262 1345 2298 Loot⸗

260 2300 324 2334 ſen,
354 2301 402 2324 das
422 2296 984 2334 Strandungs ⸗ und Bernſteinweſen;
1017 2302 1048 2325 zu
1075 2300 1205 2324 Memel
1228 2306 1344 2342 verwal⸗

267 2346 307 2371 tet
345 2342 395 2367 das
429 2337 1177 2376 Schifffahrts⸗ und Handlungsgericht
1219 2347 1260 2359 die
1285 2348 1345 2369 Ha⸗

272 2386 794 2425 fen⸗ und Schifffahrts ⸗ Policey,
822 2383 943 2420 beſorget
961 2387 1002 2414 die
1020 2387 1221 2418 Ausfertigung
1241 2391 1285 2411 der
1305 2394 1344 2411 bei

1300 2450 1345 2478 der
