1470 1856
218 401 314 435 butter
328 406 389 435 oder
396 401 595 449 Altheenſalbe,
612 407 666 440 mit
676 405 865 450 Sydenhams
873 409 1031 444 Laudanum
1049 420 1108 445 ver⸗

215 454 319 490 miſcht,
342 458 406 487 oder
420 456 470 501 R.
485 459 597 491 Raſur.
615 457 713 491 ſtanni
730 467 799 500 opt:
817 461 948 501 Argent.
968 463 1028 495 viv.
1045 475 1106 494 ana

218 502 295 545 Zij,
319 516 362 536 m.
380 504 402 536 f.
419 508 609 553 amalgama,
631 510 714 542 adde
733 521 832 542 merc.
852 512 993 554 praecip.
1017 518 1105 547 rubr.

217 556 295 603 Zij,
317 562 438 595 Pomat.
455 565 546 596 roſat.
569 560 629 606 Zj,
655 566 695 596 ol.
710 567 823 600 destill.
838 567 957 600 menth.
984 567 1048 609 pip.
1064 577 1105 610 gt.

214 619 269 642 xx.
290 612 333 643 M.
349 612 370 644 f.
402 612 498 658 Ungt.
519 617 646 654 welchem
672 616 748 656 falk
767 619 847 658 große
866 619 1024 660 Lobſpruͤche
1053 624 1105 656 bei⸗

213 662 308 703 legt;)
339 668 400 699 oder
424 671 468 701 ein
480 667 565 705 Muß
587 677 641 702 von
655 669 818 711 ſaͤuerlichen
841 672 871 703 in
893 673 1105 712 vegetominera⸗

212 715 317 756 liſchem
332 716 440 756 Waſſer
453 719 591 761 gekochten
603 720 739 764 Aepfeln;
773 725 835 755 oder
857 725 1011 765 geſtoßenes
1026 726 1106 760 Gur⸗

212 767 336 804 kenmark
358 775 416 808 und
442 772 521 812 Saft
547 776 596 807 des
616 773 789 817 Hauslaubs
814 774 1103 821 (Sempervivum),

209 825 264 855 mit
280 824 412 865 Eydotter
426 828 484 858 und
508 829 596 859 einem
615 825 699 861 Gran
722 829 829 868 Opium
852 831 1008 872 vermiſcht;
1040 833 1103 866 wei⸗

208 873 270 909 che,
297 876 349 907 mit
363 874 462 920 dieſen
471 878 595 918 Mitteln
612 878 778 920 beſtrichene,
802 884 865 912 oder
879 881 944 921 auch
960 887 1013 916 aus
1034 884 1102 919 Me⸗

209 927 273 959 lone
292 930 357 958 oder
380 927 477 963 Gurke
503 930 639 966 gemachte
657 931 893 971 Stuhlzaͤpfchen.
938 935 1023 968 Sind
1039 934 1104 969 aber

210 967 280 1011 dieſe
297 971 617 1014 Haͤmorrhoidalknoten
634 984 690 1008 von
713 986 897 1016 geronnenem
922 981 1014 1015 Blute
1035 984 1103 1021 ſtark

209 1020 426 1061 angeſchwollen,
452 1023 478 1060 ſo
492 1024 561 1060 muß
575 1024 657 1062 durch
671 1027 731 1057 eine
745 1026 884 1065 vorſichtig
899 1030 953 1060 mit
967 1034 1014 1064 der
1033 1031 1102 1064 Lan⸗

209 1080 278 1112 zette
298 1076 329 1103 in
346 1072 475 1111 dieſelben
489 1073 626 1112 gemachte
639 1073 781 1115 Oeffnung
795 1078 849 1109 das
861 1078 940 1110 Blut
954 1080 1100 1120 herausge⸗

209 1127 292 1161 laſſen
312 1130 370 1159 und
395 1125 561 1168 zerfloſſenes
577 1128 757 1174 Myrrhenoͤl,
773 1132 827 1163 mit
853 1134 912 1164 dem
930 1134 1025 1175 Ungt.
1042 1145 1099 1165 nu-

208 1182 320 1204 tritum
335 1178 500 1213 vermiſcht,
540 1173 656 1207 daruͤber
678 1177 781 1217 gelegt,
814 1174 877 1210 oder
903 1180 979 1212 2mal
1002 1182 1032 1213 in
1051 1185 1098 1215 der

207 1231 308 1266 Woche
322 1230 407 1269 (nicht
422 1232 486 1266 aber
500 1239 537 1262 an
551 1233 595 1265 die
608 1231 720 1268 Knoten
742 1235 833 1276 ſelbſt,
868 1237 981 1276 ſondern
998 1241 1029 1272 in
1054 1241 1098 1274 die

206 1285 293 1326 Naͤhe
307 1285 455 1325 derſelben)
476 1294 488 1324 5
511 1300 538 1306 —
552 1296 570 1325 7
585 1286 717 1330 Blutigel
731 1289 858 1329 angeſetzt
872 1294 990 1325 werden.
1033 1294 1097 1329 Die

205 1343 322 1370 innern,
346 1338 375 1366 in
404 1340 463 1371 dem
490 1335 710 1381 Schließmuſkel
732 1344 780 1374 des
794 1340 891 1381 Afters
910 1340 1094 1383 eingeklemm⸗

205 1400 252 1422 ten
282 1390 393 1422 Knoten
417 1388 520 1427 muͤſſen
549 1393 629 1432 durch
651 1392 848 1435 Einbringung
867 1398 915 1426 des
930 1394 1048 1435 Fingers
1063 1400 1094 1432 in

205 1447 255 1480 den
280 1444 436 1483 Maſtdarm
461 1440 693 1486 zuruͤckgeſchoben
715 1449 833 1480 werden.
877 1448 936 1481 Bei
951 1451 1093 1486 eintreten⸗

205 1500 265 1529 dem
278 1499 417 1533 Brande
432 1500 489 1531 der
503 1496 637 1533 Knoten
652 1501 684 1540 iſt
703 1502 744 1534 die
758 1500 809 1541 auf
823 1500 932 1542 doppelt
951 1501 1016 1539 uͤber
1034 1502 1091 1541 ein⸗
