1702 2366
692 370 817 415 Leben
833 371 904 424 hat
920 376 961 413 in
980 373 1065 425 ihm
1083 373 1220 426 ſelber;
1256 373 1336 426 alſo
1359 377 1432 428 hat
1446 388 1482 417 er
1499 366 1588 419 dem

691 425 818 475 Sohn
834 423 1007 478 gegeben,
1021 428 1093 468 das
1101 427 1229 470 Leben
1241 440 1290 475 zu
1307 429 1430 479 haben
1446 432 1487 470 in
1500 430 1588 480 ihm

691 469 815 529 ſelber.
833 464 891 517 Er
914 487 982 513 war
1001 477 1062 523 alſo
1078 481 1138 514 das
1152 477 1378 526 ſelbſtſtaͤndige
1395 478 1500 523 Leben,
1520 474 1588 518 und

690 529 822 575 zugleich
839 534 885 567 die
900 532 1043 578 Urquelle
1060 534 1137 570 alles
1154 532 1277 578 Lebens,
1297 537 1357 572 das
1374 535 1406 572 in
1421 539 1478 572 den
1489 535 1588 575 Crea⸗

691 585 780 616 turen
799 578 948 625 gefunden
967 582 1057 621 wird.
1090 580 1195 619 Koͤnte
1215 574 1291 624 ſeine
1313 584 1419 631 wahre
1436 584 1587 630 Gottheit

690 630 854 673 deutlicher
878 630 998 679 bezeugt
1022 633 1172 673 werden?
1206 635 1307 676 Denn
1335 643 1399 673 von
1419 646 1499 672 wem
1513 634 1585 674 kan

692 689 754 724 das
772 685 995 732 ſelbſtſtaͤndige
1003 686 1097 727 Leben
1104 691 1233 732 anders,
1245 689 1296 725 als
1307 689 1398 728 allein
1414 698 1475 726 von
1486 688 1590 737 Gott,

691 737 839 784 geruͤhmt
854 739 1001 777 werden?
1027 741 1151 784 Dieſer,
1164 742 1257 786 dieſer
1270 742 1308 787 iſt
1321 750 1371 789 es,
1392 740 1457 781 der
1471 740 1586 783 allein

690 772 1001 834 Unſterblichkeit
1016 782 1097 834 hat.
1156 786 1241 827 1Tim.
1256 791 1290 833 6,
1310 793 1358 826 16.

742 861 915 903 Ueberdem
926 869 1038 898 nennet
1064 860 1217 910 Johannes
1230 863 1283 913 ihn
1294 864 1365 905 den
1372 862 1510 916 Sohn,
1522 861 1588 912 und

692 920 779 957 zwar
794 910 865 950 den
887 908 1137 962 eingebornen
1152 914 1255 957 Sohn
1273 909 1413 960 Gottes,
1441 926 1498 952 um
1521 921 1588 954 uns

692 968 730 1005 zu
750 959 865 1007 lehren,
881 959 956 1007 daß,
972 965 1014 997 da
1028 962 1104 1005 auch
1124 965 1191 1002 wol
1203 954 1251 1004 die
1285 962 1457 1015 Menſchen,
1473 964 1589 1010 beſon⸗

694 1019 768 1054 ders
785 1016 857 1053 aber
875 1019 922 1055 die
938 1016 1124 1065 Glaͤubigen
1145 1021 1210 1054 und
1233 1016 1421 1065 Frommen,
1446 1024 1511 1059 und
1537 1019 1633 1059 die

693 1066 826 1115 heiligen
843 1067 949 1115 Engel
979 1068 1105 1110 Kinder
1131 1069 1253 1110 Gottes
1274 1076 1426 1117 genennet
1452 1071 1585 1122 werden;

693 1127 725 1155 er
742 1118 863 1157 Gottes
878 1107 982 1164 Sohn
997 1118 1031 1155 in
1047 1119 1149 1155 einem
1166 1119 1278 1165 ſolchen
1295 1118 1497 1166 Verſtande,
1519 1124 1636 1165 und

693 1159 755 1212 auf
767 1169 857 1212 ſolche
867 1171 930 1209 Art
945 1160 1008 1208 und
1018 1171 1131 1215 Weiſe
1140 1172 1199 1215 ſey,
1223 1172 1271 1209 als
1279 1179 1347 1208 von
1363 1171 1493 1218 keinem,
1509 1173 1589 1215 auch

693 1227 765 1265 dem
790 1225 1030 1271 vortreflichſten
1057 1228 1122 1262 und
1145 1226 1273 1273 edelſten
1293 1227 1458 1273 Geſchoͤpf,
1479 1228 1587 1275 geſagt

693 1263 819 1312 werden
833 1275 943 1313 koͤnne.
993 1274 1218 1321 Merkwuͤrdig
1232 1275 1267 1321 iſt
1288 1282 1337 1313 es.
1351 1274 1494 1326 hierbey,
1521 1279 1589 1325 daß

695 1338 727 1365 er
745 1326 829 1366 Gott
845 1327 942 1374 ſeinen
966 1326 1116 1383 eigenen
1136 1317 1246 1376 Vater
1269 1324 1354 1380 Joh.
1369 1339 1398 1377 5,
1421 1335 1461 1370 18.
1476 1329 1585 1380 Pau⸗

694 1366 748 1417 lus
769 1379 844 1417 aber
861 1381 917 1429 ihn
935 1381 1055 1419 Gottes
1082 1371 1231 1430 eigenen
1263 1381 1365 1430 Sohn
1380 1376 1479 1436 Roͤm.
1488 1379 1520 1424 8,
1535 1391 1586 1434 32.

693 1418 825 1466 nennet:
851 1429 917 1467 eine
934 1428 1157 1475 Benennung,
1176 1429 1224 1468 die
1243 1423 1303 1467 uns
1327 1441 1371 1469 an
1391 1432 1476 1485 ſeine
1495 1430 1586 1486 Gott⸗

693 1481 756 1528 heit
773 1482 921 1520 erinnert.
972 1483 1073 1522 Denn
1095 1483 1223 1528 welches
1239 1473 1371 1540 Weſens
1392 1485 1452 1538 ein
1473 1486 1585 1543 Vater

691 1537 741 1588 iſt,
757 1539 852 1585 deßen
862 1534 915 1587 iſt
943 1541 998 1585 auch
1016 1545 1068 1580 der
1085 1541 1374 1591 Sohn.

742 1614 928 1663 Hiernaͤchſt
944 1616 1103 1663 verſichert
1115 1615 1298 1665 Johannes,
1324 1616 1377 1664 daß
1395 1621 1450 1660 das
1465 1610 1633 1669 Fleiſch

690 1663 874 1704 gewordene
889 1657 1017 1702 Wort
1033 1663 1123 1707 ſeine,
1144 1663 1196 1697 als
1222 1653 1418 1709 eingebornen
1431 1663 1579 1714 Sohnes

690 1719 826 1761 Gottes,
842 1715 1097 1766 Herrlichkeit,
1114 1718 1209 1761 durch
1225 1717 1294 1756 viel
1324 1714 1411 1769 große
1440 1715 1580 1774 Wunder,

688 1763 949 1819 geoffenbaret
965 1770 1055 1818 habe.
1082 1772 1169 1813 Aber
1184 1773 1243 1811 alle
1258 1775 1323 1821 deſe
1336 1775 1486 1816 Wunder
1510 1764 1632 1823 that

691 1831 725 1858 er
740 1819 833 1864 nicht,
852 1830 911 1857 wie
931 1823 979 1859 die
997 1821 1179 1870 Propheten
1204 1824 1269 1859 und
1284 1823 1422 1869 Apoſtel,
1436 1825 1575 1870 ſondern

689 1873 723 1911 in
740 1871 852 1919 ſeinem
865 1874 990 1915 eigenen
1004 1873 1147 1918 Namen,
1159 1876 1223 1910 und
1238 1874 1576 1923 auseigenthuͤmlicher

692 1926 796 1975 Kraft
816 1931 880 1967 und
900 1926 1031 1973 Macht.
1079 1927 1219 1967 Bewies
1245 1937 1279 1965 er
1291 1920 1347 1985 ſch
1343 1919 1469 1983 damit
1490 1919 1575 1974 nicht
