1191 2234
404 353 539 405 verſicht
548 353 603 400 ihn
614 353 715 394 bitten
724 353 831 402 ſollen,
848 354 913 396 wie
923 355 973 397 die
983 354 1089 397 lieben

405 405 547 456 Kinder,
567 406 657 456 ihren
669 408 775 450 lieben
786 408 918 451 Vater.

585 507 658 545 Die
672 504 764 554 erſte
781 505 910 546 Bitte.

444 554 677 620 Geheiliget
703 560 818 612 werde
828 562 918 612 dein
929 561 1088 612 Name.

503 670 614 709 Was
625 667 671 711 iſt
679 662 773 702 das?
780 659 983 711 Antwort.

459 718 611 765 GOttes
624 715 750 761 Name
774 716 814 765 iſt
844 724 936 764 zwar
954 727 999 758 an
1015 716 1086 766 ihm

406 775 500 825 ſelbſt
516 773 641 822 heilig,
663 773 744 815 aber
768 774 833 815 wir
849 774 951 816 bitten
968 775 1002 818 in
1018 768 1095 817 die⸗

405 833 471 881 ſem
481 832 613 883 Gebet,
631 830 700 882 daß
710 840 743 872 er
750 830 832 881 auch
843 832 902 881 bey
913 838 978 876 uns
987 831 1089 883 heilig

406 888 528 924 werde.

545 933 643 971 Wie
659 931 833 980 geſchicht
851 924 964 971 das?

459 999 546 1045 Wo
572 1002 640 1040 das
662 999 782 1044 Wort
800 999 951 1043 GOttes
977 1001 1086 1043 lauter

393 1045 469 1086 und
479 1043 549 1086 rein
557 1042 699 1093 gelehret
714 1044 818 1093 wird,
841 1047 909 1086 und
924 1046 990 1088 wir
1004 1041 1085 1089 auch

400 1101 517 1143 heilig,
523 1105 578 1140 als
589 1103 637 1138 die
646 1106 771 1145 Kinder
783 1097 932 1145 GOttes
941 1102 1088 1133 darnach

393 1154 508 1203 leben,
524 1155 589 1195 das
605 1154 687 1203 hilff
697 1160 763 1196 uns
787 1155 888 1197 lieber
900 1155 1022 1199 Vater
1037 1155 1086 1196 im

393 1202 578 1252 Himmel.
632 1204 730 1247 Wer
744 1202 824 1245 aber
846 1204 970 1246 anders
986 1204 1085 1250 lehret

403 1256 472 1295 und
492 1253 598 1305 lebet,
624 1254 710 1296 denn
723 1256 789 1298 das
803 1256 921 1300 Wort
935 1256 1084 1301 GOttes

393 1308 531 1356 lehret,
552 1308 608 1347 der
624 1307 813 1355 entheiliget
834 1317 928 1348 unter
943 1315 1009 1349 uns
1022 1310 1084 1348 den

393 1361 549 1406 Namen
565 1358 744 1404 GOttes,
770 1359 816 1398 da
833 1353 932 1406 behuͤt
947 1366 1013 1402 uns
1030 1355 1084 1408 fuͤr

398 1413 504 1457 lieber
515 1413 758 1461 Himmliſcher
770 1413 901 1453 Vater.

562 1517 634 1557 Die
644 1516 781 1556 andere
788 1516 919 1557 Bitte.

457 1575 576 1628 Dein
597 1576 721 1629 Reich
740 1575 911 1625 komme.

486 1682 597 1717 Was
608 1679 655 1717 iſt
671 1681 766 1717 das?
790 1681 994 1717 Antwort.

446 1726 596 1771 GOttes
615 1725 723 1775 Reich
744 1722 885 1766 koͤmmet
905 1726 1000 1776 wohl
1018 1720 1081 1771 ohn

399 1781 492 1827 unſer
501 1782 614 1821 Gebet
637 1787 703 1819 von
713 1780 781 1828 ihm
798 1779 908 1830 ſelbſt,
923 1781 1003 1821 aber
1018 1771 1081 1819 wir

397 1836 503 1873 bitten
513 1835 546 1873 in
556 1833 672 1881 dieſem
682 1831 811 1883 Gebet,
827 1831 894 1883 daß
912 1839 948 1874 es
954 1830 1034 1881 auch
1043 1830 1079 1875 zu

395 1901 462 1940 uns
469 1893 612 1941 komme.

427 1990 531 2033 Wie
540 1988 713 2039 geſchicht
722 1989 824 2031 das?
840 1991 1042 2032 Antwort.

443 2042 574 2090 Wenn
582 2044 641 2092 der
652 2043 877 2089 Himmliſche
884 2034 1004 2077 Vater
1014 2034 1078 2069 uns
