1542 2253
289 364 394 406 hatte;
421 362 467 398 die
488 360 633 398 Stimme
651 356 783 395 verſagte
803 354 858 395 ihr.
883 352 948 389 Sie
966 346 1062 393 ſchlug
1084 347 1147 391 jetzt

285 411 345 445 das
368 411 447 453 naſſe
469 410 551 447 Auge
581 406 638 444 auf
656 403 791 445 Ludwig.
842 402 917 442 Jhre
936 395 1146 436 Empfindung

283 456 397 497 mahlte
414 456 464 496 ſich
481 453 512 484 in
529 453 606 482 denn
628 446 759 489 einzigen
781 444 904 482 Blicke:
929 441 1059 484 Abſcheu
1082 440 1144 475 und

290 506 336 541 ein
356 504 526 551 zerriſſenes
547 499 636 544 Herz.

375 543 502 579 Ludwig
523 538 581 576 ließ
593 536 646 577 bey
666 531 774 572 dieſem
786 524 891 575 Blicke
907 529 966 568 ihre
980 524 1074 573 Hand
1086 523 1149 567 fah⸗

285 600 348 624 ren.
397 592 441 622 Er
455 586 558 625 faltete
572 583 620 618 die
636 581 738 618 Stirn
758 577 860 615 kraus.
911 576 954 611 Er
978 576 1028 613 ſab
1051 571 1149 611 ſeinen

284 639 383 670 Vater
404 641 461 670 an,
488 632 538 664 der
562 630 610 672 ſich
635 627 695 667 ihm
716 622 857 666 naͤherte,
891 623 953 657 und
972 622 1023 655 ihn
1048 620 1078 653 in
1103 618 1151 652 die

286 686 378 711 Arme
407 676 513 713 ſchloß.
560 670 652 710 „Alſo
679 667 758 706 Roſe
780 667 883 709 heißen
912 652 1030 701 Sie?“
1055 658 1154 701 fragte

287 728 451 766 Minchen,
476 724 538 758 und
558 722 671 760 lachte:
705 718 796 760 „Sie
820 720 880 759 ſind
902 718 963 758 alſo
982 716 1029 751 die
1049 711 1153 753 Roſe,

287 776 360 811 uͤber
387 774 435 808 die
462 772 542 816 Herr
566 766 746 809 Burchhard
773 763 908 807 beynahe
940 759 1079 803 Schlaͤge
1106 757 1154 793 be⸗

287 820 425 856 kommen
447 817 541 859 haͤtt?
567 816 610 853 Er
631 814 705 854 darf
721 813 772 854 ſich
794 813 865 848 noch
889 810 967 849 nicht
984 809 1094 842 wieder
1111 805 1156 839 im

287 862 536 911 Schachzimmer
567 860 654 904 ſehen
682 858 810 901 laſſen."
834 856 901 892 Sie
929 852 1056 898 erzaͤhlte
1075 851 1156 885 Lud⸗

288 910 371 952 wigs
396 907 615 950 Zerſtreuung,
648 906 710 938 und
741 902 822 945 Roſe
852 898 1005 942 begleitete
1028 899 1077 932 die
1100 895 1158 931 Er⸗

288 956 422 998 zaͤhlung
443 954 500 990 mit
523 953 604 987 einer
621 948 833 991 Bemerkung,
859 945 920 985 daß
938 944 1020 989 Herr
1041 940 1159 980 Burch⸗

290 1004 366 1044 hard
385 1004 432 1042 oft
455 1001 520 1042 ſehr
537 998 675 1040 zerſtreut
700 993 792 1030 waͤre.
840 992 919 1034 „Jch
941 992 992 1026 bin
1022 989 1078 1024 mit
1099 985 1161 1028 ihm

291 1051 456 1089 erzogen,"
495 1048 577 1086 ſagte
606 1045 661 1082 ſie:
690 1043 815 1082 „unſere
843 1038 986 1081 Kindheit
1012 1035 1163 1071 verlebten

293 1096 351 1126 wir
374 1091 569 1130 zuſammen;
595 1090 656 1122 aus
686 1086 785 1125 dieſen
813 1082 933 1124 Jahren
962 1079 1084 1122 ſtammt
1111 1076 1163 1118 ſich

294 1137 367 1176 auch
380 1137 450 1169 das
466 1135 664 1172 vertrauliche
685 1131 744 1165 Du
764 1132 853 1166 noch,
881 1133 938 1161 mit
952 1125 1021 1159 dem
1044 1133 1074 1158 er
1090 1121 1164 1161 mich

297 1181 417 1224 beehrt.
438 1177 577 1220 Nachher
587 1176 654 1211 kam
664 1175 706 1214 ich
721 1183 781 1207 von
796 1174 860 1212 ihm
874 1180 940 1210 weg
949 1170 1021 1206 nach
1037 1166 1166 1203 Braun⸗

296 1225 431 1269 ſchweig,
456 1226 518 1259 und
534 1222 594 1263 hier
616 1221 714 1261 finden
739 1219 798 1253 wir
823 1221 885 1253 uns
909 1215 1055 1252 wieder."
1078 1213 1163 1253 Nach

298 1270 361 1305 und
387 1268 460 1309 nach
481 1274 548 1301 war
572 1265 693 1303 Roſens
719 1262 787 1297 Ton
819 1259 911 1300 voͤllig
934 1254 1072 1298 ruhiger,
1098 1253 1168 1289 oder

298 1311 432 1356 weniger
453 1309 601 1352 geſpannt
629 1307 800 1349 geworden.
850 1305 916 1340 Sie
942 1306 1042 1342 wagte
1071 1302 1104 1335 es
1123 1300 1166 1339 ſo⸗

298 1367 374 1403 gar,
400 1358 451 1403 ihn
472 1356 554 1401 ſelbſt
574 1354 764 1400 anzureden,
790 1351 861 1390 nach
885 1348 1010 1390 allerley
1029 1345 1168 1386 Kleinig⸗

299 1407 395 1445 keiten
410 1414 445 1452 zu
466 1403 583 1445 fragen.
631 1399 760 1443 Ludwig
784 1397 865 1442 hatte
886 1394 1019 1438 beynahe
1034 1388 1092 1433 alle
1116 1392 1169 1428 Be⸗

302 1455 431 1498 ſinnung
451 1453 600 1488 verloren.
648 1446 692 1484 Er
705 1449 888 1485 antwortete
899 1442 956 1479 wie
972 1444 1019 1479 ein
1033 1439 1168 1482 Menſch,

302 1505 355 1538 der
376 1501 463 1535 bloͤde
483 1499 534 1543 iſt,
558 1496 621 1532 und
649 1505 679 1530 er
703 1492 797 1530 nahm
829 1493 880 1527 der
905 1490 995 1533 erſten
1019 1483 1169 1529 Gelegen⸗

303 1549 365 1590 heit
388 1547 495 1588 wahr,
519 1545 618 1587 ſeinen
642 1540 741 1579 Vater
758 1537 849 1575 allein
888 1538 926 1580 zu
929 1536 1067 1575 nehmen.
1115 1533 1169 1568 Al⸗

307 1597 369 1631 lein
385 1592 508 1632 Roſens
528 1589 708 1630 Benehmen
727 1594 794 1620 war
810 1582 860 1623 fuͤr
895 1584 952 1620 den
980 1582 1070 1618 Alten
1096 1579 1169 1615 eben

307 1645 338 1686 ſo
360 1641 422 1682 ſehr
439 1642 487 1676 ein
506 1638 643 1681 Raͤthſel,
667 1638 726 1671 wie
746 1631 795 1675 fuͤr
812 1629 986 1673 Ludwigen.
1037 1625 1172 1671 „Hm!“

308 1688 391 1731 ſagte
408 1686 458 1721 der
478 1686 566 1721 Alte:
592 1684 652 1719 das
672 1679 829 1721 Betragen
850 1676 957 1716 ſcheint
980 1674 1040 1711 mir
1063 1673 1171 1710 Koket⸗

310 1733 382 1771 terie
404 1740 440 1775 zu
460 1730 537 1772 ſeyn.
585 1727 769 1771 Veraͤchtlich
804 1723 915 1765 moͤchte
937 1723 978 1763 ich
1008 1722 1070 1761 dich
1094 1720 1171 1758 nicht

315 1787 387 1823 gern
409 1775 503 1817 ſehen,
528 1773 677 1818 Ludwig!
701 1769 813 1809 Mach,
839 1773 908 1805 was
928 1769 970 1803 du
988 1766 1100 1807 willſt;
1126 1765 1173 1797 in⸗

315 1827 392 1869 deß,
417 1824 495 1858 mein
523 1821 642 1862 Sohn,
666 1819 715 1863 gib
737 1818 794 1856 auf
822 1817 923 1856 Roſen
943 1815 1025 1854 Acht.
1074 1813 1174 1850 Dann

318 1868 419 1912 fragte
436 1863 487 1900 der
501 1861 600 1900 Vater
615 1865 672 1901 den
691 1859 790 1901 Sohn
807 1858 879 1897 nach
894 1858 951 1894 den
974 1848 1178 1898 Begebenhei⸗

319 1922 370 1953 ten
388 1913 478 1957 dieſer
496 1910 606 1955 Nacht.
652 1907 780 1949 Ludwig
808 1905 923 1949 erzaͤhle
946 1905 982 1947 ſie
1006 1904 1068 1944 ihm
1098 1903 1175 1940 ganz
