1515 2296
549 496 584 530 40

772 505 983 535 IDYLLEN.

580 547 618 575 Er
639 548 704 581 lief,
724 551 777 576 und
796 551 856 576 kam
875 553 933 577 bald
952 557 1085 602 zurücke;
1108 558 1160 579 und
1175 558 1211 602 ſie

545 621 654 649 giengen
680 625 713 643 zu
740 619 785 645 der
806 618 884 647 Säule
909 621 953 647 des
980 620 1048 653 Pan,
1079 621 1120 647 die
1139 621 1213 651 nicht

546 673 608 701 weit
625 677 700 702 unter
720 675 830 704 Fichten
854 674 906 703 auf
926 676 1008 705 einem
1025 677 1110 713 Hügel
1131 678 1209 706 ſtand.

543 727 607 761 Jezt
624 730 729 759 knieten
751 732 784 759 ſie
802 741 850 759 vor
865 736 920 760 ihm
941 737 1001 764 hin;
1025 735 1078 761 und
1093 735 1118 760 ſo
1131 737 1211 778 flehe-

542 797 584 820 ten
604 794 637 821 ſie
663 802 695 821 zu
716 794 774 822 dem
799 796 893 824 Gotte:

577 858 756 888 DAPHNIS.
805 859 876 892 Pan,
904 859 939 886 du
962 860 1063 894 gütiger
1077 860 1206 889 Schützer

543 913 631 941 unſrer
655 916 785 947 Triften,
814 915 898 949 höre,
927 917 989 944 höre
1010 918 1085 945 unſer
1105 919 1204 947 Flehn!

545 974 609 1003 Wir
635 974 689 1003 ſind
713 976 756 1005 die
777 976 876 1004 Kinder
895 977 938 1005 des
964 976 1080 1005 kranken
1101 977 1204 1007 Menal-

545 1035 608 1066 kas;
629 1035 707 1068 höre,
728 1046 745 1063 o
759 1037 820 1065 höre
835 1038 908 1066 unſer
926 1038 1030 1067 Flehn!

578 1102 705 1130 CHLOE.
752 1104 847 1134 Höre,
866 1109 884 1141 o
914 1104 976 1131 höre
1002 1103 1078 1133 unſer
1095 1105 1201 1139 Flehn,

539 1163 615 1193 guter
635 1163 712 1191 Pan!
740 1165 830 1192 Nimm
853 1171 884 1192 an
906 1162 982 1192 unſer
1003 1165 1102 1193 kleines
1121 1165 1203 1199 Opfer

542 1218 593 1246 wie
611 1220 711 1246 Kinder
725 1228 751 1246 es
765 1220 846 1253 geben
862 1220 986 1248 können:
1007 1222 1082 1249 Dieſe
1100 1222 1201 1250 Kränze

538 1280 586 1314 leg'
603 1280 645 1307 ich
660 1289 709 1308 vor
726 1283 766 1308 dir
784 1283 848 1311 hin;
868 1283 962 1310 möcht'
980 1283 1035 1310 ichs
1050 1283 1200 1318 erreichen,

541 1350 585 1370 um
617 1343 691 1371 deine
729 1345 833 1373 Schläfe
862 1347 921 1374 und
952 1346 1025 1376 deine
1062 1347 1207 1386 Schultern

537 1404 620 1430 würd'
645 1405 687 1431 ich
712 1404 746 1433 ſie
769 1404 881 1433 winden.
935 1405 1037 1438 Rette,
1073 1413 1092 1444 o
1115 1411 1197 1439 rette,

537 1465 640 1501 gütiger
661 1467 736 1500 Pan,
764 1467 860 1496 unſern
876 1470 975 1500 Vater,
1011 1472 1064 1498 und
1088 1469 1198 1499 ſchenke

537 1524 581 1552 ihn
599 1535 648 1553 uns
672 1533 760 1553 armen
782 1526 897 1555 Kindern
915 1528 1012 1556 wieder
1033 1544 1058 1551 —

570 1593 750 1623 DAPHNIS.
804 1594 877 1624 Dieſe
906 1595 1022 1625 Früchte
1047 1594 1122 1631 bring
1153 1598 1195 1624 ich

536 1649 594 1681 dir,
613 1650 654 1678 die
673 1649 790 1679 ſüſſeſten
807 1652 847 1679 die
865 1652 905 1680 ich
924 1651 1007 1683 habe;
1027 1652 1126 1683 nimm,
1148 1653 1198 1679 ach

534 1711 615 1739 nimm
638 1712 671 1741 ſie
692 1713 766 1747 gütig
791 1715 839 1740 an!
870 1716 919 1744 Die
937 1716 1003 1745 beſte
1017 1717 1097 1751 Ziege
1114 1718 1195 1746 würd'
