3587 5083
1346 760 1490 867 180

2064 752 2265 867 Die
2265 752 2511 867 Ruhe

1359 918 1586 1012 gethan,
1636 912 1753 1006 und
1776 923 1885 1021 ihre
1900 929 2187 1026 Nahrung
2196 925 2458 1034 reichlich
2486 929 2785 1037 geſegnet.
2827 948 3226 1052 Solchemnach

1357 1026 1619 1134 verheißet
1644 1059 1768 1122 nun
1794 1048 1931 1140 auch
1958 1046 2068 1142 hier
2096 1059 2155 1132 in
2181 1055 2395 1147 unſerm
2408 1061 2587 1147 Texte
2611 1064 2703 1142 der
2732 1069 2888 1160 große
2917 1075 3069 1157 Gott
3104 1069 3224 1156 dem

1355 1150 1612 1249 juͤdiſchen
1633 1158 1840 1256 Volke,
1891 1180 1948 1242 er
1966 1171 2118 1247 wolle
2136 1170 2200 1262 ſie
2217 1177 2328 1252 aus
2347 1180 2484 1257 aller
2501 1176 2692 1272 Noth,
2721 1188 2789 1258 in
2805 1187 3014 1276 welcher
3042 1195 3107 1281 ſie
3136 1209 3222 1279 ge⸗

1353 1268 1664 1364 genwaͤrtig
1681 1279 1775 1372 ſich
1803 1279 2092 1379 befaͤnden,
2133 1284 2542 1385 herausreiſſen,
2568 1297 2685 1376 und
2717 1301 2870 1377 wolle
2893 1310 2968 1383 im
2996 1306 3218 1396 Gegen⸗

1349 1388 1473 1481 theil
1503 1390 1711 1488 kuͤnftig
1740 1396 1909 1491 ihnen
1921 1404 2057 1496 deſto
2083 1405 2234 1496 mehr
2251 1410 2450 1487 Gutes
2475 1410 2635 1504 thun,
2686 1418 2801 1493 und
2827 1419 2890 1507 ſie
2899 1419 3137 1513 ſegnen,
3157 1428 3216 1512 ja

1346 1508 1485 1597 recht
1523 1510 1749 1602 reichlich
1782 1513 1984 1600 ſegnen.
2092 1521 2273 1600 Denn
2316 1527 2427 1598 das
2458 1533 2582 1616 liegt
2622 1538 2680 1607 in
2717 1539 2812 1607 der
2853 1537 3215 1624 Redensart:

1340 1614 1485 1721 Jch
1548 1616 1713 1707 will
1786 1609 1933 1727 dich
1996 1619 2266 1734 bauen,
2343 1627 2485 1743 daß
2539 1639 2645 1732 du
2712 1632 2868 1747 ſollt
2924 1641 3211 1750 gebauet

1335 1733 1612 1833 heißen!

1524 1835 1687 1934 Hat
1741 1843 1871 1933 aber
1915 1850 2003 1934 die
2060 1848 2231 1942 Guͤte
2261 1857 2491 1948 Gottes
2538 1869 2678 1961 nicht
2723 1855 2852 1950 eben
2908 1873 3065 1967 dieſes
3128 1894 3209 1958 an

1335 1952 1546 2043 unſerm
1582 1936 1825 2060 ſeligen
1899 1955 2111 2057 Herrn
2151 1956 2447 2062 General
2486 1980 2731 2069 gethan?
2828 1989 3026 2077 Gewiß
3069 1998 3202 2080 auch

1335 2074 1455 2157 Sie
1500 2076 1649 2171 hatte
1695 2085 1790 2162 der
1830 2082 1981 2174 Herr
2035 2088 2303 2182 gebauet,
2360 2088 2471 2187 daß
2521 2101 2653 2180 Sie
2705 2109 2934 2183 konnten
2979 2113 3202 2199 gebauet

1331 2186 1525 2281 heißen.
1633 2190 1749 2287 Jch
1768 2197 1943 2291 mache
1962 2205 2068 2279 mir
2088 2218 2184 2282 um
2203 2204 2256 2296 ſo
2276 2210 2376 2285 viel
2403 2214 2631 2298 weniger
2656 2221 2738 2295 ein
2757 2208 3079 2312 Bedenken,
3105 2229 3198 2315 ſol⸗

1331 2312 1449 2401 ches
1470 2310 1579 2402 hier
1599 2329 1666 2402 zu
1685 2316 1990 2415 erwaͤhnen,
2006 2329 2084 2407 da
2096 2319 2257 2416 Se.
2277 2319 2615 2437 Excellenz
2631 2339 2770 2433 ſelbſt
2788 2348 2850 2422 in
2867 2341 3031 2425 Dero
3049 2348 3196 2443 ſchon

1326 2421 1624 2511 mehrmals
1659 2432 1958 2523 gedachtem
1993 2423 2336 2534 ſchriftlichen
2360 2445 2606 2539 Aufſatze
2633 2449 2816 2544 ſolches
2855 2455 3193 2554 dankbarlich

1324 2523 1579 2629 ruͤhmen,
1632 2543 1787 2634 gleich
1816 2550 1910 2623 als
1950 2544 2174 2631 wollten
2202 2555 2320 2635 Sie
2340 2565 2441 2635 mit
2460 2562 2577 2638 dem
2595 2562 2862 2655 frommen
2891 2568 3200 2660 Erz ⸗ Va⸗

1322 2646 1407 2734 ter
1422 2656 1612 2745 Jacob
1623 2667 1764 2742 aus
1774 2653 1808 2739 1
1813 2670 2064 2758 B.Moſ.
2079 2678 2174 2759 32.
2195 2677 2383 2762 ſagen:
2492 2672 2709 2774 Herr!
2736 2672 2836 2785 ich
2853 2678 2983 2775 bin
3001 2694 3188 2792 zuge⸗

1318 2762 1483 2866 ring
1517 2763 1691 2854 aller
1711 2761 2322 2879 Barmherzigkeit
2357 2784 2499 2875 und
2527 2787 2791 2893 Treue,
2819 2795 2923 2883 die
2963 2778 3058 2888 du
3091 2816 3188 2893 an

1318 2855 1578 2966 deinem
1607 2874 1908 2985 Knechte
1937 2882 2197 2989 gethan
2227 2886 2395 2996 haſt.
2553 2904 2653 2991 Ja
2682 2916 2743 2984 es
2767 2898 2917 2998 hatte
2945 2913 3066 2997 Sie
3099 2923 3184 3002 die

1316 2998 1558 3096 goͤttliche
1586 2999 2056 3099 Barmherzigkeit
2091 3018 2204 3087 mit
2223 3019 2480 3105 zeitlichen
2516 3024 2754 3101 Guͤtern
2793 3027 3063 3122 dergeſtalt
3097 3052 3184 3124 ge⸗

1313 3102 1513 3182 ſegnet,
1570 3108 1680 3193 daß̃
1728 3105 1847 3184 Sie
1882 3107 2023 3200 nicht
2051 3107 2293 3204 nur
2199 3104 2325 3210 fuͤr
2331 3089 2482 3210 Sich
2516 3116 2971 3218 Standesmaͤßig
3011 3145 3179 3221 leben,

1309 3229 1533 3318 ſondern
1568 3227 1692 3332 auch
1730 3241 1887 3320 denen
1911 3240 2368 3334 Nothleidenden,
2417 3252 2529 3327 und
2554 3256 2829 3348 beſonders
2862 3263 3024 3346 Dero
3055 3267 3177 3350 An⸗

1307 3342 1670 3420 verwandten
1693 3340 1897 3436 davon
1910 3353 2129 3446 manche
2169 3350 2327 3436 Guͤte
2361 3355 2497 3448 thun
2536 3365 2797 3454 konnten,
2841 3368 3016 3449 deren
3050 3381 3173 3450 eini⸗

1307 3471 1410 3541 gen
1435 3457 1552 3536 Sie
1569 3464 1703 3553 auch
1729 3469 1862 3558 nach
1908 3468 2074 3559 Jhrem
2108 3462 2268 3560 Tode
2289 3479 2371 3550 ein
2399 3467 2747 3577 anſehnliches
2768 3505 2835 3574 zu
2861 3483 3025 3581 ihrem
3045 3484 3173 3576 Be⸗

1304 3555 1531 3658 duͤrfniß
1563 3564 1892 3664 hinterlaſſen
1920 3572 2112 3669 haben.
2206 3581 2380 3666 Man
2367 3563 2514 3687 ſetze
2545 3587 2707 3681 darzu
2746 3597 2826 3671 die
2855 3589 2981 3690 hohe
3003 3584 3171 3693 Ehre

1303 3696 1422 3764 und
1439 3692 1692 3785 Gnade,
1755 3702 1849 3778 die
1868 3699 1992 3783 Sie
2015 3709 2114 3795 bey
2149 3723 2321 3795 zween
2352 3706 2629 3806 Koͤnigen,
2695 3721 2810 3798 und
2838 3728 2957 3801 vier
2982 3725 3169 3815 Chur⸗

1300 3796 1498 3891 fuͤrſten
1524 3809 1621 3883 des
1648 3805 2089 3907 Chur ⸗ Hauſes
2116 3816 2370 3911 Sachſen
2389 3823 2702 3911 unverruͤckt
2728 3830 3007 3929 genoſſen;
3029 3841 3164 3919 Wie

1297 3920 1440 4014 nicht
1466 3928 1807 4009 weniger
1727 3920 1819 4005 die
1836 3930 2243 4027 hoͤchſtbegluͤckte
2275 3936 2425 4032 Ehe,
2483 3948 2579 4026 die
2623 3950 2727 4031 Sie
2751 3961 2867 4033 mit
2889 3945 3060 4037 Dero
3058 3948 3162 4034 in⸗

3015 4069 3179 4160 nigſt⸗
