2380 2990
692 636 794 675 nigen
812 638 925 681 reden
921 636 1076 682 koͤnnen,
1080 631 1139 669 die
1159 636 1263 685 ihnen
1275 632 1472 673 faͤlſchlicher
1490 638 1610 678 Weiſe
1624 635 1816 676 zugeeignet
1832 634 1985 671 worden.
2046 629 2116 682 Ja

696 699 794 736 wenn
809 695 846 734 es
862 683 969 738 ihnen
969 683 1065 738 denn
1065 683 1204 738 gefaͤllig
1214 694 1288 739 ſeyn
1299 685 1435 739 duͤrffte,
1451 686 1486 740 ſo
1496 680 1617 735 koͤnten
1626 682 1689 731 wir
1699 676 1786 733 auch
1800 679 1855 728 die
1866 678 2116 734 Controverſien

694 734 786 785 deſto
803 733 898 781 mehr
910 736 1013 781 darzu
1025 733 1130 784 legen,
1145 737 1217 778 und
1235 735 1339 786 dieſes
1361 737 1453 780 wird
1462 742 1534 780 uns
1547 736 1618 788 alſo
1638 730 1731 791 ſchon
1754 731 1834 785 Zeit
1828 744 1939 786 genug
1957 735 2119 786 wegneh⸗

697 793 794 833 men,
809 785 877 837 daß
895 787 958 827 wir
972 788 1047 839 jetzo
1062 787 1173 837 nichts
1189 787 1479 839 hauptſaͤchliches
1495 790 1603 841 dahin
1614 789 1756 840 ſpahren
1765 786 1913 836 duͤrffen.
1958 782 2017 843 Jch
2034 788 2120 836 will

695 833 859 885 indeſſen,
873 834 953 877 weil
976 838 1039 876 wir
1056 837 1131 885 jetzo
1145 837 1229 886 doch
1244 836 1359 887 nichts
1371 836 1466 886 mehr
1478 842 1547 880 von
1568 837 1663 886 ihren
1677 834 1948 886 Widerſachern
1961 837 2121 887 ſprechen

696 883 846 933 duͤrffen,
870 888 943 925 eine
959 889 1218 932 merckwuͤrdige
1227 887 1350 929 Stelle
1363 889 1432 927 aus
1441 886 1557 935 Herrn
1568 885 1724 930 Gerbers
1733 885 1887 937 Hiſtorie
1898 887 1952 928 der
1962 875 2119 933 Wider⸗

695 936 890 987 gebohrnen
902 937 1088 989 anfuͤhren,
1098 940 1219 990 welche
1229 940 1367 989 dieſelbe
1375 940 1515 992 betrifft,
1525 943 1597 984 und
1599 941 1774 985 darinnen
1786 941 1848 992 ſich
1858 941 1957 989 dieſer
1966 939 2118 991 fromme

696 988 770 1031 und
783 991 928 1039 gelehrte
948 991 1073 1036 Mann
1096 1001 1135 1041 zu
1152 993 1241 1039 ihrer
1256 992 1541 1043 Vertheidigung
1565 991 1737 1042 folgender
1761 990 1889 1043 maſſen
1911 992 2119 1044 vernehmen

698 1042 812 1090 laͤſſet:
837 1045 921 1091 Sie
936 1042 1045 1090 ſehen
1060 1054 1157 1090 nun,
1172 1048 1254 1088 wie
1268 1042 1353 1090 ſehr
1367 1057 1406 1088 er
1414 1057 1488 1090 vor
1500 1048 1580 1090 Sie
1591 1037 1762 1098 ſtreitet:

804 1093 856 1138 Es
870 1096 993 1134 wollen
1011 1102 1100 1141 zwar
1114 1095 1199 1142 noch
1209 1094 1362 1143 heutiges
1374 1093 1500 1142 Tages
1520 1096 1627 1143 einige
1644 1093 1833 1147 fleiſchliche
1848 1094 1919 1136 und
1935 1093 2115 1146 aufgebla⸗

693 1145 767 1197 ſene
779 1146 932 1197 Theologi
946 1148 1040 1188 dann
1052 1149 1124 1188 und
1132 1158 1241 1190 wann
1249 1149 1314 1188 den
1331 1147 1437 1190 lieben
1446 1148 1546 1193 Arnd
1563 1150 1637 1192 und
1649 1149 1757 1201 deſſen
1764 1148 1966 1200 Schrifften
1984 1151 2052 1200 auf
2062 1151 2116 1201 ih⸗

693 1207 755 1240 ren
769 1199 932 1247 Cantzeln
954 1201 1025 1240 und
1050 1201 1247 1246 Cathedern
1268 1198 1459 1251 verdaͤchtig
1481 1201 1648 1258 machen;
1673 1203 1788 1250 allein,
1803 1202 1855 1244 die
1870 1200 1904 1252 ſo
1920 1206 2115 1248 genannten

695 1247 804 1294 Layen
816 1248 901 1297 ſind,
932 1247 1015 1300 GOtt
1029 1248 1124 1291 Lob!
1138 1257 1176 1295 zu
1187 1248 1278 1297 klug,
1290 1249 1357 1299 daß
1367 1250 1408 1300 ſie
1418 1241 1543 1300 ſolchen
1552 1247 1722 1300 Laͤſterern
1731 1250 1879 1298 glauben
1890 1240 2008 1298 ſolten,
2026 1253 2115 1293 denn

694 1304 738 1354 ſie
748 1305 857 1353 haben
869 1304 964 1352 ſelbſt
973 1303 1181 1352 geſchmeckt,
1191 1306 1258 1354 daß
1268 1307 1303 1346 in
1312 1306 1435 1349 Arnds
1444 1305 1648 1357 Schrifften
1670 1301 1764 1356 Geiſt
1782 1307 1837 1350 und
1850 1306 1956 1349 Leben
1967 1309 2017 1352 iſt.
2034 1310 2116 1348 Und

694 1351 799 1402 ſolche
810 1348 952 1404 Laͤſterer
962 1352 1022 1393 des
1032 1357 1147 1395 treuen
1159 1351 1328 1403 Knechtes
1340 1353 1494 1399 GOttes
1510 1350 1634 1401 moͤgen
1645 1352 1794 1403 zuſehen,
1812 1355 1879 1400 daß
1892 1355 1934 1395 ſie
1942 1356 2032 1400 nicht
2046 1358 2115 1394 das

696 1397 857 1443 Gerichte
866 1399 1019 1442 GOttes
1032 1398 1206 1447 treffe,
1160 1401 1219 1451 das
1216 1401 1261 1436 D.
1274 1400 1382 1437 Lucas
1392 1401 1549 1447 Oſiander
1557 1398 1624 1447 auf
1631 1400 1752 1444 ſeinem
1761 1401 1990 1446 Todt⸗Bette
2003 1400 2114 1446 erfah⸗

693 1454 770 1488 ren.
786 1448 915 1495 Dieſer
926 1448 1087 1495 ſtattliche
1098 1447 1293 1496 Theologus,
1301 1448 1358 1490 der
1367 1447 1456 1497 ſonſt
1466 1451 1499 1497 ſo
1508 1449 1666 1498 herrliche
1675 1449 1806 1494 Gaben
1813 1449 1885 1492 und
1897 1447 2115 1503 Erkaͤnntniß

693 1497 802 1547 hatte,
812 1499 907 1555 hatte
915 1497 976 1546 ſich
987 1501 1085 1549 doch,
1101 1502 1170 1549 (ich
1178 1501 1264 1550 weiß
1277 1488 1363 1551 nicht
1382 1503 1468 1551 wie,)
1471 1496 1635 1546 verleiten
1645 1501 1761 1548 laſſen,
1775 1502 1918 1546 Arnden
1930 1491 1977 1546 mit
2003 1491 2117 1553 ſeinen

694 1551 902 1604 Schrifften
917 1543 956 1604 zu
976 1552 1173 1603 verketzern;
1200 1554 1278 1598 Und
1302 1549 1403 1605 ſiehe!
1425 1542 1487 1604 auf
1508 1553 1630 1601 ſeinem
1645 1553 1871 1601 Todt⸗Bette
1887 1553 2015 1606 wachte
2029 1556 2114 1604 noch

694 1602 761 1652 ſein
775 1600 949 1652 Gewiſſen
964 1599 1040 1651 auf,
1056 1604 1126 1643 und
1143 1602 1271 1653 machte
1282 1590 1367 1653 ihm,
1382 1610 1498 1651 wegen
1508 1602 1631 1656 ſolcher
1642 1600 1914 1656 Verlaͤſterung,
1928 1603 2027 1655 angſt
2041 1606 2113 1648 und

693 1653 822 1701 bange,
837 1654 904 1703 daß
919 1653 985 1696 viel
1000 1652 1115 1706 Troſt
1130 1653 1188 1696 bey
1210 1654 1282 1704 ihm
1299 1642 1496 1705 vonnoͤthen
1511 1662 1599 1698 war.
1655 1653 1724 1700 Ein
1740 1658 1891 1701 anderer,
1906 1656 1963 1696 der
1977 1655 2045 1702 auf
2056 1658 2114 1698 der

693 1708 835 1757 Cantzel
848 1706 954 1753 dieſen
968 1706 1110 1755 heiligen
1121 1707 1243 1752 Mann
1263 1707 1348 1758 auch
1357 1708 1427 1760 ſehr
1444 1707 1701 1761 durchgezogen,
1719 1707 1845 1759 ſolches
1860 1709 1941 1752 aber
1957 1710 2029 1750 ihm
2043 1717 2118 1751 von

693 1756 813 1814 ſeinen
829 1754 993 1814 Zuhoͤrern
1010 1755 1188 1806 verwieſen
1198 1756 1352 1807 worden,
1377 1759 1437 1802 mit
1456 1758 1558 1809 Bitte,
1574 1756 1658 1809 doch
1671 1767 1738 1803 nur
1752 1759 1804 1802 die
1823 1751 1948 1810 Buͤcher
1963 1751 2068 1812 ſelbſt
2073 1767 2117 1807 zu

693 1809 794 1861 leſen,
812 1811 882 1851 und
899 1811 1026 1853 andern
1037 1804 1206 1865 Laͤſterern
1225 1805 1311 1868 nicht
1328 1811 1379 1861 zu
1379 1810 1538 1862 glauben,
1553 1812 1599 1855 da
1618 1821 1656 1857 er
1673 1811 1797 1865 ſolches
1817 1811 1956 1865 gethan,
1973 1811 2013 1866 iſt
2027 1822 2061 1858 er
2076 1814 2115 1860 in

694 1860 792 1905 einen
808 1859 934 1913 ſolchen
953 1859 1109 1913 Zuſtand
1124 1860 1282 1912 gefallen,
1299 1861 1366 1910 daß
1383 1871 1417 1905 er
1431 1862 1516 1911 auch
1532 1861 1621 1912 nicht
1638 1863 1731 1915 mehr
1746 1865 1797 1906 die
1811 1852 1952 1913 Cantzel
1966 1863 2117 1908 betreten

693 1914 838 1957 wollen.
856 1914 1042 1967 Hingegen
1051 1915 1111 1966 hat
1119 1916 1174 1959 der
1184 1917 1251 1960 alte
1265 1919 1309 1956 D.
1333 1913 1519 1974 Polycarpus
1539 1919 1626 1969 Lyſer
1641 1923 1710 1963 von
1727 1918 1849 1972 dieſem
1859 1917 1985 1970 Buche
1998 1916 2114 1971 chriſt⸗

694 1964 795 2013 licher
810 1965 1019 2012 geurtheilet,
1036 1967 1107 2006 und
1120 1965 1271 2014 geſaget:
1300 1968 1390 2011 Das
1403 1967 1525 2013 Buch
1540 1955 1585 2015 iſt
1600 1976 1687 2019 gut,
1702 1976 1824 2009 wenn
1834 1970 1902 2010 der
1911 1967 2023 2009 Leſer
2036 1973 2120 2021 gut

693 2016 752 2067 iſt.
805 2011 897 2065 Ohn
907 2015 1050 2068 Zweifel
1060 2016 1163 2063 hat
1133 2022 1164 2067 er
1175 2018 1270 2057 einen
1281 2014 1409 2066 ſolchen
1419 2015 1514 2067 Leſer
1523 2022 1710 2066 gemeynet,
1725 2018 1781 2059 der
1791 2017 1881 2067 nicht
1892 2019 1955 2060 mit
1964 2007 2115 2062 Vorur⸗

694 2072 819 2117 theilen
832 2075 938 2113 wider
946 2075 1009 2113 den
1019 2072 1142 2120 ſeligen
1174 2068 1248 2118 Arnd
1257 2072 1518 2121 eingenommen
1529 2074 1591 2121 ſey.
1642 2073 1700 2125 Ja
1715 2075 1872 2123 ſelbſt
1826 2070 1879 2118 ein
1881 2074 2119 2128 Papiſtiſcher

693 2113 848 2170 Praͤlat,
872 2117 929 2160 als
944 2126 977 2159 er
997 2117 1051 2160 die
1064 2119 1131 2160 vier
1140 2117 1283 2167 Buͤcher
1298 2124 1384 2162 vom
1393 2116 1534 2169 wahren
1544 2107 1805 2172 Chriſtenthum
1818 2116 1956 2169 geleſen,
1974 2120 2035 2171 hat
2048 2116 2115 2169 ſich

694 2172 898 2222 vernehmen
917 2171 1045 2225 laſſen:
1080 2174 1134 2220 Er
1144 2174 1249 2228 muͤſſe
1269 2175 1333 2227 ſich
1343 2175 1526 2225 wundern,
1554 2177 1621 2219 wie
1641 2176 1695 2220 ein
1711 2174 1935 2231 Lutheriſcher
1949 2169 2066 2226 Ketzer
2075 2176 2119 2226 ſo

693 2224 860 2276 geiſtreich
871 2224 1032 2276 ſchreiben
1047 2224 1192 2269 koͤnnen.
1219 2228 1297 2272 Und
1314 2230 1359 2267 D.
1370 2228 1450 2279 Joh.
1463 2230 1600 2268 Valent.
1609 2228 1763 2277 Andreæ,
1777 2229 1834 2271 der
1849 2230 1902 2270 ein
1919 2227 2121 2278 heimlicher

693 2278 805 2315 Autor
819 2278 875 2319 der
884 2274 1248 2326 Roſencreutzeriſchen
1258 2276 1501 2328 Schrifft
1436 2272 1486 2328 und
1504 2272 1604 2333 dieſer
1623 2273 1808 2333 ertichteten
1818 2278 1909 2320 Secte
1917 2284 2007 2327 war,
2022 2278 2112 2322 ſonſt

691 2322 779 2373 auch
794 2324 877 2364 viele
897 2329 976 2373 gute
993 2321 1196 2375 Schrifften
1217 2322 1505 2377 herausgegeben,
1533 2326 1702 2371 darinnen
1724 2335 1759 2370 er
1777 2326 1844 2371 das
1866 2325 1985 2379 falſche
2006 2319 2113 2374 Chri⸗

691 2374 861 2421 ſtenthum
877 2377 940 2415 mit
959 2376 1151 2423 lebendigen
1166 2374 1305 2425 Farben
1323 2375 1512 2424 abmahlet,
1538 2377 1602 2423 hat
1619 2377 1716 2420 einen
1730 2375 1846 2427 Brief
1853 2385 1900 2419 an
1914 2378 1977 2421 den
1989 2377 2111 2427 ſeligen

690 2426 792 2466 Arnd
803 2425 1016 2469 geſchrieben,
1032 2430 1103 2464 und
1114 2426 1187 2472 ihm
1198 2429 1246 2464 im
1256 2426 1428 2470 Nahmen
1444 2429 1525 2464 aller
1561 2429 1725 2474 Frommen
1745 2426 1855 2478 Danck
1880 2421 2023 2473 geſaget,
2036 2416 2113 2464 daß

691 2482 732 2510 er
742 2474 928 2519 Chriſtum
938 2480 1061 2510 wieder
1075 2481 1218 2510 bekandt
1233 2480 1401 2520 gemacht,
1432 2481 1490 2511 der
1512 2480 1548 2520 ſo
1572 2481 1672 2520 lange
1696 2483 1818 2513 mitten
1831 2480 1933 2516 unter
1947 2464 2105 2524 Chriſten

689 2527 889 2560 unbekandt
897 2532 967 2559 und
980 2531 1087 2566 fremd
1102 2533 1262 2570 geweſen.
1316 2535 1361 2559 D.
1376 2534 1595 2569 Hülſemann,
1615 2534 1673 2564 der
1685 2534 1777 2566 weil.
1797 2530 1833 2579 ſo
1833 2514 2101 2573 hochberuͤhmte

689 2581 760 2618 und
778 2579 1024 2627 ſcharffſinnige
1045 2583 1227 2627 Theologus,
1243 2586 1278 2623 in
1293 2582 1436 2628 Leipzig,
1459 2584 1521 2627 hat
1535 2583 1693 2628 Arnden,
1709 2584 1826 2631 wegen
1844 2577 1947 2630 ſeiner
1960 2571 2108 2626 Gottſe⸗
