1753 2639
488 720 1030 774 Einleitung.

265 824 379 872 Ueber
396 830 464 871 den
482 824 642 879 Begriff,
678 824 835 881 Jnhalt,
865 826 1017 880 Werth,
1045 827 1102 872 die
1120 825 1254 884 Huͤlfs⸗

322 887 458 939 mittel,
487 893 563 932 und
588 893 650 931 der
664 888 769 941 Plan
785 890 880 931 einer
896 883 1096 941 populaͤren
1116 891 1191 934 und

532 958 742 1015 praktiſchen
783 961 989 1015 Theologie.

736 1180 770 1208 I.

343 1228 461 1271 Begriff
478 1233 526 1264 des
540 1228 709 1271 Populaͤren
735 1233 789 1264 und
796 1231 979 1280 Praktiſchen
1002 1230 1169 1274 uͤberhaupt.

260 1312 339 1427 J

339 1326 419 1362 eder
431 1312 648 1371 Unterricht,
675 1328 738 1367 bey
753 1329 904 1368 welchem
926 1337 1004 1359 man
1022 1330 1133 1362 keinen
1150 1327 1246 1370 hoͤhe⸗

373 1396 431 1423 ren
449 1375 549 1423 Grad
566 1380 636 1432 von
636 1372 959 1435 wiſſenſchaftlicher
971 1382 1143 1428 Bildung,
1171 1387 1248 1419 oder

263 1437 448 1490 eigentliche
474 1434 773 1491 Gelehrſamkeit,
807 1440 946 1490 ſondern
977 1441 1049 1478 blos
1077 1440 1247 1485 gemeinen

263 1499 599 1553 Menſchenverſtand
620 1499 840 1552 vorausſetzen
873 1501 970 1552 darf,
1008 1511 1066 1540 um
1092 1502 1149 1551 ihn
1177 1513 1246 1543 ver⸗

261 1558 416 1614 ſtaͤndlich
439 1572 477 1611 zu
503 1559 657 1613 machen,
699 1552 792 1613 heißt
809 1559 1149 1618 Volksunterricht,
1179 1567 1247 1602 und

262 1621 347 1675 ſeine
364 1623 643 1676 unterſcheidende
661 1623 872 1676 Eigenſchaft
887 1623 944 1676 iſt,
988 1622 1051 1674 daß
1077 1636 1109 1666 er
1135 1630 1249 1674 popu⸗

261 1678 318 1726 laͤr
336 1687 411 1723 oder
425 1686 487 1723 den
505 1678 719 1733 Faͤhigkeiten
735 1687 795 1723 des
816 1684 941 1730 Volks
956 1704 1012 1711 —
1030 1687 1091 1724 das
1112 1683 1162 1734 iſt,
1192 1687 1248 1724 der

260 1739 450 1791 Menſchen
476 1747 539 1781 aus
567 1739 659 1782 allen
679 1739 848 1784 Staͤnden
874 1761 930 1769 —
959 1743 1163 1789 angemeſſen
1183 1741 1247 1792 ſey.

263 1790 400 1851 Sofern
419 1786 486 1835 der
510 1797 620 1847 Zweck
642 1799 801 1846 deſſelben
827 1796 1007 1845 vorzuͤglich
1033 1796 1132 1840 dahin
1157 1797 1247 1844 geht,

262 1852 325 1887 das
352 1859 389 1896 zu
407 1847 536 1900 lehren,
571 1859 691 1890 wovon
717 1849 770 1888 ein
796 1849 1045 1892 unmittelbarer
1071 1842 1246 1903 Gebrauch

261 1911 312 1952 im
328 1911 422 1951 Leben
438 1912 583 1962 gemacht
607 1917 739 1954 werden
762 1912 868 1962 kann,
898 1913 981 1954 wird
1008 1924 1041 1950 er
1070 1911 1250 1965 praktiſch.

261 1954 359 2010 Wer
378 1965 471 2005 einen
484 1965 611 2019 ſolchen
636 1967 959 2014 Volksunterricht
986 1966 1136 2017 ertheilt,
1165 1968 1248 2008 wird

260 2035 317 2075 ein
333 2033 457 2084 Lehrer
471 2038 529 2076 des
562 2028 669 2085 Volks
685 2029 936 2097 (Volkslehrer)
953 2036 1027 2075 oder
1044 2032 1249 2093 praktiſcher

262 2086 390 2139 Lehrer
406 2097 566 2139 genannt.

307 2169 373 2201 Der
398 2167 539 2211 Ausdruck
545 2168 629 2202 Volk
642 2171 709 2208 muß
728 2175 775 2200 am
793 2166 940 2206 wenigſten
965 2170 996 2201 in
1019 2169 1107 2209 dieſen
1128 2168 1249 2201 Verbin⸗

346 2225 474 2266 dungen,
501 2224 535 2258 in
555 2225 651 2268 irgend
675 2227 764 2262 einem
797 2222 988 2267 veraͤchtlichen
1009 2227 1111 2261 Sinne
1138 2234 1251 2268 genom⸗
