1734 2660
130 522 178 559 als
204 525 312 571 Chriſt
341 522 501 565 obliegen,
528 530 564 566 zu
598 522 746 567 erfuͤllen;
774 524 865 568 durch
895 524 1033 565 Worte,
1059 524 1184 568 Thaten

131 586 191 618 und
209 581 355 626 Beiſpiel
372 581 425 627 ſich
443 592 496 616 um
513 586 624 618 andrer
641 582 744 629 Wohl
759 582 898 618 verdient
922 593 959 628 zu
984 581 1109 626 machen
1141 599 1185 607 —

130 645 197 683 dem
212 645 291 681 kann
310 652 342 679 es
360 644 485 688 warlich
506 645 553 681 nie
568 658 608 682 an
624 644 833 693 Gelegenheit
850 649 913 682 und
939 644 1182 690 Veranlaſſung

131 709 209 756 dazu
228 717 337 756 fehlen.
392 710 502 753 Welch
523 711 608 747 einen
629 710 727 758 hohen
757 712 873 759 Werth
905 713 981 758 muß
1014 722 1079 748 nun
1111 711 1185 748 aber

132 774 220 821 unſer
236 774 326 813 Leben
346 773 465 822 haben,
493 777 533 810 da
546 775 604 810 wir
620 774 712 820 durch
727 776 857 822 daſſelbe
875 778 903 821 ſo
921 777 982 813 viel
1008 777 1116 815 Gutes
1135 776 1185 821 fuͤr

133 844 194 874 uns
212 843 275 876 und
294 842 406 876 andere
424 838 562 885 ſchaffen,
589 842 652 874 und
671 839 698 886 ſo
716 841 776 876 viel
798 840 916 884 Segen
933 840 1034 885 ſtiften
1048 839 1186 876 koͤnnen!

134 898 200 944 Ja,
227 904 313 944 einen
331 905 396 954 ſehr
417 905 517 953 hohen
533 904 670 953 Werth;
694 924 743 931 —

231 1036 333 1075 Denn
351 1041 384 1070 es
403 1034 440 1083 iſt
458 1033 533 1081 auch
549 1034 598 1071 die
611 1034 701 1083 Zeit,
727 1046 776 1072 wo
795 1035 850 1072 wir
871 1036 927 1073 uns
944 1027 1036 1080 durch
1052 1036 1184 1081 Tugend

139 1106 197 1139 und
211 1103 375 1151 Weisheit
396 1097 454 1155 auf
480 1102 529 1138 ein
560 1105 692 1140 anderes
717 1104 845 1150 beſſeres
878 1102 968 1141 Leben
997 1103 1187 1140 vorbereiten

138 1154 237 1200 ſollen.
288 1160 387 1208 Dieſe
404 1159 489 1200 Erde
507 1160 542 1206 iſt
557 1163 610 1197 der
627 1147 711 1202 Ort,
735 1171 782 1196 wo
799 1161 857 1195 wir
883 1168 945 1195 uns
968 1171 1004 1205 zu
1031 1161 1113 1195 einer
1134 1159 1188 1207 hoͤ⸗

137 1217 207 1265 hern
221 1223 513 1269 Vollkommenheit
528 1227 590 1259 und
602 1233 638 1270 zu
656 1225 754 1260 einem
768 1225 903 1271 groͤſſern
924 1226 1045 1264 Gluͤkke
1061 1216 1188 1271 geſchikt

139 1290 259 1335 machen
279 1294 381 1337 ſollen.
433 1293 506 1330 Und
522 1292 581 1328 mit
598 1293 655 1328 wie
675 1292 773 1329 vielen
796 1291 1024 1337 Kenntniſſen,
1051 1293 1109 1329 mit
1131 1292 1189 1329 wie

140 1334 231 1395 vielen
248 1350 423 1396 Einſichten
443 1361 560 1392 koͤnnen
579 1364 637 1392 wir
661 1352 742 1390 nicht
766 1350 876 1392 unſern
899 1350 1063 1393 Verſtand
1096 1364 1190 1397 berei⸗

140 1409 223 1456 chern
238 1435 286 1452 —
299 1429 358 1463 wie
377 1427 453 1462 viele
468 1429 539 1465 aͤdle
558 1414 797 1460 Eigenſchaften
813 1420 869 1451 des
894 1417 1036 1461 Herzens
1060 1423 1121 1451 uns
1145 1426 1191 1450 er⸗

140 1482 258 1521 werben
277 1493 337 1530 —
349 1483 401 1520 wie
416 1483 494 1520 viele
509 1484 704 1532 Tugenden,
730 1484 788 1521 wie
800 1484 877 1521 viele
899 1494 990 1531 gute,
1019 1485 1190 1533 Menſchen

140 1536 338 1587 begluͤkkende
364 1546 490 1589 Thaten
513 1546 679 1586 ausuͤben,
706 1558 753 1588 die
769 1563 831 1589 uns
850 1559 909 1591 mit
924 1559 1003 1591 allen
1028 1544 1190 1586 Segnun⸗

115 1620 197 1661 gen
213 1617 297 1654 eines
312 1613 415 1652 reinen
431 1615 586 1661 Herzens,
597 1617 663 1660 mit
680 1621 750 1652 dem
767 1627 886 1663 ganzen
908 1619 1029 1657 Gluͤkke
1054 1624 1107 1655 der
1122 1618 1191 1655 Tu⸗

139 1670 216 1708 gend
234 1658 310 1711 einſt
325 1667 398 1702 uͤber
413 1671 474 1703 das
489 1663 584 1704 Grab
600 1669 652 1703 ins
668 1670 759 1712 beſſre
774 1676 866 1709 Leben
879 1672 980 1710 folgen
990 1676 1130 1710 werden!
1130 1676 1190 1710 —

140 1735 250 1781 Welch
266 1735 352 1771 einen
372 1735 471 1782 hohen
498 1735 616 1782 Werth
638 1737 716 1781 muß
725 1731 819 1787 daher
845 1729 942 1779 nicht
971 1735 1019 1771 ein
1053 1733 1190 1782 einziges

141 1803 399 1854 Menſchenleben
415 1803 447 1841 in
463 1806 521 1842 den
537 1802 654 1851 Augen
667 1806 721 1843 des
750 1805 867 1844 Gottes
895 1803 1015 1855 haben,
1047 1806 1102 1842 der
1125 1811 1189 1844 uns

144 1878 212 1915 zum
226 1872 313 1913 Gluͤk
330 1876 393 1911 und
410 1882 465 1921 zur
482 1870 603 1919 Freude
617 1870 751 1919 erſchuf,
777 1875 818 1911 da
843 1872 901 1910 wir
922 1869 983 1911 uns
1008 1873 1075 1923 hier
1097 1872 1192 1924 durch

145 1929 276 1982 Tugend
300 1938 365 1974 und
382 1934 545 1980 Weisheit
567 1929 690 1982 wuͤrdig
714 1934 774 1983 auf
793 1936 853 1974 das
883 1934 972 1978 Gluͤk
994 1938 1051 1976 des
1078 1934 1193 1984 beſſern

147 1985 250 2043 Lebens
269 2007 456 2038 vorbereiten
475 1985 580 2032 ſollen.
606 2007 657 2033 --

246 2134 321 2184 Laßt
339 2142 402 2173 uns
421 2146 485 2173 nun
507 2135 579 2182 noch
602 2134 702 2181 einige
730 2135 871 2184 wichtige
892 2137 1013 2185 Folgen
1032 2143 1094 2175 aus
1125 2141 1195 2175 dem

150 2178 251 2237 bisher
266 2201 531 2244 Vorgetragenen
554 2189 604 2228 fuͤr
629 2190 732 2233 unſere
765 2192 887 2236 Herzen
922 2198 1081 2236 herleiten.
1132 2207 1196 2237 Er⸗

153 2243 215 2295 haͤlt
236 2263 323 2302 unſer
349 2272 438 2305 Leben
460 2268 521 2315 auf
536 2267 644 2306 Erden
669 2257 761 2302 durch
785 2270 833 2303 die
855 2274 957 2305 damit
976 2271 1194 2302 verbundenen
