2755 4132
213 1319 614 1722 B

630 1332 931 1422 Eſtuͤrtztes
943 1326 1163 1426 Jſrael!
1207 1322 1438 1409 beweine
1459 1332 1800 1421 Jonathan/

625 1415 757 1498 Der
757 1414 854 1513 auf
842 1415 1093 1514 Gilboa
1103 1419 1272 1511 faͤllt/
1284 1426 1375 1518 auf
1431 1421 1912 1505 Blut⸗beſpruͤtzten
1949 1424 2153 1504 Hoͤhen!

698 1517 873 1594 Wir
891 1519 1080 1601 klagen
1110 1512 1311 1599 unſern
1333 1507 1596 1597 Printz/
1613 1531 1692 1580 an
1716 1516 1968 1583 welchem
1989 1523 2152 1579 ieder⸗

1244 1623 1387 1680 man

623 1696 741 1770 Ein
763 1693 951 1777 holdes
963 1691 1233 1774 Ebenbild
1252 1693 1352 1763 des
1360 1691 1714 1776 Jonathans
1730 1695 1974 1771 geſehen!

312 1776 441 1860 Hat
453 1786 606 1857 dann
631 1785 729 1854 des
741 1778 930 1858 Todes
943 1777 1103 1866 Pfeil
1103 1779 1214 1863 den
1231 1778 1440 1854 jungen
1460 1781 1607 1852 Held
1627 1783 1850 1856 gefaͤllt/

305 1870 435 1948 Der
456 1859 945 1958 Sieges⸗Palmen
957 1865 1087 1953 doch
1100 1875 1235 1939 vom
1242 1867 1413 1955 Tode
1413 1866 1548 1952 ſelbſt
1572 1868 1784 1950 erhaͤlt?

218 2013 426 2085 Ein
439 2004 694 2099 Printz/
716 2014 822 2088 den
844 2008 1063 2098 Pallas
1086 2003 1231 2094 ſelbſt
1250 2006 1453 2089 geſtillt
1513 2011 1574 2093 an
1569 2009 1750 2087 Jhrer
1766 2010 1994 2085 Bruſt/

197 2074 319 2172 Und
357 2096 465 2167 den
489 2078 768 2175 Sophien
779 2087 963 2172 Hand
995 2091 1230 2162 formirt
1251 2096 1372 2150 und
1394 2116 1749 2177 auferzogen/

261 2182 426 2258 Ein
450 2185 607 2261 mehr
617 2185 710 2253 als
729 2180 913 2261 holder
931 2174 1195 2264 Printz/
1225 2180 1321 2244 der
1344 2181 1694 2244 Caritinnen
1716 2185 1884 2255 Luſt/

195 2271 332 2348 Der
352 2269 490 2348 auch
515 2270 600 2343 ein
622 2263 980 2357 Felſen⸗Hertz
1004 2266 1117 2336 mit
1137 2264 1315 2335 einem
1337 2266 1499 2336 Blick
1524 2267 1809 2341 bewogen/

267 2361 422 2438 Ein
441 2345 790 2452 Chriſtlicher
839 2336 1006 2444 Adon/
1034 2349 1141 2443 der
1149 2355 1438 2432 Ausbund
1463 2359 1600 2425 aller
1618 2360 1772 2442 Zier/

296 2460 429 2531 Der
448 2456 613 2541 ſuͤſſen
624 2453 928 2558 Hoffnung
939 2448 1080 2540 Ziel/
1095 2450 1163 2536 iſt
1185 2439 1403 2539 leyder!
1446 2448 1594 2530 nicht
1609 2452 1772 2531 mehr
1781 2453 1960 2529 hier!

295 2605 433 2672 Wo
433 2604 502 2679 iſt
529 2595 636 2672 das
675 2588 921 2687 Printzen
942 2594 1166 2688 Hertz/
1174 2596 1273 2670 der
1284 2588 1735 2680 GOttesfurcht
1752 2600 1965 2669 Altar?

187 2684 316 2759 Wo
302 2668 408 2763 iſt
435 2670 528 2759 der
535 2677 779 2762 Mund/
793 2666 1021 2753 daraus
1044 2678 1144 2766 der
1135 2676 1344 2751 Worte
1355 2682 1515 2744 Gold
1526 2687 1814 2754 gefloſſen?

294 2773 420 2844 Wo
433 2758 507 2855 iſt
533 2758 635 2847 das
645 2759 894 2857 Haupt/
932 2755 1046 2840 das
1055 2765 1298 2855 ſonſt
1224 2769 1319 2856 ein
1309 2768 1510 2842 Thron
1529 2778 1628 2828 der
1636 2778 1910 2839 Klugheit
1927 2766 2088 2843 war/

185 2859 318 2947 Hat
337 2860 496 2931 dann
516 2853 629 2931 das
657 2855 816 2940 holde
832 2854 1007 2940 Paar
1024 2857 1120 2924 der
1129 2853 1343 2933 Augen
1362 2856 1461 2931 ſich
1478 2863 1831 2929 geſchloſſen?

293 2949 435 3026 Ach!
477 2950 545 3028 iſt
567 2948 652 3021 die
662 2944 845 3032 Hand
867 2942 1137 3029 erſtarrt/
1168 2948 1253 3010 die
1288 2944 1405 3018 Felß
1440 2960 1531 3030 und
1547 2953 1735 3005 Stein
1750 2955 1964 3018 bewegt

290 3033 491 3118 Wenn
507 3011 608 3110 Sie
653 3027 760 3104 das
770 3020 1211 3123 Seyten⸗Spiel
1254 3038 1344 3096 mit
1356 3031 1849 3108 Wunder⸗Kunſt
1849 3054 2076 3135 geregt?

291 3161 424 3241 Des
445 3139 715 3251 Himmels
757 3130 1136 3246 Meiſterſtuͤck/
1179 3158 1277 3227 der
1285 3153 1468 3233 ſchoͤne
1485 3157 1647 3219 Bau
1666 3167 1949 3229 zerbricht/

187 3256 326 3328 Den
347 3259 447 3339 ſich
468 3260 566 3330 der
583 3247 810 3342 ſchoͤnſte
822 3243 1004 3334 Gaſt/
1050 3241 1138 3331 der
1158 3245 1347 3325 theure
1367 3244 1532 3328 Geiſt
1555 3254 1783 3331 erleſen!

294 3344 424 3419 Der
443 3344 676 3436 Jugend
689 3339 944 3425 Morgen
939 3323 1118 3428 ſtreut
1145 3326 1294 3433 nicht
1322 3336 1449 3432 mehr
1479 3339 1585 3415 ſein
1596 3340 1988 3422 Roſen⸗Licht/

187 3441 328 3511 Den
343 3435 628 3523 Purpur/
644 3431 863 3519 welcher
874 3420 988 3518 faſt
1001 3419 1098 3505 der
1114 3426 1337 3503 Sonne
1351 3429 1515 3506 gleich
1525 3434 1821 3505 geweſen!

293 3529 438 3596 Das
462 3530 651 3613 reinſte
671 3515 1011 3612 Criſtallin/
1013 3505 1119 3593 der
1131 3506 1373 3604 Spiegel
1396 3513 1464 3598 iſt
1482 3518 1763 3598 zerſtuͤckt/

291 3620 521 3706 Jndem
543 3619 637 3695 der
645 3612 914 3707 Himmel
914 3610 1062 3706 ſelbſt
1072 3610 1179 3704 ſein
1189 3608 1460 3684 Portrait
1477 3613 1795 3689 angeblickt!
