1631 2403
665 405 729 443 Die
745 408 854 445 Voͤlker
868 409 984 445 werden
1008 406 1115 453 taͤglich
1139 407 1257 454 kluͤger;

628 458 706 503 Auch
724 461 775 503 die,
792 463 836 498 die
853 461 925 506 ſonſt
940 465 984 500 die
993 462 1128 506 Wildniß
1148 465 1237 501 deckt:

625 511 690 555 Jhr
706 512 812 558 wuͤſtes
828 514 932 556 Weſen
947 516 1018 559 liegt
1035 515 1187 559 geſtreckt;

625 559 687 598 Sie
702 561 815 598 werden
835 562 932 605 eigner
947 552 1104 608 Blindheit
1117 565 1241 609 Sieger.

624 603 731 660 Selbſt
746 617 838 661 groſſe
857 610 979 660 Prinzen
996 619 1057 658 ſind
1083 618 1204 664 bedacht

623 667 714 710 Nicht
731 678 788 704 nur
802 671 856 705 den
873 669 965 711 Feind
982 671 1084 713 umher
1100 681 1132 716 zu
1149 669 1295 716 daͤmpfen,

624 717 724 766 Nein!
740 720 812 762 auch
828 721 872 755 die
889 719 1029 763 Thorheit
1045 731 1083 766 zu
1103 721 1318 767 bekaͤmpfen:

622 768 700 804 Das
714 768 771 810 erſt
785 770 832 812 ihr
847 769 924 806 Volk
939 779 973 813 zu
988 760 1151 815 Menſchen
1163 763 1271 814 macht:

621 824 677 861 So
692 823 801 858 koͤnnen
818 820 943 865 Fuͤrſten
964 824 1020 866 auf
1033 827 1081 864 der
1097 827 1198 863 Erden

620 871 692 915 Erſt
707 873 785 916 recht
799 875 850 910 der
865 872 973 912 Laͤnder
989 875 1100 915 Goͤtter
1119 877 1245 913 werden.

652 988 728 1024 Thut
746 976 834 1022 einen
851 987 934 1022 Blick
949 984 1014 1031 zum
1027 979 1124 1027 kalten
1138 990 1271 1031 Norden,

617 1040 716 1081 Sagt,
732 1036 778 1077 die
786 1042 840 1084 ihr
854 1041 945 1083 deſſen
977 1042 1105 1086 Zuſtand
1125 1043 1249 1085 kennt,

617 1089 672 1128 Ob
685 1091 724 1126 da
741 1090 819 1136 nicht
834 1089 862 1133 ſo
879 1093 925 1128 ein
938 1093 1037 1135 Feuer
1044 1094 1177 1134 brennt,

617 1136 695 1181 Daß
711 1138 793 1183 ſchon
808 1138 867 1175 aus
886 1136 1020 1183 Naͤchten
1035 1141 1116 1185 Tage
1130 1142 1272 1180 worden?

617 1192 699 1228 Man
716 1191 787 1233 ſieht
804 1195 912 1235 ietzund
938 1195 992 1231 des
1009 1195 1204 1239 Nordſcheins
1221 1196 1298 1240 Licht

617 1241 719 1289 Mehr,
739 1248 788 1284 als
804 1247 836 1290 zu
857 1249 935 1285 alten
958 1249 1051 1293 Zeiten
1069 1251 1179 1291 blitzen;

616 1295 692 1328 Wer
711 1295 785 1329 weis
787 1293 882 1339 nicht,
895 1295 961 1336 daß,
972 1297 1011 1332 wo
1026 1291 1140 1337 Goͤtter
1155 1299 1243 1340 ſitzen,

618 1348 689 1383 Der
704 1348 824 1388 Strahl
837 1339 928 1391 durch
943 1348 1002 1385 alle
1024 1337 1102 1391 Luͤfte
1120 1352 1234 1396 bricht?

618 1381 674 1443 Jſt
686 1386 763 1442 nicht
776 1394 829 1433 des
841 1394 954 1442 rauhen
969 1399 1076 1438 Beltes
1098 1398 1199 1440 Buſen

615 1449 774 1495 Nunmehr
790 1452 836 1488 ein
854 1451 1031 1497 Aufenthalt
1045 1452 1098 1493 der
1116 1454 1291 1497 Muſen?

650 1558 732 1595 Man
748 1558 820 1602 gehe
835 1559 907 1602 nach
924 1562 991 1598 dem
998 1560 1134 1602 Oriente,

612 1608 677 1644 Und
692 1607 753 1650 ſehe
768 1609 835 1645 was
850 1608 911 1652 jetzt
928 1609 1077 1649 Stambol
1092 1612 1216 1655 thut:

612 1659 660 1696 Es
674 1659 755 1703 faſſet
771 1663 853 1698 einen
867 1661 969 1704 freyen
984 1661 1089 1706 Muth,

611 1709 684 1746 Den
698 1710 771 1754 ſonſt
787 1712 849 1749 kein
865 1710 964 1754 Mufti
983 1711 1066 1756 leicht
1084 1709 1252 1757 vergoͤnnte.

609 1763 658 1802 Es
671 1761 783 1806 ſcheint,
800 1766 837 1799 ob
850 1766 964 1808 machte
986 1765 1202 1810 Griechenland

608 1814 673 1852 Die
690 1811 808 1856 Muſen,
814 1808 862 1858 die
875 1812 948 1858 ſonſt
966 1818 1019 1857 bey
1036 1818 1097 1859 ihm
1107 1811 1223 1859 waren,

609 1862 716 1909 Selbſt
728 1861 821 1905 ſeinen
835 1865 942 1902 wilden
954 1857 1184 1911 Janitſchaaren

608 1914 785 1960 Nunmehro
800 1916 957 1954 wiederum
985 1916 1134 1957 bekannt.

605 1968 686 2004 Man
703 1969 797 2014 ſchickt
815 1970 859 2005 die
876 1968 1005 2012 Jugend
1005 1969 1047 2013 in
1057 1973 1106 2008 die
1122 1970 1240 2010 Laͤnder,

603 2019 669 2054 Und
682 2021 775 2064 ſuchet
791 2022 869 2066 echte
892 2019 1193 2068 Weisheitspfaͤnder.
