1692 2406
602 502 938 584 Wunsch.

278 656 498 728 Chriſte,
535 657 602 716 du
636 657 805 717 Lamm
831 654 1072 722 GOttes,
1110 647 1196 711 der
1224 652 1290 712 du

358 727 512 802 traͤgſt
530 732 605 792 die
615 724 804 795 Suͤnde
837 731 909 791 der
950 728 1075 794 Welt,
1101 724 1292 786 erbarm

356 800 460 870 dich
484 802 639 875 unſer.

280 879 501 951 Chriſte,
539 880 607 938 du
636 880 804 939 Lamm
834 872 1075 942 GOttes,
1110 876 1198 937 der
1227 873 1295 934 du

360 951 515 1028 traͤgſt
536 954 612 1016 die
621 946 809 1018 Suͤnde
825 952 911 1015 der
920 951 1081 1019 Welt,
1099 947 1298 1012 erbarm

361 1029 463 1100 dich
489 1029 644 1102 unſer.

290 1110 503 1185 Chriſte,
540 1112 609 1172 du
636 1111 805 1173 Lamm
832 1108 1073 1174 GOttes,
1108 1107 1194 1167 der
1226 1105 1294 1167 du

361 1184 516 1259 traͤgſt
557 1190 634 1248 die
671 1181 859 1249 Suͤnde
891 1188 976 1248 der
1015 1185 1176 1252 Welt,
1216 1181 1298 1257 gib

361 1268 458 1323 uns
481 1263 652 1324 deinen
671 1260 889 1327 Frieden.
957 1259 1135 1322 Amen.

644 1386 953 1478 Eingang.

600 1493 799 1551 Matth.
826 1508 895 1549 27,
924 1505 993 1541 51.

297 1565 457 1633 Siehe
478 1565 566 1624 da,
601 1563 688 1619 der
716 1556 972 1631 Vorhang
1002 1556 1070 1617 im
1106 1555 1302 1628 Tempel

367 1630 519 1706 zerriß
548 1630 601 1691 in
641 1639 753 1700 zwey
780 1619 1029 1700 Stuͤcken,
1051 1632 1153 1687 von
1176 1623 1303 1687 oben

371 1722 438 1769 an
460 1707 539 1768 bis
567 1710 720 1767 unten
739 1706 851 1765 aus.

315 1815 451 1985 J

463 1830 507 1871 N
525 1816 653 1888 dieſen
668 1823 855 1878 Worten
862 1826 973 1864 wird
982 1834 1062 1861 ein
1068 1834 1298 1871 beſonderer

456 1873 624 1942 Zufall
646 1887 743 1936 oder
754 1884 921 1937 Werck,
948 1883 988 1936 ſo
1007 1882 1076 1939 ſich
1096 1883 1156 1930 im
1175 1883 1306 1931 Tem⸗

484 1946 546 1989 pel
572 1954 620 1989 zu
630 1941 868 2000 Jeruſalem
888 1940 1071 1995 begeben,
1086 1939 1175 1986 und
1192 1946 1304 1989 zwar

302 2013 351 2063 zu
371 2005 479 2052 einer
497 2007 606 2059 gantz
626 1998 846 2056 beſondern
856 1997 961 2055 Zeit,
979 1994 1193 2054 berichtet:
