2852 3413
1144 639 1195 674 76

1146 705 1178 729 te
1196 695 1349 739 deſſelben
1368 698 1474 739 einige
1487 709 1574 738 zarte
1599 701 1746 743 runzlige
1762 701 1912 743 Falten,
1939 706 1989 738 die
2008 706 2066 739 alle
2093 712 2163 741 von
2185 701 2297 754 außen
2322 703 2405 750 nach
2428 695 2535 750 innen

1145 763 1184 797 zu
1199 755 1315 803 liefen,
1343 761 1411 796 und
1426 764 1486 807 da,
1513 770 1564 797 wo
1581 761 1623 808 ſie
1638 762 1967 813 zuſammenſtießen,
1994 768 2066 806 eine
2082 769 2216 810 dunkele
2233 766 2436 817 Querlinie,
2460 777 2537 813 oder

1144 816 1303 866 vielmehr
1320 823 1392 859 eine
1412 815 1646 871 Querſpalte,
1671 823 1904 875 verurſachten
1923 827 2003 876 (*).

1238 933 1346 975 Fieng
1362 933 1411 972 ich
1426 933 1565 978 hierauf
1577 941 1645 976 an,
1670 936 1723 972 die
1746 935 1872 982 Raupe
1895 937 1955 982 bey
1977 941 2039 979 den
2065 940 2168 989 erſten
2192 940 2334 991 Ringen
2359 943 2442 991 nach
2464 949 2538 985 dem

1139 990 1254 1033 Kopfe
1268 1002 1304 1029 zu
1325 1000 1407 1033 ganz
1424 992 1541 1035 gelind
1552 1000 1590 1034 zu
1601 992 1762 1036 druͤcken;
1788 998 1820 1041 ſo
1836 999 1932 1042 erhob
1947 996 2009 1045 ſich
2024 1003 2074 1038 die
2088 999 2283 1050 anfaͤnglich
2301 1002 2415 1052 faltige
2424 1002 2537 1046 Qver⸗

1140 1047 1285 1089 oͤffnung
1302 1048 1365 1079 mit
1379 1045 1474 1087 ihren
1491 1043 1652 1089 Runzeln
1667 1047 1749 1091 nach
1767 1052 1837 1088 und
1853 1049 1935 1093 nach
1948 1054 1987 1089 in
2000 1056 2050 1090 die
2065 1052 2174 1100 Hoͤhe,
2200 1060 2268 1093 und
2281 1058 2383 1101 nahm
2402 1062 2450 1098 die
2468 1061 2535 1099 Ge⸗

1140 1104 1217 1143 ſtalt
1232 1103 1323 1135 eines
1342 1099 1553 1146 abgeſtutzten
1570 1097 1700 1149 Kegels
1717 1115 1762 1143 an
1778 1107 1870 1153 (**).
1921 1107 2043 1154 Dieſer
2060 1112 2242 1156 abgeſtutzte
2259 1112 2379 1158 Kegel,
2403 1122 2465 1153 den
2484 1116 2534 1157 ich

1139 1157 1272 1202 kuͤnftig
1288 1160 1351 1194 das
1366 1158 1444 1207 erſte
1464 1156 1565 1200 Glied
1587 1160 1688 1209 dieſes
1705 1161 1901 1209 Halstheils
1924 1173 2060 1204 nennen
2085 1169 2171 1214 will,
2194 1173 2232 1216 iſt
2252 1168 2429 1216 gruͤnlich,
2452 1181 2535 1218 ganz

1139 1224 1227 1255 glatt
1245 1224 1315 1247 und
1334 1221 1442 1249 etwas
1461 1212 1650 1261 glaͤnzend;
1676 1214 1756 1262 doch
1771 1218 1867 1266 ſiehet
1884 1226 1965 1258 man
1986 1220 2073 1261 oben
2087 1222 2293 1270 rundumher
2311 1227 2350 1263 in
2374 1234 2439 1269 zwo
2457 1235 2532 1268 oder

1137 1278 1217 1314 drey
1234 1277 1368 1313 Reihen
1383 1282 1485 1315 ganze
1501 1280 1587 1313 zarte
1602 1275 1764 1320 erhabene
1779 1273 1995 1326 Knoͤpfgen,
2018 1281 2070 1317 die
2085 1283 2121 1319 in
2141 1283 2231 1321 einer
2248 1281 2431 1330 ziemlichen
2442 1286 2534 1328 Ord⸗

1137 1345 1239 1376 nung
1257 1336 1519 1374 untereinander
1534 1337 1654 1386 ſtehen.
1703 1338 1914 1387 Sonderlich
1932 1343 2009 1382 aber
2033 1343 2189 1386 bemerket
2214 1354 2294 1387 man
2318 1349 2462 1390 alsdenn
2483 1359 2531 1389 an

1136 1394 1257 1437 dieſem
1277 1391 1380 1437 erſten
1396 1389 1514 1432 Gliede
1533 1391 1638 1434 oben,
1666 1396 1734 1434 und
1752 1403 1839 1442 zwar
1854 1398 1893 1438 in
1917 1402 1973 1440 der
1992 1396 2131 1448 Mitte,
2158 1403 2230 1443 eine
2253 1402 2369 1454 faltige
2393 1396 2533 1449 Vertie⸗

1135 1456 1226 1508 fung
1243 1462 1319 1499 oder
1335 1458 1515 1513 Oeffnung
1525 1464 1653 1518 (***);
1680 1463 1795 1516 welche
1810 1468 1905 1518 aber,
1931 1468 1964 1519 ſo
1986 1470 2058 1511 bald
2080 1483 2162 1514 man
2188 1477 2253 1515 das
2276 1475 2440 1520 Druͤcken
2458 1486 2531 1518 ver⸗

1133 1519 1280 1570 doppelt,
1288 1517 1350 1569 ſich
1365 1522 1404 1561 in
1416 1523 1470 1562 ein
1484 1529 1624 1573 zweytes
1640 1524 1756 1577 ſchnell
1770 1526 2095 1581 hervorſchießendes
2111 1533 2211 1577 Glied
2224 1539 2438 1581 verwandelt,
2458 1543 2527 1579 und

1131 1589 1171 1625 in
1184 1587 1241 1623 der
1256 1581 1355 1633 Hoͤhe
1370 1586 1477 1636 ſtehen
1494 1587 1608 1629 bleibet
1625 1589 1697 1637 (†).
1750 1591 1805 1632 Es
1831 1595 1888 1641 hat
1911 1593 2042 1643 daſſelbe
2065 1600 2114 1637 im
2137 1597 2394 1648 Durchſchnitte
2415 1606 2526 1642 etwas

1130 1650 1297 1690 weniger,
1322 1646 1376 1681 als
1392 1648 1456 1684 das
1470 1647 1576 1693 erſte;
1601 1644 1639 1693 iſt
1652 1658 1723 1688 von
1738 1649 1916 1700 demſelben
1935 1652 2017 1699 ſtark
2030 1654 2203 1702 abgeſetzt,
2230 1662 2300 1695 und
2325 1662 2388 1698 mit
2413 1661 2524 1707 lauter

1126 1704 1256 1742 ſolchen
1270 1702 1453 1742 erhabenen
1470 1699 1606 1737 kleinen
1622 1697 1790 1747 Knoͤpfgen
1814 1701 2039 1752 uͤberſtreuet,
2064 1703 2180 1751 welche
2207 1701 2269 1756 ſich
2294 1711 2353 1756 bey
2377 1715 2451 1749 dem
2476 1722 2524 1757 er⸗

1127 1762 1198 1798 ſten
1213 1760 1332 1792 Gliede
1349 1755 1432 1790 oben
1449 1760 1516 1790 nur
1527 1758 1565 1792 in
1582 1759 1737 1802 wenigen
1752 1756 1886 1805 Reihen
1902 1763 2019 1811 herum
2034 1761 2208 1812 befanden.
2260 1765 2343 1807 Und
2359 1768 2428 1815 hier
2443 1770 2523 1815 habe

1128 1815 1199 1858 ich,
1225 1808 1311 1860 ſelbſt
1328 1818 1392 1853 mit
1415 1821 1472 1854 der
1487 1815 1638 1867 ſtaͤrkſten
1652 1817 1954 1871 Vergroͤßerung,
1979 1828 2086 1864 weder
2101 1823 2248 1875 Falten,
2277 1829 2361 1875 noch
2384 1830 2524 1874 Vertie⸗

1125 1874 1254 1921 fungen
1272 1876 1348 1913 oder
1363 1871 1588 1924 Oeffnungen
1602 1876 1694 1924 mehr
1707 1878 1871 1930 geſehen;
1902 1883 1988 1930 auch
2010 1884 2110 1933 durch
2134 1885 2298 1931 Druͤcken
2322 1891 2434 1930 keinen
2457 1900 2520 1932 an⸗

1125 1941 1207 1979 dern
1222 1933 1340 1988 Koͤper
1357 1941 1435 1979 oder
1455 1937 1553 1990 Saft
1567 1940 1819 1994 herauspreſſen
1835 1943 1980 1988 koͤnnen.

1221 2050 1293 2097 Jch
1308 2051 1501 2098 muthmaße
1522 2050 1663 2102 indeſſen
1686 2051 1776 2099 nicht
1798 2055 2135 2106 unwahrſcheinlich,
2159 2062 2225 2108 daß
2247 2063 2331 2109 noch
2353 2066 2518 2112 mehrern,

1124 2113 1202 2134 oder
1221 2112 1309 2140 wohl
1323 2110 1407 2139 auch
1424 2106 1528 2143 allen,
1554 2106 1838 2149 Dornenraupen
1851 2107 1903 2142 ein
1920 2105 2037 2151 ſolcher
2053 2107 2218 2156 einfacher
2233 2110 2407 2161 Halstheil
2419 2106 2532 2162 eigen

1119 2174 1198 2213 ſeyn
1217 2166 1335 2212 moͤge;
1362 2171 1432 2203 und
1450 2169 1531 2205 wird
1547 2175 1586 2206 es
1600 2168 1728 2216 kuͤnftig
1744 2179 1810 2209 nur
1831 2170 1958 2220 darauf
1969 2173 2189 2224 ankommen,
2216 2178 2449 2230 anzumerken,
2476 2182 2515 2220 in

1119 2233 1262 2273 welchen
1278 2229 1440 2271 Stuͤcken
1456 2217 1562 2277 einige
1578 2233 1678 2280 dieſer
1692 2231 1806 2276 Theile
1823 2236 2044 2278 miteinander
2062 2233 2361 2293 uͤbereinkommen,
2387 2247 2457 2285 und
2473 2245 2512 2283 in

1119 2294 1260 2337 welchen
1275 2300 1394 2333 andere
1411 2300 1481 2336 von
1497 2295 1658 2336 einander
1675 2294 1875 2349 verſchieden
1892 2299 1973 2351 ſind.

2419 2413 2514 2448 End⸗

1157 2476 1221 2522 (*)
1239 2471 1448 2522 Tab.
1348 2464 1371 2513 1.
1383 2474 1448 2522 Fig.
1461 2479 1569 2515 XIl.a.
1591 2479 1681 2517 XIII.
1716 2474 1766 2534 a.
1786 2469 1857 2527 (**)
1871 2474 1964 2536 Fig.
1987 2475 2085 2532 XIll.
2098 2479 2143 2535 b.
2158 2492 2252 2534 (***)
2276 2492 2349 2534 Fig.
2370 2492 2460 2525 XIII.
2481 2502 2509 2526 c.

1192 2531 1254 2574 (†)
1275 2527 1348 2570 Fig.
1361 2529 1419 2565 XI.
1432 2539 1460 2567 a.
1490 2536 1568 2576 Fig.
1586 2536 1664 2569 XIV.
1684 2548 1714 2569 c.
