1604 2333
647 415 695 441 cæ
708 405 937 448 neceſſariam.
954 406 1003 465 (c)
1022 412 1087 464 Hat
1098 415 1167 456 das
1183 418 1236 454 ius
1254 418 1457 462 canonicum

649 458 736 507 nach
751 462 810 500 der
822 460 898 509 Zeit
907 463 1007 512 ſelber
1016 466 1154 513 mildere
1168 470 1376 518 Gedancken
1389 477 1457 514 von

650 509 757 548 denen
772 508 1100 566 Weibs⸗Perſonen
1109 516 1262 568 gefaſſet,
1270 522 1342 562 und
1349 515 1457 570 dieſel⸗

648 561 692 602 be
713 558 796 609 auch
818 564 854 602 in
879 564 1114 609 criminalibus
1140 571 1199 612 als
1213 570 1358 626 tuͤchtige
1370 575 1458 626 Zeu⸗

646 617 711 656 gen
724 610 931 665 agnoſciret,
946 617 1089 668 welches
1103 622 1155 663 die
1171 615 1362 675 beſtaͤndige
1385 635 1457 677 pra-

646 662 701 701 xis
711 665 905 706 Germaniæ
915 669 1000 718 auch
1013 668 1201 721 beſtaͤrcket.
1251 675 1394 730 Endlich
1404 677 1453 724 (d)

644 710 687 760 iſt
713 711 765 755 die
798 715 1024 763 vorgegebene
1049 713 1222 761 variation
1245 723 1305 765 der
1326 721 1455 777 Zeugin

638 765 903 821 unerpfindlich,
915 768 1062 825 zumahl,
1077 768 1112 822 ob
1128 776 1173 828 ſie
1185 776 1280 827 wohl
1294 781 1336 818 ad
1352 795 1411 820 art.
1426 792 1456 820 2.

639 815 707 854 fol.
724 828 782 865 74.
800 817 833 855 b.
847 818 1049 873 deponiret:

742 870 814 920 daß
837 873 880 919 ſie
900 873 982 923 halb
1010 890 1067 918 10.
1082 878 1154 928 Uhr
1176 884 1239 924 des
1262 880 1406 930 Abends
1418 886 1453 927 in

745 926 809 962 des
824 928 981 969 Knechts
1001 930 1114 973 Stall
1136 933 1347 987 gekommen,

635 957 672 1003 in
687 965 746 1004 der
760 964 927 1010 Antwort
936 971 1024 1011 aber
1039 976 1095 1012 des
1107 976 1298 1025 folgenden
1314 977 1454 1023 articuls

638 1023 862 1074 ausgeſaget:

734 1079 794 1111 um
812 1082 870 1113 10.
888 1080 959 1126 Uhr
974 1081 1037 1122 des
1054 1082 1199 1126 Abends
1215 1083 1310 1125 waͤre
1331 1089 1374 1125 es
1394 1094 1453 1134 ge⸗

733 1127 862 1169 weſen;

630 1168 668 1215 ſo
683 1172 783 1219 ſiehet
794 1172 876 1219 doch
892 1176 944 1215 ein
958 1171 1157 1225 jedermann
1174 1177 1354 1235 leichtlich,
1378 1182 1450 1235 daß

632 1220 783 1268 hierinne
797 1224 888 1264 keine
904 1227 1024 1273 wahre
1039 1232 1210 1272 variation
1226 1235 1447 1286 anzutreffen,

629 1272 764 1320 indem,
784 1279 865 1318 was
882 1276 964 1324 halb
985 1291 1046 1319 10.
1061 1282 1135 1330 Uhr
1148 1283 1354 1339 geſchehen,
1363 1287 1446 1330 man

626 1324 723 1376 wohl
738 1327 838 1377 ſagen
856 1327 945 1381 kan,
966 1330 1036 1383 daß
1051 1338 1091 1376 es
1106 1343 1211 1385 gegen
1230 1340 1311 1380 oder
1331 1350 1366 1381 um
1390 1354 1448 1382 10.

625 1374 699 1427 Uhr
715 1377 902 1434 geſchehen,
921 1381 1027 1437 daher
1043 1385 1097 1430 bin
1113 1375 1175 1445 ich
1173 1393 1232 1434 der
1246 1389 1449 1446 Meynung,

623 1426 696 1477 daß
716 1430 822 1480 dieſes
845 1434 1015 1474 indicium
1034 1437 1201 1482 commiſſi
1223 1452 1323 1485 antea
1347 1436 1446 1484 adul-

622 1483 707 1522 terii
723 1495 781 1527 zur
809 1480 944 1540 Genuͤge
963 1483 1176 1546 beygebracht
1197 1495 1287 1545 ſey.

674 1533 779 1580 Weil
793 1535 877 1576 aber
894 1534 1063 1589 dennoch,
1078 1549 1180 1584 wenn
1197 1546 1234 1584 es
1258 1543 1360 1596 gleich
1380 1546 1445 1591 mit

618 1584 684 1627 des
710 1585 947 1639 Coinquiſiten
968 1589 1202 1643 Bekaͤnntniß
1227 1596 1444 1649 conjungiret

615 1632 731 1684 wird,
753 1635 837 1683 noch
850 1632 971 1681 keinen
998 1641 1266 1690 vollkommenen
1289 1641 1442 1699 Beweiß

617 1691 683 1729 des
692 1688 967 1740 angeſchuldeten
975 1694 1137 1737 adulterii
1150 1697 1367 1752 ausmachet,
1380 1699 1443 1757 daß

615 1746 701 1778 man
725 1739 768 1788 ſie
793 1749 860 1787 pro
884 1741 1042 1785 conuicta
1066 1747 1203 1798 halten,
1220 1751 1292 1789 und
1310 1754 1441 1793 conde-

612 1791 752 1833 mniren
769 1790 916 1845 koͤnnte;
943 1796 977 1844 ſo
989 1798 1076 1842 wird
1087 1797 1310 1854 nothwendig
1327 1804 1441 1858 hiebey

609 1836 680 1886 auf
692 1837 744 1879 ein
763 1840 922 1880 medium
937 1844 1086 1885 eruendi
1101 1841 1282 1890 veritatem
1292 1860 1333 1900 zu
1344 1851 1441 1893 refle-

607 1893 715 1952 ctiren
731 1895 824 1946 ſeyn.
