1414 2143
163 323 232 368 daß
249 319 300 355 die
318 315 512 361 Schweden
524 293 584 356 ſich
599 307 692 357 mehr
706 299 788 346 uͤber
805 305 865 342 den
880 298 941 340 mit
954 294 1060 347 dieſen

165 383 317 423 Worten
340 383 413 418 dem
441 368 628 427 Churfuͤrſt
646 365 856 419 beygelegten
883 360 1061 412 beſondern

167 436 344 486 Lobſpruch
360 433 417 471 als
429 433 478 468 die
496 429 596 477 ihnen
611 434 685 474 zum
700 419 869 475 Schimpf
883 421 919 461 in
935 415 1063 458 Avers

166 493 345 544 hingeſezte
370 490 510 531 Woete:
548 479 816 539 Septimeſtres
835 472 1064 521 Praedones

168 554 341 601 moquirt,
365 544 505 600 welches
521 553 600 588 man
624 541 716 592 billig
734 538 835 599 dahin
848 535 972 591 geſtellt
988 533 1063 586 ſeyn

168 629 278 665 laͤſſet.

596 682 661 718 13.

220 739 360 781 FRID.
384 733 534 777 WILH.
562 741 601 768 D.
621 738 656 767 G.
674 733 766 766 MAR.
784 733 812 763 S.
828 731 865 761 R.
880 731 904 759 I.
917 726 1068 757 ARGHIC.

176 793 211 821 E.
230 790 356 820 ELECT.
404 778 484 821 Der
503 771 688 828 Churfuͤrſt
704 785 745 822 zu
764 768 893 821 Pferde
910 763 1071 817 galloppi⸗

175 843 258 878 rend
289 836 353 875 mit
390 838 464 873 dem
490 824 772 881 Commandoſtab
799 827 836 864 in
862 828 918 862 der
942 817 1072 867 rechteu

175 896 304 945 Hand,
337 899 439 934 unter
470 895 544 933 dem
577 885 705 940 Pferde
735 884 830 938 ſiehet
859 891 940 939 man
966 878 1076 926 einige

155 956 314 1000 Reuter
327 951 384 1004 ſich
398 952 516 1004 herum
532 946 641 997 jagen.
680 944 751 996 Jm
763 941 950 992 Abſchnitt:
992 938 1071 978 An.

183 1018 306 1058 1679.
355 1008 404 1054 R.
434 1002 690 1056 Vollſtaͤndiges
715 996 875 1049 Wappen
903 987 1073 1037 daruͤber:

179 1090 271 1118 DEVS
289 1082 506 1116 FORTITVDO
523 1080 614 1111 MEA.

173 1121 261 1159 Jſt
278 1119 319 1150 ein
332 1114 497 1153 ordentlicher
509 1111 629 1148 Thaler,
645 1109 698 1142 und
709 1107 753 1146 ſoll
767 1110 814 1144 auf
825 1107 864 1139 die
877 1099 1075 1141 Gefangenneh⸗

249 1165 331 1192 mung
346 1161 391 1185 des
405 1152 600 1189 Schwediſchen
612 1148 741 1185 Prinzen,
759 1144 858 1188 Guſtav
875 1141 958 1179 Sohn
970 1134 1076 1176 geſchla⸗

249 1209 300 1240 gen
311 1203 417 1240 worden
425 1199 501 1237 ſeyn.

563 1271 735 1336 XVII.

231 1342 1030 1431 Braunſchweig ⸗ Luͤneburgiſche.

606 1549 677 1587 14.

204 1584 450 1642 GEORG.
475 1587 542 1632 II.
579 1600 619 1629 D.
642 1599 679 1629 G.
703 1596 746 1624 M.
768 1590 862 1623 BRIT.
885 1590 943 1622 FR.
965 1587 996 1617 &
1012 1587 1086 1622 HIB.

190 1657 269 1688 REX.
298 1659 317 1685 F.
341 1655 380 1687 D.
392 1654 450 1682 BR.
466 1649 508 1680 &.
529 1652 561 1683 L.
582 1650 672 1682 DVX.
692 1649 721 1676 S.
741 1647 777 1674 R.
795 1648 820 1674 I.
837 1646 871 1675 A.
888 1638 951 1678 TH.
970 1640 1011 1670 &.
1031 1639 1087 1669 EL.

194 1703 282 1746 Das
295 1701 480 1750 Wappen,
505 1701 605 1738 unter
622 1699 678 1737 der
694 1692 833 1734 Crone:
872 1694 995 1739 1744.
1037 1681 1087 1723 R.

195 1762 269 1806 Ein
287 1764 335 1808 im
347 1756 480 1811 Waſſer
496 1751 755 1805 ſchwimmender
771 1747 951 1800 Schwan:
976 1741 1089 1786 Can-

197 1817 319 1862 didus
344 1817 444 1858 haec
468 1806 638 1867 praefert
673 1813 883 1850 montanus
915 1798 1090 1857 praemia
