2400 3983
641 473 750 577 10

596 599 773 661 darnach
791 607 1121 666 proportioniret
1138 599 1236 671 ſeyn
1252 607 1437 664 wuͤrde,
1453 608 1549 660 was
1547 597 1612 669 ſie
1616 608 1711 666 auf
1726 612 1812 662 eine
1828 611 1963 668 billige
1979 612 2096 662 Wei⸗

595 668 647 720 ſe,
675 663 930 722 wahrhaftig
940 664 1049 721 thun
1062 670 1149 714 und
1166 672 1310 722 tragen
1325 666 1475 716 koͤnnte
1488 662 1610 726 (13),
1624 668 1857 725 dergeſtalt,
1872 668 1968 724 daß,
1982 670 2096 722 nach⸗

597 728 691 767 dem
710 725 795 767 eine
817 721 963 769 Stadt
985 720 1064 768 viel
1095 724 1190 769 oder
1211 722 1344 778 wenig
1371 727 1594 779 vermag,
1624 720 1691 775 ihr
1722 722 1819 777 auch
1849 723 1947 780 nach
1971 723 2098 781 deſſen

594 780 929 838 Maaßgebung,
957 780 1074 838 mehr
1091 781 1193 833 oder
1208 784 1388 840 weniger
1401 783 1547 834 Erben
1564 776 1655 836 von
1664 783 1778 843 ſelbſt
1790 795 1844 843 zu
1863 785 1982 846 theile
1997 795 2097 834 wer⸗

594 842 698 899 den,
726 841 882 901 mithin
899 840 1007 891 keine
1024 844 1294 900 prægraviret
1316 846 1413 903 ſeyn
1435 844 1593 896 wuͤrde.

721 964 926 1016 Woraus
940 965 1020 1022 alſo
1042 964 1138 1014 Ew.
1155 963 1342 1022 Kayſerl.
1359 963 1534 1025 Majeſt.
1551 976 1604 1025 zu
1629 966 1788 1024 erſehen
1810 964 2098 1024 allergnaͤdigſt

592 1019 775 1078 geruhen
801 1021 990 1076 werden,
1021 1020 1100 1077 daß
1119 1024 1201 1078 auf
1210 1019 1328 1079 ſolche
1351 1024 1434 1071 Art
1448 1020 1546 1078 nach
1568 1026 1667 1074 aller
1683 1021 1934 1082 moͤglichkeit
1949 1030 2034 1076 eine
2053 1024 2097 1079 ſi⸗

590 1080 726 1135 chere,
766 1080 853 1127 und
878 1080 960 1135 auf
980 1088 1064 1129 nur
1094 1079 1322 1139 erſinnliche
1352 1082 1570 1140 Billigkeit
1602 1083 1879 1141 allenthalben
1905 1086 2099 1138 gebauete

590 1137 846 1194 Proportion
869 1140 957 1185 und
977 1136 1206 1197 Gleichheit
1226 1143 1351 1185 unter
1375 1139 1507 1189 denen
1520 1138 1717 1191 Staͤdten
1743 1139 1986 1199 ohnfehlbar
2013 1141 2101 1197 her⸗

591 1193 869 1244 auskommen
881 1197 1016 1245 werde
1037 1198 1122 1246 und
1152 1193 1293 1254 muͤſſe.

715 1309 879 1369 Damit
904 1316 1003 1367 aber
1029 1316 1197 1378 zugleich
1222 1319 1297 1375 bey
1322 1317 1441 1381 dieſer
1453 1320 1736 1382 Regulirung,
1774 1330 1872 1376 zum
1899 1321 2099 1380 noͤthigen

590 1373 749 1432 Behuf
771 1377 841 1425 der
864 1372 1080 1435 kuͤnftigen
1097 1376 1686 1437 Contributions-Repartition
1703 1381 1749 1428 in
1766 1378 1980 1436 Staͤdten,
2008 1381 2097 1430 und

587 1433 872 1489 rectificirung
900 1436 972 1481 des
990 1432 1306 1486 Erben ⸗ Modi,
1341 1429 1451 1492 auch
1463 1444 1590 1484 unter
1605 1434 1739 1485 denen
1764 1438 2101 1489 Contribuenten

587 1488 701 1547 ſelbſt
721 1491 808 1537 eine
832 1492 1164 1546 proportionirte
1182 1488 1342 1540 Egalitè
1364 1491 1651 1549 ausgemachet
1666 1494 1844 1543 wuͤrde:
1900 1496 1977 1547 So
2005 1497 2098 1547 koͤn⸗

589 1559 674 1598 nen
693 1551 775 1600 mit
788 1550 884 1600 Ew.
894 1551 1080 1610 Kayſerl.
1098 1544 1269 1611 Majeſt.
1287 1551 1643 1610 verhoffentlichen
1660 1551 1999 1617 allergnaͤdigſten
2010 1552 2113 1609 Ge⸗

588 1603 875 1664 nehmigung,
903 1607 1142 1665 Anwaldes
1149 1608 1405 1666 Principales
1428 1605 1536 1666 nicht
1552 1613 1708 1662 anders
1724 1611 1880 1671 finden,
1912 1613 2012 1670 noch
2030 1615 2098 1661 da⸗

587 1665 660 1723 fuͤr
679 1664 845 1720 halten,
873 1665 939 1713 als
962 1668 1039 1722 daß
1067 1666 1166 1722 nach
1187 1668 1257 1715 der
1281 1660 1548 1724 allgemeinen
1565 1669 1799 1728 Vorſchrift
1828 1674 1897 1720 der
1917 1671 2099 1721 natuͤrli⸗

587 1727 682 1782 chen
697 1723 942 1784 Billigkeit,
977 1738 1049 1776 nur
1071 1729 1178 1777 alles
1198 1725 1397 1780 reguliret
1416 1733 1580 1781 werden
1600 1730 1762 1787 duͤrfte,
1792 1733 1946 1785 mithin
1965 1735 2099 1781 einem

585 1783 702 1838 jeden
725 1781 826 1839 nach
840 1782 1097 1839 Proportion
1120 1784 1247 1842 ſeines
1268 1783 1542 1843 Vermoͤgens
1573 1789 1662 1836 und
1687 1788 1892 1837 Erwerbs
1911 1790 1993 1844 bey
2025 1792 2097 1837 der

585 1840 886 1885 Contribution
911 1839 1028 1898 mehr
1050 1832 1145 1889 oder
1173 1840 1349 1898 weniger
1360 1834 1629 1904 anzuſehen.
1678 1844 1748 1900 Zu
1770 1845 1958 1899 welchem
1979 1848 2099 1896 Ende

583 1901 697 1949 denn
717 1900 791 1946 die
801 1899 971 1957 noͤthige
989 1899 1281 1958 Maaßreguln
1299 1895 1569 1962 feſtzuſetzen,
1605 1893 1681 1954 und
1706 1904 1806 1959 nach
1827 1906 2001 1962 ſelbigen
2027 1907 2097 1955 der

582 1956 918 2011 Erben ⸗ Modus
936 1954 1146 2015 gruͤndlich
1168 1968 1218 2016 zu
1243 1952 1488 2009 rectificiren
1509 1956 1654 2011 waͤre;
1708 1962 1795 2008 und
1822 1971 1934 2020 zwar
1953 1964 1997 2011 in
2014 1964 2099 2013 An⸗

581 2014 737 2073 ſehung
759 2015 857 2066 aller
875 2018 1021 2075 dreyer
1035 2018 1223 2072 Stuͤcke,
1259 2021 1297 2073 ſo
1317 2020 1496 2074 beſagter
1516 2020 1845 2073 Erben ⸗ Modus
1874 2030 1999 2072 unter
2023 2022 2097 2076 ſich

580 2067 819 2107 begreiffet,
847 2069 947 2106 als.
1010 2071 1056 2107 1)
1096 2073 1179 2107 Die
1180 2065 1454 2107 Buͤrgerliche
1498 2061 1690 2107 Nahrung
1709 2062 1813 2107 (14)
1813 2062 1914 2107 und
1932 2077 2099 2107 Gewer⸗

2035 2128 2096 2172 be,

774 2278 912 2327 kennet,
938 2281 1017 2321 was
1037 2279 1099 2329 bey
1116 2276 1305 2329 Erhoͤhung
1328 2280 1389 2323 der
1400 2274 1593 2330 Ausgaben
1617 2279 1673 2330 fuͤr
1696 2275 1958 2329 Wiederwillen
1978 2285 2098 2333 entſte⸗

774 2327 852 2377 het,
889 2329 957 2369 und
981 2331 1044 2372 wie
1066 2333 1126 2373 um
1142 2330 1315 2372 deswillen
1336 2337 1402 2380 gar
1420 2329 1527 2380 oͤfters
1544 2333 1580 2374 in
1598 2333 1705 2374 einem
1729 2331 1829 2381 Jahr
1850 2337 1899 2373 10
1913 2337 1983 2376 und
2002 2335 2097 2385 mehr

776 2378 1071 2424 Contribuenten
1086 2384 1139 2424 die
1151 2381 1292 2428 Staͤdte
1308 2380 1491 2434 verlaſſen,
1504 2385 1573 2426 und
1589 2379 1820 2435 anderwaͤrtig
1839 2384 1906 2434 ihre
1914 2386 2096 2438 Nahrung

773 2432 903 2482 ſuchen,
925 2434 980 2473 der
995 2433 1067 2473 wird
1084 2430 1246 2483 geſtehen,
1274 2432 1359 2484 daß,
1375 2434 1483 2478 wann
1504 2433 1573 2478 das
1591 2431 1875 2485 aufzubringende
1893 2436 2098 2490 Quantum

773 2485 921 2534 dennoch
940 2484 1101 2534 allemahl
1113 2484 1214 2535 gleich
1233 2488 1312 2537 hoch
1327 2488 1455 2531 bleiben
1472 2485 1558 2537 ſoll,
1594 2489 1719 2536 endlich
1734 2493 1803 2533 und
1823 2492 1858 2533 in
1873 2490 1984 2540 wenig
1997 2489 2098 2540 Jah⸗

772 2546 832 2577 ren
850 2535 934 2584 auch
954 2538 1005 2579 die
1022 2538 1106 2588 beſte
1125 2537 1250 2583 Stadt
1270 2541 1306 2580 in
1322 2538 1469 2592 Verfall
1485 2533 1555 2583 und
1571 2538 1773 2588 Abnehmen
1788 2536 1949 2592 gerahten
1971 2540 2097 2594 muͤſſe,

772 2584 922 2627 bevorab
938 2585 985 2627 da
1001 2586 1088 2635 nicht
1104 2587 1204 2628 allein
1219 2586 1274 2627 die
1289 2584 1713 2633 Landes⸗Contribution
1729 2588 1867 2638 ſondern
1888 2580 1974 2639 auch
1991 2593 2098 2635 ande⸗

771 2643 807 2674 re
816 2633 940 2681 Stadt
955 2644 1091 2685 onera,
1109 2635 1165 2677 als
1175 2635 1323 2676 Service
1339 2635 1394 2686 fuͤr
1409 2639 1460 2681 die
1473 2626 1654 2679 Garniſon
1666 2639 1741 2679 und
1758 2637 1904 2687 mehrere
1921 2639 2097 2689 beſchwer⸗

771 2691 850 2741 liche
860 2690 1074 2742 Ausgaben,
1096 2694 1210 2735 davon
1227 2701 1311 2737 man
1328 2689 1485 2754 auf
1418 2686 1479 2746 dem
1495 2693 1611 2745 Lande
1628 2692 1735 2745 nichts
1754 2696 1861 2747 weiß,
1878 2696 1984 2743 denen
1992 2695 2095 2743 Buͤr⸗

772 2751 857 2791 gern
871 2752 929 2792 zur
946 2745 1024 2795 Laſt
1036 2742 1207 2790 kommen.

641 2839 735 2893 (13)
776 2840 884 2891 Nach
908 2842 987 2884 dem
1008 2836 1279 2894 gegenwaͤrtigen
1292 2843 1445 2896 Project
1472 2843 1591 2889 wuͤrde
1613 2852 1706 2895 zwar
1731 2847 1793 2897 bey
1816 2848 1886 2898 jede
1901 2847 2029 2894 Stadt
2042 2849 2095 2894 die

775 2893 907 2947 Quota
921 2899 1001 2937 was
1019 2896 1099 2944 Sie
1115 2892 1171 2946 fuͤr
1187 2895 1261 2947 jetzo
1278 2898 1348 2940 und
1369 2897 1417 2940 in
1431 2897 1510 2940 iſto
1526 2898 1669 2952 Anno,
1703 2900 1751 2943 da
1775 2903 1827 2943 die
1842 2897 2093 2953 Unterſuchung

773 2944 973 2996 geſchiehet,
1012 2950 1132 2996 tragen
1159 2944 1308 2997 koͤnnte,
1341 2945 1427 2993 aber
1449 2958 1514 2999 gar
1541 2946 1590 2989 im
1607 2945 1799 3000 geringſten
1814 2950 1923 2997 nicht,
1953 2957 2032 2993 was
2051 2954 2094 3002 ſie

770 3001 958 3046 perpetuo
975 2999 1095 3044 tragen
1110 2993 1179 3037 und
1201 2996 1267 3047 auf
1278 2996 1342 3050 ſich
1360 2995 1503 3047 nehmen
1517 2996 1657 3050 koͤnnte,
1677 3001 1741 3053 ſich
1757 3000 1876 3047 hervor
1890 2997 2008 3047 geben,
2018 3003 2095 3046 weil

772 3045 838 3086 wie
853 3041 973 3093 vorhin
990 3045 1155 3095 erwehnet,
1201 3045 1253 3087 die
1265 3044 1376 3099 jetzige
1385 3044 1636 3102 Ausgleichung
1653 3049 1717 3097 auf
1735 3042 1833 3107 ſolche
1860 3040 2021 3104 Umſtaͤnde
2037 3060 2096 3102 ge⸗

771 3102 876 3147 bauet
897 3103 1012 3153 wird,
1041 3103 1161 3155 welche
1174 3100 1312 3157 jaͤhrlich
1330 3105 1493 3152 variiren.

642 3189 733 3241 (14)
774 3191 907 3245 Dieſes
931 3189 1141 3245 Objectum
1165 3190 1231 3236 kan
1253 3204 1345 3241 zwar
1356 3199 1445 3242 zum
1471 3195 1766 3243 Neben ⸗ Modo
1789 3196 1850 3246 bey
1879 3184 1938 3241 der
1962 3197 2094 3245 Erben⸗

774 3251 945 3300 Steuer,
973 3250 1056 3294 aber
1078 3252 1164 3302 nicht
1181 3261 1236 3301 zur
1255 3250 1471 3305 Formirung
1495 3258 1587 3299 eines
1603 3252 1819 3306 beſtaͤndigen
1834 3254 2094 3311 Erben ⸗ Regi⸗

771 3302 855 3351 ſters
869 3312 1072 3352 genommen
1086 3304 1247 3357 werden,
1272 3302 1346 3358 weil
1370 3303 1522 3368 ſolches,
1556 3308 1608 3367 wie
1614 3305 1802 3358 bekannt,
1829 3303 1900 3369 ſehr
1913 3308 2091 3362 unbeſtaͤn⸗

774 3361 834 3408 dig
849 3362 901 3408 iſt.
