1545 2470
131 422 239 474 aber
253 416 503 483 belieben/
507 428 609 479 uns
626 421 738 488 nach
754 425 926 479 deinem
946 421 1119 491 Rath/

130 490 239 547 bald
257 500 352 547 von
379 488 520 556 ihnen
539 490 859 560 abzufodern/
880 493 923 557 ſo
948 494 1122 551 wollen

130 571 222 617 wir
251 559 362 628 auch
386 563 498 631 dieſe
525 567 653 621 deine
684 564 967 632 Vorſehung
997 567 1122 629 nicht

128 628 327 695 tadeln/
348 634 524 697 ſondern
551 635 769 703 feſtiglich
790 640 1021 705 glauben/
1032 637 1122 703 daß

127 711 189 761 du
210 721 237 762 o
258 706 455 768 GOtt!
497 704 546 767 an
569 705 785 768 Vatters
814 711 980 770 Stelle
1006 719 1123 764 wer⸗

129 778 216 843 deſt
230 781 417 841 treten/
445 783 544 834 und
560 778 688 844 mehr
709 773 787 844 bey
806 780 935 845 ihnen
960 779 1120 846 thun/

127 851 206 907 als
230 854 309 907 wir
330 852 411 919 bey
428 851 570 919 ihnen
589 851 755 916 haͤtten
772 852 896 921 thun
917 852 1124 911 koͤnnen.

125 915 211 981 Laß
236 923 307 975 uns
352 926 447 975 nur
465 918 648 987 dieſelbe
664 929 751 976 vor
763 924 936 979 deinem
947 921 1121 986 Thron

123 996 291 1050 wieder
307 989 519 1062 finden/
543 998 645 1051 und
662 1006 718 1063 zu
740 1000 891 1053 deiner
910 996 1121 1064 Rechten

124 1058 275 1128 ſtehen
317 1056 487 1125 ſehen/
539 1059 629 1124 daß
666 1067 758 1119 wir
793 1065 1000 1119 alsdenn
1031 1066 1122 1118 mit

121 1129 343 1195 Freuden
356 1133 501 1199 ſagen
526 1129 724 1199 moͤgen:
759 1129 849 1202 Hie
875 1132 969 1203 ſind
1003 1138 1125 1208 wir/

122 1205 298 1269 HErr!
336 1211 452 1271 und
467 1206 537 1263 die
550 1202 732 1266 Kinder
749 1208 819 1264 die
836 1211 898 1266 du
920 1212 1021 1264 uns
1039 1217 1120 1271 ge⸗

121 1271 265 1339 geben
285 1269 430 1343 haſt/
441 1276 541 1332 und
571 1262 652 1331 uns
674 1274 783 1343 ewig
806 1277 895 1334 mit
908 1274 1053 1345 ihnen
1065 1277 1119 1338 in

120 1353 221 1407 dem
229 1345 439 1419 Himmel
445 1339 709 1419 erfreuen/
705 1346 883 1414 Amen.

119 1541 323 1621 Gebet
347 1559 449 1628 um
478 1544 704 1635 Segen
741 1541 807 1625 in
835 1544 1115 1636 ſchweren

181 1640 608 1713 Verrichtungen/
610 1647 751 1715 wann
757 1650 864 1717 man
881 1652 1040 1705 etwas

348 1739 594 1809 wichtiges
604 1740 884 1806 vornimmt.

117 1819 257 1885 Pſalm
272 1834 334 1867 121.
343 1832 385 1864 v.
399 1835 425 1864 1.
437 1836 468 1864 2.
492 1819 565 1876 Jch
577 1824 657 1873 hebe
666 1824 775 1870 meine
788 1824 913 1877 Augen
924 1822 991 1875 auf
997 1834 1035 1873 zu
1045 1825 1112 1874 den

163 1877 325 1930 Bergen,
346 1889 417 1922 von
433 1879 579 1929 welchen
597 1882 655 1925 mir
674 1875 812 1938 Huͤlffe
808 1883 956 1927 kommt:
983 1880 1113 1928 Meine

160 1923 297 1986 Huͤlffe
323 1926 432 1983 kommt
440 1942 523 1977 vom
532 1930 684 1987 HErrn,
699 1937 754 1977 der
764 1933 926 1987 Himmel
934 1935 1004 1981 und
1016 1935 1111 1985 Erde

162 1989 316 2034 gemacht
325 1990 398 2037 hat.

105 2052 246 2191 O

266 2051 403 2125 GOtt
430 2052 577 2124 aller
605 2063 747 2123 Gnade
779 2054 851 2120 und
862 2058 1109 2132 Segens!

303 2132 430 2212 unſer
452 2140 578 2215 Leben
606 2141 662 2216 iſt
697 2134 851 2202 voller
879 2135 994 2211 Muͤhe
1032 2149 1108 2195 und
