1524 2374
179 368 254 401 408.
269 364 363 405 HErr
372 366 462 408 JEſu
474 367 581 410 Chriſt,
596 371 635 402 du
646 376 675 402 ꝛc.

178 419 271 498 W

271 419 301 457 ie
310 415 377 465 daß
386 416 432 458 du
440 416 532 469 doch,
542 410 574 469 du
589 412 691 468 ſuͤnd⸗

292 461 374 513 lichs
386 459 507 513 Hertz!
534 466 567 512 ſo
578 466 684 511 wohl⸗

178 521 317 567 gemuth
340 521 432 575 kanſt
455 525 572 569 leben?
601 525 688 569 Em⸗

178 570 320 625 pfindeſt
358 575 404 617 du
442 577 531 617 denn
570 576 681 619 keinen

175 621 384 679 Schmertz?
404 622 499 678 wirſt
514 626 603 678 nicht
619 628 683 673 mit

177 672 288 728 Angſt
302 677 495 729 umgeben?
517 679 581 732 Jſt
588 681 682 723 dann

175 730 228 775 die
235 732 362 787 Furcht
376 733 411 783 ſo
417 737 511 784 gantz
520 742 590 777 von
597 737 682 785 hier?

175 785 247 838 daß
264 788 311 830 du
334 788 423 839 nicht
447 790 529 840 einſt
543 789 683 839 erwegſt

171 838 236 890 bey
250 840 315 889 dir,
340 846 400 884 was
428 842 475 885 du
490 842 543 885 dir
552 840 637 893 haſt
631 842 682 891 er⸗

174 893 329 937 worben.

228 959 265 986 2.
290 943 451 996 Beſchau
474 946 552 989 dein
565 945 678 991 Leben,

170 997 242 1042 das
267 1000 314 1042 du
337 996 456 1049 fuͤhrſt,
472 1000 610 1050 beſchau
632 1002 678 1042 all

172 1052 267 1097 deine
280 1053 419 1101 Wege;
448 1053 622 1102 beſchaue,
636 1055 680 1097 ob

172 1101 220 1143 du
234 1104 329 1150 wohl
343 1101 487 1151 regierſt,
494 1106 566 1146 und
580 1114 679 1145 wan⸗

172 1158 251 1207 delſt
275 1158 428 1202 GOttes
444 1157 588 1206 Stege:
616 1159 678 1208 Jſt

171 1207 267 1258 wohl
288 1209 364 1251 dein
385 1207 500 1257 Thun
522 1205 593 1256 alſo
624 1218 679 1259 ge⸗

168 1260 272 1306 kehrt,
285 1260 351 1302 wie
366 1265 403 1302 es
418 1262 475 1304 der
483 1261 594 1311 HErr
600 1263 677 1306 dein

170 1317 289 1360 GOtt
303 1316 469 1362 begehrt?
509 1318 606 1367 Haſt
629 1320 677 1360 du

168 1365 229 1414 ihn
236 1364 330 1411 wohl
338 1366 500 1413 geliebet?

220 1429 256 1465 3.
271 1415 363 1467 Ach!
381 1415 429 1456 du
454 1416 531 1463 haſt
554 1417 609 1459 nie
627 1426 676 1461 an

166 1469 226 1517 ihn
234 1468 384 1520 gedacht,
399 1471 446 1511 du
456 1470 560 1517 folgſt
567 1474 597 1513 ja
608 1473 677 1520 dei⸗

166 1527 245 1560 nem
267 1511 410 1569 Willen:
435 1519 547 1565 Was
558 1513 616 1569 dir
599 1513 676 1567 ge⸗

134 1569 254 1610 faͤllt,
278 1570 345 1613 wird
358 1567 460 1622 gleich
469 1561 674 1624 vollbracht;

115 1625 219 1668 die
240 1624 402 1670 Suͤnden
416 1636 456 1675 zu
470 1625 619 1676 erfuͤllen,
634 1627 675 1678 iſt

165 1688 232 1721 nur
239 1679 316 1720 dein
322 1680 434 1730 Will,
442 1686 523 1723 was
538 1683 597 1724 der
603 1688 675 1723 ver⸗

163 1726 301 1781 ſpricht,
314 1730 403 1771 wird
416 1729 520 1783 gleich
534 1740 604 1775 von
620 1733 673 1775 dir

164 1796 203 1833 zu
212 1783 344 1829 Werck
351 1778 486 1834 gericht,
501 1785 555 1830 dem
572 1786 672 1838 folgſt

164 1838 211 1877 du
228 1836 312 1886 ohne
325 1834 480 1883 Maſſen.

215 1899 253 1937 4.
278 1885 348 1931 Du
375 1889 518 1936 denckeſt
545 1891 600 1932 nie
623 1899 670 1932 an

161 1935 281 1978 deinen
296 1933 429 1982 GOtt,
453 1942 535 1977 was
549 1948 584 1978 er
598 1946 669 1980 von

162 1987 216 2028 dir
225 1988 393 2037 begehret;
415 1985 501 2036 ſtoͤßt
509 1990 604 2031 dann
613 2000 669 2038 zur

159 2040 275 2090 Hand
284 2042 336 2085 ein
345 2040 460 2091 Creutz
494 2036 548 2086 und
570 2044 668 2094 Noth:

161 2097 235 2145 So
254 2099 295 2150 iſt
311 2100 386 2142 dein
395 2096 495 2148 Hertz
511 2097 667 2151 gekehret,

702 364 764 406 den
780 364 986 415 Augenblick
999 376 1089 417 zwar
1096 366 1200 411 Him⸗

700 413 766 451 mel
775 420 835 456 an;
847 411 926 458 doch
938 412 1025 462 ziehn
1037 413 1106 463 dich
1126 404 1197 466 nach

700 471 756 511 der
764 469 1018 520 Erden⸗Bahn,
1028 470 1108 514 bald
1123 470 1200 512 wie⸗

699 527 754 568 der
764 527 857 568 deine
867 525 1041 573 Suͤnden.

725 584 758 619 5.
768 571 846 614 Mit
853 573 960 615 kalten
970 574 1091 623 Lippen
1098 572 1200 622 dienſt

698 629 745 672 du
766 622 869 677 GOtt,
892 632 988 679 weiſt
1004 631 1103 680 nicht,
1121 633 1200 670 was

698 681 774 724 dein
790 681 912 725 Mund
928 683 1038 732 ſaget;
1061 687 1111 726 die
1128 683 1203 727 An⸗

698 733 796 783 dacht
811 734 851 783 iſt
866 735 918 776 dir
933 725 998 776 nur
1007 737 1058 778 ein
1068 737 1200 784 Spott,

698 787 749 829 die
757 786 895 834 Suͤnde
903 789 955 830 dir
968 788 1116 838 behaget:
1125 789 1201 832 Die

697 839 771 891 Luſt
780 842 836 882 der
867 835 938 888 Welt
956 836 1081 893 ſchwebt
1107 844 1157 884 dir
1166 842 1198 887 ſo

696 897 770 939 vor,
787 891 855 942 daß
876 893 923 934 du
938 891 1028 943 nicht
1041 895 1135 943 kanſt
1149 894 1201 936 die

697 945 795 991 Seel
830 954 966 994 empor,
997 957 1036 995 zu
1069 949 1198 992 deinem

695 1002 891 1049 Schoͤpffer
903 1005 1039 1050 richten.

746 1053 784 1087 6.
809 1047 990 1097 Hingegen
1012 1051 1133 1099 dieneſt
1154 1053 1200 1092 du

695 1105 751 1145 der
751 1102 937 1152 Welt,
879 1098 931 1146 mit
948 1103 1200 1154 fleißergebnem

694 1150 853 1203 Hertzen,
886 1153 957 1195 und
986 1161 1068 1198 was
1090 1156 1201 1205 derſel⸗

693 1204 755 1248 ben
762 1203 982 1259 wohlgefaͤllt,
991 1211 1068 1251 wilt
1079 1212 1126 1252 du
1134 1211 1201 1251 nie⸗

693 1259 811 1307 mahls
840 1258 1078 1312 verſchertzen:
1128 1264 1199 1306 Du

690 1310 819 1360 richteſt
840 1315 910 1353 aus
935 1313 1001 1354 mit
1034 1312 1200 1362 hoͤchſtem

690 1367 801 1415 Fleiß,
815 1370 877 1411 des
891 1369 1050 1413 Satans
1057 1373 1198 1414 Willen

690 1419 762 1460 und
789 1417 947 1468 Geheiß,
988 1420 1045 1462 der
1069 1420 1142 1470 dich
1164 1420 1199 1470 ſo

690 1474 785 1521 gantz
807 1471 956 1522 beſeſſen.

742 1525 781 1564 7.
803 1513 953 1558 Kommt
971 1515 1023 1557 dir
1040 1515 1198 1567 zuweilen

689 1567 785 1609 dann
798 1567 895 1618 ſchon
911 1570 976 1618 ein,
993 1571 1046 1612 die
1053 1572 1137 1616 Reu
1153 1569 1196 1612 ob

688 1620 806 1663 deinen
828 1614 978 1676 Suͤnden,
992 1623 1048 1665 und
1067 1621 1198 1668 wolteſt

686 1681 768 1723 gern
783 1672 925 1724 befreyet
941 1670 1025 1730 ſeyn,
1044 1670 1113 1725 will
1128 1677 1196 1724 Beß⸗

683 1735 773 1779 rung
791 1728 854 1780 ſich
873 1725 961 1781 nicht
981 1726 1131 1778 finden:
1124 1732 1195 1773 Da

681 1774 725 1834 iſt
732 1779 803 1830 kein
821 1776 933 1835 rechter
958 1774 1078 1835 Vorſatz
1094 1777 1194 1827 nicht,

688 1829 758 1873 dein
780 1828 894 1875 Sinn
922 1831 1023 1873 bleibt
1044 1840 1106 1873 vor
1126 1829 1193 1873 wie

682 1883 768 1945 nach
784 1886 918 1937 gericht,
934 1890 987 1932 die
996 1887 1133 1935 Suͤnde
1153 1894 1192 1934 zu

681 1939 842 1984 veruͤben.

733 1986 768 2022 8.
790 1983 892 2024 Dein
918 1981 1078 2031 Andacht
1094 1979 1190 2026 waͤh⸗

678 2046 729 2075 ret
735 2040 800 2077 gar
814 2038 903 2080 nicht
918 2038 1010 2080 lang,
1021 2036 1066 2075 du
1085 2032 1191 2081 laͤſſeſt

681 2088 722 2136 ſie
751 2090 834 2135 bald
863 2090 1040 2136 ſchieſſen;
1089 2094 1189 2131 beym
