1651 2438
1063 288 1141 344 281

475 357 860 442 Nachrichten

343 550 991 649 Niederſaͤchſiſchen

194 660 530 747 beruͤhmten
547 662 758 743 Leuten
758 662 823 743 u.
838 655 1146 750 Familien.

484 814 586 862 Das
612 814 684 866 86.
709 810 856 862 Stuͤck.

315 916 494 956 Fortſetzung
513 919 561 946 des
583 918 621 947 im
645 914 897 953 vorhergehenden
916 915 1008 949 Stuͤck

474 958 702 998 abgebrochenen
728 964 860 995 Artikels.

253 1033 356 1071 Auſſer
371 1026 476 1072 vielen,
482 1032 511 1061 in
531 1035 581 1062 den
601 1030 767 1070 wichtigſten
787 1028 1145 1068 Staatsangelegenheiten

188 1061 436 1111 ausgearbeiteten,
460 1062 512 1111 und
528 1066 643 1114 publico
653 1069 783 1103 nomine,
799 1069 860 1105 doch
879 1070 948 1106 ohne
963 1065 1051 1107 ſeinen
1062 1070 1144 1107 Nah⸗

188 1122 262 1148 men,
270 1124 314 1156 zur
316 1114 538 1155 Vertheidigung
548 1117 593 1146 der
601 1109 714 1159 koͤnigl.
725 1108 988 1159 Großbritanniſchen
1002 1116 1057 1145 und
1067 1116 1141 1150 chur⸗

189 1157 403 1199 hannoͤverſchen
417 1159 520 1197 Rechte
536 1156 665 1198 waͤhrend
683 1162 728 1190 des
744 1158 881 1196 neulichen
898 1157 1045 1198 ſchwehren
1062 1159 1143 1191 Krie⸗

187 1192 255 1239 ges,
277 1203 330 1233 wie
352 1200 419 1238 auch
432 1201 460 1232 in
476 1204 521 1234 der
535 1200 686 1235 bekannten
701 1198 942 1241 Oßnabruͤckſchen
960 1203 1145 1240 Streitigkeit

189 1246 496 1284 herausgekommenen,
513 1242 688 1285 gruͤndlichen
703 1244 876 1282 Deduction,
894 1249 973 1278 darin
971 1251 1000 1290 er
1033 1249 1081 1284 ſich
1096 1250 1148 1282 ſei⸗

186 1275 251 1317 nem
272 1284 378 1325 groſſen
405 1283 500 1318 Vater
522 1283 605 1324 voͤllig
623 1286 704 1325 gleich
720 1291 754 1324 zu
775 1288 837 1323 ſeyn
857 1291 1006 1322 bewieſen,
1032 1295 1080 1320 hat
1100 1297 1141 1320 er,

186 1335 239 1367 mit
255 1330 427 1372 Vorſetzung
444 1332 528 1371 ſeines
550 1331 720 1372 Nahmens,
745 1333 783 1363 im
798 1334 876 1369 Jahr
894 1339 998 1369 1752.
1016 1338 1049 1367 zu
1064 1336 1143 1366 Han⸗

186 1385 272 1409 nover
287 1380 315 1410 in
331 1369 431 1414 Quart
444 1381 495 1410 das
512 1375 681 1420 befeſtigte
693 1377 858 1416 Erbrecht
873 1380 932 1411 der
947 1376 1141 1417 Stifft⸗Hil⸗

185 1416 443 1462 desheimiſchen
467 1422 594 1464 Meyer
613 1431 651 1455 an
672 1424 722 1452 das
738 1420 810 1457 Licht
825 1421 957 1461 geſtellet,
980 1422 1065 1460 deſſen
1082 1422 1140 1457 Jn⸗

185 1467 245 1500 halt
261 1467 300 1497 im
318 1472 348 1500 9.
363 1464 468 1499 Bande
493 1470 538 1498 der
559 1462 798 1505 allerneueſten
819 1461 1045 1502 Nachrichten
1066 1470 1138 1497 von

183 1505 386 1547 juriſtiſchen
400 1505 570 1547 Buͤchern,
588 1505 629 1541 S.
642 1511 723 1545 509.
736 1503 794 1544 fgg.
811 1508 868 1538 und
884 1506 911 1538 in
927 1509 977 1539 den
995 1504 1146 1541 Goͤttin⸗

186 1549 312 1592 giſchen
326 1548 515 1589 Zeitungen
529 1557 602 1584 von
620 1548 792 1592 gelehrten
803 1547 950 1588 Sachen,
996 1554 1077 1586 1752.
1095 1552 1137 1580 S.

188 1598 267 1632 487.
284 1591 342 1631 fgg.
360 1589 478 1629 erzaͤhlet
490 1595 573 1626 wird.
618 1593 684 1634 Diß
696 1592 804 1625 koͤnnen
821 1596 873 1624 wir
886 1598 952 1630 noch
967 1599 1022 1623 mit
1034 1597 1141 1630 Zuver⸗

187 1634 317 1676 laͤßigkeit
331 1633 484 1673 erwehnen,
497 1637 550 1673 daß
564 1644 592 1667 er
601 1635 745 1675 Verfaſſer
755 1637 796 1672 ſey
810 1642 865 1666 von
881 1641 926 1666 der
941 1637 1138 1674 gruͤnlichen

186 1677 352 1720 Pruͤfung
367 1679 426 1712 des
436 1675 663 1717 Schreibens,
682 1680 733 1711 die
748 1682 888 1718 teutſche
903 1685 974 1711 und
996 1683 1140 1709 anderer

183 1720 315 1759 voͤlker
340 1715 674 1762 Muͤnzverfaſſung,
709 1722 940 1761 inſonderheit
969 1725 1022 1753 die
1044 1724 1138 1759 hoch⸗

185 1764 349 1809 fuͤrſtliche
376 1756 727 1806 Braunſchweigiſche
753 1766 912 1806 Muͤnzen
937 1766 1138 1804 betreffend,

183 1814 279 1849 welche
304 1814 373 1847 ohne
394 1812 482 1851 ſeinen
505 1812 638 1850 Nahmen
661 1818 694 1849 zu
721 1808 827 1850 Leipzig
856 1817 959 1848 1750.
986 1813 1013 1841 in
1038 1813 1137 1845 Quart

184 1851 456 1895 herausgekommen,
476 1856 532 1884 und
549 1854 576 1885 in
593 1856 650 1886 dem
670 1849 932 1895 Goͤttingiſchen
949 1856 1137 1892 Zeitungen

182 1902 256 1932 von
276 1897 446 1942 gelehrten
467 1894 622 1937 Sachen,
654 1902 759 1934 1751.
785 1897 828 1930 S.
851 1902 929 1929 162.
948 1903 1005 1935 fgg.
1024 1902 1077 1926 mit
1092 1901 1134 1932 ge⸗

186 1939 308 1982 hoͤrigem
333 1940 433 1980 Ruhm
457 1941 597 1977 recenſiret
618 1941 756 1976 worden,
780 1941 935 1976 imgleichen
958 1948 1012 1971 von
1036 1944 1080 1967 der
1102 1945 1136 1974 zu

186 1984 338 2022 Hannover
355 1985 392 2020 im
407 1985 484 2025 Jahr
504 1992 608 2024 1752.
628 1985 656 2019 in
671 1983 788 2022 Quart,
807 1980 948 2025 gleichfals
963 1986 1032 2024 ohne
1047 1984 1136 2020 ſeinen

688 2034 733 2074 S
733 2034 772 2074 5

1049 2034 1134 2071 Nah⸗
