1687 2478
241 499 477 558 Weßwegen
490 507 590 547 man
597 493 667 552 ſich
684 494 780 549 deſto
790 493 961 548 weniger
970 496 1058 538 ver⸗

183 566 383 616 wundern
399 554 547 618 darff/
556 566 674 608 wenn
698 555 838 607 unſers
856 550 1059 609 Seligſten

184 619 356 679 Tugend
374 628 452 671 von
462 618 502 674 ſo
517 614 833 670 vollkommenen
858 609 1060 666 Vorbilde

184 670 391 740 gereitzet/
401 687 450 740 zu
467 667 763 735 gluͤckſeligſtem
787 669 1061 728 Wachsthum

185 736 401 793 gediehen/
416 743 502 790 und
519 738 618 792 nicht
635 734 757 790 allein
772 723 1061 788 vortrefflichſte

185 793 454 853 Gemuͤther/
477 796 644 849 ſondern
668 792 764 846 auch
778 791 882 847 ſelbſt
905 788 1064 844 Durch⸗

189 852 413 914 lauchtigſte
423 843 728 910 hoͤchſtgekroͤnte
740 842 969 905 Haͤupter/
988 853 1065 900 zur

189 916 476 971 Hochachtung
486 917 570 964 und
580 912 690 964 Liebe
698 910 896 965 bewogen.
952 907 1067 958 Weil

185 963 395 1029 ſonderlich
415 974 487 1026 eine
500 969 645 1027 feurige
652 960 851 1027 Begierde
860 968 931 1016 den
940 963 1068 1021 Gipf⸗

192 1034 249 1082 fel
249 1033 321 1084 der
326 1029 522 1087 Weißheit
537 1024 578 1080 zu
587 1023 771 1082 beſteigen
782 1024 859 1072 mit
865 1022 1068 1075 ungemei⸗

191 1068 264 1136 ner
271 1074 701 1144 Gemuͤths⸗Faͤhigkeit
709 1071 897 1133 begleitet/
911 1070 987 1134 Jhn
1009 1077 1070 1116 er⸗

192 1153 396 1201 munterte
418 1148 461 1197 in
477 1150 534 1196 die
550 1138 813 1204 Fußſtapffen
830 1137 988 1192 Seines
1005 1134 1070 1187 be⸗

192 1208 376 1265 ruffenen
391 1198 577 1260 Anherrn
592 1213 642 1261 zu
655 1190 812 1256 treten/
831 1202 903 1251 den
922 1198 977 1250 die
984 1193 1072 1258 Zu⸗

193 1270 367 1323 neigung
369 1262 416 1322 zu
435 1266 507 1314 den
518 1256 726 1316 Kuͤnſten/
738 1263 796 1310 die
802 1258 920 1317 Jhm
922 1253 1018 1303 eine
1026 1252 1077 1306 an

195 1319 236 1375 ſo
248 1323 376 1378 hohen
393 1312 798 1374 Staats-Bedienten
813 1311 1073 1362 verwunder⸗

197 1383 292 1435 bare
300 1378 607 1435 Gelehrſamkeit
616 1374 849 1434 zugefloͤſſet/
859 1380 925 1425 der
932 1372 1074 1428 Ewig⸗

197 1440 267 1493 keit
279 1436 535 1492 einverleibet.
591 1430 661 1500 Jn
676 1430 856 1487 welchem
871 1429 988 1481 Ende
999 1436 1076 1477 un⸗

200 1496 257 1549 ſer
273 1499 412 1557 HErr
426 1504 512 1550 von
523 1482 754 1552 Schoͤnaich
768 1487 869 1541 nicht
886 1487 1008 1540 allein
1022 1492 1076 1544 zu

199 1550 360 1616 Genff/
375 1551 540 1613 ſondern
562 1550 660 1604 auch
677 1549 721 1599 in
738 1548 811 1598 den
821 1544 983 1598 damals
1002 1544 1079 1596 mit

199 1614 289 1667 dem
321 1613 469 1672 Glantz
501 1613 569 1661 der
605 1606 851 1668 gelehrteſten
881 1601 1079 1660 Maͤnner

203 1665 508 1724 ſchimmernden
536 1661 878 1720 Niederlanden/
901 1662 985 1708 und
1009 1663 1083 1705 an⸗

204 1736 488 1788 nehmlichſtem
509 1724 811 1790 Frantzoͤſiſchen
845 1718 1085 1781 Luft ⸗ Gar⸗

204 1785 290 1844 ten/
307 1790 409 1844 nicht
418 1786 456 1844 ſo
464 1789 546 1842 wol
553 1787 626 1837 den
635 1782 726 1834 Leib
736 1781 855 1834 durch
871 1777 1083 1833 allerhand

201 1847 407 1906 ritterliche
419 1843 651 1905 Ubungen/
662 1842 730 1895 als
745 1844 805 1892 die
825 1839 951 1892 Seele
966 1837 1086 1895 durch

204 1898 264 1951 die
282 1898 508 1964 nuͤtzlichſten
533 1893 734 1962 Schrifften
753 1892 941 1954 erbauet/
952 1893 1008 1953 und
1031 1895 1089 1938 al⸗

202 1949 245 2014 ſo
259 1965 310 2017 die
318 1954 696 2024 Liebe/Zuneigung
715 1959 784 2006 und
789 1952 1092 2014 Ehrerbietung

204 2022 306 2073 aller
315 2019 566 2085 derjenigen/
575 2020 696 2071 denen
710 2014 779 2067 Er
792 2016 880 2065 und
895 2013 954 2066 die
969 2011 1090 2073 Jhm

206 2079 513 2148 auffgewartet/
532 2082 578 2142 an
587 2073 660 2137 ſich
667 2078 851 2137 gezogen.
892 2071 973 2141 Wie
992 2076 1092 2136 denn
