2633 3033
991 445 1062 512 26

1424 556 1519 594 nicht
1551 554 1758 594 entſchieden
1795 554 1961 599 worden,
2001 557 2085 593 nach
2119 550 2295 605 Reichsge-

1423 618 1518 659 ſezen
1533 620 1602 658 und
1624 619 1853 658 Obſervanzen
1873 632 1913 656 zu
1931 620 2126 658 beſtimmen
2140 617 2208 666 ſey,

999 686 1220 727 vorausſezen
1249 687 1379 726 würde.

1100 758 1181 797 Und
1203 757 1293 795 denn
1321 755 1512 806 diſponiren
1542 758 1630 796 doch
1652 758 1705 797 die
1729 758 1936 797 Sächſiſchen
1961 756 2295 805 Proceſsordnungen

999 828 1068 866 und
1086 827 1206 865 Geſeze
1233 826 1291 864 der
1309 827 1485 869 Alimente,
1511 824 1600 877 quaſi
1615 825 1768 876 legitimæ
1789 824 1857 864 und
1874 826 2011 864 anderer
2033 829 2159 865 Rechte
2176 828 2298 871 halber,

1000 894 1131 931 welche
1149 892 1206 931 der
1221 897 1377 944 Apanage
1390 892 1464 930 ſehr
1477 896 1560 932 nahe
1574 895 1747 937 kommen,
1774 892 1856 931 oder
1882 893 1990 932 denen
2007 892 2092 946 dieſe
2108 893 2302 933 ſubſtituiret

1000 963 1049 1007 iſt,
1077 961 1145 999 und
1163 961 1234 999 ſind
1250 961 1377 999 dahero
1390 959 1446 997 die
1468 975 1523 998 aus
1553 960 1620 998 den
1641 961 1915 999 vaterländiſchen
1938 960 2084 998 Geſezen
2104 972 2302 1009 genomme-

1002 1044 1068 1066 nen
1100 1030 1247 1074 Gründe,
1275 1030 1312 1067 ſo
1341 1030 1416 1067 bald
1444 1030 1500 1067 das
1528 1029 1748 1074 Verhältniſs,
1773 1033 1841 1066 wie
1865 1031 1947 1072 hier,
1975 1027 2033 1065 das
2055 1029 2222 1066 nemliche
2251 1029 2299 1074 iſt,

1007 1096 1282 1145 ſchlechterdings
1298 1094 1435 1145 zuläſsig
1446 1095 1515 1132 und
1530 1096 1681 1146 paſſend,

1342 1166 1513 1199 GEISLER
1535 1165 1585 1198 Pr.
1600 1166 1641 1198 de
1653 1163 1775 1206 analog.
1791 1163 1854 1208 jur.
1868 1165 1953 1208 publ.
1971 1164 2035 1202 Vit.
2053 1170 2142 1208 1785.
2165 1163 2197 1208 §.
2221 1173 2273 1199 10.

1004 1221 1073 1262 und
1090 1221 1294 1274 verdrängen
1306 1222 1394 1271 jedes
1411 1224 1550 1262 Reichs-
1566 1223 1793 1261 nachbarliche
1807 1222 1875 1262 und
1891 1220 1991 1261 andre
2007 1225 2125 1262 Recht.

1108 1316 1212 1362 Sogar
1226 1316 1309 1350 auch
1333 1313 1387 1351 das
1411 1315 1638 1355 Dicaſterium,
1668 1313 1812 1351 welches
1832 1317 1867 1351 in
1883 1310 1960 1349 dem
1987 1315 2023 1349 in
2045 1311 2112 1350 der
2123 1313 2226 1351 erſten
2246 1316 2300 1351 In-

1005 1379 1095 1415 ſtanz
1107 1378 1355 1427 geſprochenen
1370 1379 1759 1427 Deſignations-Urthel,
1775 1378 1828 1415 die
1848 1380 2057 1424 apanagirten
2074 1381 2204 1416 Herren
2220 1381 2300 1415 Gra-

1002 1438 1060 1473 fen
1075 1449 1142 1473 von
1169 1438 1336 1484 Stollberg
1357 1434 1619 1485 prærogativiſch
1632 1436 1764 1480 locirte,
1790 1437 1891 1473 fuſste
1906 1438 2015 1482 dabey
2036 1441 2128 1472 nicht
2148 1440 2211 1472 auf
2225 1444 2299 1473 eine

999 1514 1212 1565 vorgebliche
1226 1513 1422 1566 allgemeine
1444 1515 1679 1567 Reichspraxin
1693 1515 1762 1553 und
1788 1514 1994 1564 Obſervanz;
2030 1513 2171 1554 ſondern
2196 1515 2300 1553 nahm

1002 1585 1058 1624 die
1064 1579 1476 1635 Entſcheidungs-Gründe
1485 1600 1541 1623 aus
1558 1585 1651 1623 theils
1667 1583 1895 1636 urſprünglich
1903 1585 2189 1631 vaterländiſchen,
2204 1586 2298 1623 theils

1002 1649 1082 1686 auf-
1097 1649 1166 1686 und
1182 1662 1477 1697 angenommenen
1490 1650 1647 1694 Geſezen,
1663 1662 1732 1687 von
1747 1649 1813 1686 den
1826 1651 2025 1693 Alimenten,
2040 1648 2117 1686 dem
2134 1652 2297 1696 Auszuge,

1004 1712 1215 1759 Ausſtattung
1239 1711 1291 1746 der
1299 1712 1450 1747 Töchter
1475 1713 1537 1760 und
1550 1713 1675 1746 andern
1684 1715 1836 1758 Rechten
1855 1704 1981 1758 dieſer
2000 1716 2063 1758 Art,
2089 1713 2158 1745 und
2186 1724 2300 1746 veran-

1001 1783 1098 1824 laſste
1118 1786 1207 1823 mich
1230 1783 1388 1829 dadurch,
1409 1786 1492 1823 auch
1513 1785 1584 1823 hier
1602 1782 1670 1823 und
1694 1782 1733 1822 da
1754 1786 1789 1822 in
1812 1786 1940 1823 meiner
1960 1786 2069 1836 inaug.
2096 1783 2213 1824 diſſert.
2230 1789 2296 1825 Rö-

1001 1855 1142 1894 miſcher
1170 1854 1238 1893 und
1261 1853 1398 1901 anderer
1429 1854 1551 1895 Geſeze
1575 1869 1617 1893 zu
1639 1853 1832 1906 gedenken,
1854 1869 1925 1899 um,
1950 1858 2019 1893 wie
2037 1857 2152 1906 wenig
2178 1852 2296 1906 ſelbige

1001 1920 1065 1960 auf
1078 1926 1349 1973 gegenwärtigen
1362 1923 1431 1960 Fall
1445 1923 1666 1972 angewendet
1680 1922 1816 1961 werden
1835 1925 2002 1966 könnten,
2031 1937 2073 1959 zu
2091 1923 2220 1972 zeigen.

1103 1995 1233 2031 Mithin
1243 1992 1342 2036 wird,
1368 1996 1428 2029 wie
1449 1994 1503 2028 ich
1513 1992 1643 2040 glaube,
1668 1991 1721 2029 die
1739 1995 1906 2041 Bejahung
1919 1992 1977 2028 der
2003 1994 2133 2042 Frage:
2157 1992 2207 2028 ob
2226 1994 2296 2030 hier

1004 2052 1088 2086 nach
1108 2048 1318 2086 Sächſiſchen
1340 2040 1487 2086 Rechten
1509 2050 1608 2085 allein
1626 2064 1671 2085 zu
1685 2052 1850 2086 urtheilen
1869 2051 1954 2095 ſey?
1978 2049 2112 2086 fernern
2140 2054 2296 2100 Zweifeln

1003 2127 1094 2163 nicht
1108 2123 1348 2170 unterworfen,
1373 2123 1440 2161 und
1458 2139 1523 2162 nur
1544 2128 1634 2164 noch
1655 2125 1710 2164 das
1732 2128 1838 2164 Recht
1852 2124 1910 2163 der
1927 2127 2082 2176 Apanage
2097 2125 2296 2164 mittelbarer

1003 2194 1245 2241 Reichsſtände,
1267 2194 1336 2232 und
1359 2193 1534 2233 beſonders
1549 2193 1607 2232 der
1619 2197 1749 2233 Herren
1767 2191 1890 2231 Grafen
1913 2208 1980 2232 von
1991 2194 2181 2249 Stollberg-
2196 2195 2295 2249 Stoll-

1003 2257 1092 2309 berg,
1114 2258 1149 2293 in
1164 2255 1368 2302 Concurſen,
1387 2253 1458 2294 und
1480 2256 1524 2297 ob
1549 2248 1718 2299 derſelben
1736 2259 1808 2297 hier
1829 2259 1883 2293 ein
1897 2262 2187 2310 prærogativiſches
2211 2262 2294 2295 oder

2188 2338 2297 2388 ding-
