2480 3416
115 349 249 393 Jſrael
249 349 461 393 bekommt
461 349 678 393 wachteln.

919 353 1050 399 Moſe.

1301 353 1405 413 Cap.
1405 353 1475 413 11.
1475 353 1544 413 12.

1782 375 1849 417 91

106 1483 175 1514 Aus⸗

104 1518 169 1546 gieſ⸗

102 1554 164 1585 ſung

158 1590 194 1624 des
104 1590 147 1619 H.

104 1624 167 1653 Gei⸗

166 1657 191 1690 ſtes
98 1657 146 1688 uͤ⸗

157 1693 189 1724 ber
102 1693 137 1726 die

97 1734 145 1759 70.
156 1727 194 1760 aͤl.

99 1766 181 1798 teſten.

93 2988 176 3027 GOtt

225 416 273 447 ter
282 406 358 456 euch
368 408 417 457 iſt,
426 411 493 449 und
501 419 566 450 vor
573 411 642 458 ihm
651 417 821 461 geweinet,
838 415 905 454 und
913 424 966 463 ge⸗

222 455 314 508 ſagt:
338 460 487 503 Warum
494 462 564 511 ſind
574 465 640 503 wir
657 465 722 506 aus
739 465 896 515 Egypten
911 476 964 516 ge⸗

222 509 383 550 gangen?
403 518 508 550 (Num.
523 514 603 550 21.5.)

271 568 328 594 21.
353 558 427 600 Und
438 558 537 604 Moſe
551 558 683 610 ſprach:
708 559 964 611 Sechshundert

221 606 352 654 tauſend
366 619 470 650 mann
489 610 661 658 fußvolcks
678 613 718 658 iſt
734 616 784 656 es,
803 617 963 657 darunter

224 654 270 707 ich
286 661 361 707 bin,
386 663 454 703 und
475 665 521 704 du
545 663 696 711 ſprichſt:
719 666 788 713 Jch
805 668 865 707 wil
885 668 962 715 euch

223 707 325 758 fleiſch
341 709 461 760 geben,
486 711 555 760 daß
575 713 630 762 ihr
647 714 721 761 eſſet
734 716 828 756 einen
845 720 963 758 monat

220 757 312 796 lang.

271 817 332 846 22.
347 806 425 850 Sol
430 817 512 849 man
520 807 625 857 ſchafe
631 811 698 851 und
707 811 819 853 rinder
827 812 963 862 ſchlach⸗

228 856 285 905 ten,
284 852 348 903 daß
357 861 419 905 [es]
428 859 526 906 ihnen
535 867 627 907 gnug
636 860 713 906 ſey?
730 855 825 896 Oder
831 863 961 903 werden

228 905 283 955 ſich
300 906 361 949 alle
373 908 463 957 fiſche
470 909 532 950 des
540 909 651 950 meers
670 911 765 960 herzu
782 908 963 957 verſamm⸗

227 957 284 998 len,
291 956 358 998 daß
365 961 430 1005 [es]
437 960 537 1004 ihnen
544 964 635 998 gnug
646 956 722 998 ſey?
745 969 823 1005 (Joh.
836 966 911 1004 6.7.)

267 1015 326 1051 23.
351 1005 431 1048 Der
438 1008 580 1058 HERR
590 1011 668 1050 aber
679 999 790 1058 ſprach
801 1016 839 1055 zu
845 1007 955 1053 Moſe:

226 1053 281 1104 Jſt
296 1058 378 1098 denn
395 1057 446 1098 die
458 1058 548 1106 hand
567 1060 627 1100 des
635 1060 765 1109 HErrn
780 1050 959 1108 verkuͤrtzt?

225 1105 292 1143 (Eſa.
302 1118 342 1144 50.
351 1119 371 1138 2.
392 1118 413 1138 c.
425 1122 465 1148 59.
475 1110 510 1148 I.)
524 1107 614 1149 Aber
623 1111 668 1150 du
679 1109 740 1155 ſolt
748 1112 798 1158 itzt
808 1110 910 1157 ſehen,
918 1113 956 1141 ob

226 1152 324 1192 meine
337 1158 442 1197 worte
448 1155 575 1199 koͤnnen
581 1157 637 1197 dir
644 1158 753 1199 etwas
761 1158 869 1208 gelten
880 1156 958 1196 oder

226 1206 315 1242 nicht.

268 1258 332 1297 24.
354 1250 428 1292 Und
436 1251 533 1297 Moſe
541 1252 639 1300 gieng
648 1253 784 1301 heraus,
794 1256 861 1294 und
869 1254 958 1304 ſagte

223 1303 292 1344 dem
308 1304 415 1345 volcke
423 1307 485 1346 des
501 1309 681 1354 HERRN
697 1314 795 1354 wort,
806 1311 874 1350 und
883 1307 957 1341 ver⸗

223 1348 382 1396 ſammlete
391 1351 442 1391 die
451 1352 614 1401 ſiebentzig
624 1349 764 1394 maͤnner
781 1361 879 1397 unter
896 1355 958 1392 den

222 1397 351 1449 aͤlteſten
373 1402 434 1442 des
458 1403 587 1454 volcks,
610 1406 677 1446 und
694 1405 812 1456 ſtellete
839 1400 882 1449 ſie
897 1409 955 1442 um

222 1453 268 1493 die
274 1450 366 1493 huͤtte
380 1454 449 1496 her.

265 1508 326 1542 25.
351 1497 416 1539 Da
424 1499 498 1541 kam
511 1502 570 1542 der
577 1502 718 1551 HERR
733 1503 901 1552 hernieder
918 1502 953 1540 in

220 1542 271 1582 der
279 1542 395 1584 wolcke
403 1546 470 1583 und
478 1546 585 1586 redete
592 1548 656 1587 mit
665 1548 744 1596 ihm.
768 1550 842 1589 Und
850 1550 953 1598 nahm

219 1594 274 1634 des
283 1593 428 1642 Geiſtes,
435 1597 494 1635 der
512 1595 576 1642 auf
587 1597 657 1644 ihm
673 1606 767 1645 war,
784 1600 851 1639 und
867 1598 953 1647 legte

219 1644 273 1691 ihn
297 1645 361 1690 auf
379 1646 429 1685 die
450 1646 614 1696 ſiebentzig
641 1645 776 1697 aͤlteſten
799 1646 950 1692 maͤnner.

219 1696 286 1735 Und
293 1699 337 1737 da
346 1699 404 1737 der
413 1696 509 1745 Geiſt
517 1698 582 1744 auf
595 1699 692 1748 ihnen
708 1701 833 1749 ruhete,
848 1703 947 1750 weiſ⸗

217 1737 363 1788 ſageten
373 1739 435 1789 ſie,
452 1744 574 1788 [redeten
591 1756 641 1781 von
650 1750 781 1790 goͤttlichen
797 1754 881 1789 ſachen
898 1761 950 1784 und

217 1796 399 1834 geheimniſſen,
426 1800 537 1835 nachdem
555 1805 606 1831 der
616 1804 703 1840 heilige
721 1804 792 1841 Geiſt
808 1806 884 1839 ihnen
904 1805 944 1841 gab

217 1841 429 1886 auszuſprechen,]
443 1844 509 1883 und
516 1841 650 1892 hoͤreten
658 1845 746 1893 nicht
760 1846 829 1893 auf.
849 1850 946 1892 [nehm⸗

208 1892 257 1927 lich
268 1899 300 1920 an
315 1885 448 1928 demſelben
462 1899 530 1932 tage,
564 1892 600 1938 da
596 1899 710 1930 GOTT
725 1901 756 1936 ſie
776 1899 899 1937 hierdurch
918 1908 947 1935 zu

209 1941 285 1976 ihrem
296 1945 360 1971 amte
372 1943 540 1981 eingeweyhet
550 1937 650 1982 hatte.]

257 1998 319 2037 26.
342 1997 398 2040 Es
405 2008 521 2040 waren
531 2000 610 2042 aber
630 1999 710 2050 noch
728 2010 834 2050 zween
849 2000 949 2045 maͤn⸗

215 2056 265 2087 ner
274 2049 319 2089 im
328 2050 421 2098 lager
429 2052 562 2101 blieben,
573 2055 631 2093 der
647 2055 716 2095 eine
732 2056 807 2101 hieß
822 2057 939 2099 Eldad,

214 2098 266 2137 der
277 2102 396 2143 andere
404 2104 544 2144 Medad,
562 2104 629 2145 und
644 2106 702 2147 der
721 2105 816 2150 Geiſt
830 2107 943 2154 ruhete

213 2143 269 2190 auf
280 2145 394 2195 ihnen,
408 2149 494 2188 denn
515 2139 560 2197 ſie
583 2156 699 2188 waren
716 2148 810 2195 auch
827 2159 940 2198 ange⸗

213 2190 394 2241 ſchrieben,
415 2195 473 2239 [zu
488 2205 566 2232 denen
574 2211 621 2238 70.
632 2196 790 2245 aͤlteſten,]
786 2201 852 2239 und
863 2201 939 2248 doch

212 2243 294 2291 nicht
314 2245 438 2293 hinaus
452 2254 623 2296 gegangen
638 2257 676 2298 zu
689 2251 747 2292 der
764 2247 856 2299 huͤtte
872 2254 939 2296 und

211 2292 250 2340 ſie
257 2293 438 2343 weiſſagten
447 2296 494 2335 im
502 2296 606 2343 lager.

253 2359 314 2391 27.
338 2351 401 2393 Da
411 2353 485 2400 lieff
495 2355 547 2395 ein
563 2355 663 2395 knabe
680 2355 747 2403 hin,
764 2358 830 2395 und
846 2357 938 2405 ſagts

210 2401 302 2446 Moſe
310 2413 364 2450 an,
373 2405 439 2444 und
453 2404 581 2454 ſprach:
606 2408 716 2450 Eldad
729 2409 797 2449 und
810 2410 938 2453 Medad

209 2451 376 2499 weiſſagen
391 2453 438 2491 im
449 2454 553 2498 lager.
571 2458 642 2495 (Luc.
654 2472 684 2497 9.
695 2455 761 2496 49.)

254 2500 311 2537 28.
336 2498 402 2537 Da
424 2502 619 2539 antwortete
641 2501 769 2548 Joſua,
786 2502 843 2542 der
860 2502 936 2550 ſohn

209 2547 296 2595 Nun,
305 2553 402 2590 (Num.
414 2554 504 2593 13.9.)
517 2551 615 2597 Moſe
631 2554 761 2594 diener,
775 2554 840 2593 den
846 2564 887 2596 er
887 2564 936 2597 er⸗

208 2598 319 2646 wehlet
330 2597 434 2648 hatte,
450 2595 504 2646 und
508 2600 641 2653 ſprach:
663 2604 763 2646 Mein
770 2604 848 2657 herr
854 2608 934 2650 Mo⸗

202 2649 238 2691 ſe,
251 2650 358 2699 wehre
367 2651 476 2699 ihnen.

247 2698 308 2738 29.
333 2696 422 2736 Aber
439 2696 537 2744 Moſe
559 2696 671 2747 ſprach
689 2707 726 2745 zu
744 2698 831 2746 ihm:
855 2702 934 2747 Biſt

206 2748 242 2785 du
251 2746 307 2785 der
315 2747 433 2792 eiferer
448 2743 504 2794 fuͤr
521 2749 633 2796 mich?
655 2752 770 2792 Wolte
786 2752 931 2800 GOTT,

206 2792 264 2839 daß
273 2794 336 2834 alle
343 2797 408 2836 das
417 2797 504 2838 volck
522 2799 581 2838 des
597 2799 726 2844 HErrn
743 2799 931 2848 weiſſagete,

205 2841 264 2884 und
270 2845 329 2885 der
335 2846 475 2892 HERR
485 2848 590 2893 ſeinen
599 2847 694 2894 Geiſt
703 2846 782 2889 uͤber
789 2848 833 2889 ſie
839 2845 930 2895 gaͤbe.

250 2886 307 2937 30.
333 2894 410 2939 Alſo
427 2894 594 2940 ſammlete
608 2898 671 2945 ſich
686 2896 783 2943 Moſe
793 2906 865 2946 zum
883 2898 931 2939 la⸗

204 2950 265 2990 ger,
277 2946 342 2983 und
350 2949 401 2984 die
412 2945 546 2994 aͤlteſten
557 2950 680 2984 Jſrael.

246 2993 307 3028 31.
329 2984 394 3025 Da
403 2987 480 3035 fuhr
491 2988 557 3027 aus
567 2990 624 3029 der
638 2990 729 3030 wind
744 2999 830 3032 von
843 2993 931 3032 dem

989 417 1149 465 HErrn,
1160 421 1234 465 [nach
1244 429 1334 461 ſeinem
1342 425 1449 469 befehl,]
1465 427 1531 465 und
1539 425 1604 473 ließ
1620 427 1729 473 wach⸗

989 467 1056 504 teln
1063 464 1209 506 kommen
1221 476 1299 506 vom
1315 477 1424 516 meer,
1449 472 1516 510 und
1534 470 1666 520 ſtreuete
1682 474 1727 521 ſie

990 515 1067 558 uͤber
1076 516 1140 558 das
1149 517 1252 566 lager,
1262 524 1350 563 (Exod.
1362 531 1402 558 16.
1415 536 1446 559 13.
1458 526 1606 566 Pſ.78.29.)
1622 524 1672 570 hie
1682 535 1724 563 ei⸗

989 577 1030 608 ne
1038 567 1193 616 tagereiſe
1209 571 1301 618 lang,
1316 573 1362 610 da
1375 572 1445 611 eine
1463 573 1617 621 tagereiſe
1634 577 1726 623 lang,

988 629 1046 659 um
1053 620 1118 660 das
1126 621 1219 668 lager
1227 621 1296 670 her,
1305 631 1374 671 zwo
1382 624 1464 665 ellen
1479 626 1558 674 hoch
1575 624 1653 669 uͤber
1669 631 1726 669 der

989 665 1071 705 erde.
1096 667 1158 709 [daß
1168 682 1225 702 man
1243 676 1274 711 ſie
1284 676 1354 706 leicht
1366 676 1458 712 fangen
1467 671 1571 713 konte.]

1036 728 1094 764 32.
1119 718 1185 761 Da
1192 720 1321 770 machte
1327 722 1390 770 ſich
1398 725 1464 764 das
1473 726 1559 772 volck
1571 727 1639 776 auf,
1649 728 1725 766 den⸗

989 753 1088 812 ſelben
1097 763 1228 805 gantzen
1243 765 1320 807 tag,
1340 765 1406 799 und
1424 765 1476 800 die
1491 769 1599 810 gantze
1617 766 1724 815 nacht,

989 818 1052 856 und
1060 819 1120 856 den
1132 819 1256 858 andern
1265 822 1397 866 gantzen
1407 826 1475 868 tag,
1494 824 1560 863 und
1578 822 1728 869 ſammle⸗

989 872 1041 905 ten
1056 866 1226 915 wachteln,
1242 872 1309 910 und
1325 869 1462 917 welcher
1476 882 1533 911 am
1550 873 1727 923 wenigſten

989 913 1161 960 ſammlete,
1172 918 1229 957 der
1238 918 1404 963 ſammlete
1416 919 1509 968 zehen
1520 920 1647 969 homor,
1657 928 1724 959 und

989 963 1141 1012 hengeten
1151 964 1192 1014 ſie
1202 968 1270 1016 auf,
1283 978 1340 1008 um
1348 969 1412 1009 das
1422 971 1516 1018 lager
1524 969 1592 1019 her.
1615 974 1730 1017 [dieſel⸗

989 1018 1032 1047 ben
1041 1026 1072 1047 an
1089 1022 1131 1047 der
1148 1020 1205 1053 lufft
1213 1028 1241 1055 zu
1252 1015 1369 1055 doͤrren.]

1037 1072 1094 1106 33.
1120 1062 1184 1104 Da
1193 1067 1271 1105 aber
1280 1065 1344 1105 das
1354 1065 1456 1115 fleiſch
1466 1066 1545 1116 noch
1561 1075 1658 1109 unter
1673 1069 1723 1116 ih⸗

985 1116 1043 1148 ren
1052 1103 1173 1156 zaͤhnen
1183 1120 1266 1157 war,
1275 1113 1341 1150 und
1355 1115 1402 1158 [ſie
1414 1122 1470 1154 noch
1480 1124 1555 1150 daran
1564 1124 1612 1154 ſatt
1623 1131 1650 1156 zu
1661 1123 1721 1156 eſſen

984 1164 1096 1205 hatten,]
1111 1162 1167 1209 ehe
1180 1164 1218 1203 es
1227 1165 1290 1208 auf
1295 1174 1379 1211 war,
1388 1168 1431 1205 da
1448 1166 1657 1213 ergrimmete
1664 1172 1717 1209 der

983 1220 1059 1258 zorn
1068 1213 1128 1251 des
1139 1214 1317 1262 HERRN
1326 1222 1421 1256 unter
1430 1219 1504 1257 dem
1519 1219 1643 1264 volcke,
1652 1222 1719 1251 und

983 1261 1090 1310 ſchlug
1114 1262 1157 1310 ſie
1182 1266 1244 1305 mit
1267 1267 1355 1306 einer
1375 1266 1443 1313 ſehr
1463 1268 1588 1316 groſſen
1610 1269 1716 1316 plage.

983 1305 1054 1350 [daß
1071 1313 1135 1348 ihrer
1153 1315 1204 1345 viel
1223 1314 1329 1353 ploͤtzlich
1347 1319 1420 1353 dahin
1436 1312 1556 1357 ſturben.]
1579 1317 1665 1357 (Pſal.
1676 1328 1718 1357 78.

982 1367 1024 1399 30.
1044 1360 1139 1398 ſeqq.)

1031 1414 1089 1448 34.
1113 1405 1236 1453 Daher
1246 1407 1411 1456 dieſelbige
1428 1406 1509 1458 ſtaͤte
1524 1411 1613 1459 heißt
1631 1410 1715 1459 luſt⸗

980 1455 1133 1503 gräber,
1150 1459 1267 1503 darum,
1280 1459 1337 1506 daß
1345 1471 1425 1501 man
1444 1461 1577 1512 daſelbſt
1592 1461 1714 1511 begrub

979 1506 1044 1547 das
1063 1501 1203 1547 luͤſterne
1212 1509 1309 1547 volck.

986 1558 1088 1594 35.
1115 1552 1195 1590 Von
1204 1554 1265 1591 den
1282 1548 1487 1602 luſtgraͤbern
1497 1554 1574 1595 aber
1584 1565 1639 1605 zog
1647 1557 1712 1596 das

977 1604 1065 1645 volck
1080 1603 1148 1643 aus
1164 1614 1226 1651 gen
1242 1605 1430 1654 Hazeroth,
1452 1610 1517 1650 und
1534 1610 1656 1651 blieben
1672 1618 1711 1658 zu

975 1653 1150 1705 Hazeroth.
1169 1662 1273 1700 (Num.
1286 1674 1321 1700 33.
1332 1662 1382 1701 17.)

1177 1740 1270 1782 Das
1282 1752 1338 1779 12.
1350 1740 1517 1788 Capitel.

1015 1795 1037 1821 1.
1057 1789 1185 1829 Mirjam
1194 1791 1252 1824 und
1261 1792 1356 1826 Aaron
1366 1799 1483 1827 murren
1498 1793 1586 1830 wider
1600 1793 1707 1832 Moſen

974 1831 1029 1868 daß
1039 1842 1067 1867 er
1077 1834 1140 1867 eine
1150 1833 1256 1869 Morin
1272 1837 1475 1876 geheyrathet/
1479 1838 1514 1875 1.
1531 1846 1561 1872 Il.
1580 1842 1706 1878 GOTT

972 1872 1123 1912 erſcheinet
1145 1873 1230 1912 ihnen
1254 1879 1314 1911 und
1333 1877 1478 1918 verweiſet
1497 1880 1583 1918 ihnen
1604 1882 1705 1920 ſolches

974 1917 1050 1954 hart/
1061 1927 1092 1954 4.
1111 1920 1148 1949 IIl.
1172 1917 1300 1957 Mirjam
1311 1919 1378 1957 wird
1390 1920 1478 1958 ſieben
1490 1925 1553 1959 tage
1567 1923 1634 1960 lang
1650 1922 1704 1958 mit

969 1957 1073 1999 ausſatz
1085 1961 1224 2000 geſtrafet.
1245 1971 1289 1992 10.

973 2006 1010 2088 1.
1010 2005 1077 2101 U

1077 2005 1137 2046 Nd
1146 2003 1293 2052 Mirjam
1305 2008 1370 2045 und
1384 2006 1498 2048 Aaron
1507 2009 1634 2050 redeten
1643 2009 1701 2048 wi⸗

1077 2053 1136 2102 der
1152 2052 1259 2092 Moſe,
1277 2053 1369 2094 [ihren
1387 2054 1506 2093 bruder,]
1525 2058 1582 2089 um
1598 2051 1701 2096 ſeines

966 2107 1071 2148 weibs
1078 2106 1199 2156 willen,
1208 2110 1265 2149 der
1273 2110 1444 2158 Morinne,
1454 2113 1506 2151 die
1515 2120 1551 2150 er
1567 2121 1698 2158 genom⸗

965 2159 1040 2191 men
1050 2152 1150 2202 hatte,
1160 2154 1290 2200 darum,
1299 2156 1364 2201 daß
1373 2167 1408 2196 er
1417 2160 1486 2198 eine
1504 2159 1699 2199 Morinne

966 2201 1046 2239 [oder
1064 2211 1117 2232 eine
1131 2207 1233 2238 fremde,
1249 2211 1285 2233 die
1304 2208 1368 2234 keine
1378 2207 1510 2241 Jſraelitin
1525 2202 1609 2245 war,]
1625 2209 1696 2249 zum

963 2253 1064 2294 weibe
1072 2263 1266 2303 genommen
1280 2259 1382 2301 hatte,

1013 2306 1049 2333 2.
1090 2299 1163 2336 Und
1191 2298 1368 2346 ſprachen:
1403 2302 1508 2341 Redet
1532 2303 1615 2341 denn
1640 2303 1697 2342 der

962 2350 1103 2401 HERR
1127 2350 1227 2394 allein
1249 2353 1348 2401 durch
1365 2347 1486 2402 Moſe?
1509 2357 1639 2398 Redet
1656 2368 1695 2394 er

963 2397 1063 2440 nicht
1074 2401 1168 2438 auch
1179 2399 1292 2442 durch
1303 2405 1406 2437 uns?
1418 2398 1506 2445 [ſind
1523 2414 1570 2436 wir
1585 2409 1653 2442 nicht
1670 2410 1694 2441 ſo

961 2444 1033 2472 wohl
1042 2446 1085 2469 als
1099 2447 1126 2469 er
1135 2444 1185 2470 mit
1194 2443 1250 2472 dem
1260 2444 1352 2476 Geiſte
1367 2445 1409 2473 der
1425 2444 1546 2478 weisheit
1561 2446 1694 2480 begabet?

958 2480 1038 2513 haͤtte
1043 2490 1069 2511 er
1088 2483 1126 2504 uns
1138 2479 1203 2514 nicht
1214 2478 1288 2509 ſollen
1300 2483 1331 2511 zu
1346 2478 1421 2510 rathe
1435 2480 1558 2513 nehmen/
1571 2476 1632 2511 oder
1647 2483 1694 2515 ha⸗

962 2518 1010 2542 ben
1024 2518 1077 2540 wir
1095 2514 1162 2543 nicht
1175 2513 1260 2544 macht
1275 2516 1330 2546 ihm
1351 2514 1445 2551 ſolches
1463 2522 1494 2549 zu
1508 2514 1697 2556 verweiſen?]

960 2556 1033 2592 Und
1050 2559 1108 2592 der
1124 2557 1264 2592 HERR
1274 2556 1398 2592 hoͤrets.

1008 2610 1041 2644 3.
1066 2600 1153 2640 Aber
1161 2599 1256 2645 Moſe
1265 2609 1338 2640 war
1347 2601 1399 2641 ein
1408 2601 1488 2649 ſehr
1497 2603 1691 2652 geplagter

962 2644 1099 2697 menſch
1117 2649 1172 2693 [ein
1181 2656 1228 2685 wie
1237 2656 1336 2688 David,
1352 2658 1446 2689 elender
1462 2659 1565 2692 menſch,
1582 2664 1622 2690 der
1639 2661 1691 2690 viel

959 2703 1039 2734 leiden
1054 2701 1137 2736 muſte.
1156 2702 1199 2733 Pſ.
1211 2710 1257 2734 132.
1274 2712 1294 2730 1.
1314 2703 1435 2735 Gedencke
1452 2705 1555 2737 Davids
1578 2710 1626 2734 und
1646 2708 1690 2735 alle

957 2750 1039 2786 ſeines
1058 2748 1159 2772 leidens.
1177 2748 1221 2778 Pſ.
1232 2749 1267 2774 18.
1277 2750 1314 2774 28.
1339 2750 1468 2782 Prov.18.
1484 2756 1520 2776 12.
1537 2743 1590 2791 L.]
1612 2738 1689 2785 uͤber

959 2794 1023 2835 alle
1031 2794 1194 2842 menſchen
1205 2798 1269 2840 auf
1278 2801 1386 2838 erden.

1007 2853 1041 2886 4.
1065 2843 1137 2882 Und
1151 2842 1292 2892 ploͤtzlich
1309 2845 1420 2895 ſprach
1430 2847 1487 2886 der
1496 2848 1635 2897 HERR
1652 2859 1689 2895 zu

958 2890 1054 2935 Moſe
1062 2894 1127 2931 und
1137 2900 1172 2938 zu
1183 2890 1306 2941 Aaron,
1317 2896 1382 2934 und
1390 2906 1426 2943 zu
1436 2896 1602 2943 Mirjam:
1621 2900 1687 2938 Ge⸗

952 2942 1012 2975 het
1020 2936 1144 2985 heraus
1154 2938 1208 2985 ihr
1214 2940 1292 2985 drey
1301 2952 1338 2990 zu
1346 2944 1403 2982 der
1411 2938 1501 2990 huͤtte
1508 2946 1567 2987 des
1576 2944 1688 2994 ſtiffts.

946 2989 1029 3028 Und
1037 2986 1079 3036 ſie
1088 2988 1224 3037 giengen
1233 2988 1295 3030 alle
1303 2994 1383 3039 drey
1392 2986 1533 3039 heraus.

1750 430 1796 465 laͤßt

1743 472 1814 493 wun⸗

1741 499 1832 530 derlich

1741 533 1824 561 wach⸗

1739 567 1804 591 teln

1743 606 1827 627 kom̃en

1740 640 1806 670 und

1753 1067 1828 1104 ſtraft

1751 1108 1802 1139 zu⸗

1753 1146 1822 1173 gleich

1752 1181 1804 1210 das

1745 1214 1833 1249 volck.

1757 2029 1775 2063 I.

1718 2075 1798 2105 Mir⸗

1716 2111 1773 2131 jam
1774 2106 1822 2138 uñ

1722 2139 1817 2170 Aaron

1718 2179 1816 2206 murren

1712 2208 1796 2240 wider

1714 2242 1816 2275 Moſen

1726 2851 1764 2882 II.

1710 2891 1798 2920 GOtt

1703 2929 1809 2956 verwei⸗

1708 2958 1738 2991 ſet
1746 2958 1789 2992 ihn

1705 2995 1798 3031 ſolches

1711 3034 1787 3065 hart.

1122 3058 1177 3101 M
1177 3058 1219 3101 3

1527 3051 1638 3100 5.Da
