1896 2609
1182 368 1251 394 110

738 460 882 502 harzigen
901 460 988 502 Saft
1005 460 1177 500 mittheilen
1206 461 1299 496 kann.
1345 462 1442 496 Unter
1457 462 1546 496 allem
1565 462 1691 503 Gemuͤß

738 514 802 546 hier
826 515 862 546 zu
880 509 980 538 Lande
1003 507 1038 545 iſt
1053 507 1127 545 auch
1153 509 1204 545 der
1224 496 1434 547 Blumenkohl
1449 507 1532 544 das,
1564 508 1690 548 welches

737 575 785 606 die
813 566 1049 616 vorzuͤglichſte
1060 572 1166 612 Groͤße
1190 577 1253 608 und
1277 572 1451 614 Schoͤnheit
1481 574 1622 612 erreicht,
1659 574 1690 608 ſo

737 642 794 667 wie
814 637 859 668 die
880 632 1050 676 Pflaumen
1067 631 1299 673 ungewoͤhnlich
1317 632 1412 673 groß,
1436 632 1531 673 ſaftig
1547 638 1610 668 und
1634 633 1691 676 ſuͤß

737 698 826 745 ſind.

797 817 874 852 Von
891 815 983 853 dieſer
999 817 1167 852 muntern,
1194 815 1378 856 volkreichen
1392 816 1559 855 Vorſtadt,
1582 814 1690 850 kamen

735 869 793 901 wir
816 868 891 904 nach
922 868 1051 907 Harlem
1077 867 1169 907 ſelbſt.
1227 869 1319 909 Dieſe
1349 869 1456 903 Stadt
1486 864 1592 908 ruͤhmt
1612 869 1690 909 ſich,

735 930 810 968 nach
837 929 1058 967 Amſterdamm
1087 929 1134 963 die
1161 927 1269 969 groͤßte
1298 936 1360 962 von
1384 935 1461 969 ganz
1486 929 1623 970 Holland
1653 935 1692 969 zu

736 989 818 1030 ſeyn.
859 988 922 1021 Sie
939 988 1012 1027 liegt
1028 995 1072 1020 an
1085 989 1183 1023 einem
1199 987 1406 1028 freundlichen
1422 989 1504 1024 See,
1531 990 1592 1022 das
1608 989 1694 1030 Har⸗

733 1048 825 1080 lemer
844 1046 935 1079 Meer
952 1048 1109 1084 genannt,
1145 1046 1204 1085 hat
1228 1047 1288 1081 viel
1305 1044 1407 1086 ſchoͤne
1426 1043 1565 1087 Haͤuſer,
1597 1053 1693 1085 ange⸗

734 1103 841 1142 nehme
869 1098 993 1143 Plaͤtze,
1025 1104 1090 1135 und
1118 1101 1222 1136 vielen
1249 1101 1389 1144 Handel.
1412 1118 1463 1129 —
1506 1102 1571 1137 Die
1591 1096 1693 1142 artige

732 1161 919 1202 Krankheit,
945 1163 1075 1201 koſtbare
1095 1163 1233 1198 Blumen
1253 1170 1285 1203 zu
1298 1161 1425 1203 haben,
1449 1170 1503 1204 zog
1518 1160 1573 1201 ſeit
1590 1159 1693 1198 vielen

733 1228 862 1268 Jahren
884 1228 948 1259 eine
964 1228 1085 1267 Menge
1102 1221 1182 1268 Geld
1197 1222 1351 1273 hieher,
1365 1226 1538 1266 weßwegen
1558 1226 1594 1268 ſie
1615 1226 1692 1266 auch

734 1287 782 1318 die
802 1284 897 1318 kleine
912 1284 1106 1325 Spielwerke
1125 1283 1294 1325 erfanden,
1319 1284 1393 1324 dieſe
1411 1287 1475 1318 und
1491 1284 1558 1327 jene
1573 1285 1692 1319 Blume

732 1342 857 1381 mahlen
883 1349 920 1382 zu
945 1342 1054 1382 laſſen,
1087 1345 1151 1377 und
1174 1343 1250 1383 dieſe
1268 1343 1429 1384 Portraite
1450 1350 1489 1384 zu
1507 1344 1692 1382 verſenden,

732 1403 789 1436 wie
818 1411 898 1436 man
923 1403 969 1436 die
995 1403 1146 1444 Bildniſſe
1177 1410 1238 1436 von
1265 1402 1494 1445 Prinzeßinnen
1520 1401 1689 1445 verſchickt,

732 1461 832 1493 damit
848 1458 941 1499 große
960 1459 1079 1500 Herren
1093 1456 1209 1501 luͤſtern
1222 1462 1348 1493 werden
1364 1456 1492 1500 moͤgen.

797 1587 870 1622 Wir
897 1584 1023 1624 dachten
1048 1583 1159 1618 wieder
1180 1586 1221 1625 zu
1235 1583 1390 1620 kommen,
1421 1585 1545 1618 wollten
1568 1585 1634 1623 alſo
1658 1585 1692 1619 in

733 1639 814 1672 keine
836 1638 944 1675 Kirche
974 1640 1045 1669 oder
1064 1643 1100 1677 zu
1119 1639 1237 1672 andern
1255 1636 1442 1673 Gebaͤuden.
1487 1639 1566 1673 Das
1586 1639 1693 1679 Rath⸗

733 1698 819 1736 haus
845 1699 923 1729 wird
944 1696 1007 1735 ſehr
1030 1693 1188 1736 geruͤhmt,
1219 1699 1284 1729 und
1314 1696 1351 1737 ſie
1374 1697 1474 1737 zeigen
1496 1694 1571 1737 auch
1599 1703 1693 1736 gerne

734 1756 796 1783 das
819 1754 883 1781 alte
898 1751 995 1789 Haus
1014 1756 1076 1781 von
1096 1749 1202 1791 Lorenz
1220 1749 1343 1795 Coſter,
1369 1749 1505 1795 welcher,
1529 1751 1603 1786 nach
1622 1753 1689 1782 dem

733 1814 898 1855 Vorgeben
917 1817 968 1847 der
984 1811 1173 1856 Hollaͤnder,
1199 1822 1280 1854 1440
1299 1816 1346 1854 die
1364 1814 1526 1849 Druckerei
1548 1817 1605 1849 mit
1623 1816 1689 1848 ein⸗

733 1876 956 1916 geſchnittenen
985 1878 1048 1908 und
1074 1874 1271 1915 beweglichen
1303 1876 1521 1916 Buchſtaben,
1556 1875 1589 1918 ja
1611 1874 1721 1914 auch

733 1937 780 1969 die
801 1930 1154 1976 Buchdruckerſchwaͤrze
1172 1934 1322 1971 erfunden
1338 1934 1438 1974 haben
1454 1935 1519 1975 ſoll.
1564 1934 1689 1975 Straß⸗

732 1995 812 2034 burg
831 1997 892 2027 und
911 1995 1023 2036 Mainz
1041 1992 1271 2036 widerſprechen
1294 1995 1329 2029 es
1349 1996 1432 2029 aber.
1479 1994 1539 2035 Jch
1558 1998 1689 2028 wundre

730 2053 808 2091 mich
824 2052 925 2091 nicht,
950 2052 1011 2090 daß
1027 2053 1091 2096 jede
1108 2052 1200 2093 dieſer
1217 2051 1339 2089 Staͤdte
1356 2052 1491 2094 wuͤnſcht
1509 2056 1565 2087 den
1578 2053 1687 2087 Mann

734 2117 826 2148 unter
845 2113 910 2153 ihre
926 2109 1051 2152 Buͤrger
1067 2119 1105 2153 zu
1122 2109 1247 2155 zaͤhlen,
1272 2114 1396 2155 welcher
1416 2115 1450 2150 in
1467 2116 1517 2148 der
1532 2113 1619 2155 That
1636 2116 1687 2147 der
