1419 2271
468 527 642 568 Entſchaͤdigte
655 528 709 566 ſehr
716 523 815 566 ſchlecht
827 524 867 557 die
874 525 1002 563 hoffenden
1010 521 1164 560 Goͤttinnen.

469 577 522 612 Sie
536 580 639 609 wurden
660 578 716 608 bald
737 583 765 611 zu
781 574 861 613 ihrem
877 573 997 612 Schaden
1011 573 1096 609 innen,

468 628 532 664 Daß
547 628 619 664 ohne
625 626 752 662 Grazien
765 624 847 662 nichts
863 624 930 662 wohl
943 616 993 654 von
1003 621 1093 660 ſtatten
1099 624 1166 659 geht.

469 686 618 725 Vergebens
633 689 717 717 wurde
732 685 776 720 bey
789 686 907 716 Auroren

469 739 525 775 Die
536 737 739 775 Sommernacht
751 735 793 767 ein
808 735 889 772 wenig
907 735 967 771 lang
984 734 1084 771 beſtellt,

471 795 539 826 Was
555 790 642 828 hilfts,
660 791 706 826 daß
720 790 752 824 ſie
766 790 812 819 den
829 790 886 823 Tag
899 784 1068 826 zuruͤckehaͤlt?

471 843 561 881 Selbſt
572 839 616 878 fuͤr
630 841 670 871 die
682 840 779 877 Heben
792 842 845 870 und
859 839 902 869 die
909 838 1015 873 Floren

473 893 543 926 Geht
555 897 619 923 nun,
638 890 711 923 durch
719 891 814 919 Amors
823 886 908 923 Fluch,
927 886 966 917 die
977 885 1081 923 ſchoͤnſte
1088 886 1173 922 Nacht

871 941 1010 981 verlohren.

473 1003 536 1037 Den
549 997 764 1039 ſchlummernden
779 995 925 1036 Endymion

473 1057 550 1088 Kann
558 1053 659 1096 Lunens
672 1051 798 1090 waͤrmſter
805 1052 864 1088 Kuß
877 1050 945 1088 nicht
961 1056 1011 1082 aus
1020 1052 1062 1082 der
1069 1049 1174 1087 Schlaf⸗

871 1101 939 1141 ſucht
953 1097 1040 1139 kuͤſſen,

473 1156 530 1188 Und
550 1162 579 1188 zu
592 1154 724 1186 Aurorens
737 1150 902 1189 Roſenfuͤſſen

474 1203 679 1243 Petrarchiſiert,
698 1204 755 1237 trotz
774 1191 903 1237 d'Urfees
920 1192 1086 1235 Seladon,

475 1262 534 1294 Der
547 1259 617 1296 weiſe
630 1257 745 1296 Zefalus.
781 1255 875 1292 Sogar
890 1258 932 1287 der
940 1258 1006 1287 Gott
1022 1259 1069 1286 der
1078 1253 1201 1289 Gaͤrten

476 1308 608 1342 Schleicht
627 1302 676 1334 von
691 1307 827 1341 Pomonen
841 1298 890 1338 ſich
910 1298 955 1344 ein
964 1297 1045 1336 wenig
1059 1294 1118 1338 fruͤh
1134 1287 1190 1330 da⸗

877 1370 943 1396 von,

478 1420 535 1452 Und
551 1413 668 1453 ſchwoͤrt,
695 1413 833 1453 gerichtlich
847 1422 875 1449 zu
890 1411 1013 1451 erhaͤrten,

478 1470 540 1508 Daß
556 1467 635 1502 einem
649 1467 738 1499 Mann
751 1468 797 1499 wie
812 1475 838 1500 er
853 1467 927 1505 durch
941 1466 989 1497 alle
1001 1463 1131 1504 Zauberey

478 1527 542 1558 Von
549 1524 620 1556 allen
633 1521 728 1557 Zirzen
744 1522 795 1552 und
809 1523 975 1556 Medeen,

478 1575 636 1609 Ranidien,
662 1576 713 1605 und
731 1573 825 1605 andern
840 1571 912 1609 boͤſen
926 1574 992 1610 Feen

480 1626 537 1659 Der
550 1626 642 1660 ganzer
657 1624 729 1656 Welt
748 1622 774 1659 ſo
792 1625 847 1655 was
861 1617 921 1658 noch
942 1621 985 1653 nie
999 1621 1117 1657 begegnet
1132 1617 1178 1654 ſey.
