1440 2252
472 385 535 412 252

469 493 501 518 ta
523 493 672 522 l'anno.
703 493 809 536 Sappii
833 494 893 527 che
925 501 1040 544 questa
1061 501 1174 543 gamba
1194 505 1269 549 qual

465 559 502 577 tu
524 554 555 577 la
578 554 651 579 vedi
686 563 690 580 a
713 563 764 582 me
796 555 828 584 ſa
850 555 905 598 più
926 567 1051 594 onore,
1072 559 1131 592 che
1154 571 1173 593 a
1189 565 1268 598 mol-

463 617 489 642 ti
511 616 582 644 altri
612 616 643 644 le
676 616 745 648 loro
774 618 836 650 due
859 620 1011 657 intiere.
1041 627 1121 661 Caro
1144 628 1265 673 padre,

464 680 585 712 rispose
602 681 624 703 il
633 685 780 718 pastore,
793 684 946 723 potrebbe
967 685 1031 719 ben
1053 687 1137 721 darsi
1159 691 1208 723 ch'
1218 692 1265 724 el-

460 741 490 767 la
509 743 534 766 ti
553 743 600 767 sia
623 742 678 779 più
700 746 903 781 onorevole,
922 755 999 789 pure
1022 753 1263 788 scommetterei

460 806 520 833 che
542 806 573 833 le
596 809 678 837 altre
700 809 792 839 sieno
813 808 869 852 più
889 815 1046 849 comode.
1064 819 1119 851 Ma
1140 825 1177 852 tu
1186 820 1261 855 devi

457 880 563 897 essere
577 876 711 908 stanco;
735 880 771 902 se
792 875 814 903 t'
829 876 985 918 aggrada,
1007 879 1107 915 andrò
1123 883 1154 914 al
1164 883 1255 919 fonte

455 934 517 975 che
542 936 716 966 scaturisce
746 936 785 967 da
815 935 924 980 quella
945 948 1028 984 rupe
1054 950 1073 975 a
1094 946 1256 990 prenderti

430 1007 518 1039 una
539 1000 645 1035 fresca
666 1002 826 1039 bevanda.

492 1060 529 1091 Il
552 1064 742 1098 vecchio.
784 1065 838 1100 Tu
861 1066 909 1100 sei
933 1079 978 1103 un
997 1071 1087 1107 buon
1115 1073 1252 1113 fanciul-

446 1123 510 1152 lo.
539 1124 612 1154 Una
641 1129 788 1159 bevanda
817 1128 852 1158 d'
869 1139 973 1174 acqua
1004 1134 1108 1169 fresca
1129 1135 1176 1168 mi
1186 1147 1251 1180 po-

445 1192 560 1232 trebbe
580 1190 746 1234 ristorare.
770 1191 811 1224 Se
834 1193 943 1226 andrai
963 1203 984 1227 a
1002 1196 1246 1245 prendermela,

443 1255 469 1295 ti
493 1253 675 1284 racconterò
700 1254 726 1283 l'
742 1255 909 1291 accidente
930 1257 1017 1294 della
1046 1260 1111 1295 mia
1131 1266 1245 1310 gamba

441 1317 475 1347 di
496 1317 623 1359 legno.
656 1318 753 1355 Corse
778 1322 802 1357 il
832 1325 1034 1374 pastorello,
1063 1341 1082 1363 e
1104 1331 1150 1376 gli
1170 1333 1242 1370 recò

440 1383 524 1416 dalla
546 1391 695 1429 sorgente
714 1390 745 1423 la
766 1390 912 1428 bevanda
933 1396 1064 1442 gradita.

518 1517 680 1557 Ristorato
703 1516 726 1545 il
748 1516 881 1551 vecchio
912 1519 957 1561 gli
974 1521 1084 1558 disse:
1106 1534 1141 1558 se
1159 1525 1239 1561 mol-

434 1576 460 1603 ti
482 1577 538 1604 de'
558 1580 656 1608 vostri
682 1581 821 1620 genitori
842 1591 922 1615 sono
945 1592 1043 1619 ancor
1071 1588 1236 1634 storpiati,

431 1651 450 1664 e
481 1642 568 1679 pieni
601 1644 633 1672 di
664 1645 837 1683 cicatrici,
866 1648 920 1681 voi
947 1650 1022 1684 altri
1052 1651 1234 1698 giovanotti

432 1704 580 1733 dovreste
607 1709 763 1738 renderne
793 1713 903 1749 grazie
938 1721 944 1745 a
958 1712 1058 1752 Dio,
1076 1720 1097 1760 e
1130 1718 1161 1750 al
1182 1718 1232 1754 lor

428 1767 561 1800 valore;
592 1771 773 1800 altrimente
802 1784 840 1803 ve
864 1787 906 1805 ne
935 1779 1083 1811 andreste
1115 1777 1229 1814 adesso

422 1830 570 1866 avviliti,
592 1853 606 1873 e
624 1851 649 1873 a
667 1844 744 1878 capo
767 1838 887 1877 basso,
918 1842 953 1876 in
982 1852 1062 1879 vece
1084 1844 1118 1878 di
1148 1853 1228 1883 star-
