2241 2619
981 356 1077 395 (25)

342 396 614 455 Imperatoris
635 395 943 446 Maximiliani,
985 400 1137 457 quibus
1159 414 1303 445 nomen
1319 403 1484 463 Regium
1514 406 1651 454 tribu-

343 467 441 500 tum
463 452 512 495 ſit
536 457 645 514 patri
659 455 747 512 ejus
777 457 993 511 Gabrieli,
1031 465 1107 518 qui
1124 465 1266 520 poſtea
1289 480 1454 513 mutato
1473 474 1651 518 nomine

345 508 516 562 Baſilius
529 514 678 555 vocari
700 511 885 563 maluit;
913 514 1117 575 quodque
1141 520 1352 574 affirmet,
1383 538 1453 568 me
1472 540 1539 571 eas
1555 528 1650 573 lite-

347 583 414 612 ras
429 567 484 607 ad
497 568 619 610 illum
636 568 889 628 pertuliſſe:
949 585 1132 632 eamque
1148 576 1204 620 ob
1222 579 1389 625 cauſam
1406 582 1567 629 factum
1577 585 1651 638 eſt,

346 639 392 669 ut
409 625 458 663 in
471 625 708 669 noviſſimis
727 636 829 670 cum
844 628 968 685 Rege
982 630 1172 676 Poloniæ
1194 635 1456 689 tractatibus,
1472 649 1545 684 aut
1559 641 1651 686 Rex

343 681 567 742 appellari,
596 691 670 723 aut
686 691 838 726 omnes
856 685 1071 744 pactiones
1083 690 1219 734 irritas
1237 690 1316 737 eſſe
1339 695 1536 746 voluerit.
1563 698 1652 745 Etſi

345 749 454 794 vero
476 739 544 782 his
562 739 849 793 ſermonibus,
878 752 1086 802 tanquam
1113 760 1195 793 nec
1216 753 1536 808 veriſimilibus,
1564 760 1650 800 mi-

342 804 463 847 nime
482 796 683 846 deberem
709 804 1016 858 commoveri,
1044 818 1192 854 tamen
1209 824 1280 855 eos
1300 826 1392 858 non
1423 826 1512 860 tam
1534 830 1645 868 mea,

346 861 475 911 quam
492 854 648 907 optimi
668 854 711 897 &
734 853 1051 905 clementiſſimi
1070 863 1278 918 Principis
1299 868 1386 909 mei
1402 866 1542 919 cauſa,
1572 881 1646 912 co-

341 916 428 964 gor
448 907 655 958 refutare,
683 921 788 955 cum
811 911 983 961 videam
1011 918 1139 962 etiam
1155 918 1360 977 piiſſimos
1386 921 1474 979 ejus
1499 938 1646 970 manes

349 973 505 1017 temere
527 968 576 1001 in
589 966 799 1009 invidiam
816 970 975 1010 vocari.
1050 973 1158 1015 Non
1177 972 1235 1018 eſt
1252 973 1503 1029 obſcurum,
1526 978 1644 1026 fuiſſe

339 1020 566 1076 aliquando
583 1022 841 1070 ſimultatem
859 1025 1048 1081 aliquam
1070 1033 1184 1075 inter
1197 1031 1542 1083 Maximilianum
1555 1040 1646 1083 Im-

341 1088 430 1131 per.
445 1080 488 1122 &
504 1078 822 1139 Sigiſmundum
837 1078 1029 1134 Poloniæ
1047 1089 1250 1145 Regem,
1268 1104 1318 1135 ea
1334 1098 1545 1140 nimirum
1562 1110 1645 1153 po-

337 1132 506 1184 teſtate,
536 1147 621 1192 qua
634 1136 926 1197 Sigiſmundus
950 1140 1126 1191 ducebat
1142 1144 1344 1207 Stephani
1362 1153 1531 1198 comitis
1541 1156 1644 1199 Sce-

335 1190 538 1253 puſienſis
556 1192 704 1238 filiam.
760 1194 880 1242 Nam
893 1196 990 1243 ideo
1005 1195 1100 1245 fieri
1112 1200 1288 1259 quidam
1305 1203 1642 1262 interpretaban-

335 1256 421 1296 tur,
433 1256 477 1305 ut
482 1248 613 1309 frater
637 1246 773 1316 ſponſæ
793 1264 986 1303 Joannes,
998 1261 1156 1312 nuptiis
1163 1260 1302 1306 Annæ
1311 1263 1408 1310 filiæ
1417 1267 1642 1315 Wladislai

336 1299 475 1359 Regis
498 1302 756 1363 Hungariæ,
782 1310 1009 1355 autoritate
1042 1315 1087 1356 &
1112 1327 1244 1372 opera
1271 1318 1531 1376 Sigiſmundi
1551 1321 1637 1367 fra-

333 1359 411 1407 ris
428 1361 662 1416 potiretur:
693 1363 737 1403 &
755 1372 834 1420 per
849 1361 932 1406 hoc
948 1364 1255 1426 impediretur,
1282 1372 1540 1431 irritumque
1558 1373 1638 1421 fie-

330 1430 401 1464 ret
412 1415 482 1474 jus
509 1416 798 1473 ſucceſſionis,
837 1422 956 1482 quod
974 1425 1271 1477 Maximiliano
1295 1428 1437 1487 ejusve
1467 1438 1638 1494 nepoti-

326 1474 414 1522 bus
436 1478 485 1513 in
503 1485 692 1528 regnum
707 1479 958 1535 Hungariæ
992 1479 1236 1534 debebatur.
1322 1486 1418 1543 Qua
1441 1487 1492 1533 de
1516 1490 1636 1537 cauſa

331 1527 429 1571 ſane
446 1530 851 1578 Maximilianus
787 1535 860 1587 ſua
869 1535 1044 1582 referre
1061 1538 1365 1593 exiſtimabat,
1411 1545 1638 1593 Moſchum

331 1585 590 1650 perpetuum
614 1584 935 1634 Lithuanorum
965 1592 1009 1636 &
1028 1584 1298 1641 Polonorum
1332 1599 1535 1645 hoſtem,
1559 1602 1636 1649 ſibi

333 1640 485 1689 habere
502 1640 797 1686 conjunctum.
885 1644 944 1688 At
956 1643 1229 1705 poſteaquam
1248 1662 1466 1698 conventu
1483 1656 1535 1702 ad
1549 1659 1634 1703 Po-

339 1694 499 1737 ſonium
526 1691 669 1739 habito
685 1697 737 1740 de
757 1697 894 1742 Annæ
914 1705 1072 1757 nuptiis
1090 1708 1204 1748 inter
1220 1707 1569 1757 Maximilianum
1591 1716 1634 1758 &

337 1743 640 1811 Wladislaum,
649 1755 854 1811 præſente
868 1762 911 1807 &
928 1759 1098 1810 favente
1108 1763 1393 1822 Sigiſmundo,
1411 1771 1632 1823 convenit,

336 1798 524 1857 extinctis
545 1809 680 1858 ſubito
710 1815 753 1859 &
770 1813 938 1864 ſublatis
967 1818 1168 1865 omnibus
1188 1820 1488 1882 ſuſpicionibus
1516 1833 1560 1872 &
1577 1832 1631 1875 ſi-

333 1863 597 1915 multatibus,
617 1875 706 1912 tam
723 1867 835 1916 arcte
861 1870 1110 1930 complexus
1130 1877 1190 1927 eſt
1201 1876 1521 1936 Sigiſmundum
1535 1888 1631 1931 Ma-

331 1919 590 1970 ximilianus,
618 1929 669 1963 ut
683 1935 775 1969 non
792 1923 1000 1974 dubitaret
1021 1930 1278 1991 quandoque
1296 1933 1455 1987 dicere,
1486 1936 1628 1995 (quod

330 1972 423 2022 alibi
437 1988 609 2039 quoque
629 1982 888 2042 retulimus)
912 1984 951 2030 ſe
966 1999 1067 2033 cum
1082 1989 1352 2047 Sigiſmundo
1373 1999 1416 2040 &
1434 1996 1487 2041 ad
1503 1997 1627 2055 ſupe-

328 2031 396 2077 ros
417 2036 459 2078 &
483 2037 537 2079 ad
552 2035 709 2085 inferos
727 2037 807 2086 eſſe
825 2044 1004 2090 iturum.
1092 2046 1178 2092 Etſi
1194 2051 1327 2106 igitur
1344 2050 1425 2096 fuit
1442 2063 1625 2108 tempus,

327 2092 418 2138 cum
434 2091 756 2152 Maximilianus
773 2097 847 2144 ſibi
857 2090 1083 2153 Moſchum
1107 2100 1362 2153 fœderatum
1382 2107 1461 2153 eſſe
1477 2111 1626 2153 vellet:

1044 2166 1085 2210 D

1478 2180 1625 2212 tamen
