1514 2328
1041 303 1110 353 293

450 653 869 701 Vergleichung

333 708 391 743 des
414 708 593 753 Pelopidas
619 709 679 743 mit
701 712 770 745 dem
791 707 987 748 Marcellus.

243 945 332 979 1.
344 909 433 989 D

433 911 500 986 ieß
513 951 573 973 ſind
602 950 682 977 nun
707 938 753 980 die
783 948 1018 977 Begebenheiten
1056 940 1107 959 des

217 990 443 1025 Marcellus
471 992 531 1022 und
554 989 799 1028 Pelopidas,
827 992 870 1021 die
891 997 948 1023 uns
967 993 1015 1023 der
1031 989 1105 1030 Auf⸗

217 1046 370 1086 zeichnung
396 1044 512 1087 wuͤrdig
536 1047 671 1087 ſchienen.
724 1047 900 1087 Ungeachtet
926 1051 970 1083 die
992 1049 1105 1083 Sitten

218 1100 278 1130 und
313 1095 471 1137 Charakter
504 1098 589 1139 dieſer
618 1095 755 1134 Maͤnner
780 1099 915 1131 einander
953 1099 1108 1138 ungemein

218 1149 328 1193 aͤhnlich
345 1151 419 1192 ſind.
445 1171 489 1179 —
514 1152 609 1186 Denn
627 1152 713 1192 beyde
730 1151 822 1193 haben
842 1154 890 1192 ſich
913 1155 1028 1193 tapfer,
1056 1160 1107 1185 un⸗

217 1200 398 1238 verdroſſen,
433 1200 547 1240 muthig
572 1204 631 1233 und
657 1201 717 1233 voll
741 1201 830 1241 hohes
857 1203 980 1236 Sinnes
1007 1205 1107 1235 bewie⸗

215 1252 282 1291 ſen,
306 1264 350 1276 —
375 1254 404 1289 ſo
429 1251 538 1288 moͤchte
565 1252 615 1291 ſich
640 1253 706 1290 doch
733 1253 839 1285 darinn
859 1255 905 1285 ein
923 1255 1103 1292 Unterſchied

216 1300 334 1341 finden,
362 1302 433 1339 daß
461 1301 687 1336 Marcellus
714 1303 744 1335 in
771 1304 863 1335 vielen
889 1311 949 1335 von
975 1302 1034 1344 ihm
1060 1303 1104 1336 be⸗

216 1358 392 1392 zwungenen
418 1351 555 1389 Staͤdten
574 1353 672 1387 Mord
695 1357 754 1389 und
772 1354 1003 1395 Blutvergießen
1022 1362 1107 1394 ange⸗

218 1408 334 1446 richtet,
372 1406 685 1448 Epameinondas
716 1412 775 1443 und
798 1409 1014 1450 Pelopidas
1037 1410 1105 1442 aber

218 1458 288 1497 nach
304 1455 479 1497 erhaltenem
497 1457 594 1497 Siege
613 1459 659 1490 nie
677 1457 847 1498 Jemanden
869 1456 1000 1500 getoͤdet,
1034 1460 1104 1499 noch

216 1517 305 1552 ganze
339 1510 457 1546 Staͤdte
487 1514 517 1548 in
543 1511 709 1553 Sklaverey
735 1510 855 1554 geſtuͤrzt
880 1511 990 1553 haben;
1032 1513 1102 1552 auch

217 1563 280 1602 ſagt
302 1568 389 1599 man,
427 1563 482 1601 daß
510 1565 552 1597 die
580 1562 733 1600 Thebaner
766 1564 857 1603 gewiß
882 1565 957 1600 nicht
982 1567 1008 1605 ſo
1035 1563 1103 1603 hart

218 1613 274 1644 mit
290 1614 342 1644 den
361 1612 585 1651 Orchomeniern
605 1612 633 1650 ¹)
663 1611 783 1647 wuͤrden
808 1620 1005 1652 umgegangen
1025 1615 1101 1651 ſeyn,

203 1668 302 1696 wenn
321 1663 383 1700 jene
401 1663 507 1705 beyden
525 1660 660 1697 Maͤnner
682 1670 804 1703 zugegen
823 1667 946 1705 geweſen
963 1662 1071 1698 waͤren.

686 1721 716 1755 T
741 1733 766 1764 3

1022 1725 1100 1758 Was

250 1778 283 1813 1)
307 1778 495 1812 Orchomenus
512 1785 567 1812 war
588 1779 643 1809 eine
660 1779 717 1814 ſehr
738 1781 790 1813 alte
815 1783 905 1813 Stadt
926 1784 952 1812 in
970 1780 1100 1815 Boͤotien,

283 1821 354 1845 nicht
367 1817 429 1847 weit
440 1822 488 1846 von
512 1821 620 1847 Theben.
658 1817 709 1847 Die
729 1818 883 1845 Einwohner
900 1817 1026 1844 derſelben
1045 1817 1103 1843 hat⸗

281 1848 335 1884 ten
335 1848 398 1884 von
398 1849 483 1889 jeher
483 1848 546 1888 mit
546 1848 618 1884 den
618 1848 780 1888 Thebanern
780 1848 819 1887 in
819 1848 996 1889 Feindschaft
996 1848 1103 1888 gelebt,

283 1885 377 1917 welche
390 1885 476 1919 zuletzt
490 1885 552 1918 noch
567 1883 679 1917 dadurch
694 1885 845 1922 vergroͤßert
861 1889 958 1919 wurde,
982 1884 1032 1919 daß
1047 1889 1102 1920 jene

285 1925 314 1952 es
330 1923 380 1950 mit
393 1925 441 1953 den
453 1918 668 1955 Lakedaͤmoniern
685 1924 791 1957 hielten.
827 1923 919 1956 Gleich
935 1925 997 1956 nach
1020 1925 1101 1958 Epa⸗

285 1956 493 1990 meinondas
509 1956 581 1993 Tode
590 1956 704 1992 machten
714 1957 797 1994 einige
813 1958 955 1990 verbannte
963 1957 1102 1994 Thebaner

1048 1999 1105 2023 den
