1632 2667
321 382 422 427 Man
460 375 591 432 ſchlaͤgt
627 386 666 426 zu
702 370 910 427 dergleichen
947 368 1246 414 Saamenbeeten

245 428 483 484 durchgaͤngig
499 427 606 482 ſolche
622 424 745 478 Plaͤtze
765 433 847 474 vor,
875 422 929 462 die
948 430 1010 460 am
1032 424 1170 468 meiſten
1198 425 1247 459 im

246 477 379 534 Schuß
395 474 525 530 liegen;
543 483 627 523 aber
643 478 691 529 ich
707 477 808 529 rathe
824 474 915 526 nicht
929 476 1035 521 dazu.
1063 475 1122 515 An
1138 477 1250 511 einem

247 551 288 588 zu
305 533 376 590 ſehr
387 529 576 591 beſchuͤzten
585 534 697 586 Orte,
708 529 863 582 wachſen
873 528 1010 582 freylich
1029 529 1082 569 die
1096 527 1250 570 Baͤum⸗

249 591 327 640 chen
341 589 446 644 gleich
460 591 509 632 im
527 590 633 636 erſten
648 583 769 637 Jahre
790 587 907 625 etwas
924 578 1029 632 hoͤher
1044 578 1105 621 als
1123 586 1170 618 an
1188 586 1252 617 an⸗

249 644 348 694 dern,
378 643 463 687 aber
478 638 618 694 freylich
636 637 732 689 auch
732 640 801 687 um
823 636 860 686 ſo
882 627 949 677 viel
971 631 1149 686 zaͤrtlicher
1176 635 1251 671 und

250 698 307 748 fuͤr
330 701 384 743 die
406 695 519 748 Folge
540 691 841 743 unbrauchbarer.
897 686 998 731 Man
1022 685 1140 738 waͤhle
1162 688 1253 733 dazu

253 751 356 796 lieber
378 751 476 794 einen
498 748 616 799 freyen
638 743 768 796 Platz,
808 739 952 794 welcher
980 744 1040 782 der
1067 740 1149 791 Luft
1178 742 1253 778 und

252 804 392 850 Sonne
415 797 596 850 ausgeſezt
620 792 681 851 iſt,
725 798 799 839 und
820 803 908 836 man
931 793 1021 834 wird
1044 793 1108 843 ſich
1132 794 1168 831 in
1195 796 1276 831 der

253 850 446 906 naͤmlichen
455 842 532 903 Zeit
549 849 614 895 mit
628 849 712 892 weit
725 844 979 902 dauerhaftern
987 843 1167 887 Baͤumen
1181 852 1257 882 ver⸗

253 912 349 961 ſehen
367 909 499 959 finden.
530 904 640 955 Ganz
655 904 768 954 gewiß
789 901 929 944 werden
952 900 988 942 in
1004 898 1138 954 ſolchen
1155 896 1259 938 laͤnd⸗

254 963 359 1011 lichen
381 958 653 1013 Baumſchulen
675 958 797 1008 beſſere
819 951 973 1000 Baͤume
1000 957 1149 999 gezogen
1166 958 1261 992 wer⸗

254 1008 349 1065 den,
366 1011 427 1055 als
447 1013 490 1062 ſie
507 1011 558 1059 izt
578 1012 615 1053 in
639 1005 785 1054 Gaͤrten
808 1015 848 1054 zu
868 1003 986 1054 haben
1008 1005 1104 1053 ſind,
1133 1010 1193 1039 wo
1216 1004 1263 1048 ſie

256 1068 305 1109 im
316 1067 475 1117 fetteſten
489 1062 650 1112 Boden,
671 1063 748 1101 und
748 1062 814 1099 an
829 1061 895 1099 den
911 1055 1169 1105 beſchattetſten
1184 1055 1270 1094 Or⸗

254 1126 328 1165 ten,
360 1122 405 1157 wo
427 1117 520 1157 keine
539 1110 770 1162 hinlaͤngliche
783 1110 864 1157 Luft
880 1107 1133 1156 durchdringen
1146 1106 1261 1153 kann,

256 1168 361 1214 durch
374 1165 485 1208 vieles
502 1162 642 1208 Gießen
664 1157 853 1210 geſchwind
877 1158 913 1198 in
935 1157 989 1196 die
1010 1155 1118 1204 Hoͤhe
1134 1157 1263 1199 getrie⸗

257 1222 322 1261 ben
344 1220 500 1262 werden.
554 1213 640 1266 Bey
664 1202 700 1263 ſo
723 1206 891 1262 weichlich
909 1212 1096 1256 erzogenen
1111 1201 1280 1248 Baͤum⸗

259 1271 353 1321 chen,
383 1268 465 1321 hilft
480 1268 594 1322 gewiß
611 1266 685 1310 kein
709 1259 933 1315 nachheriges
950 1258 1201 1311 Verpflanzen
1216 1261 1266 1298 im

258 1321 485 1372 Vollmond,
499 1323 575 1362 und
592 1318 685 1362 keine
698 1307 943 1363 Genauigkeit
958 1314 993 1355 in
1010 1313 1175 1358 Setzung
1193 1316 1268 1349 der⸗

260 1376 388 1429 ſelben,
399 1376 466 1419 wie
479 1376 524 1427 ſie
538 1372 739 1425 geſtanden,
750 1369 837 1421 auch
851 1361 990 1411 hindert
1006 1371 1078 1407 und
1087 1363 1271 1414 befoͤrdert

262 1432 317 1477 ihr
328 1428 525 1479 Gedeyhen
548 1433 623 1471 und
645 1415 867 1469 Verderben
881 1422 957 1464 kein
979 1419 1285 1471 Scorpion⸗Zei⸗

265 1483 343 1533 chen
360 1484 408 1524 im
423 1478 628 1527 Kalender;
657 1475 806 1527 ſondern
821 1480 877 1515 es
895 1470 982 1522 liegt
1008 1470 1092 1512 blos
1116 1479 1167 1510 an
1181 1476 1271 1517 uns,

264 1539 330 1582 daß
349 1536 416 1579 wir
438 1538 508 1579 das
519 1529 732 1581 Natuͤrliche
747 1534 806 1571 der
823 1522 952 1580 Sache
969 1524 1061 1575 nicht
1074 1528 1189 1573 genug
1204 1526 1274 1562 ein⸗

264 1587 403 1639 geſehen
422 1584 550 1639 haben,
562 1587 647 1626 oder
660 1582 728 1625 wir
742 1576 899 1633 ſchaͤmen
916 1581 1005 1618 uns,
1023 1584 1096 1616 von
1110 1580 1188 1615 dem
1205 1578 1287 1614 ein⸗

267 1643 344 1686 mal
367 1637 634 1691 hergebrachten
649 1632 906 1687 Vorurtheile,
935 1622 1084 1683 welches
1105 1631 1172 1670 wir
1193 1637 1276 1669 vor⸗

268 1692 329 1744 her
344 1683 442 1745 ſelbſt
457 1695 524 1742 gut
535 1686 716 1742 geheißen,
751 1685 889 1728 wieder
902 1682 1107 1733 abzugehen.

346 1753 478 1801 Wenn
499 1759 574 1795 nun
595 1747 704 1801 ſolche
723 1742 929 1797 verzaͤrtelte
950 1731 1184 1794 Baͤumchen,
1212 1736 1283 1787 auf

270 1796 542 1854 herrſchaftliche
554 1796 706 1848 Koſten,
728 1798 834 1836 unter
848 1794 1001 1839 Buͤrger
1019 1810 1093 1839 und
1108 1804 1280 1838 Landleu⸗

273 1856 311 1895 te
321 1853 485 1906 vertheilt
499 1855 654 1902 werden,
683 1858 746 1891 um
764 1850 808 1897 ſie
824 1853 907 1895 zum
917 1846 1138 1896 Seidenbau
1155 1847 1281 1889 aufzu⸗

276 1914 457 1960 muntern,
487 1912 561 1951 und
577 1909 621 1958 ſie
638 1908 678 1955 zu
696 1902 820 1954 dieſem
835 1901 971 1954 Behuf
984 1902 1018 1942 in
1037 1900 1284 1948 geſchwindere

275 1955 484 2009 Thaͤtigkeit
497 1966 537 2006 zu
551 1956 666 2006 ſetzen,
691 1954 726 2002 ſo
744 1953 838 1994 kann
856 1955 997 1991 daraus
1014 1949 1074 1987 der
1089 1949 1285 1994 gewuͤnſch⸗

277 2023 310 2058 te
326 2010 457 2061 Erfolg
473 2008 565 2067 nicht
577 2006 725 2052 bewirkt
735 2008 893 2049 werden.
940 2002 1031 2046 Der
1041 1995 1197 2050 Buͤrger
1210 2007 1285 2038 und

275 2065 487 2112 Landmann
518 2062 623 2107 leidet
641 2066 741 2111 zwar
763 2067 813 2101 an
837 2056 912 2100 den
926 2050 1145 2108 Baͤumchen
1165 2057 1286 2097 keinen
