1568 2396
1048 242 1104 295 57

297 338 353 384 Jn
373 340 496 386 wiefern
515 339 562 377 die
579 338 767 386 Vorſehung
786 337 861 385 dieſe
881 336 1042 385 Abſichten
1056 336 1112 383 bey

220 396 278 432 den
305 391 474 439 Menſchen
502 391 649 437 jedesmal
679 389 817 435 erreicht,
856 387 921 436 laͤßt
950 388 1005 433 ſich
1031 389 1113 433 nicht

222 441 414 489 entſcheiden.
473 441 572 481 Denn
599 446 650 480 der
673 440 821 488 einzelnen
847 439 1034 485 Menſchen,
1069 450 1112 475 an

219 497 316 532 denen
339 494 376 545 ſie
401 494 490 543 mehr
515 496 585 531 oder
604 491 737 539 weniger
756 492 879 535 erreicht
896 496 1018 530 worden
1043 490 1114 536 ſeyn

222 545 357 591 koͤnnen,
384 545 448 591 ſind
470 554 507 592 zu
528 543 607 590 viel,
634 547 684 581 als
702 543 763 592 daß
784 534 842 581 wir
861 548 896 579 es
919 541 1114 588 unterſuchen

221 603 371 649 koͤnnten,
411 608 475 640 und
506 603 581 651 dieſe
606 602 804 648 Wirkungen
836 601 895 649 auf
922 601 969 638 die
1002 600 1115 646 Seele,

221 657 292 695 weil
315 658 352 701 ſie
375 655 546 704 unſichtbar
567 656 647 702 ſind,
674 653 811 702 entziehn
825 654 885 703 ſich
908 652 972 702 ſehr
992 653 1037 701 oft
1058 663 1115 689 un⸗

217 711 286 759 ſern
309 709 589 755 Beobachtungen.
647 707 851 755 Wenigſtens
877 706 944 755 laͤßt
969 707 1025 754 ſich
1053 716 1115 744 von

213 765 294 808 der,
321 760 392 799 bald
409 760 470 807 auf
483 758 665 808 dergleichen
678 760 873 808 verheerende
887 758 1000 803 Uebel,
1029 759 1116 805 erfol⸗

220 818 338 861 genden
360 825 456 852 neuen
477 812 583 860 Klage
610 815 685 852 uͤber
709 813 927 859 Gottloſigkeit
950 817 1014 851 und
1036 812 1116 858 Uep⸗

222 867 352 915 pigkeit,
384 869 449 906 kein
470 868 593 915 ſicherer
611 866 744 913 Schluß
766 868 827 913 auf
841 868 887 904 die
908 865 1118 913 Unwirkſam⸗

222 920 281 959 keit
309 911 417 969 dieſes
416 918 551 956 Mittels
572 916 709 960 machen.
760 914 862 955 Denn
882 924 918 953 es
940 914 1032 952 bleibt
1054 920 1144 963 uns

223 966 297 1013 noch
322 967 434 1005 immer
462 967 508 1005 die
535 963 640 1014 Frage
666 961 928 1005 unbeantwortet:
967 963 1006 1002 ob
1035 965 1118 1011 nicht

221 1030 282 1066 das
304 1025 426 1076 ſittliche
447 1023 630 1066 Verderben
652 1022 728 1072 ohne
752 1022 827 1072 dieſe
848 1021 1022 1071 Strafuͤbel
1040 1021 1118 1069 noch

220 1080 282 1118 viel
293 1079 396 1118 weiter
414 1089 470 1118 um
490 1075 546 1126 ſich
557 1077 704 1125 gegriffen
718 1075 817 1115 haben
836 1074 957 1117 wuͤrde:
985 1076 1023 1115 ob
1037 1075 1119 1122 nicht

222 1129 339 1178 indeß,
362 1130 424 1177 daß
441 1131 488 1172 die
511 1129 643 1175 dadurch
661 1118 826 1176 gewirkten
848 1126 1018 1168 Eindruͤcke
1045 1125 1119 1173 noch

224 1197 284 1226 neu
305 1188 369 1225 und
389 1185 474 1235 friſch
493 1194 615 1231 waren,
641 1184 731 1231 indeß
753 1189 804 1223 der
823 1183 955 1230 Menſch
979 1183 1053 1228 noch
1076 1194 1122 1220 er⸗

223 1240 374 1287 ſtaunend
394 1244 458 1277 und
473 1238 602 1287 geruͤhrt
621 1239 785 1286 ſtillſtand,
810 1243 875 1276 und
888 1238 948 1283 ſein
962 1236 1046 1285 Herz
1069 1241 1121 1275 der

222 1292 396 1344 Wahrheit
410 1298 474 1331 und
485 1291 646 1342 Weisheit
659 1291 775 1338 oͤfnete,
801 1293 849 1329 die
863 1290 1117 1338 Sittenloſigkeit

224 1350 289 1384 und
312 1342 534 1390 Schwelgerey
559 1340 744 1392 anſehnliche
763 1338 958 1390 Fortſchritte
980 1339 1121 1388 gemacht

225 1392 334 1449 haben
352 1396 468 1435 wuͤrde.
526 1394 721 1444 Ueberhaupt
746 1392 839 1442 fallen
866 1393 938 1433 aber
966 1396 1012 1433 die
1032 1394 1121 1433 Aus⸗

228 1450 337 1497 bruͤche
359 1453 411 1491 der
430 1450 643 1495 Sinnlichkeit
672 1453 735 1489 und
760 1450 866 1488 wilder
887 1446 1121 1498 Leidenſchaften

224 1503 299 1543 weit
317 1501 406 1550 mehr
428 1503 463 1540 in
487 1502 535 1541 die
552 1500 685 1547 Sinne,
717 1503 781 1539 und
802 1497 981 1539 bekommen
1003 1500 1037 1536 in
1061 1503 1121 1537 den

226 1555 342 1602 Augen
374 1556 459 1596 eines
491 1555 629 1604 ſtrengen
665 1553 910 1600 Sittenrichters
943 1553 1008 1590 eine
1040 1554 1122 1598 deſto

226 1607 403 1660 ſchwaͤrzere
418 1607 542 1656 Farbe,
567 1619 656 1647 wenn
677 1621 710 1649 er
728 1619 783 1656 zur
794 1607 1050 1656 Rechtfertigung
1068 1607 1122 1654 ſei⸗

226 1675 282 1703 ner
295 1661 422 1712 Klagen
439 1661 591 1712 anfuͤhren
613 1662 709 1709 kann,
736 1662 798 1708 daß
818 1663 894 1707 auch
914 1661 960 1700 die
978 1661 1123 1708 fuͤrchter⸗

226 1719 346 1766 lichſten
361 1717 596 1767 Strafgerichte
609 1722 670 1757 das
684 1718 769 1768 harte
781 1713 866 1765 Herz
879 1719 935 1756 des
948 1715 1120 1765 Menſchen

226 1771 310 1816 nicht
334 1771 495 1816 erweichen
521 1769 648 1810 koͤnnen.
701 1769 793 1810 Man
819 1769 881 1818 ſetzt
907 1770 1003 1814 denn,
1029 1777 1121 1806 wenn

226 1831 304 1858 man
318 1821 432 1860 einmal
447 1819 539 1866 durch
554 1813 619 1860 eine
633 1819 701 1859 uͤble
713 1816 826 1866 Laune,
852 1817 945 1866 durch
960 1819 1007 1857 ein
1023 1819 1121 1857 dickes

225 1874 334 1921 Blut,
358 1863 437 1912 oder
457 1871 550 1919 durch
568 1875 628 1913 das
647 1868 798 1916 Unrecht,
821 1872 882 1910 das
899 1880 975 1908 man
994 1869 1120 1916 gelitten

223 1932 299 1977 hat,
330 1939 368 1977 zu
386 1932 569 1977 dergleichen
588 1931 717 1977 Klagen
737 1930 893 1970 geſtimmt
914 1931 970 1977 iſt,
1003 1932 1052 1971 die
1068 1929 1123 1971 La⸗

696 1991 789 2035 D5

1061 1990 1122 2036 ſter
