1643 2226
647 243 732 285 270

910 234 1014 280 Von
1044 241 1117 280 den
1146 235 1378 288 Schluͤſſeln

646 326 745 367 Korn
771 324 944 373 anfaͤngt,
989 325 1048 374 ſich
1084 331 1150 367 aus
1180 328 1334 367 einander
1357 337 1395 375 zu
1429 326 1565 372 wickeln.

644 373 817 421 Hiedurch
843 375 969 415 kommt
1002 383 1093 415 man,
1120 384 1158 421 zu
1187 378 1244 414 der
1270 377 1418 418 andern
1435 378 1563 422 Kraft

642 429 706 465 des
722 426 920 473 Schluͤſſels
940 432 1001 467 des
1024 427 1299 474 Himmelreichs.
1348 430 1404 473 Es
1429 429 1562 478 ſchluͤſſet

643 471 706 519 ſich
730 483 800 513 nun
830 477 882 513 die
903 474 1037 517 Geſtalt
1063 474 1167 524 dieſes
1189 475 1354 519 Reiches,
1381 477 1417 514 in
1441 475 1561 519 unſerm

642 524 790 568 Herzzen
818 524 894 567 auf:
923 528 1023 569 Man
1048 525 1174 565 kommt
1199 534 1236 572 zu
1253 527 1339 566 einer
1361 526 1487 573 naͤhern
1505 528 1561 571 Er⸗

642 573 797 614 kenntnis
815 573 981 622 deſſelben.
1035 575 1162 617 Wenn
1186 580 1243 618 der
1262 576 1383 617 Same
1408 576 1507 622 zuerſt
1533 578 1559 617 in

641 626 709 664 das
725 622 848 669 Herzze
871 623 994 668 geleget
1018 625 1127 669 wird,
1149 625 1188 672 iſt
1207 626 1286 670 noch
1314 626 1400 666 keine
1414 626 1561 672 Klarheit

638 675 697 713 der
716 672 955 721 Empfindung
971 672 1076 719 deſſen
1091 674 1306 720 vorhanden,
1329 678 1406 714 was
1431 684 1512 716 man
1531 677 1558 715 in

638 723 756 768 dieſem
773 723 896 767 Reiche
915 734 953 768 zu
969 723 1120 772 genuͤſſen
1133 727 1202 771 hat.
1242 727 1392 769 Sobald
1410 728 1487 766 aber
1503 728 1558 766 die⸗

638 773 686 816 ſer
717 774 842 818 Same
864 773 1030 819 Wurzzel
1052 775 1242 820 gewinnet,
1283 778 1354 815 und
1382 776 1451 817 eine
1470 776 1558 820 Rebe

638 821 775 862 treibet,
811 823 963 869 entſtehet
985 823 1070 868 Licht
1118 827 1181 865 und
1204 820 1308 868 Leben
1316 825 1351 864 in
1373 828 1462 871 uns;
1497 828 1556 864 und

639 870 779 916 zugleich
801 871 923 915 ſterben
948 873 1012 911 wir
1034 871 1165 915 unſerm
1191 872 1328 916 vorigen
1347 871 1469 926 Leben,
1494 876 1556 912 dem

639 919 775 963 Geiſte,
799 922 855 960 der
870 924 940 960 uns
955 919 1106 965 regierte,
1128 923 1183 962 ab.
1234 921 1356 966 Dieſes
1372 922 1461 968 heißt
1476 922 1555 965 aber,

638 965 825 1012 Chriſtus
864 966 1063 1015 gewinnet
1092 968 1173 1009 eine
1208 969 1373 1016 Geſtalt
1401 971 1443 1010 in
1469 979 1553 1009 uns.

636 1021 708 1065 Jch
727 1022 809 1061 habe
832 1026 869 1060 es
887 1023 979 1066 ſchon
1006 1022 1156 1066 geſaget:
1182 1025 1307 1065 Wenn
1330 1026 1432 1070 dieſes
1448 1027 1554 1070 Wort

634 1072 698 1110 des
708 1068 957 1114 Evangelions,
975 1072 1035 1109 mit
1043 1069 1163 1114 Kraft,
1176 1072 1237 1111 mit
1254 1074 1327 1110 dem
1337 1071 1471 1115 Geiſte,
1497 1071 1551 1110 wie

636 1116 689 1155 ein
711 1117 856 1157 Samen
883 1114 1028 1161 kommt,
1063 1116 1138 1163 faͤllt
1160 1121 1196 1157 es
1221 1116 1285 1163 auf
1306 1119 1357 1156 ein
1380 1125 1441 1163 gut
1457 1120 1549 1161 Land.

631 1168 719 1213 Hier
733 1167 858 1207 kommt
870 1172 939 1207 und
954 1170 1032 1214 liegt
1042 1171 1108 1208 das
1116 1168 1366 1217 Himmelreich,
1384 1171 1465 1215 ohne
1476 1170 1549 1212 Em⸗

631 1215 820 1263 pfindung,
835 1216 883 1256 im
894 1217 1058 1258 Kleinen,
1077 1217 1164 1264 ohne
1177 1218 1361 1267 aͤuſſerliche
1377 1219 1549 1263 Gebaͤrde:

627 1267 752 1311 mithin
771 1271 858 1308 wird
868 1268 942 1313 ſich,
953 1278 990 1314 zu
1003 1269 1120 1313 ſolcher
1132 1268 1220 1316 Zeit,
1237 1276 1292 1309 der
1302 1272 1437 1316 Menſch
1458 1272 1547 1317 ſeines

631 1315 750 1359 ſeligen
765 1315 955 1363 Zuſtandes
975 1317 1062 1358 nicht
1078 1319 1201 1357 einmal
1216 1318 1303 1361 recht
1320 1317 1464 1366 bewußt.
1483 1317 1546 1366 Jn⸗

621 1365 756 1413 deſſen,
783 1370 826 1407 da
852 1372 890 1408 es
915 1370 965 1408 ein
990 1369 1178 1413 lebendiges
1203 1371 1323 1413 Wort
1349 1371 1409 1417 iſt,
1444 1372 1545 1412 bleibet

627 1421 668 1456 es
691 1416 771 1460 doch
799 1419 883 1461 auch
911 1417 998 1462 nicht
1029 1419 1116 1463 ohne
1140 1418 1346 1462 Wuͤrkung.
1416 1418 1544 1467 Paulus

627 1465 745 1506 danket
778 1465 956 1511 deßwegen
982 1468 1058 1506 dem
1091 1467 1194 1508 lieben
1227 1468 1371 1512 GOtt,
1411 1468 1476 1513 daß
1504 1468 1543 1508 die

625 1513 896 1561 Theſſalonicher
935 1518 1000 1557 ſein
1035 1519 1153 1561 Wort
1190 1517 1363 1567 goͤttlicher
1384 1518 1541 1567 Predigt,

627 1562 716 1608 nicht
750 1566 804 1605 als
832 1562 1189 1611 Menſchen ⸗ Wort,
1230 1566 1401 1611 ſondern,
1431 1566 1491 1606 wie
1512 1567 1541 1603 es

624 1613 718 1654 dann
733 1612 941 1660 wahrhaftig
960 1614 1131 1659 geweſen,
1157 1616 1215 1656 als
1236 1618 1410 1659 GOttes
1428 1618 1540 1658 Wort

623 1660 893 1708 aufgenommen.
938 1663 994 1706 Es
1010 1672 1086 1703 war
1101 1662 1178 1705 aber
1196 1665 1278 1710 auch
1296 1665 1416 1712 ſolches
1432 1664 1542 1713 deßwe⸗

621 1720 688 1758 gen
709 1715 797 1756 nicht
822 1715 907 1756 ohne
930 1714 1088 1760 goͤttliche
1112 1716 1317 1762 Wirkung,
1353 1728 1369 1752 1
1393 1715 1500 1765 Theſſ.
1510 1707 1538 1751 I.

625 1770 683 1805 13.
734 1762 904 1808 Welches
923 1766 1008 1803 alles
1026 1764 1088 1803 mit
1106 1765 1163 1803 der
1184 1765 1305 1807 Natur
1330 1764 1421 1804 eines
1446 1763 1541 1808 wach⸗

623 1811 739 1853 ſenden
769 1812 944 1856 Samens
969 1809 1239 1853 uͤbereinkommt.
1306 1813 1406 1858 Und,
1434 1813 1463 1858 ſo
1489 1813 1543 1852 wie

622 1859 785 1903 Chriſtus
811 1864 929 1903 wuchs
948 1871 991 1903 an
1009 1862 1212 1903 Weißheit:
1241 1862 1272 1903 ſo
1301 1865 1443 1903 wachſen
1469 1863 1544 1905 auch

1499 1913 1545 1949 die
