1714 2524
1193 246 1260 299 15

250 374 353 417 Durch
380 371 451 411 mich
484 368 573 404 bleibt
601 366 675 407 ewig
706 366 754 397 der
783 360 886 405 Ruhm
925 361 976 393 des
1005 355 1263 399 entſchlummerten

876 405 999 447 Helden,

251 454 323 495 Jhn
347 460 381 490 zu
404 446 556 490 bewahren
576 446 620 486 ſey
643 443 736 480 meine
758 441 875 482 Sorge.

358 541 430 581 Ja,
461 544 492 572 er
514 538 646 572 verdient
673 540 721 569 der
741 521 905 578 Tapferkeit
926 526 1091 569 Trophaͤen,

255 583 398 620 Verdient
426 585 519 614 treuer
542 578 665 620 Buͤrger
694 575 846 614 Schmerz.

256 632 326 662 Des
350 625 470 664 Reiches
495 624 570 658 Erbe
590 621 657 660 ſieht
677 619 729 657 ihn
750 613 855 658 gnaͤdig
877 621 915 645 an

258 670 345 702 Wird
367 664 447 704 mehr
470 665 537 701 noch
560 666 607 695 der
627 658 782 701 Trophaͤen
804 655 896 688 bauen

258 709 328 742 Der
347 704 469 745 Buͤrger
492 701 628 741 Thraͤnen
651 698 724 732 wird
746 705 786 734 er,
817 702 873 728 von
893 694 973 726 Gott
988 688 1110 730 geleitet,
1137 687 1276 723 trocknen.

261 749 361 789 Singt
381 747 438 786 izt,
460 747 500 784 ich
523 744 600 782 fuͤhr'
624 743 688 779 euch
711 749 766 777 an,
799 740 847 770 des
870 742 958 774 guten
978 731 1094 771 Koͤnigs
1118 729 1275 770 Schatten,

263 786 419 827 Gerechte,
441 784 562 823 fromme
581 780 720 822 Wuͤnſche
742 779 822 817 nach.

685 839 863 884 Arie.

364 890 472 951 Fleug
499 898 564 948 auf
588 905 644 944 zur
671 896 773 941 Burg
799 897 859 930 des
883 891 1069 940 Himmels,

370 969 442 1012 Zur
466 965 627 1010 Ewigkeit
649 959 822 1009 Wohnſiz,

370 1018 499 1065 Miſche
527 1013 593 1058 dich
619 1019 719 1051 unter
743 1009 794 1047 die
816 1004 948 1054 Helden

373 1068 482 1108 Unter
505 1066 556 1106 die
580 1059 764 1111 Schaaren
792 1061 849 1096 der
872 1049 1128 1109 Jauchzenden!
1191 1046 1240 1097 E.

487 1161 576 1202 Von
602 1162 644 1197 da
671 1154 772 1205 herab
799 1152 892 1203 ſiehſt
917 1155 962 1190 du
989 1146 1185 1198 verachtend

377 1209 459 1253 Der
487 1204 703 1257 Sterblichen
728 1202 856 1241 niedres
881 1197 1050 1248 Gewuͤhl;

379 1266 489 1313 Wirſt
515 1266 585 1305 eine
616 1259 792 1309 Nachwelt
827 1256 934 1305 ſehen,

380 1316 455 1353 Die
480 1313 573 1350 deine
598 1308 732 1359 Thaten
760 1298 933 1353 anſtaunt,

381 1363 458 1403 Und
483 1359 603 1407 bluͤhen
633 1356 750 1395 deinen
773 1351 917 1400 Ruhm!

654 1410 920 1471 Recitat.

580 1493 686 1538 Das
737 1486 1009 1534 Vaterland.

284 1559 356 1595 Heil
375 1558 431 1591 mir
452 1552 650 1593 Gluͤcklichen!

287 1600 394 1634 Meine
416 1596 507 1631 Seele
531 1593 655 1633 Regung
674 1589 798 1630 ſprechen
823 1586 991 1624 Goͤttinnen
1011 1585 1086 1625 aus;

289 1634 374 1675 Gern
395 1638 456 1672 will
478 1636 519 1677 ich
550 1625 699 1675 ſchweigen
721 1631 779 1663 und
798 1627 900 1670 flehen,
929 1629 983 1663 daß
1006 1629 1058 1657 des
1080 1625 1172 1663 beſten
1191 1623 1307 1657 Vaters

916 1676 999 1715 Aſche

289 1708 379 1751 Leicht
407 1713 454 1743 der
484 1707 590 1741 Boden
612 1706 738 1739 bedecke!

704 1782 899 1828 Chor.

406 1846 489 1897 Die
512 1840 675 1897 Tugend
704 1837 810 1894 oͤfnet
838 1841 956 1882 denen
986 1836 1045 1879 die
1074 1832 1137 1878 nie
1164 1837 1207 1885 zu
1229 1829 1312 1884 ſter⸗

824 1897 892 1940 ben
920 1893 1040 1945 werth
1068 1900 1198 1935 waren

273 1953 391 2002 Den
419 1949 603 2006 Himmel,
634 1948 714 1993 und
744 1950 848 1999 wagt
875 1946 933 1986 die
963 1946 1083 1997 kuͤhne
1111 1947 1256 1994 Bahn!

296 2014 396 2060 Hebt
424 2011 468 2062 ſie
498 2008 589 2055 uͤber
618 2010 692 2052 das
722 2004 849 2048 niedre
878 2002 1112 2055 Getuͤmmel,

297 2068 391 2118 Den
421 2064 566 2113 Staub
595 2068 661 2111 der
688 2062 790 2112 Erde
823 2062 893 2103 mit
925 2072 1093 2112 eilenden
1121 2072 1257 2115 Fittig.
