2806 4272
298 1081 385 1140 und
408 1081 508 1140 Orte
524 1086 626 1143 auch
626 1086 841 1148 dieſelbige
848 1081 929 1152 ſich
935 1086 1148 1148 aufhalten
1162 1086 1341 1153 moͤgten,
1368 1088 1630 1146 verſchaffet,
1648 1091 1692 1137 in
1702 1092 1785 1138 eine
1794 1092 1902 1148 ſiche⸗

296 1145 393 1193 ge,
407 1138 590 1203 ruhige
594 1138 674 1199 und
718 1142 1065 1198 vollenkommene
1087 1145 1319 1193 Poſſesſion
1339 1143 1699 1203 vorbeſchriebener
1720 1151 1901 1198 Grund⸗

296 1186 487 1261 Stuͤcken
506 1194 692 1264 geſetzet,
710 1201 796 1250 und
810 1202 977 1260 zugleich
1005 1207 1078 1254 den
1095 1202 1138 1251 in
1156 1196 1325 1258 uͤblicher
1340 1201 1463 1247 Form
1487 1200 1572 1251 und
1597 1205 1638 1249 in
1655 1205 1898 1268 Conformi-

294 1255 370 1319 taͤt
387 1250 529 1318 dieſer
524 1254 869 1325 Appunctuation
884 1262 1078 1326 hieruͤber
1104 1271 1153 1322 zu
1159 1258 1473 1322 vollziehenden
1484 1263 1818 1321 Kauff⸗Brieff
1843 1276 1900 1314 an

293 1306 400 1376 Uns
410 1308 782 1376 ausgeantwortet
818 1317 936 1383 haben
943 1319 1079 1380 wird,
1136 1323 1218 1383 Wir
1241 1319 1394 1383 ſodann
1429 1325 1517 1383 dem
1540 1320 1615 1377 Hn.
1631 1324 1758 1378 Geht.
1777 1327 1899 1376 Rath

298 1373 399 1434 ſeine
412 1370 463 1427 in
481 1369 665 1438 Haͤnden
686 1380 865 1437 habende
886 1373 1395 1442 Obſtagial-Obligationes
1417 1386 1503 1431 und
1513 1381 1899 1437 Verſchreibungen,

299 1437 444 1491 Stuͤck
458 1449 536 1492 vor
554 1439 709 1496 Stuͤck,
747 1444 833 1488 und
851 1439 902 1496 ſo,
931 1439 1008 1487 wie
1030 1432 1213 1496 dieſelben
1236 1432 1467 1498 vorſtehend
1483 1445 1697 1498 deſigniret
1717 1440 1900 1497 worden,

291 1499 438 1559 richtig
481 1495 560 1558 und
583 1499 783 1563 getreulich
802 1500 1077 1559 uͤberlieffern
1111 1505 1208 1551 und
1217 1500 1429 1558 dergeſtalt
1471 1504 1513 1564 in
1507 1502 1694 1550 ſolutum
1718 1506 1900 1555 angeben

293 1557 464 1615 wollen,
494 1550 569 1614 daß
589 1550 759 1620 dadurch
770 1550 1015 1622 beyderſeits
1015 1555 1369 1622 beliebtermaßen
1386 1563 1455 1609 der
1470 1558 1728 1616 vorgedachte
1742 1560 1901 1616 Kauff⸗

291 1605 481 1675 Schillig
484 1616 528 1669 à
528 1616 689 1672 29150.
710 1608 848 1676 Rthlr.
857 1608 983 1681 voͤllig
983 1612 1234 1685 abgefuͤhret
1260 1617 1354 1693 ſeyn
1376 1612 1448 1684 und
1475 1623 1628 1688 werden
1628 1619 1783 1692 ſolle.
1794 1615 1900 1675 Wir

287 1665 427 1744 ſollen
448 1665 529 1732 und
541 1678 694 1734 wollen
709 1680 861 1739 aber

407 1796 445 1848 3)
505 1797 633 1854 Freye
651 1799 799 1853 Macht
811 1802 898 1851 und
916 1798 1087 1851 Gewalt
1101 1798 1245 1858 haben,
1273 1797 1488 1857 innerhalb
1506 1801 1622 1849 derer
1643 1814 1693 1847 12.
1709 1785 1902 1851 Wieder⸗

288 1851 642 1915 kauffs⸗Jahren
642 1851 864 1915 obgeſetzte
872 1851 1060 1911 Stuͤcke,
1092 1855 1159 1905 als
1195 1852 1317 1921 Unſer
1343 1857 1735 1905 wohl⸗erworbenes
1750 1860 1903 1911 Eigen⸗

294 1916 450 1968 thum,
480 1924 520 1972 zu
536 1912 693 1972 nutzen
706 1919 791 1966 und
815 1911 862 1971 zu
867 1911 1149 1972 gebrauchen,
1181 1916 1427 1972 imgleichen
1450 1919 1551 1971 nach
1570 1919 1771 1974 Unſerem
1787 1922 1902 1966 Gut⸗

287 1969 522 2027 Befinden,
559 1961 683 2029 ſolche
683 1965 926 2029 ſaͤmmtlich
926 1966 1034 2028 oder
1039 1974 1128 2035 zum
1153 1967 1268 2033 theil
1293 1983 1333 2038 zu
1336 1981 1636 2036 vermiethen,
1643 1989 1693 2037 zu
1702 1976 1905 2027 verpfaͤn⸗

286 2021 372 2079 den
386 2031 476 2078 und
488 2038 540 2087 zu
542 2020 824 2087 verkauffen;
851 2020 1174 2087 Wohingegen
1174 2026 1314 2087 Wir

414 2132 658 2188 4)Herrn
679 2090 965 2173 Verkaͤuffern
992 2104 1064 2173 und
1091 2130 1229 2192 deſſen
1249 2143 1386 2197 Erben
1415 2128 1664 2207 verſichern,
1713 2149 1904 2212 diejenige

291 2152 567 2264 Laͤndereyen,
596 2191 735 2253 welche
753 2192 823 2228 bey
835 2186 1032 2251 derſelben
1043 2192 1214 2252 Abtritt
1222 2205 1279 2242 in
1290 2196 1440 2248 Weide
1453 2205 1592 2259 liegen,
1615 2209 1722 2259 nicht
1734 2211 1903 2271 aufbre⸗

289 2264 422 2321 chen,
433 2264 536 2320 noch
550 2263 631 2322 auf
639 2269 786 2316 andere
801 2265 913 2323 Arth
932 2265 993 2317 die
999 2263 1196 2319 Stuͤcken
1209 2266 1474 2313 deterioriren
1494 2275 1538 2322 zu
1543 2264 1689 2321 laſſen,
1729 2265 1904 2319 ſondern

286 2324 498 2380 vielmehr
508 2322 632 2380 deſſen
643 2319 973 2381 gegenwaͤrtigen
980 2311 1413 2383 Pachts⸗Jnhabern,
1440 2325 1501 2374 die
1532 2325 1607 2384 vom
1629 2322 1777 2381 Herrn
1788 2325 1902 2374 Ver⸗

295 2372 488 2440 kaͤuffern
523 2373 591 2443 auf
614 2370 700 2442 ein.
713 2371 809 2439 Jahr
844 2382 867 2425 à
888 2383 986 2433 gato
999 2381 1127 2437 dieſer
1148 2382 1491 2438 Appunctuation
1508 2388 1591 2432 an,
1617 2381 1902 2437 zugeſtandene

290 2437 603 2505 Hauer⸗Zeir,
618 2448 749 2490 wann
762 2440 863 2489 Uns
874 2429 1024 2506 ſelbſge
1031 2438 1127 2493 nach
1141 2439 1319 2496 Einhalt
1329 2426 1455 2489 derer
1466 2437 1904 2499 Hauer-⸗Contracte.

288 2504 337 2554 zu
359 2489 656 2555 gewoͤnnlicher
673 2489 759 2556 Zeit
776 2500 841 2548 die
864 2488 1068 2558 ſchuldige
1086 2490 1282 2554 Penſiones
1307 2497 1447 2556 richtig
1471 2496 1708 2557 abfuͤhren,
1747 2506 1901 2550 anders

281 2550 386 2613 aber
409 2545 552 2614 nicht,
555 2558 866 2612 auszuhalten,
893 2549 965 2610 und
993 2546 1160 2616 ſonſten
1173 2561 1308 2609 weder
1319 2557 1410 2617 auf
1419 2551 1584 2617 laͤngere
1613 2563 1700 2608 und
1719 2564 1903 2616 mehrere

289 2617 460 2679 Jahre,
479 2618 546 2667 als
550 2617 747 2673 zwiſchen
762 2619 873 2668 Uns
897 2613 969 2668 und
996 2613 1086 2671 dem
1091 2617 1185 2676 Hn.
1201 2618 1310 2678 Geh.
1328 2618 1451 2678 Rath
1466 2626 1552 2669 von
1568 2622 1780 2665 Ahlefeldt
1796 2627 1902 2676 hier⸗

282 2673 414 2733 innen
438 2659 649 2735 abgeredet
681 2664 853 2733 worden,
876 2659 950 2730 die
957 2672 1182 2732 verkauffte
1196 2673 1556 2731 Grund⸗Stuͤcke
1578 2688 1623 2736 zu
1639 2688 1903 2727 vermiethen,

287 2729 389 2787 noch
398 2731 514 2782 einen
541 2722 704 2793 hoͤhern
728 2716 881 2791 Pfand⸗
918 2728 1007 2791 oder
1023 2729 1411 2790 Kauff⸗Schilling,
1439 2740 1505 2780 als
1513 2740 1574 2796 die
1578 2738 1902 2787 beyderſeits
1837 2747 1903 2795 be⸗

290 2797 480 2851 dungene
493 2794 835 2855 Kauff⸗Summa
849 2790 1044 2853 betraͤgt,
1059 2795 1238 2854 darauf
1248 2806 1305 2856 zu
1316 2798 1604 2853 conſtituiren,
1625 2795 1718 2851 noch
1738 2794 1901 2854 Unſern

289 2854 558 2907 Cesſionariis
574 2859 679 2908 oder
697 2851 992 2914 Abnehmern,
1023 2851 1169 2916 ſolches
1189 2862 1245 2914 zu
1257 2854 1379 2914 thun,
1414 2858 1591 2913 jemahls
1604 2866 1654 2911 zu
1670 2857 1900 2908 verſtatten.

286 2896 457 2974 Wann
469 2910 620 2968 auch

283 2988 459 3072 5).
505 3017 596 3064 Die
612 2988 969 3078 wiederkaͤuffliche
992 2996 1034 3067 12.
1055 2998 1176 3089 Jahre
1200 2988 1384 3089 gaͤntzlich
1396 2999 1622 3089 verfloſſen,
1653 3011 1899 3072 verpflichtet

285 3092 364 3154 ſich
377 3090 498 3154 Herr
512 3089 768 3150 Verkaͤuffer
786 3096 862 3145 den
904 3088 1259 3159 Kauff⸗Schilling
1271 3094 1361 3143 der
1375 3104 1497 3148 29150.
1507 3087 1653 3147 Rthlr.
1684 3091 1726 3135 in
1743 3097 1899 3139 octavis

279 3144 415 3203 trium
443 3146 594 3203 Regum
621 3135 739 3205 1740.
761 3149 877 3197 oder
878 3145 997 3210 1741.
1014 3148 1067 3210 in
1085 3148 1200 3209 einer
1225 3150 1358 3208 Summa
1401 3151 1443 3194 in
1463 3149 1526 3209 der
1549 3146 1665 3208 Stadt
1701 3147 1813 3205 Kiel,
1835 3154 1899 3197 be⸗

286 3204 402 3260 nebſt
426 3193 547 3265 eines
545 3188 711 3265 Jahres
729 3200 874 3265 Zinſen
882 3213 921 3259 à
921 3210 966 3259 5.
984 3215 1056 3261 pro
1074 3200 1259 3253 centum,
1279 3212 1336 3251 an
1351 3204 1451 3251 Uns
1469 3206 1564 3250 oder
1581 3204 1745 3258 Unſern
1755 3209 1899 3256 Erben

286 3271 385 3315 und
399 3267 610 3318 Getreuen
638 3255 962 3331 Kauff⸗Briefes
989 3262 1204 3331 Einhabern
1237 3263 1367 3320 voͤllig
1382 3268 1467 3312 und
1481 3264 1739 3323 vergnuͤglich
1749 3274 1899 3315 wieder

288 3329 341 3391 zu
347 3326 566 3385 bezahlen,
583 3322 803 3386 geſtalten
811 3324 913 3393 auch
929 3328 1077 3384 Uns,
1090 3326 1156 3376 bis
1170 3332 1221 3387 zu
1237 3326 1427 3384 ſothaner
1441 3324 1621 3384 voͤlligen
1639 3326 1897 3386 Abzahlung,

295 3387 449 3442 quævis
462 3387 544 3441 jura
552 3384 653 3431 ſalva
682 3386 704 3427 &
714 3384 882 3441 integra,
909 3387 951 3430 in
967 3385 1097 3444 ſpecie
1113 3385 1340 3431 dominium
1350 3386 1387 3428 &
1395 3384 1586 3444 poſſesſio
1602 3386 1672 3435 der
1686 3391 1897 3442 obgedach⸗

297 3455 367 3496 ten
387 3446 654 3508 Laͤndereyen,
680 3441 888 3507 reſerviret
908 3450 1061 3500 bleiben
1077 3445 1179 3503 muß
1195 3450 1280 3496 und
1296 3444 1381 3505 ſoll.
1468 3446 1703 3507 Jedennoch
1718 3446 1898 3506 verſpre⸗

297 3515 389 3565 chen
407 3517 512 3564 Wir

411 3635 456 3680 6)
512 3632 614 3680 Vor
631 3630 730 3678 Uns
755 3632 839 3674 und
855 3631 1019 3680 Unſern
1037 3631 1199 3682 Erben,
1243 3636 1366 3684 gegen
1390 3628 1639 3688 Bezahlung
1666 3629 1897 3686 obbeſagter

295 3685 627 3742 Kauff⸗Gelder,
667 3682 819 3739 Unſere
836 3683 992 3739 habend
1008 3683 1122 3738 Jura,
1152 3683 1343 3741 wiewohl
1360 3685 1510 3742 absque
1527 3681 1611 3727 ullo
1629 3687 1811 3741 periculo
1829 3700 1896 3727 aut

296 3759 422 3792 onere
444 3746 655 3792 evictionis
678 3744 924 3802 demjenigen
941 3755 991 3803 zu
1006 3745 1199 3804 cediren,
1237 3746 1400 3807 welcher
1417 3744 1532 3806 ſolche
1548 3742 1745 3802 Zahlung
1767 3746 1896 3801 leiſten

291 3809 444 3879 wird.
488 3809 673 3857 Wuͤrde
691 3811 787 3866 auch
