3070 4440
962 859 1190 939 ſchleppen
1201 866 1327 938 muß,
1349 870 1477 930 eines
1510 872 1588 936 von
1596 877 1741 934 denen
1762 872 1965 945 Dingen
1982 873 2113 951 ſeyn,
2132 880 2351 956 wodurch
2379 874 2540 949 GOtt
2568 887 2652 948 als

962 952 1032 1011 ein
1052 953 1213 1018 Vater
1233 961 1310 1018 der
1329 948 1806 1038 Barmhertzigkeit,
1840 960 1957 1036 auch
1987 966 2035 1027 in
2058 968 2162 1032 dem
2183 966 2466 1047 ſchwereſten
2488 972 2652 1037 Leiden

959 1028 1073 1113 mich
1098 1030 1331 1118 erhalten
1326 1043 1463 1102 wird.
1547 1043 1701 1107 Denn
1732 1048 1797 1104 du
1830 1047 2011 1121 wareſt
2035 1050 2373 1119 vollkommene
2406 1039 2652 1126 CON-

956 1128 1439 1204 STANTIA!
1477 1138 1656 1199 deinem
1683 1140 1774 1201 mir
1777 1130 2142 1223 allerſuͤſſeſten
2187 1147 2366 1223 Nahmen
2411 1147 2551 1221 nach,
2579 1152 2659 1212 die

951 1207 1380 1306 Beſtaͤndigkeit
1403 1212 1571 1298 ſelbſt,
1595 1219 1647 1290 in
1643 1232 1721 1290 der
1773 1207 1922 1307 Furcht
1958 1221 2158 1312 GOttes,
2178 1233 2342 1309 welche
2359 1240 2424 1298 du
2445 1250 2542 1298 von
2551 1227 2651 1312 Ju⸗

952 1307 1072 1371 gend
1095 1307 1188 1378 auf
1207 1309 1313 1369 dein
1333 1310 1544 1380 eintziges
1572 1316 1668 1373 und
1696 1312 1913 1389 hoͤchſtes
1933 1319 2054 1382 Gut
2073 1324 2171 1382 und
2200 1323 2330 1383 deine
2358 1325 2649 1400 vornehmſte

951 1379 1250 1463 Bemuͤhung
1268 1388 1374 1465 ſeyn
1396 1391 1560 1466 lieſſeſt,
1581 1398 1647 1454 du
1656 1383 1871 1470 achteteſt
1877 1394 2001 1461 alles
2020 1402 2204 1473 geringe
2213 1411 2357 1476 gegen
2377 1409 2449 1479 ſie,
2463 1414 2528 1467 du
2542 1412 2647 1484 hat⸗

950 1481 1032 1552 teſt
1042 1481 1131 1553 ſein
1148 1481 1303 1557 Geſetz
1321 1491 1419 1548 und
1440 1485 1592 1551 Wort
1614 1488 1758 1552 lieber
1789 1487 1898 1559 denn
1924 1488 2054 1572 Gold,
2080 1494 2150 1565 und
2192 1497 2364 1576 uͤbeteſt
2375 1500 2474 1575 dich
2487 1504 2645 1567 darin⸗

944 1567 1040 1625 nen
1067 1555 1143 1639 Tag
1182 1572 1275 1635 und
1307 1567 1487 1644 Nacht,
1509 1571 1651 1647 daher
1679 1565 1813 1653 kahme
1843 1573 1977 1651 deine
2000 1573 2148 1653 rechte
2163 1585 2262 1645 und
2293 1586 2456 1660 wahre
2478 1573 2647 1662 Weiß⸗

949 1648 1060 1724 heit,
1083 1650 1192 1713 weil
1208 1654 1282 1713 du
1282 1655 1356 1714 die
1375 1640 1548 1731 Furcht
1569 1653 1903 1745 GOttes
1796 1656 1882 1748 bey
1917 1662 2005 1725 alle
2018 1667 2215 1731 deinem
2229 1661 2548 1745 Vornehmen
2548 1690 2645 1747 vor

945 1737 1118 1809 Augen
1136 1737 1321 1816 hatteſt,
1356 1747 1434 1803 und
1457 1740 1559 1817 alle
1582 1744 1719 1826 deine
1748 1735 2058 1825 Handlungen,
2060 1753 2236 1817 Worte
2245 1764 2343 1822 und
2353 1763 2644 1828 Gedancken

947 1817 1154 1897 darnach
1164 1827 1401 1903 richteteſt,
1417 1832 1523 1905 und
1523 1829 1573 1907 in
1597 1819 1777 1914 ſolchen
1801 1837 1872 1916 auf
1872 1839 1969 1916 den
1999 1842 2162 1919 HErren
2203 1834 2359 1918 ſaheſt,
2379 1854 2553 1908 darum
2575 1868 2642 1909 er⸗

947 1898 1103 1983 fuͤllete
1118 1911 1199 1974 der
1205 1915 1360 1990 HErr
1376 1915 1464 1992 alle
1494 1921 1621 1980 deine
1630 1909 2076 1999 wohleingerichtete
2099 1930 2383 2002 Anſchlaͤge,
2406 1943 2481 2012 und
2471 1926 2655 2008 lieſſe

944 2005 1019 2062 dir
1042 1996 1201 2072 deines
1223 2006 1434 2079 Hertzens
1478 1994 1741 2087 Vornehmen
1773 2012 2027 2083 gelingen,
2042 2017 2139 2088 daß
2152 2023 2201 2077 du
2224 2024 2395 2079 deines
2410 2026 2640 2095 Hertzens

877 2085 1051 2156 Luſt
1067 2086 1233 2159 daran
1233 2089 1391 2162 ſaheſt,
1407 2091 1484 2163 die
1507 2095 1578 2165 dir
1601 2094 1700 2167 aber
1724 2091 1864 2169 uͤbels
1895 2098 2043 2172 wolten
2045 2101 2305 2176 beſchaͤmet
2359 2115 2548 2188 wurden.
2556 2095 2658 2178 Jn

940 2163 1400 2226 Wiederwaͤrtigkeit
1446 2174 1536 2218 und
1564 2178 1649 2234 dem
1668 2180 1775 2220 von
1780 2176 1898 2225 dem
1910 2164 2187 2244 liebreichen
2212 2181 2369 2247 Vater
2395 2200 2443 2244 zu
2470 2192 2656 2251 deinem

946 2240 1103 2319 beſten
1113 2251 1185 2308 dir
1194 2240 1503 2329 zugeſchickten
1530 2241 1668 2337 Creutz
1692 2247 1872 2340 hielteſt
1873 2263 1947 2324 du
1958 2241 2208 2347 beſtaͤndig
2208 2279 2286 2348 an
2300 2270 2419 2327 dem
2428 2271 2647 2343 HErrn,

937 2344 1043 2403 und
1062 2345 1193 2406 ware
1211 2341 1339 2409 deine
1353 2338 1699 2429 Beſtaͤndigkeit
1719 2344 1956 2435 dergeſtalt
1966 2351 2107 2431 ſtarck
2114 2360 2215 2422 und
2230 2361 2280 2423 in
2289 2358 2502 2441 wahrem
2511 2363 2647 2439 Her⸗

941 2410 1313 2499 tzens⸗Glauben
1320 2425 1366 2502 ſo
1377 2427 1470 2503 veſt
1481 2428 1751 2508 gegruͤndet,
1762 2436 1859 2512 daß
1869 2444 1934 2501 du
1961 2438 2059 2518 auch
2082 2447 2259 2521 getroſt
2261 2444 2513 2520 ausruffen
2527 2453 2645 2512 kon⸗

938 2513 1049 2593 teſt:
1081 2520 1190 2584 Und
1207 2527 1354 2584 wann
1364 2520 1440 2595 du
1440 2521 1553 2600 mich
1562 2523 1680 2601 auch
1689 2511 1913 2607 toͤdteteſt,
1931 2523 2134 2609 dennoch
2144 2537 2288 2600 bleibe
2299 2538 2365 2613 ich
2376 2545 2478 2614 veſt
2499 2559 2549 2620 an
2567 2543 2648 2622 dir

934 2587 1139 2684 hangen.
1215 2611 1294 2688 Ja
1304 2616 1352 2676 in
1364 2615 1501 2680 allem
1512 2611 1750 2697 erwieſeſt
1739 2616 1788 2695 du
1793 2615 2157 2702 Tugendhaffte
2164 2617 2638 2715 CONSTAN-

934 2708 1069 2781 CE,
1084 2714 1179 2784 daß
1199 2719 1264 2771 du
1282 2717 1443 2791 deinen
1460 2722 1551 2780 mir
1559 2718 1698 2797 ſuͤſſen
1718 2716 1946 2799 Nahmen
1956 2710 2633 2813 CONSTANTIA

930 2781 1374 2881 Beſtaͤndigkeit,
1389 2783 1466 2870 mit
1480 2801 1600 2875 recht
1609 2803 1840 2881 fuͤhreteſt.
1917 2807 2098 2883 Dieſes
2107 2812 2298 2887 nemlich
2308 2816 2436 2877 deine
2452 2815 2630 2893 beſtaͤn⸗

930 2866 1034 2946 dige
1042 2882 1138 2939 und
1155 2880 1439 2959 wahrhaffte
1448 2877 1802 2961 Gottesfurcht,
1838 2901 1946 2953 ware
1976 2892 2078 2972 auch
2088 2899 2168 2957 der
2186 2899 2365 2961 Grund
2378 2903 2499 2979 alles
2534 2890 2628 2981 Gu⸗

914 2958 1021 3035 ten,
1039 2966 1085 3039 ſo
1103 2972 1168 3030 du
1185 2965 1375 3047 gethan,
1392 2977 1490 3036 und
1506 2978 1663 3037 daran
1681 2981 1746 3040 du
1765 2982 1878 3051 dein
1887 2979 2184 3057 Vergnuͤgen
2200 2985 2393 3063 hatteſt,
2408 2998 2509 3052 und
2516 2999 2629 3056 dar⸗

927 3059 1041 3117 inne
1052 3064 1116 3121 du
1125 3063 1253 3123 deine
1271 3065 1449 3135 eintzige
1459 3063 1807 3141 Guͤckſeeligkeit
1833 3071 2059 3148 ſucheteſt.
2159 3076 2262 3153 Und
2293 3080 2435 3159 damit
2468 3084 2625 3156 unſere

925 3155 1024 3219 von
1034 3149 1121 3208 dem
1146 3144 1310 3213 milden
1335 3156 1506 3218 Vater
1518 3161 1616 3217 uns
1626 3155 1870 3231 beſcherete
1893 3154 2051 3234 Kinder
2071 3160 2174 3244 auch
2216 3163 2262 3238 ſo
2281 3165 2493 3244 gluͤcklich
2507 3172 2624 3245 ſeyn

911 3231 1146 3306 moͤchten,
1162 3236 1491 3311 wendeteſt
1428 3232 1483 3304 du
1511 3240 1641 3302 deine
1658 3240 1805 3317 groͤſte
1815 3243 1992 3318 Sorge
2011 3244 2098 3323 bey
2118 3248 2239 3323 ihrer
2259 3254 2524 3329 Erziehung
2524 3263 2618 3331 da⸗

905 3314 1022 3386 hin,
1039 3318 1145 3393 daß
1152 3318 1209 3393 ſie
1228 3319 1383 3395 nicht
1385 3319 1435 3391 in
1448 3329 1522 3387 dem
1538 3326 1687 3397 Sinn
1699 3332 1796 3391 und
1814 3331 1987 3408 Weſen
2004 3337 2082 3396 der
2090 3337 2249 3408 Welt,
2280 3340 2485 3412 ſondern
2496 3343 2619 3411 nach

901 3397 1030 3459 dem
1037 3403 1181 3466 Sinn
1191 3410 1287 3467 und
1298 3408 1478 3473 Willen
1492 3395 1579 3472 des
1589 3407 1811 3486 Heiligen
1839 3409 2054 3481 GOttes
2079 3426 2269 3491 moͤgten
2307 3428 2615 3496 aufwachſen,

920 3496 1019 3552 und
1027 3505 1123 3554 von
1131 3496 1356 3575 Kindheit
1372 3514 1427 3562 an
1447 3498 1540 3575 ihn
1556 3513 1614 3576 zu
1633 3500 1797 3578 ſuchen
1813 3492 1893 3584 und
1932 3520 1988 3584 zu
2007 3511 2153 3571 lieben
2183 3509 2313 3586 auch
2327 3528 2383 3588 zu
2397 3514 2616 3588 fuͤrchten

905 3574 1108 3645 moͤgten
1118 3579 1416 3656 angewehnet
1430 3569 1658 3650 werden.
1699 3591 1818 3670 Und
1822 3592 1898 3653 daß
1940 3592 2000 3665 ſie
2007 3602 2151 3667 darzu
2170 3602 2389 3669 gebracht
2398 3601 2613 3674 wuͤrden,
