1611 2363
508 432 632 477 Fuͤrſten
648 432 722 473 nicht
737 435 790 474 erſt
805 432 913 468 melden
930 436 990 466 und
1010 431 1069 470 ihm
1085 433 1146 472 Zeit
1164 432 1251 473 geben
1269 433 1366 474 ſollen,

509 482 568 521 daß
579 492 607 515 er
616 483 668 525 ſich
678 482 773 520 ruͤſten
789 483 902 515 konnte.
930 482 1026 516 Wenn
1045 491 1073 515 er
1092 484 1146 520 auf
1159 482 1277 522 einmal,
1292 482 1365 520 ohne

509 535 554 567 ein
564 532 652 567 Wort
669 539 699 571 zu
710 530 803 571 ſagen,
813 529 974 571 gekommen
989 530 1085 566 waͤre:
1109 533 1137 573 ſo
1153 529 1249 565 wuͤrde
1266 541 1295 565 er
1311 536 1365 565 den

508 584 583 623 Weg
602 582 676 621 nicht
689 585 820 616 verderbt
837 582 906 620 noch
924 582 1078 623 verſperret
1093 584 1236 623 gefunden
1250 577 1366 627 haben;

508 640 569 670 und
586 638 643 678 ſein
660 637 872 672 Unternehmen
888 635 984 670 wuͤrde
1003 634 1062 673 ihm
1079 636 1220 677 gelungen
1236 634 1314 678 ſeyn.

782 690 847 728 Frl.
877 690 1092 742 Verſtaͤndig.

558 743 708 786 Beſinnen
718 741 779 777 Sie
795 742 847 785 ſich
865 743 941 782 doch,
960 743 1023 774 mein
1035 739 1162 784 Schatz;
1185 742 1218 783 iſt
1234 744 1268 776 es
1283 741 1364 781 wohl

509 794 650 832 erlaubet,
664 789 743 828 einen
761 793 883 835 Fuͤrſten
906 792 1109 835 anzugreifen,
1132 795 1205 829 ohne
1223 794 1279 833 daß
1298 802 1364 827 man

508 844 569 880 ihm
585 841 690 877 vorher
705 845 756 872 den
773 839 859 879 Krieg
877 837 1083 879 angekuͤndiget
1097 836 1174 878 hat?
1195 838 1272 874 Das
1284 838 1364 875 wuͤr⸗

506 901 540 932 de
563 898 658 930 etwas
681 893 911 937 unanſtaͤndiges
933 893 1057 935 geweſen
1068 888 1159 938 ſeyn,
1185 899 1245 931 und
1269 893 1365 939 dieſen

506 952 608 990 Kaiſer
626 950 795 989 verunehret
814 950 920 989 haben.

755 1000 853 1044 Jgfr.
872 1000 1110 1047 Schoͤnichinn.

558 1053 687 1087 Warum
702 1053 770 1089 das,
783 1054 857 1085 mein
867 1043 998 1093 Schatz?
1011 1049 1116 1090 Wenn
1136 1049 1196 1089 ihm
1213 1048 1363 1093 Hungarn

502 1102 688 1145 zugehoͤrete;
704 1101 805 1138 konnte
815 1111 844 1136 er
855 1107 891 1136 da
899 1104 973 1142 nicht
981 1104 1038 1138 das
1048 1100 1175 1144 Seinige
1181 1107 1284 1137 wieder
1294 1101 1363 1140 neh⸗

503 1163 582 1193 men,
598 1154 661 1193 ohne
679 1155 774 1188 etwas
789 1162 820 1195 zu
831 1154 937 1195 ſagen?
965 1155 1047 1190 Was
1062 1163 1125 1190 war
1132 1152 1230 1196 Boͤſes
1246 1147 1365 1200 dabey?

774 1214 844 1256 Frl.
873 1213 1089 1262 Verſtaͤndig.

559 1263 602 1297 Er
625 1262 723 1296 wuͤrde
745 1265 803 1296 das
822 1256 1037 1307 Voͤlkerrecht
1059 1260 1221 1296 uͤbertreten
1243 1258 1361 1300 haben;

506 1315 566 1348 und
584 1316 641 1345 das
657 1313 690 1353 iſt
707 1313 751 1343 ein
769 1312 876 1356 großes
886 1311 1067 1353 Verbrechen
1082 1314 1171 1346 wider
1181 1313 1224 1345 die
1238 1310 1364 1352 menſch⸗

506 1375 576 1417 liche
593 1374 790 1417 Geſellſchaft.

809 1421 916 1461 Fraͤul.
936 1420 1060 1467 Heftig.

556 1472 638 1507 Was
654 1471 731 1511 heißt
751 1475 820 1513 das,
838 1473 894 1506 das
904 1461 1146 1522 Voͤlkerrecht?
1165 1469 1223 1514 Jch
1235 1469 1360 1514 verſtehe

502 1528 564 1564 das
579 1527 668 1562 Wort
682 1524 768 1565 nicht.

807 1564 956 1607 Madem.
974 1565 1060 1605 Gut.

557 1625 615 1668 Jch
638 1625 697 1659 will
720 1626 752 1658 es
769 1624 874 1667 Jhnen
896 1622 1025 1659 erklaͤren,
1072 1623 1102 1665 ſo
1125 1628 1178 1667 gut
1204 1624 1245 1665 ich
1266 1626 1360 1659 werde

502 1672 625 1709 koͤnnen,
641 1675 717 1703 mein
727 1671 844 1710 Schatz.
896 1670 943 1703 Es
959 1671 993 1709 iſt
1009 1671 1066 1703 das
1075 1670 1167 1709 Recht
1184 1672 1231 1702 der
1245 1657 1361 1703 Natur.

504 1728 567 1763 Als
583 1735 625 1761 die
642 1727 797 1766 Menſchen
814 1725 884 1763 noch
907 1727 980 1764 ohne
1004 1724 1146 1768 oͤffentlich
1169 1724 1362 1766 geſchriebene

505 1781 575 1810 oder
590 1777 728 1823 gegebene
744 1777 852 1817 Geſetze
868 1780 1005 1816 lebeten:
1021 1776 1049 1815 ſo
1065 1785 1150 1817 zogen
1165 1775 1203 1818 ſie
1219 1778 1276 1812 das
1294 1777 1358 1813 Ge⸗

504 1833 552 1876 ſetz
568 1839 598 1872 zu
618 1831 736 1869 Rathe,
755 1834 877 1872 welches
893 1832 971 1869 Gott
984 1826 1016 1875 in
1035 1832 1079 1870 ihr
1105 1825 1167 1880 Herz
1177 1829 1358 1873 geſchrieben

502 1884 601 1923 hatte,
615 1884 705 1914 damit
721 1879 757 1920 ſie
771 1885 944 1920 erkenneten,
960 1880 1029 1914 was
1041 1880 1139 1923 Recht
1153 1886 1219 1915 oder
1234 1880 1357 1919 Unrecht

504 1936 595 1972 waͤre.
649 1937 725 1971 Weil
746 1945 804 1969 nun
821 1936 910 1978 dieſes
926 1933 1021 1977 Geſetz
1043 1937 1117 1971 allen
1142 1936 1299 1977 Menſchen
1324 1936 1356 1967 in

504 1989 563 2021 das
583 1984 655 2027 Herz
672 1983 841 2026 geſchrieben
860 1986 911 2026 iſt:
937 1985 965 2026 ſo
981 1987 1014 2026 iſt
1035 1987 1068 2021 es
1091 1987 1161 2026 auch
1184 1987 1258 2021 allen
1280 1985 1357 2021 Voͤl⸗

499 2036 567 2074 kern
583 2036 727 2076 berannt;
754 2039 812 2072 und
826 2043 897 2070 man
910 2035 979 2077 muß
994 2042 1028 2076 es
1041 2034 1152 2074 uͤberall
1170 2035 1356 2079 beobachten.
