3193 3190
236 313 474 379 fuͤrtreffliche
482 311 707 381 erſchaffene
720 316 889 372 Gaben/
904 305 1069 370 ſondern
1080 309 1180 364 auch

236 391 290 419 die
316 373 530 420 unendliche
554 368 804 421 allmaͤchtige
832 366 974 420 Krafft
1004 368 1179 416 Gottes;

238 442 329 474 denn
340 438 381 471 es
391 430 543 478 wohnet
553 428 683 473 GOtt
685 429 732 484 in
748 419 832 476 ihm
843 420 1086 478 leibhafftig/
1116 421 1182 467 als

238 499 275 527 in
284 493 409 530 ſeinem
425 490 575 541 eigenen
590 480 767 528 Tempel.
825 476 980 529 Solche
1000 472 1180 533 goͤttliche

237 545 381 591 Kraͤffte
397 544 517 589 haben
535 539 607 588 ſich
623 537 724 588 auch
744 535 814 588 bey
835 533 906 589 ihm
927 532 1033 595 ſehen
1044 532 1183 586 laſſen:

237 605 357 642 Denn
374 601 446 637 wie
463 600 505 637 es
522 591 662 644 Krafft
678 589 828 646 giebet/
861 598 983 636 wenn
991 592 1095 636 einer
1106 597 1183 633 mit

239 654 435 701 koͤſtlichem
467 651 639 699 Balſam
661 641 891 703 uͤbergoſſen
913 649 1048 694 wird;
1086 644 1180 698 alſo/

240 717 286 752 da
301 708 479 758 Chriſtus
496 703 655 759 geſalbet
672 706 749 748 mit
767 707 854 749 dem
873 699 1036 752 heiligen
1052 698 1183 753 Geiſt/

239 769 304 812 hat
327 764 395 815 ſich
414 766 468 807 die
494 759 674 818 goͤttliche
697 758 836 812 Krafft
853 750 1025 807 mercken
1048 757 1185 810 laſſen/

239 820 369 867 erſtlich
388 822 426 859 in
441 821 559 860 vielen
569 813 992 866 Wunder⸗Wercken/
1011 811 1183 864 hernach

242 882 278 917 in
294 878 372 918 dem
384 874 538 919 Wercke
557 875 622 916 der
634 867 859 924 Erloͤſung/
892 867 935 924 da
955 877 992 913 er
1008 866 1183 919 weislich

243 934 350 979 ſeinen
380 931 512 969 Vater
544 922 747 977 gedienet/
783 926 866 967 und
896 924 954 969 die
979 920 1182 977 Erloͤſung

246 997 389 1033 kraͤfftig
400 994 610 1033 vollfuͤhret
627 993 712 1033 hat.

292 1044 374 1088 Und
394 1043 467 1085 das
489 1039 532 1087 iſt
558 1037 656 1090 auch
683 1040 740 1083 die
765 1034 931 1090 Urſache
944 1035 1057 1089 dieſer
1075 1034 1182 1084 Sal⸗

246 1096 378 1149 bung/
425 1102 465 1138 er
492 1092 613 1138 muſte
647 1090 799 1139 Gaben
828 1087 1084 1147 empfahen/
1101 1090 1183 1133 und

248 1153 441 1205 gnugſame
468 1147 624 1200 Kraͤffte
643 1158 689 1204 zu
708 1147 848 1200 ſeinem
871 1148 1006 1194 Amte.
1068 1146 1184 1194 Man

247 1208 340 1255 hatte
372 1204 549 1246 vormals
577 1201 729 1264 pflegen
758 1208 806 1255 zu
833 1197 962 1249 ſalben
991 1199 1183 1253 dreyerley

247 1266 671 1325 Standes⸗Perſonen/
693 1264 883 1322 Koͤnige/
905 1264 1087 1321 Prieſter
1102 1269 1185 1313 und

247 1323 477 1381 Propheten.
545 1326 641 1373 Wie
656 1324 750 1371 aber
776 1322 968 1375 Chriſtus
982 1322 1089 1373 nicht
1116 1316 1183 1367 hat

247 1383 346 1436 ſollen
357 1390 411 1424 ein
420 1384 609 1436 gemeiner
621 1378 772 1435 Koͤnig/
782 1378 966 1435 Prieſter
974 1382 1058 1423 und
1069 1375 1185 1425 Pro⸗

248 1430 328 1485 phet
337 1430 443 1483 ſeyn/
461 1429 538 1482 alſo
556 1426 605 1475 iſt
608 1431 650 1484 er
656 1431 758 1476 auch
771 1426 878 1479 nicht
902 1429 963 1472 mit
968 1428 1185 1481 gemeinem

249 1492 336 1539 Oele
346 1490 522 1549 geſalbet/
551 1491 715 1543 ſondern
734 1495 802 1537 mit
818 1493 886 1537 dem
917 1488 1080 1543 heiligen
1089 1480 1183 1536 Gei⸗

248 1546 312 1600 ſte/
324 1544 428 1598 mehr
439 1550 537 1591 denn
548 1544 642 1597 ſeine
651 1543 846 1598 Geſellen/
861 1541 974 1596 mehr
984 1545 1086 1589 denn
1097 1540 1193 1589 alle/

249 1605 298 1648 die
307 1606 372 1648 vor
382 1605 458 1648 und
470 1599 567 1653 nach
578 1597 661 1653 ihm
680 1599 845 1657 geſalbet
864 1603 1039 1647 worden.
1069 1599 1194 1650 Pſal.

250 1662 379 1709 45.v.8.
431 1652 475 1710 Er
491 1659 543 1711 iſt
560 1657 720 1716 geſalbet
737 1667 807 1713 zum
830 1653 1001 1707 Lehrer/
1027 1654 1088 1693 der
1105 1651 1186 1691 uns

251 1715 468 1769 offenbahret
487 1718 557 1761 den
577 1714 747 1770 Frieden
767 1718 842 1760 mit
863 1715 1024 1762 GOtt;
1063 1714 1196 1761 darzu

251 1774 288 1824 iſt
304 1770 377 1821 ihm
391 1769 550 1826 gegeben
567 1774 647 1817 eine
663 1768 828 1820 gelehrte
848 1757 1027 1814 Zunge/
1072 1762 1129 1800 die
1146 1767 1196 1802 er

250 1826 339 1878 nicht
352 1815 461 1872 allein
484 1814 719 1888 gebrauchet
745 1830 788 1871 in
814 1827 887 1872 den
904 1824 1048 1877 Tagen
1067 1822 1197 1870 ſeines

248 1877 445 1934 Fleiſches/
479 1879 642 1923 ſondern
661 1875 762 1927 auch
783 1885 872 1923 nun
890 1880 995 1923 redet
1007 1884 1048 1922 er
1064 1873 1198 1927 durch

249 1938 312 1988 ſein
321 1936 438 1983 Wort
448 1939 487 1980 in
497 1935 604 1988 uns/
619 1937 700 1981 und
713 1930 855 1983 ruͤhret
865 1933 999 1987 unſere
1010 1928 1199 1986 Hertzen.

249 1996 303 2042 Er
320 1993 358 2045 iſt
372 1993 529 2049 geſalbet
546 2001 593 2047 zu
608 1991 734 2039 einem
753 1990 1095 2047 Hohenprieſter/
1123 1995 1200 2032 der

249 2051 316 2092 mit
334 2045 463 2100 ſeinem
481 2044 632 2099 Opffer
654 2052 730 2092 uns
745 2045 811 2099 bey
847 2039 954 2097 GOtt
973 2038 1198 2095 verſoͤhnet/

247 2104 316 2156 daß
323 2112 393 2150 wir
403 2104 575 2156 dadurch
587 2103 720 2159 finden
729 2099 982 2158 Vergebung
1001 2100 1096 2147 aller
1114 2099 1200 2135 un⸗

248 2161 335 2212 ſerer
356 2155 562 2210 Suͤnden/
605 2161 705 2214 dazu
723 2156 795 2209 hat
820 2167 862 2203 er
877 2154 1108 2202 bekommen
1129 2161 1203 2206 ge⸗

249 2208 405 2271 nugſame
428 2209 594 2264 Krafft/
626 2220 677 2262 da
695 2224 736 2261 er
752 2214 825 2268 ſich
848 2213 951 2265 ſelbſt
969 2214 1067 2259 ohne
1089 2213 1204 2256 allen

247 2264 431 2317 Wandel/
459 2270 578 2325 durch
588 2275 661 2316 den
674 2266 838 2325 heiligen
853 2268 966 2316 Geiſt
976 2270 1112 2317 GOtt
1129 2275 1204 2318 ge⸗

248 2326 377 2380 opffert
394 2323 489 2376 hat/
514 2325 643 2382 Hebr.
660 2338 697 2376 9.
713 2329 751 2369 v.
770 2336 825 2373 14.
883 2326 946 2370 Er
964 2323 1008 2368 iſt
1024 2323 1205 2377 geſalbet

246 2390 327 2435 zum
337 2378 504 2436 Koͤnige/
529 2384 598 2428 der
611 2385 662 2427 da
681 2380 738 2435 ſey
747 2384 806 2428 ein
816 2373 955 2426 HErr
965 2371 1064 2419 uͤber
1076 2370 1205 2419 alles/

248 2434 319 2473 und
334 2432 389 2474 ein
406 2426 724 2480 Gnaden⸗Reich
751 2423 959 2480 auffrichte
988 2431 1029 2471 in
1046 2414 1206 2475 unſern

248 2490 421 2546 Hertzen/
448 2490 513 2545 biß
523 2501 563 2539 er
573 2488 718 2542 endlich
718 2488 811 2542 dem
829 2489 967 2539 Vater
979 2494 1056 2535 das
1065 2488 1207 2539 Reich

247 2544 453 2602 uͤbergebe/
488 2556 608 2595 wenn
630 2557 672 2595 er
690 2544 860 2602 kuͤnfftig
875 2543 974 2593 uͤber
989 2547 1207 2600 jederman

249 2605 316 2648 das
331 2593 474 2654 Urtheil
491 2603 594 2648 wird
612 2598 840 2657 geſprochen
857 2599 1018 2653 haben/
1058 2586 1116 2646 als
1121 2601 1206 2644 ein

253 2659 400 2700 Richter
417 2667 480 2700 der
490 2650 725 2715 Lebendigen
741 2649 815 2700 und
830 2664 898 2700 der
907 2659 1077 2706 Todten.

302 2720 341 2754 II.
371 2710 517 2769 Zeuget
533 2703 699 2769 Petrus
715 2717 794 2758 von
813 2716 882 2757 den
899 2710 1059 2763 Thaten
1070 2710 1208 2759 Chri⸗

255 2768 305 2813 ſti:
329 2773 365 2813 v.
380 2770 501 2819 38.39.
549 2763 626 2825 Er
628 2764 686 2819 iſt
699 2757 849 2824 umher
867 2757 1086 2824 gezogen/
1100 2765 1208 2809 und

254 2805 323 2873 hat
335 2816 426 2872 wol
438 2817 643 2878 gethan/
674 2819 767 2869 und
784 2815 949 2876 geſund
966 2802 1207 2879 gemachet

1221 309 1292 358 die
1321 320 1437 360 vom
1477 295 1637 364 Teufel
1656 293 1995 364 uͤberwaͤltiget
2013 301 2188 358 waren/

1221 368 1336 413 denn
1347 364 1500 416 GOtt
1517 373 1621 408 war
1636 366 1719 410 mit
1730 358 1861 414 ihm/
1890 362 1983 408 und
1994 371 2083 407 wir
2094 359 2187 408 ſind

1225 421 1401 477 Zeugen
1409 416 1539 467 alles/
1549 418 1640 464 das
1653 430 1699 463 er
1707 414 1876 476 gethan
1888 411 1999 468 hat/
2016 417 2078 464 im
2089 418 2189 465 Juͤ⸗

1222 471 1390 529 diſchen
1406 471 1558 523 Lande
1572 472 1666 518 und
1687 481 1743 527 zu
1762 468 2021 528 Jeruſalem.
2088 463 2187 520 Der

1223 534 1408 586 Geſalbte
1429 531 1500 583 deß
1530 531 1695 587 HErrn
1716 530 1760 582 iſt
1791 541 1850 577 ein
1881 530 2189 579 Wall⸗Bruder

1221 592 1412 635 worden;
1433 595 1508 633 wie
1520 595 1622 631 man
1635 587 1729 632 denn
1748 593 1828 634 668.
1861 577 1993 636 Meilen
2008 586 2073 629 kan
2088 583 2188 634 auß⸗

1223 643 1406 697 rechnen/
1420 637 1473 696 die
1494 634 1663 696 Chriſtus
1677 633 1856 697 gereiſet/
1856 637 2187 695 außgenommen

1222 703 1279 747 die
1306 698 1456 756 groſſen
1476 699 1652 751 Reiſen/
1682 703 1796 745 deren
1825 703 1882 744 die
1910 694 2188 749 Evangeliſten

1223 746 1331 813 zwar
1353 755 1591 812 gedencken/
1623 754 1719 803 aber
1743 756 1790 805 ſie
1809 755 1916 805 nicht
1935 752 2185 803 beſchreiben.

1223 810 1376 866 Solche
1399 810 1541 862 Reiſen
1565 806 1663 853 aber
1688 807 1760 862 hat
1782 806 1972 859 Chriſtus
1987 803 2189 859 gehalten/

1224 864 1330 919 nicht
1342 874 1389 920 zu
1409 865 1549 916 ſeinem
1568 863 1750 916 Nutzen/
1778 874 1825 918 zu
1836 867 1953 914 ſeiner
1967 852 2189 916 Ergetzlich⸗

1210 919 1294 979 keit
1303 918 1393 974 oder
1405 914 1672 972 Erfahrung/
1676 914 1742 967 wie
1760 921 1838 962 wir
1855 908 2188 970 Menſchen⸗Kin⸗

1225 980 1289 1022 der
1300 976 1380 1020 wol
1391 973 1543 1029 pflegen
1555 963 1677 1029 groſſe
1692 974 1833 1027 Reiſen
1846 971 1936 1023 auff
1944 976 2027 1016 uns
2039 980 2086 1026 zu
2097 971 2189 1025 neh⸗

1224 1037 1341 1086 men/
1356 1033 1433 1084 daß
1445 1039 1522 1079 wir
1535 1029 1752 1085 erfahren/
1772 1026 1832 1079 wie
1848 1025 1972 1082 hinter
1992 1025 2064 1076 dem
2077 1032 2187 1079 Ber⸗

1224 1097 1269 1133 ge
1288 1087 1388 1138 auch
1408 1086 1528 1136 Leute
1547 1084 1731 1140 wohnen.
1798 1080 1979 1141 Chriſtus
1980 1077 2096 1136 reiſet
2115 1089 2187 1131 den

1223 1133 1440 1199 Menſchen
1441 1140 1492 1202 zu
1502 1133 1612 1201 gute/
1626 1133 1745 1191 vielen
1751 1144 1830 1188 wol
1844 1153 1883 1196 zu
1897 1139 2024 1192 thun/
2044 1141 2189 1193 geſund

1225 1206 1272 1253 zu
1290 1196 1480 1250 machen/
1509 1201 1590 1242 und
1611 1206 1658 1251 zu
1671 1193 1809 1247 helffen
1828 1197 1976 1247 denen/
2013 1197 2070 1239 die
2092 1201 2189 1240 vom

1224 1254 1363 1307 Teufel
1387 1251 1665 1300 uͤberwaͤltiget
1683 1261 1855 1298 waren:
1908 1253 2045 1302 Denn
2070 1249 2188 1303 dazu

1221 1308 1278 1367 iſt
1294 1308 1344 1356 er
1344 1308 1397 1356 in
1419 1309 1490 1355 die
1509 1309 1638 1359 Welt
1654 1303 1893 1353 kommen/
1929 1306 2020 1360 daß
2042 1316 2087 1351 er
2105 1307 2188 1357 deß

1209 1367 1407 1423 Teufels
1417 1369 1568 1417 Werck
1576 1358 1787 1415 zerſtoͤre/
1786 1363 1932 1418 1Joh.
1931 1358 2065 1415 3.v.8
2093 1366 2190 1409 Wie

1209 1427 1291 1468 der
1301 1418 1437 1470 Teufel
1441 1409 1509 1471 die
1517 1416 1731 1470 Menſchen
1744 1414 1851 1468 nicht
1862 1418 1976 1462 allein
1989 1412 2189 1469 aͤuſſerlich

1210 1486 1296 1522 am
1305 1475 1442 1526 Leibe/
1454 1475 1618 1526 ſondern
1629 1473 1729 1525 auch
1740 1473 1928 1526 innerlich
1941 1484 1995 1520 an
2006 1477 2073 1518 der
2083 1474 2189 1521 See⸗

1227 1545 1286 1581 len
1302 1530 1610 1589 uͤberwaͤltiget:
1655 1534 1745 1581 Alſo
1765 1531 1837 1582 hat
1854 1529 2045 1584 Chriſtus
2064 1529 2109 1578 ſie
2128 1539 2191 1583 ge⸗

1211 1583 1362 1638 heilet/
1385 1583 1491 1636 nicht
1515 1584 1629 1630 allein
1646 1571 1844 1637 aͤuſſerlich
1856 1594 1924 1627 am
1936 1581 2079 1631 Leibe/
2108 1571 2192 1633 ſon⸗

1213 1645 1321 1689 dern
1346 1642 1447 1692 auch
1459 1640 1646 1693 innerlich
1663 1651 1719 1687 an
1730 1645 1796 1688 der
1814 1642 1975 1689 Seelen.
2035 1641 2190 1688 Solche

1212 1694 1387 1749 Thaten
1406 1691 1652 1746 bekraͤfftiget
1677 1692 1846 1748 Petrus
1866 1701 1939 1737 mit
1952 1689 2091 1744 ſeinem
2106 1677 2191 1736 und

1213 1761 1393 1804 anderer
1409 1754 1566 1810 Apoſtel
1583 1742 1779 1809 Zeugniß.

1284 1807 1362 1861 Hie
1384 1802 1533 1858 muͤſſen
1556 1814 1635 1850 wir
1654 1803 1802 1859 preiſen
1820 1807 1877 1850 die
1896 1802 2018 1863 groſſe
2040 1805 2193 1854 Leutſe⸗

1228 1869 1351 1914 ligkeit
1361 1865 1500 1918 unſers
1517 1863 1764 1920 Heilandes;
1792 1868 1895 1910 denn
1908 1871 1958 1909 da
1974 1867 2029 1909 die
2046 1870 2190 1907 armen

1215 1913 1439 1978 Menſchen
1472 1926 1547 1968 mit
1576 1920 1767 1971 Seuchen
1784 1926 1866 1967 und
1898 1921 2064 1975 Plagen
2095 1924 2192 1964 vom

1216 1977 1366 2027 Teufel
1388 1974 1668 2031 uͤberwaͤltiger
1687 1975 1861 2022 waren/
1894 1970 2192 2021 bekuͤmmerten

1218 2036 1275 2089 ſie
1295 2032 1368 2088 ſich
1388 2032 1494 2086 nicht
1507 2044 1579 2080 um
1594 2037 1667 2078 den
1677 2032 1988 2083 Seelen⸗Artzt
2011 2030 2057 2077 ſie
2070 2031 2193 2076 kann⸗

1231 2100 1294 2137 ten
1307 2087 1376 2140 ihn
1387 2088 1485 2142 auch
1497 2087 1629 2141 nicht/
1659 2088 1698 2140 ſo
1698 2088 1824 2139 laͤufft
1834 2090 1945 2140 dieſer
1956 2085 2193 2135 Wolthaͤter

1231 2153 1301 2190 den
1314 2143 1459 2190 Leuten
1469 2142 1596 2196 nach/
1622 2141 1699 2192 daß
1712 2153 1754 2189 er
1773 2151 1853 2187 nur
1866 2143 1986 2188 vielen
1996 2139 2195 2194 wolthue/

1220 2203 1310 2245 und
1326 2199 1427 2244 ladet
1437 2199 1508 2244 alle
1520 2207 1568 2253 zu
1580 2196 1673 2251 ſich:
1704 2197 1926 2247 Kommet
1945 2191 2021 2246 her
2033 2205 2088 2249 zu
2107 2194 2194 2241 mir

1221 2252 1343 2304 alle/
1374 2255 1445 2300 die
1463 2248 1537 2304 ihr
1557 2248 1772 2304 muͤhſelig
1772 2248 1867 2301 und
1884 2249 2064 2298 beladen
2078 2250 2193 2307 ſeyd/

1224 2323 1291 2358 ich
1302 2308 1398 2364 will
1416 2300 1512 2358 euch
1526 2301 1766 2358 erqvicken/
1775 2308 1936 2360 Matth.
1949 2320 1999 2345 11.
2006 2309 2043 2351 v.
2048 2309 2121 2354 28.

1315 2365 1387 2421 Hie
1414 2366 1584 2410 mercken
1610 2371 1688 2408 wir
1714 2361 1816 2415 auch
1843 2367 1899 2408 die
1925 2361 2093 2415 Urſache
2124 2367 2191 2409 der

1222 2414 1442 2471 kraͤfftigen
1459 2410 1820 2467 Wunderthaten/
1849 2413 1910 2455 die
1922 2406 2114 2461 Chriſtus
2130 2414 2192 2473 ge⸗

1224 2473 1401 2528 wircket/
1409 2477 1511 2519 denn
1522 2473 1670 2524 GOtt
1681 2482 1787 2518 war
1808 2478 1881 2518 mit
1884 2466 2005 2530 ihm.
2057 2463 2194 2520 GOtt

1233 2534 1339 2589 hatte
1350 2530 1419 2586 ihn
1427 2530 1686 2589 geſandt/und
1698 2533 1867 2579 wirckete
1878 2535 1918 2577 in
1931 2535 2011 2576 und
2022 2538 2098 2576 mit
2110 2529 2194 2576 ihm

1232 2590 1351 2635 alles;
1384 2596 1423 2640 ja
1444 2590 1579 2637 GOtt
1595 2585 1774 2639 wohnete
1792 2597 1833 2632 in
1853 2585 1936 2640 ihm
1960 2585 2196 2640 leibhafttig/

1232 2647 1297 2692 als
1310 2656 1350 2690 in
1364 2645 1501 2695 ſeinem
1511 2646 1666 2698 eigenen
1676 2641 1868 2696 Tempel/
1891 2645 1973 2688 und
1995 2645 2071 2686 das
2088 2632 2133 2693 iſt
2137 2638 2196 2688 die

1234 2706 1357 2744 rechte
1376 2703 1589 2744 Salbung.

1292 2760 1359 2797 III.
1385 2749 1535 2806 Zeuget
1565 2752 1732 2808 Petrus
1765 2756 1862 2797 vom
1888 2751 1997 2800 Tode
2026 2751 2199 2800 Chriſti:

1234 2816 1363 2864 Denn
1375 2799 1427 2870 ſie
1440 2803 1585 2866 haben
1600 2813 1718 2868 dieſen
1730 2809 1964 2865 Wolthaͤter
1984 2805 2202 2868 getoͤdtet/
