1907 2853
248 498 285 526 in
303 493 404 536 ihrem
418 492 528 538 Hauſe
544 490 685 534 bleiben,
711 494 777 527 und
793 495 876 529 wird
904 497 966 530 von
994 493 1144 531 niemand
1168 491 1255 538 mehr
1278 495 1385 540 geach⸗

250 553 308 577 tet.
366 546 443 580 Aus
470 549 579 591 ſolcher
603 548 736 589 Urſache
765 546 961 583 verbrennen
980 547 1019 588 ſie
1044 547 1100 592 ſich
1120 547 1214 585 lieber
1238 549 1298 583 mit
1321 551 1380 586 den

250 598 376 630 Leibern
401 600 486 640 ihrer
508 600 673 632 Maͤnner.
723 596 801 631 Und
825 595 921 640 dieſes
948 594 1110 642 geſchiehet
1135 603 1229 634 unter
1258 598 1380 641 großen

250 651 507 684 Solennitaͤten.
559 648 769 691 Dergleichen
784 645 911 685 Witwe
934 652 1032 691 putzet
1046 647 1124 692 ſich,
1151 648 1203 685 als
1225 657 1317 686 wenn
1339 650 1378 689 ſie

247 710 303 736 zur
318 704 468 739 Hochzeit
486 704 615 739 gienge,
641 701 706 731 und
729 698 811 731 wird
836 705 933 734 unter
952 690 1069 742 Muſik
1091 702 1157 735 und
1178 695 1379 745 Freudenlie⸗

246 757 324 791 dern
342 763 405 782 von
423 757 512 790 ihren
529 753 758 793 Freundinnen
774 755 830 791 zur
858 744 1062 794 Feuergrube
1082 746 1228 796 gefuͤhret
1252 753 1317 789 und
1340 749 1379 787 le⸗

246 813 360 855 bendig
379 813 485 855 hinein
511 814 673 855 geſtuͤrzet.

352 869 383 894 3.
413 858 485 892 Die
509 857 693 903 Religion
714 855 754 895 iſt
783 850 1023 899 unterſchieden.
1074 855 1180 897 Denn
1203 858 1262 894 alle
1292 855 1378 898 Ein⸗

244 910 377 948 wohner
396 915 441 939 im
459 911 559 943 Lande
573 907 641 948 ſind
654 901 835 957 entweder
830 905 1115 953 Mahomedaner,
1141 912 1215 946 oder
1241 907 1378 955 Heiden.

244 961 324 997 Der
347 962 502 1004 Mogul
535 960 682 996 bekennet
702 956 759 1001 ſich
782 966 838 1002 zur
864 954 1173 1006 mahomedaniſchen
1207 962 1378 1005 Religion,

245 1013 374 1051 welcher
397 1009 473 1051 auch
488 1014 535 1042 die
562 1006 784 1054 vornehmſten
807 1005 963 1055 zugethan
988 1010 1064 1054 ſind.
1117 1009 1189 1052 Die
1216 1013 1378 1057 gemeinen

243 1064 334 1098 Leute
360 1065 434 1095 aber
461 1063 528 1102 ſind
554 1057 780 1106 meiſtentheils
800 1059 935 1108 Heiden.
990 1059 1048 1110 Jn
1076 1065 1146 1101 dem
1166 1059 1376 1108 Koͤnigreiche

245 1116 367 1152 Cabul
382 1114 456 1149 aber
472 1114 570 1157 findet
585 1112 641 1157 ſich
659 1114 725 1152 eine
739 1110 808 1153 Art
823 1112 991 1163 Chriſten,
1017 1116 1066 1151 die
1084 1127 1161 1154 man
1187 1114 1376 1160 Thomas⸗

242 1168 400 1206 chriſten
415 1170 544 1197 nennet.
597 1162 714 1208 Sonſt
726 1162 825 1210 haben
845 1167 893 1200 die
908 1162 1084 1207 Europaͤer
1109 1167 1175 1201 eine
1203 1168 1287 1209 freye
1305 1165 1374 1205 Re⸗

241 1216 497 1260 ligionsuͤbung,
523 1215 691 1261 ſonderlich
712 1218 759 1252 im
780 1212 970 1263 Koͤnigreich
995 1215 1206 1260 Guzurate.
1262 1219 1373 1255 Uebri⸗

243 1273 323 1305 gens
341 1269 424 1298 wird
440 1271 488 1300 die
511 1266 840 1309 Seelenwanderung
860 1265 1209 1313 (Metempſychoſis)
1232 1268 1287 1312 bey
1316 1270 1375 1303 den

239 1321 434 1359 Jndianern
452 1320 536 1356 ſtark
552 1317 730 1360 geglaubet.
785 1315 911 1362 Daher
911 1315 1025 1363 wollen
1037 1317 1113 1362 auch
1127 1318 1204 1355 viele
1217 1320 1372 1364 derſelben

240 1382 310 1413 kein
328 1380 426 1413 Thier
448 1379 568 1413 toͤdten.

338 1422 412 1451 Die
427 1424 473 1448 im
487 1421 587 1449 Lande
608 1410 727 1459 uͤbliche
745 1409 930 1459 Sprache
948 1414 987 1457 iſt
1009 1412 1093 1460 nicht
1110 1413 1266 1459 einerley:
1294 1416 1372 1451 eini⸗

237 1481 275 1501 ge
295 1477 387 1493 reden
413 1471 572 1503 arabiſch,
598 1468 712 1497 andere
729 1462 874 1506 perſiſch,
900 1462 976 1508 noch
999 1465 1112 1499 andere
1146 1459 1372 1510 malabariſch;

239 1527 288 1554 die
303 1525 418 1563 letztere
431 1522 472 1560 iſt
498 1523 593 1555 unter
610 1520 667 1554 den
686 1515 880 1566 Jndianern
895 1520 943 1557 die
965 1518 1214 1571 gewoͤhnlichſte.

347 1579 379 1609 4.
407 1571 493 1607 Das
511 1564 694 1614 weltliche
714 1565 919 1609 Regiment
938 1569 976 1615 iſt
998 1568 1120 1615 abſolut
1149 1569 1370 1618 monarchiſch,

238 1625 305 1662 und
320 1626 368 1662 die
385 1621 579 1671 Succeßion
595 1624 717 1673 erblich.
768 1614 848 1670 Der
873 1626 991 1677 große
1015 1626 1169 1679 Mogul
1189 1631 1271 1666 wird
1292 1629 1369 1670 auch

236 1676 322 1723 ſonſt
342 1677 397 1713 der
421 1672 555 1720 Kaiſer
579 1684 660 1714 von
686 1673 882 1727 Jndoſtan
909 1685 1074 1724 genennet.
1126 1679 1238 1719 Seine
1265 1683 1370 1722 eigene

238 1727 467 1765 Unterthanen
486 1727 634 1756 tituliren
649 1726 704 1767 ihn
721 1725 790 1756 Pad
824 1725 953 1759 Schach
968 1727 995 1761 d.
1024 1720 1065 1774 i.
1050 1721 1260 1768 Großherr.
1315 1722 1370 1762 Er

236 1781 349 1816 fuͤhret
366 1782 455 1806 einen
468 1777 666 1817 unſaͤglichen
684 1774 811 1819 Pracht
837 1776 902 1811 und
927 1773 1042 1815 Staat
1065 1785 1106 1811 an
1133 1773 1246 1817 ſeinem
1268 1773 1368 1821 Hofe.

234 1832 309 1868 Die
322 1831 527 1878 Einkuͤnfte
542 1829 654 1879 dieſes
655 1829 862 1876 Potentaten
879 1829 946 1874 ſind
961 1828 1192 1876 unermeßlich,
1217 1830 1313 1874 daher
1335 1842 1368 1869 er

237 1888 300 1913 mit
314 1886 418 1920 Recht
433 1884 490 1920 fuͤr
509 1886 567 1912 den
588 1879 749 1922 reicheſten
773 1878 981 1924 Monarchen
999 1880 1032 1915 in
1055 1879 1108 1914 der
1126 1886 1244 1925 ganzen
1272 1879 1367 1920 Welt

233 1937 381 1973 gehalten
398 1937 491 1965 wird.
544 1934 623 1970 Der
643 1932 812 1979 koͤnigliche
833 1931 966 1978 Thron,
991 1932 1123 1976 welchen
1147 1936 1200 1969 der
1223 1933 1368 1979 perſiſche

235 1988 349 2029 Koͤnig
370 1982 535 2028 Schach
560 1982 706 2032 Nadyr
730 1987 824 2029 1738
850 1984 1026 2028 erbeutete,
1052 1986 1161 2021 wurde
1185 1986 1295 2023 alleine
1323 1997 1368 2024 an

233 2042 326 2071 Gold
341 2041 407 2068 und
422 2037 625 2076 Edelſteinen
647 2036 710 2078 auf
725 2043 774 2077 50
791 2034 972 2074 Millionen
1000 2032 1224 2080 Reichsthaler
1249 2030 1368 2081 geſchaͤ⸗

235 2097 298 2129 tzet.
353 2091 435 2122 Und
449 2090 479 2130 ſo
496 2087 570 2131 hoch
587 2086 680 2132 ſollen
703 2085 760 2131 ſich
789 2087 867 2133 auch
896 2086 975 2135 ſeine
993 2086 1164 2136 jaͤhrlichen
1183 2087 1367 2131 Revenuͤen

235 2148 303 2183 und
320 2144 492 2188 Geſchenke
511 2136 667 2186 belaufen.

338 2189 448 2226 Seine
465 2186 761 2234 Kriegesmacht
775 2186 816 2232 iſt
830 2186 984 2235 ebenfalls
1000 2185 1140 2224 uͤberaus
1163 2189 1260 2236 groß.
1310 2189 1367 2231 Es

233 2244 276 2284 iſt
294 2246 360 2286 ihm
379 2246 428 2277 ein
445 2241 567 2283 leichtes
582 2241 740 2284 600000
752 2240 894 2282 Mann,
917 2241 1004 2287 nebſt
1023 2252 1149 2279 20000
1160 2242 1365 2290 Elephanten

233 2299 290 2330 ins
304 2297 381 2341 Feld
395 2303 433 2341 zu
450 2292 576 2342 ſtellen;
600 2292 677 2334 aber
697 2295 852 2346 300000
868 2297 987 2340 Mann
1004 2299 1127 2334 werden
1146 2306 1211 2338 von
1238 2307 1366 2340 40000

233 2349 376 2386 Perſern
397 2345 606 2388 geſchlagen;
621 2342 693 2379 weil
708 2349 742 2379 es
757 2342 857 2391 ſeinen
880 2344 1049 2385 Soldaten
1063 2345 1159 2392 theils
1202 2340 1240 2392 an
1240 2346 1366 2391 Muth,

232 2397 331 2437 theils
353 2408 394 2428 an
419 2391 747 2440 Kriegswiſſenſchaft
762 2393 879 2441 fehlet;
904 2393 1001 2441 daher
1011 2383 1093 2441 lieſet
1105 2406 1181 2434 man
1193 2395 1280 2442 mehr
1301 2402 1366 2431 von

229 2448 378 2496 blutigen
387 2447 624 2496 Niederlagen,
640 2447 692 2487 als
707 2456 770 2489 von
788 2451 983 2497 erfochtenen
1004 2450 1145 2501 Siegen.
