1928 2780
440 404 861 461 Uberſchriften,
861 404 915 461 I.
915 404 1074 461 Buch.

1273 408 1349 454 751

292 504 364 543 Du
378 498 598 547 Sauertopf,
617 500 663 539 du
678 496 770 548 zehlſt
784 499 848 540 mir
864 501 923 542 alle
935 496 1058 550 Glaͤſer
1077 499 1147 543 ein,

292 560 360 595 Als
377 557 487 600 gaͤbeſt
502 557 546 590 du
563 553 628 590 mir
643 543 733 600 ſelbſt
745 556 813 591 aus
827 551 957 593 deinem
970 552 1078 594 Keller
1089 552 1213 595 Wein.

241 608 329 637 Kein
346 609 474 645 Knecht
492 606 542 645 ſey
557 602 651 637 Cato
665 598 781 642 nicht;
804 595 885 645 Hoͤr
900 597 967 646 auf
981 598 1044 639 mit
1061 597 1196 646 ſolchem
1209 596 1355 644 Klagen,

243 663 357 696 Denn
369 660 436 700 daß
454 658 502 702 ich
515 655 566 703 ſey
582 654 633 694 ein
647 651 798 698 Mann,
822 654 909 696 wird
925 655 1032 695 meine
1047 653 1159 702 Liebſte
1174 652 1282 703 ſagen.

575 751 655 793 Lib.
676 751 744 790 XII.
763 750 886 800 Epigr.
897 740 1026 772 XXXI.

530 799 600 845 De
653 794 790 846 hortis
836 793 1059 845 Marcellæ.

249 879 329 973 H

329 879 377 925 oc
395 881 545 916 nemus,
571 873 611 910 hi
627 871 768 917 fontes,
795 872 875 912 hæc
891 876 1026 913 textilis
1044 874 1173 912 umbra
1192 873 1312 926 ſupini

379 929 563 971 Palmitis,
589 927 662 964 hoc
682 926 801 976 riguæ
826 927 964 970 ductile
991 929 1130 967 flumen
1145 938 1259 975 aquæ.

247 986 446 1024 Prataque,
470 988 538 1013 nec
557 978 677 1016 bifero
695 978 831 1016 ceſſura
846 976 978 1017 roſaria
995 978 1128 1021 Pæſto,

301 1035 496 1077 Quodque
513 1031 608 1064 viret
624 1029 700 1073 Jani
717 1026 858 1072 menſe,
886 1040 952 1065 nec
973 1028 1088 1078 alget,
1114 1029 1206 1064 olus.

252 1086 427 1125 Quæque
444 1088 539 1112 natat
555 1075 660 1112 cluſis
681 1078 826 1125 anguila
852 1077 1049 1116 domeſtica
1066 1076 1249 1128 lymphis,

303 1138 478 1178 Quæque
493 1131 590 1178 gerit
606 1129 737 1169 ſimiles
752 1131 905 1170 candida
918 1134 1029 1170 turris
1050 1143 1156 1170 aves,

254 1187 415 1209 Munera
430 1184 511 1205 ſunt
524 1180 710 1206 dominæ:
738 1174 821 1217 poſt
829 1173 980 1219 ſeptima
993 1172 1099 1208 luſtra
1115 1167 1264 1209 reverſo

303 1237 383 1269 Has
398 1230 573 1267 Marcella
589 1229 726 1265 domos
742 1237 927 1276 parvaque
943 1238 1057 1278 regna
1079 1229 1192 1267 dedit.

252 1288 292 1319 Si
310 1286 403 1318 mihi
417 1282 588 1318 Nauſicæ
610 1279 749 1329 patrios
772 1270 996 1320 concederet
1019 1280 1167 1323 hortos,

303 1340 467 1376 Alcinoo
485 1333 627 1386 poſſem
645 1334 786 1375 dicere:
815 1333 913 1375 malo
929 1347 1046 1375 meos.

381 1433 541 1493 Von
571 1432 654 1491 der
681 1431 964 1493 Marcellen
994 1434 1215 1488 Garten.

256 1499 334 1592 D

334 1499 374 1554 en
390 1497 532 1543 Wald,
560 1498 612 1539 die
625 1495 807 1543 Brunnen
833 1497 919 1547 hier,
946 1503 1009 1541 den
1026 1499 1206 1546 Schatten
1222 1509 1288 1541 von
1305 1503 1370 1546 den

998 1552 1139 1596 Reben,

256 1599 338 1647 Diß
347 1594 500 1650 Waſſer,
516 1598 591 1639 dem
604 1595 668 1648 ſein
678 1596 767 1648 Lauf
775 1599 808 1654 ſo
823 1595 945 1648 lieblich
959 1597 996 1648 iſt
1010 1596 1164 1648 gegeben,

307 1655 389 1695 Diß
399 1653 513 1695 Gras,
525 1649 589 1689 das
598 1645 797 1699 Roſenfeld,
807 1650 873 1689 das
890 1647 996 1696 zwier,
1016 1650 1079 1691 wie
1089 1643 1235 1700 Paͤſtus,
1246 1647 1370 1698 bringt,

307 1704 390 1751 Diß
400 1705 528 1750 Kraut,
549 1707 615 1745 das
633 1704 715 1754 auch
731 1702 800 1746 kein
818 1704 915 1755 Froſt
933 1706 980 1746 im
996 1702 1132 1752 Jenner
1154 1706 1242 1756 nicht
1256 1707 1371 1754 durch⸗

972 1755 1099 1802 dringt,

257 1804 346 1844 Den
357 1798 536 1844 Hausaal,
550 1799 606 1843 der
615 1809 685 1841 nun
697 1797 775 1850 ſtets
787 1797 956 1849 verwahrt
970 1811 1006 1850 zu
1021 1798 1229 1850 ſchwimmen
1241 1801 1373 1850 pfleget,

259 1862 349 1901 Den
367 1852 501 1905 Thurn,
518 1859 573 1896 der
590 1855 681 1907 ſelbſt
694 1854 779 1904 weiß
796 1857 851 1906 iſt,
872 1860 943 1899 und
957 1858 1062 1906 weiſſe
1076 1855 1199 1904 Voͤgel
1213 1858 1320 1904 heget,

310 1906 486 1949 Schenckt
504 1904 598 1959 Frau
611 1902 783 1944 Marcella
805 1902 869 1942 mir
888 1901 947 1947 bey
963 1903 1086 1943 meiner
1100 1892 1257 1951 Ankunft
1270 1902 1371 1950 gleich

310 1958 415 2006 Nach
434 1955 567 2005 dreyßig
578 1953 716 2005 Jahren
730 1965 820 2004 nun,
847 1958 899 2000 ein
917 1958 1038 2000 kleines
1055 1955 1271 2005 Koͤnigreich:

260 2010 340 2057 Ließ'
358 2009 438 2058 auch
455 2008 603 2058 Naſicae
618 2010 682 2050 mir
701 2008 793 2059 ihren
810 2011 947 2054 Garten
970 2006 1062 2056 uͤber,

261 2065 421 2109 Alcinoe,
448 2059 531 2109 ſagt'
546 2059 613 2110 ich,
637 2061 684 2110 ich
698 2061 781 2112 habe
794 2063 924 2105 meinen
939 2062 1046 2104 lieber.

585 2150 664 2190 Lib.
679 2147 750 2189 eod.
764 2148 888 2202 Epigr.
897 2153 1048 2188 XLVII.

495 2199 546 2245 In
573 2192 809 2243 habentem
828 2197 967 2243 varios
986 2209 1141 2244 mores.

267 2265 356 2359 D

356 2265 501 2312 ifficilis,
528 2265 660 2312 facilis,
687 2265 887 2313 jucundus,
914 2268 1065 2308 acerbus
1083 2281 1121 2306 es
1143 2268 1269 2308 idem:

377 2322 461 2362 Nec
478 2328 600 2358 tecum
618 2317 765 2370 poſſum
786 2320 934 2367 vivere,
964 2333 1033 2361 nec
1053 2320 1126 2359 ſine
1143 2331 1189 2357 te.

1299 2360 1382 2414 Auf
