1655 2321
555 383 631 422 814

784 375 882 420 Von
894 375 968 418 den
981 371 1211 418 Contracten.

555 454 607 499 ſen
632 455 718 504 freye
742 454 868 503 Macht
894 454 1022 502 haben,
1038 452 1109 494 ihm
1131 450 1213 499 auch
1237 450 1305 498 frey
1320 449 1427 499 ſtehen

554 505 627 556 ſoll,
645 506 727 553 nach
755 506 875 555 ſeinem
901 502 1061 555 Gefallen
1080 505 1113 546 in
1146 506 1206 545 den
1230 500 1366 545 Garten
1389 509 1427 549 zu

553 561 656 610 gehen,
693 560 755 610 ſich
773 572 809 609 zu
826 558 1020 608 beluſtigen,
1038 560 1106 599 und
1122 559 1182 599 des
1196 556 1360 598 darinnen
1374 554 1428 596 be⸗

552 598 723 660 findlichen
742 597 971 658 Luſt⸗Hauſes
986 604 1134 655 pfleglich
1150 614 1188 654 zu
1211 600 1430 653 gebrauchen.

554 666 610 718 Zu
627 667 781 716 welchem
792 667 887 711 Ende
898 666 944 714 ich
953 668 1032 715 ihm,
1042 666 1076 708 in
1084 662 1242 715 Beyſeyn
1255 666 1311 704 der
1323 661 1430 710 hierzu

554 717 726 765 erbetenen
736 716 896 769 Zeugen,
910 716 1005 763 heute
1019 716 1107 758 dato
1122 714 1186 756 mit
1196 711 1430 762 Ubergebung

552 760 646 813 eines
662 763 1021 818 Garten⸗Schluͤſſes,
1047 764 1081 809 in
1091 757 1153 807 den
1163 759 1351 814 geliehenen
1360 756 1447 805 und

553 824 765 875 verſtatteten
783 821 966 871 Gebrauch
982 819 1112 864 meines
1124 817 1288 864 Gartens
1296 816 1432 868 geſetzet,

554 881 623 919 und
637 878 707 920 will
724 876 771 927 ich
797 878 852 919 als
859 871 1209 924 Eigenthums⸗Herr,
1228 872 1313 920 ohne
1325 870 1433 921 ſeinen

556 925 744 975 Beytrag,
756 927 817 964 alle
827 927 896 967 und
911 925 980 974 jede
996 924 1125 963 Onera
1139 921 1248 964 realia
1269 919 1434 963 darinnen

556 985 673 1029 alleine
688 983 884 1029 entrichten,
907 983 969 1023 den
986 980 1124 1030 Garten
1141 983 1212 1022 und
1227 978 1331 1033 deſſen
1339 972 1445 1039 Zaͤu⸗

553 1031 625 1082 ne;
647 1023 825 1080 Blancken
850 1033 917 1074 und
943 1025 1133 1077 Gebaͤude,
1161 1019 1223 1072 auf
1246 1023 1346 1077 meine
1353 1022 1444 1078 Ko⸗

557 1087 626 1137 ſten
646 1087 693 1125 im
714 1079 899 1132 baulichen
909 1080 1043 1131 Weſen
1049 1069 1159 1135 ſelbſt
1181 1068 1355 1140 erhalten,
1365 1069 1449 1129 und

556 1132 626 1180 von
639 1132 809 1186 Fruͤchten
825 1129 942 1181 nichts
951 1126 1047 1182 mehr
1057 1116 1260 1188 verlangen,
1286 1133 1344 1171 als
1354 1122 1437 1174 was

555 1181 589 1238 er
600 1185 663 1240 ſuͤr
679 1188 739 1239 ſich
755 1189 822 1229 und
839 1186 922 1232 ſeine
943 1180 1092 1234 Familie
1116 1173 1214 1231 nicht
1235 1178 1352 1230 moͤchte
1368 1173 1445 1228 noͤ⸗

555 1243 628 1294 thig
645 1239 764 1290 haben.
815 1240 944 1289 Solte
957 1240 1040 1292 auch
1061 1235 1235 1292 Schaden
1252 1229 1445 1290 geſchehen,

558 1299 617 1351 ſoll
632 1298 728 1350 Herr
745 1292 1070 1339 Commodatarius
1080 1286 1188 1341 weiter
1204 1285 1306 1345 nicht,
1321 1295 1378 1337 als
1388 1289 1449 1335 ad

558 1342 722 1401 Culpam
741 1347 848 1388 latam
866 1339 1074 1393 verbunden,
1081 1342 1151 1388 und
1158 1342 1198 1387 in
1202 1340 1345 1395 uͤbrigen
1350 1337 1438 1389 nach

563 1401 797 1455 Verflieſſung
813 1404 869 1450 der
894 1400 1083 1443 benannten
1115 1402 1124 1445 5
1158 1397 1271 1450 Jahre
1288 1400 1351 1442 mit
1375 1394 1450 1446 Zu⸗

561 1446 769 1496 ruͤckgebung
801 1444 858 1487 des
863 1428 1247 1496 Garten ⸗ Schluͤſſels
1267 1442 1330 1485 den
1363 1438 1444 1484 Ge⸗

563 1505 685 1554 brauch
710 1494 875 1556 deſſelben
890 1502 977 1550 ohne
998 1502 1126 1552 eintzige
1146 1495 1338 1552 Ausflucht
1365 1488 1448 1544 und

587 1564 801 1618 Einwuͤrffe
811 1563 938 1607 wieder
948 1561 1138 1609 abzutreten
1150 1556 1292 1612 ſchuldig
1300 1557 1394 1612 ſeyn.

848 1611 1071 1662 Urkundlich
1071 1611 1130 1660 ꝛc.

1063 1962 1219 2058 XVII.
1233 1973 1446 2063 Schuld⸗
