1658 2445
170 486 286 539 kuͤhler
298 481 391 537 Luft,
429 488 531 534 durch
555 482 769 533 Vermeidung
785 485 841 522 der
863 480 1004 525 Venus⸗

168 542 282 592 opfer,
307 547 364 582 des
380 539 629 589 Kopfbrechens
649 549 684 578 u.
700 542 732 578 d.
750 538 787 577 uͤ.

246 596 336 644 Daß
370 595 418 634 die
436 586 698 644 Fleiſchſpeiſen,
726 592 775 631 die
791 595 858 629 uns
868 587 997 626 naͤhren

168 648 282 697 ſollen,
311 645 412 695 ſchon
427 647 513 687 einer
523 643 707 693 Aufloͤſung
736 640 820 690 nahe
836 641 907 692 ſeyn
917 646 1004 682 muͤſ⸗

167 701 241 749 ſen,
267 704 335 739 und
361 693 418 753 daß
440 692 527 744 alle
534 694 755 746 Mehlſpeiſen
787 695 856 736 eine
882 693 1003 745 ſcharfe

166 751 295 795 Saͤure
314 759 483 800 erzeugen,
508 751 582 789 das
607 748 674 796 ſind
696 756 763 796 zwo
795 744 910 795 Lehren
941 750 1001 787 des

166 806 256 853 Hrn.
269 801 481 854 Cadogan,
533 799 583 840 die
603 800 698 849 unſer
718 787 758 851 V.
759 796 915 847 gehoͤrig
934 798 1001 840 ein⸗

167 865 324 913 ſchraͤnkt.

221 906 275 948 Er
290 906 349 955 hat
359 902 457 948 einen
469 897 660 952 Wundarzt
673 898 828 951 geſehen,
849 901 918 940 der
939 901 1000 943 alle

164 962 258 1010 Tage
274 961 354 1007 ſeine
371 963 441 1009 zwo
454 958 607 1009 Flaſchen
627 957 855 1001 Branntwein
889 958 998 997 trank.

165 1017 221 1060 Er
234 1027 308 1056 war
323 1016 381 1063 bey
398 1015 494 1063 dieſer
505 1008 734 1064 Gewohnheit
753 1022 805 1060 40
813 1006 929 1059 Jahre
943 1018 999 1058 ge⸗

165 1068 291 1104 blieben
307 1071 376 1104 und
392 1069 486 1104 ward
521 1068 572 1104 76
590 1063 652 1104 alt.

217 1115 277 1166 Jn
292 1113 394 1156 einem
401 1111 534 1165 Anfall
546 1122 643 1153 vom
655 1107 882 1165 Zipperlein,
893 1107 999 1157 Wein

164 1173 242 1209 oder
256 1178 319 1217 gar
335 1166 520 1217 Mohnſaft
538 1175 572 1213 zu
577 1163 712 1214 geben,
769 1169 846 1203 oder
873 1171 999 1203 warme

164 1207 414 1268 Einhuͤllungen
432 1224 470 1263 zu
485 1213 663 1261 brauchen,
694 1217 770 1253 oder
783 1212 902 1262 ſcharfe
918 1212 999 1253 Um⸗

165 1275 286 1325 ſchlaͤge
302 1270 492 1323 aufzulegen
509 1271 547 1316 iſt
568 1268 757 1321 gefaͤhrlich.
784 1288 863 1300 —
892 1270 997 1316 Nicht

164 1325 307 1374 weniger
329 1326 504 1371 bedenklich
513 1325 551 1372 iſt
569 1324 616 1362 die
633 1317 998 1371 entzuͤndungswidrige

163 1379 351 1435 Methode,
374 1379 425 1417 die
439 1376 614 1425 beſonders
627 1375 687 1423 bey
720 1378 784 1414 den
800 1372 937 1422 Aerzten
960 1374 999 1414 in

159 1433 318 1471 America
337 1430 462 1471 befolgt
484 1431 582 1471 wird.

214 1483 302 1526 Das
319 1481 515 1533 Verfahren
530 1486 590 1520 des
604 1481 695 1530 Hrn.
710 1475 789 1523 W.
805 1479 845 1530 iſt
870 1472 998 1529 folgen⸗

165 1532 236 1576 des.
264 1550 342 1564 —
392 1525 507 1576 Wenn
531 1523 588 1579 ſich
611 1530 679 1571 eine
706 1526 915 1580 Anhaͤufung
942 1529 999 1568 der

164 1590 407 1637 Gichtmaterie
438 1588 535 1631 durch
573 1585 755 1636 Kopfweh,
785 1583 998 1635 Schwindel,

159 1638 536 1695 Magenbeſchwerden,
559 1635 714 1691 fliegende
728 1634 934 1686 Schmerzen
960 1637 998 1675 in

164 1697 227 1735 den
247 1690 469 1739 Gliedmaßen
488 1697 523 1727 u.
536 1683 566 1738 ſ.
580 1698 612 1729 w.
638 1686 785 1736 verraͤth,
811 1693 879 1727 und
895 1686 999 1732 dabey

163 1744 440 1797 Vollbluͤtigkeit,
492 1744 613 1793 ſtarkes
641 1743 759 1792 Fieber
788 1748 854 1784 und
878 1740 998 1790 heftige

165 1800 371 1847 Schmerzen
383 1794 605 1847 vorhanden,
632 1794 713 1838 auch
729 1795 777 1835 die
793 1792 917 1842 Kraͤfte
940 1796 999 1833 des

163 1850 322 1891 Kranken
338 1850 417 1895 noch
433 1847 518 1891 nicht
532 1846 599 1884 viel
614 1841 799 1897 geſchwaͤcht
824 1850 947 1889 worden,
964 1843 998 1889 ſo

164 1895 254 1944 dient
283 1904 350 1942 eine
381 1897 674 1952 hoͤchſtvorſichtige
696 1897 880 1945 Aderlaͤſſe,
929 1900 998 1935 und

165 1956 234 1994 eine
251 1954 336 2000 Unze
355 1952 498 1996 Manna
514 1951 548 1992 in
569 1945 913 1998 Krauſemuͤnzwaſſer
934 1949 999 1989 mit

164 2010 216 2051 ein
226 2008 338 2058 wenig
353 2005 565 2061 Rhabarber
588 2011 657 2044 und
671 2006 775 2047 einem
798 2002 997 2052 Mittelſalz,

1016 899 1079 941 33.

1016 1107 1076 1153 38.

1010 1273 1076 1310 40.

1010 1470 1075 1520 42.
