1597 2528
361 234 430 286 26

374 338 463 382 dert,
493 334 579 384 deſto
604 333 794 382 ernſtlicher.
876 332 933 378 Jn
957 331 1071 382 dieſem
1097 330 1194 378 Felde
1216 330 1323 377 giebts

373 386 560 439 unendlich
577 387 680 438 mehr
699 398 737 433 zu
762 385 927 433 arbeiten,
960 387 1012 424 als
1037 394 1118 424 man
1144 382 1325 429 insgemein

374 453 485 500 denkt,
520 452 552 503 ſo
571 452 636 497 daß
653 461 734 489 man
750 459 811 493 gar
830 449 916 495 nicht
933 448 1070 498 Urſache
1093 447 1168 496 hat,
1203 446 1262 495 ſich
1288 449 1327 486 in

374 491 425 540 ein
440 500 611 547 anderes,
639 500 716 536 weit
732 497 874 544 weniger
889 494 1075 548 nuͤtzliches,
1107 495 1324 545 hineinzuwa⸗

373 571 453 611 gen,
486 564 596 609 zumal
619 569 659 601 da
685 565 733 601 die
757 562 830 611 Zeit
855 572 929 610 zum
947 560 1324 609 Religionsunterrichte

375 624 432 670 bey
457 627 530 660 dem
551 619 718 670 groͤſſeſten
733 608 846 676 Theile
862 625 918 659 der
934 618 1075 666 Jugend
1097 619 1129 669 ſo
1155 617 1225 671 ſehr
1249 619 1324 664 kurz

375 683 424 731 iſt.
484 681 565 719 Wie
582 674 697 728 noͤthig
725 676 801 726 iſts,
837 680 898 715 den
918 675 1071 716 Kindern
1094 682 1160 712 von
1183 673 1323 720 Jugend

375 739 441 789 auf
452 741 513 776 den
531 738 654 786 groſſen
670 737 775 785 Wuſt
788 745 856 775 von
874 726 1079 787 verkehrten
1094 734 1323 780 Meinungen,

375 801 425 839 die
449 808 559 851 gegen
583 801 632 840 die
664 800 832 850 chriſtliche
857 799 1013 848 Religion
1048 799 1091 839 im
1124 796 1325 846 Schwange

375 862 479 910 gehn,
506 873 531 909 z.
552 863 603 904 B.
628 864 694 909 daß
713 863 753 908 ſie
770 871 811 913 zu
828 857 953 911 ſchwer
969 871 1007 907 zu
1025 859 1135 909 halten
1154 857 1224 910 ſey,
1257 860 1323 904 daß

374 919 417 965 ſie
432 914 690 969 melancholiſch
706 916 835 964 mache,
859 923 955 953 wenn
971 925 1051 952 man
1066 913 1126 961 ſich
1143 921 1204 958 gar
1221 919 1259 956 zu
1274 920 1325 955 ge⸗

377 981 445 1007 nau
471 971 551 1019 nach
577 969 626 1018 ihr
651 969 762 1017 halte,
792 979 826 1006 u.
850 958 874 1018 ſ.
894 977 937 1005 w.
975 968 1032 1013 bey
1058 968 1141 1006 allen
1166 965 1326 1013 Gelegen⸗

375 1037 482 1085 heiten
498 1048 536 1084 zu
554 1033 758 1087 benehmen.
819 1035 900 1075 Wie
916 1034 984 1086 ſehr
1002 1034 1061 1082 hat
1077 1043 1157 1074 man
1175 1032 1324 1085 Urſache,

376 1107 475 1142 gegen
491 1099 550 1137 alle
559 1097 664 1138 Arten
675 1101 732 1135 des
742 1094 1025 1144 Aberglaubens
1034 1095 1097 1133 mit
1113 1088 1206 1139 aller
1223 1088 1325 1147 Macht

375 1163 414 1199 zu
439 1151 602 1200 arbeiten,
617 1155 696 1190 den
714 1151 894 1200 Ungrund
914 1156 981 1188 von
998 1149 1082 1188 allen
1098 1151 1159 1186 den
1176 1152 1325 1186 wunder⸗

374 1199 488 1259 ſamen
515 1201 745 1253 Maͤhrchens,
789 1211 857 1238 von
882 1199 1048 1247 Hexerey,
1082 1186 1323 1256 Geſpenſtern,

377 1264 670 1322 Schatzgraͤberey,
702 1268 781 1316 Alp,
813 1261 1161 1319 Teufelsbeſitzungen,
1194 1265 1245 1303 die
1264 1265 1324 1313 ſich

375 1333 443 1363 von
467 1322 651 1377 Geſchlecht
676 1333 715 1371 zu
741 1319 926 1376 Geſchlecht
953 1306 1213 1377 fortſchwatzen,
1251 1320 1325 1356 dar⸗

374 1387 522 1436 zuthun,
564 1386 750 1437 uͤberhaupt
789 1388 838 1425 die
877 1380 1118 1432 uͤbertriebene
1152 1383 1325 1430 Meinung

375 1456 442 1487 von
468 1452 524 1486 der
546 1446 679 1501 Macht
702 1450 759 1485 des
784 1445 923 1495 Teufels
946 1445 1010 1493 auf
1032 1445 1143 1495 unſrer
1165 1443 1263 1485 Welt
1286 1431 1329 1487 zu

374 1503 552 1557 zerſtoͤren,
580 1509 649 1544 und
672 1507 723 1543 die
744 1502 1045 1556 abgeſchmackten
1060 1501 1326 1550 Auslegungen

376 1569 433 1602 der
451 1559 622 1611 Traͤume,
652 1549 886 1608 Ahndungen,
906 1556 1115 1606 Jrrlichter,
1145 1555 1325 1607 Kometen,

376 1616 654 1664 Donnerwetter,
681 1617 739 1652 des
751 1603 950 1669 Geſchreyes
967 1615 1023 1651 der
1040 1609 1162 1660 Eulen,
1186 1618 1220 1647 u.
1238 1612 1259 1661 ſ.
1278 1619 1322 1648 w.

376 1679 412 1716 in
435 1678 539 1727 ihrem
563 1687 685 1723 ganzen
707 1676 833 1726 Nichts
857 1672 1078 1723 darzuſtellen.
1150 1662 1234 1717 Wie
1262 1675 1327 1713 viel

379 1742 417 1791 iſt
432 1740 629 1781 vornemlich
647 1744 730 1779 dran
749 1739 896 1784 gelegen,
929 1737 1006 1783 daß
1018 1739 1067 1787 man
1109 1738 1159 1775 die
1174 1731 1326 1790 falſchen

375 1793 660 1845 Vorſtellungen
684 1801 757 1835 von
780 1792 882 1838 Gott
914 1781 1091 1830 ausrotten
1120 1790 1224 1844 helfe,
1258 1790 1325 1830 mit

376 1857 515 1905 welchen
540 1859 596 1907 ihn
624 1858 654 1907 ſo
677 1859 757 1896 viele
782 1854 935 1906 tauſende
967 1861 1031 1893 aus
1063 1856 1136 1893 dem
1157 1855 1328 1901 gemeinen

349 1919 517 1969 Haufen
542 1919 600 1969 ſich
625 1919 699 1956 bald
725 1919 777 1956 als
804 1917 894 1956 einen
917 1915 1027 1964 Gott,
1066 1921 1122 1956 der
1145 1915 1203 1962 ſich
1231 1911 1326 1966 nicht

376 1987 438 2014 um
455 1978 502 2015 die
520 1976 698 2027 Menſchen
715 1968 946 2023 bekuͤmmert,
976 1972 1050 2012 bald
1068 1973 1121 2012 als
1137 1971 1242 2018 einen,
1255 1974 1326 2010 der

378 2042 444 2075 aus
462 2034 745 2083 Barmherzigkeit
760 2030 860 2082 jeden
875 2034 953 2081 noch
971 2032 1090 2080 endlich
1107 2032 1140 2071 in
1156 2032 1216 2072 den
1226 2031 1325 2080 Him⸗

377 2094 443 2133 mel
458 2093 556 2142 nimt,
574 2097 631 2132 der
646 2093 713 2144 ihm
731 2091 811 2141 noch
828 2090 937 2142 zuletzt
954 2093 1006 2131 ein
1021 2084 1126 2144 falſch
1139 2093 1206 2141 gut
1216 2089 1326 2133 Wort

1218 2149 1328 2196 giebt,
