2554 3058
219 605 426 678 darauff
438 608 590 672 ſehen/
608 613 689 663 als
705 606 821 675 auff
833 609 984 675 unſere
1003 602 1182 674 hoͤchſte
1209 597 1599 663 Lebens⸗Regul/

223 673 313 727 nicht
339 665 516 732 dieſelbe
540 676 617 718 uns
649 668 933 727 fuͤrzuſtellen/
944 670 1002 715 als
1025 671 1092 715 den
1127 664 1469 732 fuͤhrnehmſten
1480 661 1596 716 Ent⸗

217 722 346 791 zweck
368 728 517 784 unſerer
530 728 808 783 Verrichtung:
838 729 919 777 Sie
938 724 1137 788 befiehlet
1155 734 1230 774 uns
1252 726 1333 772 aber
1357 730 1424 768 den
1440 728 1590 773 Man⸗

219 784 290 845 gel
304 788 377 833 und
395 783 583 850 Verluſt
597 778 766 844 derſelben
794 787 861 832 mit
891 775 1031 844 Gedult
1069 794 1130 841 zu
1149 770 1374 837 ertragen/
1390 783 1468 823 (als
1484 786 1593 824 ande⸗

219 855 259 890 re
280 842 431 904 irrdiſche
457 846 617 898 Guͤter)
634 846 671 897 ja
687 844 724 887 in
739 843 875 898 einigen
885 842 1028 895 Faͤllen/
1039 852 1075 887 in
1094 827 1589 902 Gewiſſens⸗Sachen

219 911 301 958 oder
325 921 405 966 zum
436 909 603 972 Dienſt
623 908 783 960 unſers
804 908 1017 963 GOttes
1043 910 1140 959 (das
1157 914 1235 969 iſt/
1264 919 1328 954 vor
1351 910 1404 955 ein
1427 909 1593 946 unver⸗

215 965 446 1026 gleichlich
464 965 650 1039 beſſeres
668 959 834 1027 Guth/
848 971 908 1015 als
923 971 980 1025 die
989 965 1132 1026 Ehre)
1155 962 1389 1017 verbindet
1414 960 1470 1023 ſie
1493 973 1590 1012 uns

217 1019 360 1086 dieſes
366 1023 602 1083 williglich
614 1018 909 1083 darzulegen/
912 1015 999 1084 und
1014 1010 1379 1090 auffzuopffern/
1406 1011 1471 1071 und
1490 1016 1593 1069 will

220 1083 444 1137 erwehlen
459 1085 550 1135 viel
568 1083 701 1134 lieber
711 1076 924 1144 Ehrloß/
931 1082 1050 1132 denn
1068 1082 1282 1131 Gottloß
1299 1093 1340 1136 zu
1360 1072 1453 1133 ſeyn/
1472 1082 1593 1132 (lieber

218 1145 280 1201 bey
296 1135 544 1205 Menſchen
560 1144 608 1191 in
619 1136 868 1210 Ungunſt/
868 1141 947 1190 als
965 1140 1044 1197 bey
1073 1141 1234 1195 GOtt
1258 1135 1306 1186 in
1328 1138 1591 1200 Ungnaden

217 1204 259 1248 zu
278 1197 438 1255 ſtehen:)
453 1197 588 1261 Dieſe
604 1193 733 1252 endlich
751 1199 920 1245 erfordert
934 1207 1033 1244 von
1047 1206 1144 1244 uns
1162 1197 1231 1245 die
1241 1195 1364 1252 Ehre
1378 1191 1511 1241 allein
1529 1202 1593 1246 zu

216 1249 376 1319 ſuchen
409 1258 484 1301 und
516 1264 570 1318 zu
560 1252 857 1315 umbarmen/
882 1251 958 1316 zur
958 1251 1304 1310 Unterhaltung
1330 1251 1429 1298 und
1454 1251 1596 1298 endli⸗

221 1313 330 1369 chen
343 1311 544 1376 Abſehen
560 1309 675 1376 auff
681 1312 753 1363 die
769 1311 894 1372 Ehre
905 1303 1133 1365 GOttes.
1161 1314 1312 1365 Welche
1322 1306 1591 1365 Unterſchei⸗

219 1365 350 1420 dung
364 1369 464 1417 und
483 1368 843 1425 Verwarnung/
858 1367 1024 1418 nachdem
1039 1364 1084 1417 ſie
1100 1366 1228 1419 vorher
1249 1362 1388 1418 geſehen
1405 1366 1480 1409 und
1491 1363 1595 1411 erbli⸗

218 1427 310 1478 cket/
316 1421 356 1478 iſt
369 1429 423 1472 die
430 1425 555 1479 Ehre
569 1435 618 1469 in
638 1423 814 1486 heiliger
839 1416 1059 1486 Schrifft/
1076 1424 1128 1469 als
1139 1424 1192 1467 ein
1208 1419 1333 1476 recht
1347 1415 1592 1476 nuͤtzliches

216 1476 316 1521 und
332 1474 642 1527 zutraͤgliches
656 1474 840 1532 Werck/
853 1478 939 1523 nach
953 1475 1115 1520 welchem
1132 1482 1222 1515 man
1241 1473 1352 1524 auſſer
1368 1474 1497 1523 einiger
1505 1468 1591 1526 Aff⸗

217 1533 371 1585 terrede/
381 1525 521 1588 daſſelbe
536 1541 578 1584 zu
596 1530 764 1581 erlangen
781 1534 943 1578 trachten
956 1531 1085 1582 moͤge/
1101 1531 1246 1580 welches
1261 1539 1303 1575 zu
1319 1531 1426 1577 zeiten
1440 1529 1503 1579 bey
1520 1540 1591 1571 un⸗

217 1591 267 1648 ſer
282 1583 441 1644 Gebuͤhr
455 1590 531 1634 und
549 1584 690 1645 Pflicht
698 1585 789 1639 muß
805 1585 1001 1637 beobachtet
1019 1587 1170 1631 werden.
1227 1584 1329 1637 Sie
1344 1585 1383 1630 iſt
1392 1585 1523 1626 darinn
1534 1584 1591 1626 al⸗

222 1649 281 1696 len
296 1642 469 1690 andern
486 1647 625 1702 guten
638 1638 854 1693 Wercken
870 1635 1112 1697 fuͤrgezogen/
1122 1639 1197 1686 und
1215 1650 1278 1688 an
1301 1631 1388 1701 ſich
1411 1631 1591 1698 ſelbſten

217 1702 345 1763 nicht
356 1713 416 1761 zu
431 1699 687 1761 verachten.
716 1697 858 1756 Denn
873 1703 942 1752 ein
952 1711 1037 1759 gut
1048 1699 1244 1761 Gericht
1254 1696 1307 1762 iſt
1316 1697 1447 1761 beſſer
1458 1699 1589 1749 dann

218 1757 311 1812 eine
327 1768 435 1819 gute
451 1760 614 1818 Salbe
630 1765 738 1811 Eccl.
751 1766 864 1812 VIl.I.
880 1766 937 1811 Ja
948 1755 1044 1813 das
1056 1758 1251 1817 Gericht
1266 1757 1320 1819 iſt
1334 1757 1463 1818 beſſer
1473 1759 1596 1808 denn

219 1815 345 1888 groß
355 1815 640 1882 Reichthum
658 1822 754 1877 (ſagt
769 1823 827 1868 der
842 1813 937 1877 weiſe
947 1825 1084 1873 Mann
1095 1827 1212 1869 Prov.
1224 1825 1406 1874 XXII.I)
1424 1821 1488 1871 Es
1502 1820 1597 1863 wird

222 1882 297 1924 eine
313 1876 456 1933 Gabe
472 1882 559 1929 des
573 1876 747 1932 HErrn
763 1885 996 1932 genennet:
1026 1874 1169 1930 Denn/
1192 1878 1258 1927 da
1280 1872 1335 1936 iſt
1351 1878 1465 1923 einer
1489 1874 1598 1928 (ſagt

222 1940 283 1984 der
296 1939 469 1998 Prediger
484 1940 593 1984 Eccl.
604 1940 736 1992 VI.2)
750 1931 856 1989 dem
889 1928 1004 1996 Gott
1027 1925 1319 1992 Reichthum/
1324 1931 1485 1983 Guter
1492 1930 1596 1980 und

225 1983 351 2055 Ehre
371 1994 564 2063 gegeben
580 1992 694 2057 hat/
715 1992 759 2059 ja
776 1992 898 2045 nicht
922 2004 1011 2042 nur
1033 1993 1124 2041 eine
1147 1991 1282 2052 bloſſe
1306 1983 1479 2045 Gabe/
1496 1988 1600 2045 ſon⸗

223 2047 336 2101 dern
353 2064 419 2100 ein
428 2051 626 2112 Segen/
642 2050 720 2097 der
733 2060 819 2108 zur
834 2043 1187 2103 Erkaͤntlichkeit
1203 2043 1426 2101 gegeben/
1441 2045 1520 2095 als
1539 2042 1594 2092 ei⸗

220 2102 274 2155 ne
291 2103 792 2164 Gnadenvergeltunge
805 2105 904 2155 und
919 2095 1340 2172 Auffmunterunge
1355 2114 1464 2152 zum
1484 2101 1596 2153 Gu⸗

224 2170 319 2212 ten:
348 2167 470 2215 Denn
497 2161 600 2211 wo
615 2175 728 2213 man
740 2162 904 2220 leydet
944 2161 998 2211 in
1020 2174 1109 2211 des
1131 2158 1383 2217 HERRN
1398 2149 1603 2216 Furcht/

218 2224 346 2277 ſpricht
361 2223 433 2274 Er
454 2224 708 2282 wiederum/
715 2221 781 2273 da
818 2217 873 2283 iſt
900 2215 1231 2275 Reichthum/
1246 2218 1370 2275 Ehre
1395 2218 1495 2267 und
1518 2217 1592 2268 Le⸗

216 2278 310 2330 ben
334 2283 461 2325 Prov.
477 2280 667 2333 XXII,
620 2280 675 2342 4.
709 2276 987 2332 Dannenhero
1009 2272 1065 2338 iſt
1092 2286 1144 2322 es
1166 2271 1230 2321 als
1247 2278 1320 2322 eine
1349 2269 1594 2334 beſondere

221 2324 481 2394 Wohlthat
495 2337 638 2394 erkant/
648 2340 721 2384 und
731 2338 793 2386 als
807 2338 881 2383 eine
894 2334 1039 2395 rechte
1054 2332 1323 2391 Brunqvell
1341 2331 1593 2392 hertzlicher

222 2392 597 2448 Danckbarkeit/
607 2398 730 2448 wie
700 2397 745 2448 es
755 2400 816 2447 der
837 2392 1056 2448 Pſalmiſt
1083 2395 1120 2442 in
1141 2392 1266 2448 ſeinem
1290 2388 1600 2448 Koͤniglichen

870 2460 924 2508 K
953 2481 976 2512 3

1480 2453 1593 2499 Lob⸗

288 2505 430 2546 Non
449 2501 500 2540 vis
523 2499 591 2541 eſſe
610 2502 721 2549 juſtus
745 2506 818 2542 ſine
837 2507 977 2552 gloria?
995 2509 1029 2539 at
1052 2495 1262 2549 mehercule
1278 2496 1385 2552 ſaepe
1401 2492 1510 2556 juſtus
1529 2489 1601 2549 eſſe

442 2561 557 2605 debes
575 2573 660 2603 cum
679 2561 839 2604 infamia.
872 2561 950 2614 Sen.
970 2555 1074 2619 Epiſt.
1082 2569 1143 2607 113.
