1633 2353
614 399 672 436 28

865 388 1063 441 Galante
1063 388 1280 441 Gedichte.

658 479 715 512 Und
724 480 753 511 ob
761 479 818 512 dein
828 479 961 519 ſchwaches
969 480 1028 517 hertz
1035 486 1100 516 zwar
1107 480 1213 518 glimmt
1221 488 1270 515 von
1279 482 1374 523 ſolchen
1381 482 1485 521 dingen,

619 526 674 558 Die
684 526 710 557 in
719 528 760 557 der
767 527 857 563 flamm
867 528 918 557 und
927 529 984 562 glut
991 528 1136 564 vermehren
1144 527 1217 560 deine
1225 528 1300 564 pein;

619 572 666 604 So
675 573 746 609 leſcht
756 571 786 607 ſie
794 572 853 608 doch
862 575 901 606 ihr
909 572 991 609 ſchnee
1001 575 1051 605 und
1066 574 1145 607 kalter
1154 575 1297 611 kieſelſtein,

657 609 755 644 Jndem
765 607 804 638 ein
814 609 939 643 frembder
947 609 1011 640 wird
1025 609 1082 643 dein
1091 609 1285 646 himmel⸗brodt
1293 609 1471 650 verſchlingen;

619 655 677 686 Und
688 655 778 690 ſaugen
787 661 836 685 von
846 655 901 685 dem
912 656 990 687 mund
999 657 1044 687 den
1058 656 1134 695 ſuͤßen
1142 655 1315 693 goͤtter⸗wein,

616 698 690 729 Weil
699 699 755 731 das,
763 700 816 727 was
826 698 859 728 du
867 698 974 734 geneuſt,
981 699 1043 736 auch
1051 701 1144 731 andern
1155 700 1182 736 ift
1191 699 1300 735 gemein.

652 824 753 885 Als
772 820 829 892 ſie
846 822 931 892 ſich
949 834 1038 881 vor
1055 825 1158 880 dem
1167 824 1263 890 blitz
1274 822 1482 890 entſetzte.

981 902 1154 938 Sonnet.

612 948 681 1021 D

681 952 722 985 ein
731 958 804 985 auge,
817 951 863 981 das
873 958 922 983 nur
930 952 995 986 ſteckt
1003 956 1055 984 voll
1065 955 1103 988 liſt
1115 955 1168 984 und
1174 954 1224 984 voll
1231 955 1329 991 gefahr,

680 1000 743 1030 Das
751 1003 800 1025 mit
810 1000 974 1029 geſchwinder
979 998 1036 1027 glut
1046 997 1117 1024 mein
1127 998 1218 1027 duͤrres
1224 986 1285 1026 hertz
1292 986 1439 1025 bezwinget,

617 1038 676 1070 Und
684 1039 748 1074 ohne
756 1040 859 1072 rettung
868 1038 933 1074 mich
941 1038 985 1075 faſt
993 1044 1035 1074 zur
1043 1038 1228 1077 verzweifflung
1237 1040 1349 1077 bringet,

617 1083 692 1115 Lacht
700 1080 794 1113 meiner
802 1081 863 1115 doch
870 1083 946 1119 darzu
954 1085 1020 1120 gantz
1027 1081 1082 1120 frey
1089 1086 1141 1117 und
1151 1084 1289 1121 offenbar.

614 1127 681 1162 Ach!
690 1124 748 1157 aber
755 1124 838 1158 nimm
846 1126 890 1162 bey
899 1126 938 1157 dir
951 1131 978 1158 es
987 1124 1062 1163 ſelber
1072 1127 1168 1159 einmal
1176 1126 1257 1162 wahr,

615 1167 706 1195 Wann
715 1166 769 1200 blitz
783 1164 836 1194 und
848 1164 933 1200 heißes
942 1165 997 1199 feur
1005 1164 1045 1197 dir
1053 1166 1096 1196 ins
1105 1165 1205 1202 geſichte
1212 1164 1326 1202 dringet,

615 1211 661 1236 Ob
669 1211 702 1235 du
710 1208 779 1239 nicht
787 1206 853 1239 wirſt
860 1208 910 1237 mit
919 1205 986 1240 angſt
994 1207 1047 1238 und
1053 1205 1158 1243 bleicher
1166 1207 1250 1242 furcht
1256 1205 1400 1246 umringet,

616 1253 674 1283 Und
681 1254 753 1284 deine
761 1253 887 1290 ſicherheit
895 1255 953 1285 bald
961 1254 1049 1292 ſucheſt
1060 1254 1124 1293 hier,
1133 1255 1191 1287 bald
1204 1256 1268 1292 dar;

616 1295 662 1325 So
671 1292 736 1328 wiſſe
744 1294 810 1324 dann
818 1292 950 1330 vielmehr,
963 1293 1011 1330 daß
1019 1293 1056 1331 ich
1064 1293 1124 1330 noch
1133 1292 1248 1332 ſchwerer
1263 1293 1324 1330 leid,

616 1337 675 1370 Und
681 1336 731 1371 daß
736 1337 778 1367 der
785 1338 848 1372 blitz,
854 1338 898 1367 der
904 1338 944 1368 dir
952 1341 1001 1369 aus
1010 1336 1148 1376 ſchwartzen
1162 1339 1267 1371 wolcken
1273 1338 1364 1375 draͤut,

615 1385 677 1416 Nur
686 1380 725 1417 ſey
734 1380 773 1413 ein
782 1381 867 1417 bloßes
875 1381 968 1416 nichts,
981 1384 1028 1414 das
1035 1385 1061 1416 in
1069 1384 1111 1415 der
1120 1382 1179 1418 lufft
1192 1383 1388 1422 verſchwindet;

614 1424 750 1463 Hingegen
757 1418 850 1466 dieſer,
860 1427 901 1457 der
909 1430 958 1455 aus
964 1426 1055 1458 deinen
1063 1433 1145 1462 augen
1153 1425 1232 1463 faͤhrt,

612 1466 654 1502 Jſt
664 1470 705 1495 ein
712 1462 912 1501 durchdringend
919 1464 986 1499 feur,
997 1465 1045 1496 das
1051 1469 1133 1497 marck
1139 1462 1200 1505 und
1200 1463 1256 1503 blut
1263 1466 1386 1504 verzehrt,

614 1509 672 1541 Und
679 1507 753 1545 durch
761 1508 898 1545 verborgne
906 1508 979 1545 krafft
985 1508 1026 1542 die
1034 1510 1094 1548 ſeele
1102 1510 1170 1548 ſelbſt
1180 1508 1324 1547 entzuͤndet.

959 1627 1138 1676 Einige

852 1682 1276 1750 Helden⸗Brieffe.

1049 1766 1080 1789 I.

749 1808 880 1862 Koͤnig
896 1811 1068 1863 Ludewig
1085 1821 1134 1856 an
1156 1814 1214 1860 die
1230 1814 1373 1869 Graͤfin

935 1865 984 1905 de
992 1863 1187 1914 Monteſp.

615 1918 664 1986 K

664 1918 698 1960 an
705 1918 766 1956 auch
775 1918 814 1950 die
823 1918 941 1957 ſchwache
949 1919 1015 1957 hand
1022 1921 1061 1954 die
1071 1921 1135 1957 feder
1150 1915 1241 1960 tuͤchtig
1249 1920 1361 1959 fuͤhren?

702 1966 760 1998 Und
768 1961 862 1997 koͤnnen
871 1963 919 1995 alle
930 1966 998 1996 wort
1004 1964 1032 1997 in
1040 1965 1133 2002 rechter
1142 1967 1259 2002 ordnung
1267 1967 1344 2003 ſtehn,

611 2006 698 2037 Wenn
705 2006 779 2042 ſtrahl
786 2007 838 2037 und
846 2005 900 2043 blitz
907 2007 954 2037 das
962 2005 1029 2043 hertz,
1031 2002 1062 2048 ja
1066 2006 1134 2045 ſelbſt
1141 2008 1183 2040 die
1190 2006 1250 2045 ſeele
1257 2007 1363 2047 ruͤhren,

647 2048 734 2081 Wenn
742 2046 802 2085 gifft
810 2049 862 2081 und
870 2045 1019 2087 mattigkeit
1028 2048 1105 2088 durch
1115 2048 1173 2088 blut
1187 2050 1240 2082 und
1247 2050 1324 2086 adern
1331 2049 1416 2089 gehn?

1427 2085 1517 2121 Allein
