1480 2299
418 433 490 485 ſehr
505 444 604 487 guten
619 438 725 488 Wahl
747 437 872 486 darauf
888 437 1048 491 gefallen,
1064 431 1121 483 die
1133 441 1253 488 beyden
1266 436 1324 486 an⸗

417 484 576 533 gezeigten
610 486 977 536 Reiſebeſchreibungen
989 490 1052 527 mit
1062 489 1232 529 einander
1255 488 1328 536 her⸗

418 535 636 584 auszugeben.
691 540 763 580 Sie
801 541 870 584 ſind
898 536 959 586 ſich
976 534 1022 584 in
1047 544 1131 581 dem
1156 535 1325 595 Charakter

418 589 477 626 der
496 586 773 635 Freymuͤthigkeit
781 585 861 636 ſehr
861 585 1018 636 aͤhnlich;
1050 591 1120 629 und
1129 578 1328 640 verſchaffen

420 640 495 677 dem
528 637 789 682 Staatsmann,
817 641 889 677 dem
935 640 1111 689 Gelehrten
1140 641 1209 684 und
1242 640 1326 685 allen

418 688 646 739 Neugierigen
674 698 746 737 zum
764 690 871 739 oͤftern
891 692 941 729 ein
961 691 1146 742 lehrreiches
1163 694 1325 741 Vergnuͤ⸗

420 751 494 790 gen.
543 746 614 787 Die
633 747 818 795 Spaniſche
834 746 1153 798 Reiſebeſchreibung
1178 747 1252 797 geht
1271 748 1328 789 bis

418 797 486 843 auf
493 799 549 839 S.
569 809 657 846 354.
680 797 761 846 fort.
813 801 888 847 Jhr
901 801 1074 847 Verfaſſer
1085 803 1172 849 giebt
1189 801 1328 851 lebhafte

416 845 690 895 Schilderungen
708 855 773 885 von
798 846 874 886 den
895 846 1178 898 merkwuͤrdigſten
1187 849 1325 900 Perſo⸗

413 889 508 940 nen,
517 897 585 939 die
609 894 644 939 er
672 888 718 934 am
740 894 837 943 Hofe
858 906 899 944 zu
926 890 1091 948 Madrit,
1124 889 1197 952 und
1212 897 1247 947 in
1261 895 1326 944 an⸗

419 932 506 996 dern
530 933 703 994 wichtigen
738 938 882 995 Staͤdten
921 936 1103 998 Spaniens
1115 938 1331 1000 geſprochen,

417 991 489 1037 von
498 988 566 1040 den
593 991 730 1044 Sitten
747 1003 816 1041 und
838 990 1124 1054 Gewohnheiten,
1149 995 1225 1044 wie
1246 994 1327 1053 auch

416 1045 591 1103 beſonders
607 1044 871 1103 merkwuͤrdigen
889 1049 1164 1104 Begebenheiten;
1185 1047 1245 1103 von
1258 1049 1327 1096 den

418 1094 655 1150 beruͤhmteſten
672 1102 830 1147 Staͤdten
847 1106 915 1144 und
934 1091 1168 1160 Luſtſchloͤſſern
1179 1095 1326 1146 u.d.m.

417 1152 493 1196 Alle
522 1154 602 1203 dieſe
619 1153 840 1199 Nachrichten
863 1157 936 1195 und
948 1158 1011 1201 die
1026 1157 1327 1206 untergemengeten

418 1204 601 1253 politiſchen
633 1206 791 1255 Urtheile
791 1207 906 1256 laſſen
926 1203 1002 1258 ſich,
1046 1203 1222 1263 ungeachtet
1268 1212 1327 1251 des

418 1251 505 1291 eben
514 1242 601 1297 nicht
622 1252 784 1301 reizenden
798 1244 1012 1303 Ausdrucks
1012 1253 1073 1303 in
1094 1263 1162 1296 der
1170 1256 1328 1310 teutſchen

416 1293 648 1357 Uberſetzung,
690 1308 756 1359 ſehr
786 1304 897 1360 wohl
906 1303 1038 1360 leſen:
1044 1304 1136 1357 aber
1153 1304 1327 1361 gebohrne

418 1358 579 1412 Spanier
592 1363 720 1402 werden
745 1350 877 1412 freylich
894 1364 979 1411 nicht
998 1350 1113 1412 Urſach
1142 1364 1245 1420 haben
1267 1364 1327 1413 ſich

417 1407 518 1456 uͤber
537 1406 612 1455 viel
628 1403 913 1465 Schmeicheleyen
943 1426 986 1467 zu
997 1404 1178 1466 beklagen,
1200 1418 1265 1455 die
1279 1410 1326 1461 er

415 1457 515 1512 ihrer
515 1457 658 1509 Nation
689 1461 839 1515 gemacht
854 1477 923 1504 hat.
978 1454 1065 1507 Von
1076 1456 1148 1515 dem
1193 1462 1324 1515 Herzog

416 1520 484 1557 von
498 1512 614 1560 Villa
648 1507 815 1564 Mediana
836 1505 961 1574 erzaͤhlt
983 1514 1017 1560 er
1026 1509 1103 1569 auf
1113 1525 1169 1562 der
1193 1514 1258 1569 46.
1265 1521 1323 1562 S.

418 1567 489 1606 eine
514 1567 581 1616 ſehr
596 1570 721 1616 artige
731 1561 916 1622 Geſchicht,
937 1563 1050 1623 welche
1065 1570 1158 1624 genug
1185 1571 1326 1619 bezeugt,

416 1620 485 1667 daß
512 1630 545 1657 er
580 1621 642 1658 das
665 1619 724 1659 Lob
747 1620 852 1674 eines
857 1614 1004 1673 luſtigen
1026 1623 1094 1660 und
1126 1623 1326 1672 geiſtreichen

415 1666 615 1715 Hofmanns
645 1660 834 1710 verdienet,
865 1666 897 1715 ſo
930 1671 996 1708 ihm
1028 1661 1192 1717 beygelegt
1223 1670 1321 1716 wird.

416 1715 470 1755 Er
490 1711 561 1754 kam
591 1715 739 1763 naͤmlich
751 1712 830 1765 einſt
845 1718 898 1756 in
918 1706 984 1756 eine
1002 1708 1137 1763 Kirche
1160 1715 1224 1768 und
1244 1718 1323 1770 man

417 1771 531 1816 reichte
549 1771 617 1809 ihm
649 1774 708 1813 ein
719 1769 855 1815 Becken
871 1775 951 1817 dar,
981 1773 1102 1812 worein
1118 1778 1203 1814 man
1231 1775 1323 1818 Geld

416 1813 476 1869 fuͤr
491 1816 554 1861 die
568 1806 725 1863 Seelen
735 1823 788 1860 im
804 1818 966 1869 Fegfeuer
999 1821 1196 1871 ſammelte.
1227 1824 1322 1866 Der

416 1870 546 1919 Herzog
563 1871 671 1920 fragte
698 1869 794 1928 nach,
815 1873 875 1921 wie
905 1875 968 1913 viel
984 1873 1102 1925 noͤthig
1117 1876 1223 1920 waͤre,
1252 1876 1320 1915 eine

416 1927 525 1963 davon
542 1933 582 1972 zu
595 1925 733 1974 erloͤſen;
756 1928 832 1966 und
853 1928 895 1966 da
905 1923 982 1976 ihm
1012 1929 1064 1967 der
1101 1921 1221 1982 Moͤnch
1248 1933 1321 1967 ant⸗

416 1985 565 2023 wortete,
591 1987 663 2021 was
681 1980 752 2030 ſein
768 1980 864 2033 guter
892 1982 995 2029 Wille
1023 1978 1139 2032 waͤre;
1168 1985 1213 2035 ſo
1232 1983 1321 2033 legte
