2341 2637
538 271 627 323 Der
640 266 820 324 Himmel
828 263 977 321 miſchet
991 263 1049 313 die
1055 260 1213 314 Karten
1220 255 1464 316 wunderlich.

1607 258 1681 304 355

312 354 375 393 vor
389 345 469 398 ſich;
499 344 634 392 welches
647 343 697 385 die
708 337 868 391 Kayſerin
876 339 972 387 durch

314 399 405 439 einen
432 403 550 442 aignen
568 394 737 433 Courrier
754 392 814 432 den
837 392 972 433 anderen

316 455 402 496 Tag
408 451 504 497 Jhro
513 447 675 499 Majeſtaͤt
689 447 761 489 dem
782 435 889 495 Kayſer
906 444 973 494 wiſ⸗

316 502 369 530 ſen
391 499 480 530 lieſſe.

368 545 458 589 Wie
466 540 646 587 willkomm
653 542 707 583 der
717 536 902 584 Courrier,
911 534 973 577 wie

318 597 499 645 angenehm
514 597 564 638 die
572 594 744 645 Zeitung/
766 594 828 634 wie
844 591 973 638 beliebig

316 647 397 694 dieſe
405 642 622 693 Copulation
638 641 706 689 ihm
720 639 888 689 geweſen/
914 638 973 685 hat

320 706 401 739 man
420 696 486 742 auß
514 697 586 736 dem
601 702 639 740 zu
656 685 862 740 verſtehen/
862 688 973 737 daß/

320 748 398 786 was
407 743 500 793 ſchon
510 743 625 788 vorhin
633 743 734 783 under
754 734 808 783 dem
823 738 969 784 Huͤttlein

320 793 474 842 haimlich
488 792 624 840 geſpillet
624 790 794 834 worden/
814 784 974 836 nunmehr

320 833 392 890 auff
408 840 540 888 einmahl
554 833 803 887 loßgeſprochen.
830 828 903 881 So
922 836 974 875 be⸗

321 892 423 941 ſtuͤrtzt
434 899 519 934 ware
529 892 610 936 noch
621 888 678 928 nit
690 886 829 936 geweſen
845 888 896 930 der
903 886 977 929 Koͤ⸗

323 941 383 989 nig
392 941 498 984 Saul,
523 938 555 987 ſo
572 937 769 982 bekuͤmmert
791 942 875 976 ware
896 934 977 979 noch

323 995 378 1032 nit
400 988 536 1037 geweſen
563 992 616 1029 der
637 985 754 1032 Koͤnig
763 980 930 1023 Pharao,
944 982 978 1028 ſo

325 1030 455 1087 verſtoͤrt
462 1043 550 1077 ware
557 1034 637 1082 noch
649 1031 696 1074 nit
717 1023 838 1083 geweſen
848 1033 901 1072 der
908 1028 980 1072 Koͤ⸗

323 1089 385 1136 nig
409 1087 595 1131 Herodes,
619 1086 664 1126 ob
688 1085 743 1125 der
765 1080 981 1128 unbeliebigen

328 1124 486 1189 Zeitung/
504 1125 605 1184 welche
620 1124 706 1181 ihnen
716 1136 754 1179 zu
761 1126 881 1176 Ohren
891 1128 983 1169 kom⸗

330 1180 422 1229 men/
440 1187 484 1228 als
494 1184 678 1222 Conradus
685 1184 738 1221 der
753 1174 858 1229 Kayſer
869 1181 911 1219 ob
917 1179 982 1218 die⸗

330 1235 377 1283 ſer
385 1228 525 1281 Heyrat/
534 1229 568 1279 zu
578 1232 706 1277 welcher
714 1237 794 1270 man
802 1229 870 1276 ihm
877 1229 986 1272 Gluͤck

331 1282 530 1330 wuͤnſchete:
552 1283 642 1321 dann
662 1280 705 1320 ob
721 1284 807 1325 zwar
822 1277 860 1325 ſie
875 1278 909 1317 in
927 1280 987 1318 den

332 1330 495 1382 Harniſch
509 1322 755 1381 geſchloffen/
754 1329 889 1370 Pharao
915 1330 988 1368 dem

332 1376 480 1427 Moyſi,
508 1376 590 1415 Saul
600 1377 673 1417 dem
682 1363 822 1419 David,
828 1362 990 1410 Herodes

315 1428 408 1473 dem
425 1421 636 1473 eingebornen
679 1421 772 1470 Sohn
797 1413 991 1472 GOttes/

333 1473 519 1514 Couradus
528 1472 685 1511 Henrico
692 1468 804 1519 ſeinem
818 1467 987 1511 unbeliebi⸗

334 1528 633 1576 gemTochterman
650 1528 701 1568 den
724 1525 782 1567 Tod
786 1521 992 1570 geſchworen

334 1580 460 1624 danoch
467 1580 525 1623 hat
531 1578 588 1621 ſich
596 1572 709 1617 keiner
714 1569 747 1614 im
764 1588 790 1612 1.
812 1567 907 1619 Eiffer
920 1579 988 1613 ver⸗

336 1626 448 1676 meſſen
459 1627 490 1668 in
493 1625 619 1673 Perſon
629 1626 676 1664 die
681 1621 789 1670 frevele
792 1614 891 1667 That
890 1618 993 1667 zuex-

335 1675 502 1721 equiren/
517 1671 577 1712 wie
584 1667 767 1708 Conradus
783 1665 995 1716 Vorhabens

334 1726 492 1771 geweſen:
509 1724 589 1760 Saul
597 1722 703 1769 ſchickt
724 1721 787 1761 ſeine
797 1715 990 1761 Trabanten

336 1772 412 1813 dem
422 1768 560 1808 David,
569 1769 701 1807 Pharao
710 1766 787 1813 ſeine
796 1763 991 1802 Executan-

339 1826 393 1862 ten
403 1822 474 1860 dem
483 1817 622 1864 Moyſi,
647 1815 804 1855 Herodes
813 1807 911 1859 andere
934 1805 990 1858 boͤ⸗

339 1873 537 1916 ſeQuanten
546 1873 651 1918 JEſu
662 1869 792 1914 Chriſto
801 1867 875 1909 uͤber
884 1867 993 1911 Halß;

342 1917 527 1958 Conradus
550 1918 623 1957 aber
644 1916 750 1957 ſattelt
773 1915 808 1953 in
823 1907 906 1957 aller
925 1905 994 1961 Eyll

341 1957 432 2012 auff/
439 1964 527 2012 jaget
535 1963 612 2005 uͤber
621 1951 717 2010 Halß
725 1960 795 2001 und
801 1958 906 2005 Kopff
915 1957 995 2005 nach

341 2016 492 2061 Aachen/
503 2018 574 2056 und
582 2010 739 2059 ſchvoͤhret
748 2012 804 2059 bey
813 2009 924 2055 GOtt
932 2013 996 2050 mit

342 2064 416 2105 dem
434 2058 675 2112 eiffermuͤtigem
682 2059 801 2097 David
813 2057 916 2100 wider
931 2058 995 2097 den

342 2099 489 2138 Nabal:
511 2102 547 2134 Si
556 2092 730 2143 reliquero
744 2095 787 2130 de
799 2095 997 2136 omnibus,

345 2154 404 2197 qui
416 2150 459 2185 ad
469 2152 578 2196 ipſum
591 2149 764 2195 pertinent
780 2147 874 2193 uſque
882 2151 1015 2183 mane:

346 2203 528 2254 Gemach/
548 2204 637 2249 mein
649 2201 767 2250 Herꝛ/
788 2199 922 2248 gemach
935 2200 999 2240 mit

341 2256 399 2304 der
426 2254 543 2309 Braut!
564 2262 615 2305 die
623 2255 773 2310 Hochzeit
782 2249 831 2312 iſt
835 2252 929 2305 ſchon
935 2260 997 2303 ge⸗

181 2107 216 2139 1.
234 2098 323 2146 Reg.

182 2156 244 2200 25.
264 2157 324 2186 22.

1019 339 1173 387 halten/
1204 335 1375 378 Henricus
1401 334 1460 384 hat
1482 334 1533 378 die
1550 329 1674 380 Braut

1020 397 1109 442 haim
1118 388 1263 440 gefuͤhrt/
1273 387 1364 436 Jhro
1391 384 1555 439 Majeſtaͤt
1570 382 1674 429 kommt

1020 453 1057 494 zu
1065 441 1161 493 ſpaͤtt.
1185 441 1294 489 Fruͤhe
1309 443 1433 487 gnug/
1458 435 1528 487 ſagt
1537 437 1678 475 Conra-

1021 490 1114 531 dus,
1130 490 1175 534 ich
1192 489 1272 537 muß
1281 488 1348 536 ihm
1363 488 1413 529 die
1425 493 1560 535 morgen
1571 482 1679 526 Gaab

1019 550 1075 591 zur
1096 536 1189 588 Braut
1208 533 1413 587 ſchencken;
1443 532 1488 589 ich
1498 536 1590 583 wills
1607 534 1679 582 ihm

1022 591 1116 638 ſchon
1129 583 1382 638 einſchencken/
1395 588 1515 637 Uſque
1540 594 1679 626 mane;

1021 646 1105 685 Den
1112 644 1265 686 Morgen
1292 640 1347 686 ſoll
1356 648 1386 680 er
1398 644 1449 682 nit
1462 636 1592 680 erleben.
1618 635 1678 681 Ey

1024 694 1111 733 mein
1131 682 1330 739 gnaͤdigſter
1348 681 1431 730 Herꝛ!
1452 688 1497 731 ich
1519 685 1622 734 glaub
1647 693 1679 725 er

1023 742 1168 789 ſchertze/
1193 741 1230 786 iſt
1245 749 1278 780 er
1289 739 1324 785 ja
1340 737 1402 781 ſein
1411 736 1680 783 Tochtermann/

1021 797 1110 831 deme
1119 792 1203 831 wird
1213 800 1243 828 er
1251 788 1348 837 nichſt
1353 785 1463 835 Layds
1472 785 1577 834 thun?
1584 785 1683 826 was!

1024 838 1177 888 Schertz!
1198 838 1280 874 Hæc
1294 835 1402 873 faciat
1431 835 1507 871 Deus
1531 831 1683 867 inimicis

1023 890 1144 929 David
1160 889 1199 925 &
1224 885 1293 924 hæc
1311 884 1438 929 addat,
1456 883 1581 923 Wann
1587 877 1623 922 er
1630 880 1681 924 nit

1027 940 1144 980 meiner
1166 937 1274 983 Haͤnd
1289 935 1404 984 ſterben
1428 935 1523 977 wird.
1550 931 1683 977 Stirbt

1028 990 1106 1034 doch
1117 983 1199 1031 nit/
1210 986 1357 1032 ſonderen
1373 983 1512 1027 uͤberlebt
1520 983 1579 1022 den
1586 980 1683 1028 Kay⸗

1031 1034 1112 1080 ſer/
1120 1036 1152 1081 ja
1160 1033 1363 1078 uͤberkommt
1379 1034 1460 1080 nach
1474 1030 1574 1080 deſſen
1584 1031 1683 1073 Able⸗

1030 1089 1089 1130 ben
1098 1088 1145 1127 die
1154 1084 1352 1134 Kayſerliche
1359 1082 1480 1125 Kron/
1505 1080 1568 1121 wie
1574 1079 1685 1119 Luiſa-

1032 1148 1071 1172 us
1080 1136 1291 1171 Contarinus
1300 1129 1407 1177 ſambt
1422 1131 1559 1171 anderen
1575 1127 1684 1176 ſchrei⸗

1032 1186 1097 1228 bet.
1131 1183 1202 1227 Die
1208 1182 1325 1229 Urſach
1334 1179 1454 1229 muſſen
1467 1179 1528 1220 wir
1543 1176 1598 1226 bey
1610 1181 1685 1218 dem

1033 1229 1251 1280 eifferhitzigem
1262 1229 1378 1269 David
1395 1234 1571 1269 nemmen;
1598 1228 1686 1267 deme

1034 1287 1081 1325 die
1100 1277 1180 1330 kluge
1190 1281 1353 1329 Abigail,
1374 1282 1466 1322 allem
1480 1278 1558 1323 Ubel
1576 1284 1689 1324 vorzu⸗

1036 1326 1185 1377 biegen/
1200 1332 1354 1374 entgegen
1371 1331 1544 1375 gezogen/
1574 1324 1609 1365 in
1624 1325 1690 1366 das

1039 1380 1213 1429 Schwerd
1235 1376 1402 1427 gefallen;
1433 1377 1500 1424 alſo
1526 1372 1691 1422 begegnete

1039 1432 1209 1469 Conrado
1217 1431 1266 1472 die
1279 1422 1465 1477 Kayſerin/
1489 1426 1567 1480 legte
1581 1423 1639 1472 ſich
1656 1423 1692 1465 in

1041 1482 1107 1523 das
1137 1474 1295 1523 Mittel/
1309 1477 1394 1525 legte
1418 1475 1485 1521 ihm
1510 1475 1572 1514 ſein
1595 1474 1692 1519 aigen

1041 1529 1297 1575 Handbriefflein
1319 1532 1380 1567 vor
1393 1523 1537 1571 Augen;
1566 1523 1629 1569 daß
1661 1530 1694 1562 er

1042 1579 1128 1625 ſelbſt
1134 1581 1234 1619 darob
1243 1575 1422 1619 ſchamrorh
1432 1576 1501 1614 und
1514 1567 1693 1618 beſtuͤrtzt/

1041 1628 1189 1668 erkennen
1198 1619 1365 1668 muͤſſen/
1380 1617 1459 1668 GOtt
1479 1615 1576 1670 muͤſſe
1589 1622 1636 1669 hie
1650 1619 1696 1660 die

1040 1669 1146 1719 Hand
1164 1675 1210 1715 im
1222 1670 1327 1718 Spill
1348 1669 1489 1717 haben:
1514 1667 1582 1713 ihm
1607 1664 1695 1707 waͤre

1038 1724 1132 1773 ſchon
1147 1731 1208 1764 vor
1218 1732 1265 1768 15.
1274 1718 1406 1769 Jahren
1421 1721 1526 1760 etwas
1531 1715 1693 1765 geweiſſa⸗

1039 1779 1093 1819 get
1106 1767 1264 1814 worden/
1277 1774 1349 1810 dem
1358 1769 1474 1817 habe
1439 1765 1474 1812 er
1482 1767 1580 1816 ſeines
1586 1767 1693 1815 Wiſ⸗

1038 1824 1111 1870 ſens
1122 1822 1294 1867 damahlan
1303 1816 1393 1867 ſchon
1407 1819 1494 1858 einen
1505 1814 1609 1859 Rigel
1617 1822 1694 1855 vor⸗

1042 1863 1244 1918 geſchoſſen;
1281 1874 1381 1906 wann
1389 1863 1472 1914 ſonſt
1480 1865 1546 1905 kein
1555 1862 1695 1909 Betrug

1042 1920 1121 1963 noch
1137 1918 1250 1964 Fehler
1265 1914 1486 1963 underloffen:
1507 1915 1595 1953 deme
1615 1919 1698 1952 man

1040 1968 1180 2012 vieleicht
1188 1966 1268 2014 noch
1276 1964 1351 2013 auff
1354 1964 1417 2007 das
1422 1964 1540 2012 Spurr
1546 1959 1697 2003 kommen

1042 2017 1169 2050 doͤrffte.

1096 2062 1223 2111 Hiemit
1239 2068 1325 2104 ware
1339 2061 1391 2103 der
1408 2054 1517 2110 Kayſer
1534 2056 1696 2107 beſaͤnffti⸗

1045 2110 1129 2162 get/
1148 2116 1227 2158 auch
1237 2114 1270 2152 in
1277 2115 1310 2157 ſo
1319 2112 1396 2151 weit
1411 2106 1630 2157 beſriediget/
1631 2106 1697 2153 daß

1046 2175 1077 2202 er
1091 2164 1133 2204 die
1139 2161 1306 2209 getroffene
1315 2160 1387 2206 Ehe
1402 2162 1436 2200 in
1456 2159 1555 2204 ihrem
1565 2156 1703 2203 Werth

1045 2204 1211 2256 gelaſſen/
1215 2210 1362 2252 verlangt
1376 2204 1453 2248 doch
1465 2211 1531 2244 von
1543 2203 1698 2239 Henrico

1042 2253 1159 2294 ſeinem
1178 2251 1381 2294 Tochtermann
1415 2258 1516 2294 einige
1523 2254 1702 2305 Nachricht

1360 2311 1402 2355 X
1415 2323 1438 2353 x

1644 2307 1703 2354 ſej⸗
