1899 2967
571 390 674 437 Von
698 384 890 444 wichtigen
925 383 1168 443 Anſchlaͤgen.

1409 391 1496 432 759

930 491 1119 538 Tranſport
1168 489 1363 544 3640Thlr.
1387 503 1467 526 ⸗ ⸗

241 523 399 568 Summa
411 525 567 569 16Hufen
578 530 647 566 3ter
654 526 719 560 Art
729 531 839 570 welche
849 529 901 568 fuͤr
914 533 971 568 ſich
980 533 1028 557 die
1039 532 1168 569 Wirth⸗

292 588 389 637 ſchaft
396 576 608 636 befriediget.

242 655 265 684 2
284 643 408 691 Hufen,
422 647 496 684 oder
523 650 554 681 60
561 641 709 690 Morgen
726 639 897 690 Braache,
921 640 988 690 ſind
1008 639 1067 678 mit
1090 645 1161 674 120

292 694 421 744 Schefl.
435 692 555 740 Erbſen
574 689 722 740 beſaamt,
732 689 801 730 und
811 700 875 730 von
889 695 949 729 den
968 696 1000 731 8
1000 691 1166 730 erbaueten

291 747 444 792 Koͤrnern
457 760 477 786 2
488 745 639 792 Koͤrner,
668 748 741 784 oder
754 754 828 793 240
839 745 968 794 Schefl.
981 745 1101 793 Erbſen
1111 746 1165 782 der

292 801 505 856 Wirthſchaft
520 802 651 850 gelaſſen
665 804 796 843 worden
809 799 867 851 fuͤr
875 801 896 854 1
908 799 999 850 Thlr.
1201 803 1275 843 240
1325 814 1468 833 ⸗ ⸗ ⸗

247 884 265 911 1
284 870 391 921 Hufe,
407 874 480 910 oder
491 881 537 915 30
546 868 693 917 Morgen
708 866 874 918 Braache,
883 869 918 916 iſt
944 869 991 907 mit
999 865 1168 906 Kraut
1116 865 1170 919 be⸗

295 922 529 973 pflanzet,
482 918 544 969 und
549 929 616 961 von
638 924 698 962 den
717 920 777 969 fuͤr
789 934 809 968 3
820 920 899 971 Thl.
917 928 994 958 vom
1016 921 1166 966 Morgen

295 978 492 1025 gerechneten
505 975 622 1024 Gelde,
637 979 691 1015 der
711 982 764 1021 3te
779 972 872 1024 Theil
890 973 1021 1020 nemlich
1046 981 1095 1015 80
1105 966 1167 1010 der

289 1024 499 1082 Wirthſchaft
517 1028 703 1071 verblieben.
1225 1027 1276 1066 80
1325 1044 1471 1061 ⸗ ⸗ ⸗

248 1100 395 1149 1Hufe,
433 1102 507 1139 oder
536 1111 584 1146 30
594 1097 744 1147 Morgen
762 1094 934 1145 Braache,
951 1097 1020 1145 ſind
1048 1096 1108 1135 mit
1125 1095 1169 1146 3¾

296 1152 443 1201 Scheffel
470 1146 764 1198 Sommerruͤbſaat
801 1149 958 1195 beſaamt,
1003 1153 1071 1183 und
1104 1157 1169 1183 von

287 1210 359 1247 den
375 1203 543 1246 erbaueten
566 1205 656 1252 322½
665 1201 812 1252 Scheffel
822 1209 877 1247 der
895 1209 949 1249 3te
959 1203 1072 1250 Theil,
1086 1211 1175 1237 nem⸗

264 1260 352 1308 lich
374 1272 446 1307 107
458 1263 549 1307 und½
562 1257 708 1308 Scheffel
723 1262 778 1297 der
801 1255 1014 1306 Wirthſchaft
1039 1256 1171 1303 gelaſſen

295 1318 429 1355 worden
446 1311 501 1363 fuͤr
520 1328 534 1353 1
546 1313 625 1365 Thl.

1213 1316 1286 1346 107
1334 1317 1351 1332 ⸗
1402 1306 1473 1336 12⸗

244 1422 272 1459 4
287 1408 401 1458 Hufen
415 1408 569 1456 Braache
577 1406 630 1454 fuͤr
638 1408 696 1456 ſich
704 1410 753 1448 die
760 1404 976 1455 Wirthſchaft
992 1401 1175 1461 befriediget

245 1487 403 1532 Summa
418 1488 496 1524 was
508 1483 564 1529 zur
571 1462 784 1526 Wirthſchaft
791 1496 925 1528 gelaſſen
941 1494 978 1524 iſt

1168 1507 1272 1548 4067
1281 1500 1376 1551 Thlr.
1391 1509 1437 1538 12
1445 1507 1499 1547 gr.

322 1588 404 1636 Hier
429 1588 510 1626 wird
535 1584 593 1636 ſich
606 1583 777 1631 Mancher
786 1583 1020 1629 verwundern,
1052 1578 1116 1628 daß
1138 1589 1235 1618 wenn
1253 1590 1285 1616 er
1301 1581 1414 1626 immer
1435 1576 1500 1617 nur

246 1649 313 1681 von
338 1649 356 1694 2
367 1634 521 1693 Koͤrnern
549 1632 682 1686 gehoͤrt,
703 1626 773 1674 die
800 1645 855 1685 zur
886 1629 1310 1683 Wirthſchaftsbeſtreitung
1339 1636 1501 1677 gerechnet

248 1685 402 1740 wuͤrden,
427 1691 491 1740 daß
508 1689 603 1738 ſolche
623 1690 690 1729 eine
715 1688 746 1737 ſo
769 1687 959 1740 anſehnliche
975 1686 1131 1731 Summa
1148 1685 1274 1727 Geldes
1295 1692 1503 1729 ausmachen.

245 1748 371 1792 Damit
388 1740 468 1784 man
492 1741 567 1782 aber
597 1741 740 1793 erfahre,
770 1749 844 1781 was
863 1741 952 1781 reelle
973 1731 1180 1790 oͤkonomiſche
1205 1738 1428 1790 Wiſſenſchaft
1444 1744 1500 1787 fuͤr

250 1803 301 1841 ein
318 1796 421 1853 Ding
437 1795 508 1844 ſey;
534 1795 573 1843 ſo
587 1795 700 1834 wollen
726 1796 787 1835 wir
804 1796 857 1834 der
876 1790 990 1840 Sache
1013 1793 1134 1838 annoch
1159 1792 1260 1839 naͤher
1284 1800 1403 1844 treten,
1433 1801 1502 1827 und

249 1850 424 1900 anweiſen,
447 1848 558 1897 welche
571 1845 728 1897 Abgaben
745 1850 781 1897 in
794 1845 908 1896 ſolcher
921 1842 1135 1898 Wirthſchaft
1149 1845 1206 1890 bey
1236 1851 1273 1890 64
1278 1847 1394 1890 Hufen
1406 1852 1504 1883 Acker

250 1902 406 1954 Betrieb,
430 1900 646 1943 vorkommen.
687 1899 825 1948 Wobey
842 1898 898 1950 ſich
918 1900 1000 1938 denn
1010 1898 1141 1947 ergeben
1158 1902 1259 1946 wird,
1281 1903 1345 1941 daß
1361 1903 1420 1943 bey
1432 1906 1504 1935 An⸗

250 1954 416 2003 fertigung
438 1954 494 1992 der
506 1947 699 2000 Anſchlaͤge,
723 1946 781 1988 um
797 1950 869 1999 kurz
884 1954 992 1987 davon
1009 1961 1048 1997 zu
1066 1953 1232 1995 kommen,
1253 1959 1272 1982 2
1281 1955 1413 1984 Koͤrner
1425 1966 1505 1983 vom

251 2009 413 2057 Ertrage,
441 2006 517 2046 eben
532 2008 563 2056 ſo
576 2005 643 2045 viel
654 2004 867 2052 ausmachen,
889 2003 941 2043 als
953 2013 1047 2042 wenn
1062 2005 1121 2043 alle
1139 2008 1206 2041 und
1225 2009 1294 2050 jede
1312 2007 1503 2048 Ausgaben,

250 2060 392 2114 jederzeit
411 2053 571 2115 beſonders
584 2058 684 2105 dabey
698 2054 904 2110 aufgefuͤhret
922 2057 1071 2099 wuͤrden.

516 2154 1045 2218 Wirthſchaftsausgaben
1058 2153 1292 2214 jaͤhrlich.

352 2230 386 2285 §.
413 2240 502 2280 719.
551 2229 669 2272 Einem
689 2226 897 2278 Verwalter,
924 2234 978 2269 der
992 2233 1047 2284 der
1068 2231 1185 2283 Wirth⸗

304 2287 400 2341 ſchaft
416 2287 503 2336 wohl
517 2284 653 2331 kundig,
689 2285 758 2323 und
780 2292 841 2335 gut
863 2283 1046 2332 Rechnung
1065 2283 1181 2331 fuͤhren

308 2347 387 2395 kan,
410 2338 590 2392 uͤberhaupt
609 2338 663 2386 fuͤr
677 2337 785 2391 Logis,
802 2339 938 2388 Betten,
951 2328 1060 2387 Eſſen,
1079 2337 1178 2382 Trin⸗

307 2401 375 2451 ken,
399 2394 485 2449 Lohn
485 2394 528 2440 ꝛc.
545 2392 780 2447 jaͤhrlich
1216 2398 1285 2430 200
1302 2398 1486 2443 Thl. ⸗ ⸗

1065 2495 1168 2531 Latus
1217 2489 1485 2546 200Thl. ⸗ ⸗

815 2596 921 2642 Bbb
946 2608 974 2647 4

1392 2591 1513 2636 C'nem
