1662 2457
527 424 569 444 11.
593 416 641 449 So
665 418 729 451 lang
747 418 797 449 ein
817 420 926 450 GOTT
955 422 992 447 im

492 448 611 484 Himmel
625 449 687 482 lebt,
710 454 762 483 und
782 451 843 483 uͤber
857 455 908 483 alle
918 455 993 480 Wol⸗

493 485 550 515 cken
570 485 686 522 ſchwebt,
706 488 771 518 wird
788 490 866 521 ſolche
884 492 992 520 Marter

492 517 610 552 waͤhren;
644 524 671 548 es
689 523 753 551 wird
771 519 802 552 ſie
815 522 907 557 plagen
924 515 995 551 Kaͤlt

491 556 545 585 und
562 555 635 591 Hitz,
653 557 746 590 Angſt,
759 558 882 590 Hunger,
897 553 995 589 Schre⸗

488 589 555 621 cken,
569 590 647 624 Feu'r
660 587 712 621 und
725 592 808 624 Blitz,
823 588 874 623 und
888 593 917 623 ſie
931 595 990 621 doch

488 624 560 653 nicht
575 623 717 656 verzehren.
766 625 845 657 Denn
862 628 925 657 wird
946 627 982 659 ſich

485 661 567 689 enden
579 661 644 695 dieſe
658 660 733 695 Pein,
742 668 814 693 wenn
827 664 911 697 GOtt
923 665 988 699 nicht

487 696 558 731 mehr
575 698 641 728 wird
653 704 718 731 ewig
733 699 800 731 ſeyn.

524 734 563 755 12.
587 731 641 759 Die
655 728 761 758 Marter
777 731 872 761 bleibet
885 731 990 762 immer⸗

484 766 544 798 dar,
558 766 602 795 als
614 756 732 801 Anfangs
742 767 772 800 ſie
778 768 915 804 geſchaffen
924 774 988 799 war,

485 799 520 841 ſie
534 804 581 833 kan
595 800 639 836 ſich
654 799 717 837 nicht
739 811 905 837 vermindern;
919 810 946 835 es
959 807 987 837 iſt

483 835 529 867 ein
545 835 637 869 Arbeit
649 838 739 873 ſonder
757 841 829 872 Ruh,
844 842 875 874 ſie
890 842 987 871 nimmt

485 878 521 905 an
534 874 606 908 Klag
620 876 672 906 und
679 876 795 909 Seufzen
810 883 838 907 zu
851 878 897 911 bey
912 885 984 908 jenen

482 909 739 942 Satans⸗Kindern:
756 909 790 943 O
790 909 921 944 Suͤnder!
935 913 989 940 dei⸗

483 950 516 977 ne
523 944 664 981 Miſſethat
678 944 810 983 empfindet
825 952 898 980 weder
910 950 984 986 Troſt

483 986 547 1013 noch
554 987 644 1016 Rath!

519 1021 560 1048 13.
571 1013 657 1046 Wach
669 1013 727 1049 auf,
750 1021 754 1045 o
767 1015 889 1050 Menſch!
922 1024 982 1049 vom

480 1048 748 1086 Suͤnden ⸗ Schlaf,
768 1057 900 1084 ermuntre
917 1055 980 1083 dich,

481 1085 634 1118 verlohrnes
650 1083 756 1120 Schaaf,
766 1090 818 1117 und
830 1090 908 1121 beſſre
921 1093 983 1118 bald

479 1119 539 1148 dein
552 1118 646 1150 Leben;
666 1120 736 1148 wach
751 1121 812 1153 auf!
831 1125 858 1150 es
880 1124 908 1152 iſt
930 1124 984 1152 ſehr

478 1152 544 1185 hohe
569 1152 644 1185 Zeit,
672 1157 702 1183 es
720 1153 819 1184 koͤmmt
843 1158 924 1183 heran
942 1159 984 1182 die

477 1184 622 1220 Ewigkeit,
640 1187 681 1215 dir
702 1189 793 1216 deinen
813 1188 882 1217 Lohn
895 1194 923 1219 zu
942 1192 982 1218 ge⸗

477 1220 542 1249 ben!
572 1218 713 1253 Vielleicht
727 1222 756 1254 iſt
774 1222 837 1252 heut
853 1225 899 1251 der
914 1226 984 1251 letzte

476 1257 552 1284 Tag,
577 1253 629 1279 wer
658 1249 724 1286 weiß
748 1250 824 1287 noch,
846 1252 894 1285 wie
921 1247 982 1285 man

476 1294 575 1331 ſterben
586 1291 671 1328 mag?

1048 418 1090 444 14.
1101 411 1169 446 Ach!
1190 413 1234 448 laß
1254 415 1296 445 die
1308 416 1418 448 Wolluſt
1434 417 1510 441 dieſer

1012 444 1095 475 Welt,
1103 448 1209 481 Pracht,
1220 445 1335 480 Hoffart,
1346 447 1507 481 Reichthum,

1013 483 1067 512 Ehr
1076 485 1127 507 und
1134 483 1204 511 Geld
1210 479 1251 511 dir
1259 481 1346 510 laͤnger
1355 481 1422 514 nicht
1430 480 1508 513 gebte⸗

1013 519 1064 539 ten.
1074 517 1169 541 Schau
1177 519 1210 540 an
1219 519 1258 542 die
1266 514 1344 547 groſſe
1351 514 1506 547 Sicherheit,

1013 553 1054 576 die
1066 552 1158 582 falſche
1169 554 1255 582 Welt,
1269 556 1310 580 die
1326 548 1380 584 boͤſe
1389 552 1455 583 Zeit,
1469 551 1507 578 zu⸗

1015 586 1079 611 ſamt
1087 590 1131 609 des
1137 589 1245 616 Teufels
1254 585 1362 613 Wuͤten.
1377 578 1435 615 Vor
1442 583 1506 611 allen

1013 623 1108 652 Dingen
1121 626 1157 652 hab
1181 625 1219 649 ich
1228 624 1284 654 acht
1298 624 1331 646 die
1336 615 1533 649 vererwehnte

1013 670 1087 701 lange
1099 670 1196 697 Nacht.

1048 693 1123 715 15.
1103 698 1119 720 O
1134 698 1168 711 du
1189 684 1339 717 verfluchtes
1359 681 1505 718 Menſchen⸗

1010 726 1090 747 Kind.
1109 733 1158 748 von
1176 727 1285 751 Sinnen
1297 725 1360 751 toll,
1381 728 1428 750 von
1442 720 1506 752 Her⸗

1010 768 1057 787 tzen
1076 766 1158 790 blind,
1174 763 1216 787 laß
1232 759 1265 784 ab
1276 761 1317 787 die
1332 759 1409 789 Wert
1422 764 1451 789 zu
1463 758 1506 785 lie⸗

1018 804 1055 816 ben
1084 802 1149 822 Ach!
1168 798 1226 820 ach!
1246 792 1289 824 ſoll
1303 794 1367 820 denn
1382 795 1425 820 der
1437 788 1502 822 Hoͤl⸗

1013 844 1055 869 len
1062 838 1144 872 Pein:
1172 836 1207 852 da
1228 828 1299 853 mehr
1317 825 1382 852 denn
1395 824 1504 857 tauſend

1012 866 1118 901 Hencker
1132 872 1199 895 ſeyn,
1219 865 1271 889 ohn'
1286 861 1337 890 Ende
1359 857 1410 894 dich
1418 855 1505 890 betruͤ⸗

1008 901 1075 926 ben?
1110 909 1163 929 Wo
1191 904 1242 928 lebt
1272 900 1312 928 ein
1339 898 1363 934 ſo
1390 899 1504 929 beredter

1009 944 1107 967 Mann,
1114 945 1158 964 der
1169 938 1251 969 dieſes
1275 936 1333 965 Wort
1341 931 1506 970 ausſprechen

1005 986 1074 1012 kan?

1041 1018 1074 1048 16
1098 1020 1132 1052 O
1149 1003 1300 1041 Ewigkeit,
1326 1006 1362 1036 du
1386 1006 1504 1039 Donner⸗

1004 1045 1099 1069 Wort!
1137 1049 1166 1068 O
1185 1044 1344 1073 Schwerdt,
1362 1042 1410 1070 das
1427 1039 1504 1071 durch

1005 1084 1048 1102 die
1057 1082 1143 1105 Seele
1155 1082 1247 1105 bohrt!
1269 1082 1284 1104 o
1295 1077 1402 1111 Anfang
1417 1073 1504 1107 ſonder

1006 1114 1099 1141 Ende!
1134 1115 1154 1149 O
1195 1114 1339 1147 Ewigkeit,
1360 1113 1418 1149 Zeit
1439 1114 1502 1145 ohne

1004 1148 1078 1179 Zeit!
1096 1146 1134 1178 ich
1144 1147 1210 1181 weiß
1222 1147 1266 1182 fuͤr
1278 1150 1370 1184 groſſer
1375 1149 1504 1183 Traurig⸗

1009 1182 1055 1207 keit
1067 1179 1156 1207 nicht,
1174 1184 1214 1207 wo
1233 1181 1270 1210 ich
1288 1181 1353 1213 mich
1364 1176 1504 1212 hinwende.

1005 1215 1086 1251 HErr
1095 1214 1186 1252 JEſu,
1203 1222 1278 1246 wenn
1294 1220 1324 1247 es
1339 1220 1380 1248 dir
1399 1216 1503 1253 gefaͤllt,

1005 1250 1086 1281 nimm
1104 1250 1168 1286 mich
1188 1255 1218 1285 zu
1232 1251 1288 1287 dir,
1301 1253 1346 1287 ins
1356 1253 1502 1288 Himmels⸗

1001 1301 1071 1330 Zelt.

883 1402 1081 1458 Anhang.

473 1459 544 1503 Mel.
561 1464 660 1498 Singen
674 1463 723 1496 wir
734 1468 787 1496 aus
799 1467 922 1503 Hertzens
941 1460 978 1493 G.

469 1533 573 1580 730.
584 1509 625 1577 T

624 1509 700 1544 reuer
711 1509 834 1544 Waͤchter
851 1510 975 1546 Jſrael*,

652 1544 697 1573 des
720 1543 764 1575 ſich
792 1539 876 1576 freuet
900 1544 975 1577 unſre

471 1577 563 1612 Seel,
586 1580 631 1609 der
649 1581 684 1609 du
707 1580 799 1616 weiſeſt
824 1583 890 1612 alles
916 1580 974 1610 Leid

469 1616 556 1646 deiner
575 1619 663 1646 armen
676 1615 857 1653 Chriſtenheit.
892 1623 922 1646 O
937 1623 973 1644 du

468 1650 619 1684 Waͤchter,
640 1650 690 1683 der
712 1653 747 1682 du
778 1652 845 1686 nicht
875 1652 972 1685 ſchlaͤfſt

467 1688 528 1715 noch
539 1684 716 1720 ſchlummerſt,
728 1692 757 1718 zu
769 1690 820 1718 uns
834 1688 898 1717 richt
910 1690 970 1719 dein

468 1721 626 1758 huͤlfreiches
641 1723 772 1758 Angeſicht
818 1727 969 1756 *Pſ.121,4.

502 1765 525 1784 2.
548 1755 658 1786 Schau,
671 1756 720 1786 wie
734 1756 814 1792 groſſe
827 1756 905 1790 Noth
917 1762 969 1788 und

466 1793 562 1825 Quaal
571 1790 639 1827 trifft
657 1793 703 1823 dein
720 1794 784 1826 Volck
795 1799 850 1828 jetzt
860 1794 968 1826 uͤberall:

466 1831 563 1863 taͤglich
572 1828 636 1859 wird
643 1829 686 1860 der
693 1827 806 1862 Truͤbſal
820 1832 902 1862 mehr,
910 1830 968 1862 hilf,

464 1867 524 1898 ach!
541 1865 601 1900 hilf,
615 1863 690 1901 ſchuͤtz
699 1867 772 1897 deine
779 1868 842 1898 Ehr,
853 1869 902 1897 wir
916 1875 969 1898 ver⸗

465 1903 567 1928 berben,
575 1902 622 1926 wir
632 1897 750 1933 vergehn,
759 1898 842 1929 nichts
850 1900 898 1931 wir
905 1901 967 1934 ſonſt

463 1937 507 1969 fuͤr
518 1938 609 1970 Augen
626 1934 693 1971 ſehn,
702 1941 741 1965 wo
747 1936 783 1967 du
791 1936 856 1970 nicht
864 1937 910 1972 bey
917 1941 967 1970 uns

464 1982 532 2004 wirſt
547 1983 615 2004 ſtehn.

500 2012 523 2034 3.
532 2004 723 2038 Hoherprieſter
730 2004 809 2039 JEſu
817 2004 911 2037 Chriſt,
923 2007 966 2036 der

461 2042 497 2066 du
506 2044 679 2072 eingegangen
700 2032 749 2071 biſt
757 2049 783 2069 in
795 2042 842 2070 den
856 2040 965 2074 heiligen

460 2081 518 2108 Ort
531 2076 559 2111 zu
570 2078 657 2110 GOtt,
670 2075 741 2113 durch
750 2080 818 2109 dein
824 2081 905 2111 Creutz
913 2083 966 2108 und

462 2115 561 2143 bittern
574 2112 642 2144 Tod,
653 2115 704 2142 uns
717 2112 838 2147 verſoͤhnt
850 2119 901 2145 mit
914 2116 955 2143 dei

461 2154 518 2177 nem
533 2149 615 2180 Blut,
627 2146 791 2184 ausgeloͤſcht
803 2152 847 2182 der
859 2150 964 2183 Hoͤllen⸗

460 2168 539 2216 Glut,
552 2174 721 2218 wiederbracht
734 2175 778 2219 das
771 2170 887 2216 hoͤchſte
895 2180 962 2214 Gut.

1032 1465 1051 1491 4
1070 1455 1152 1490 Sitzſt
1170 1456 1235 1493 auch
1249 1459 1313 1491 heut
1331 1459 1375 1492 ins
1386 1460 1502 1495 Vaters⸗

998 1491 1095 1522 Reich,
1115 1495 1168 1524 ihm
1183 1499 1218 1523 an
1238 1495 1334 1525 Macht
1348 1497 1398 1526 und
1413 1496 1499 1527 Ehren

996 1530 1086 1564 gleich,
1093 1530 1167 1561 unſer
1174 1530 1268 1566 ein'ger
1276 1533 1390 1564 Gnaden
1395 1530 1502 1566 Thron/

997 1566 1110 1603 GOttes
1111 1564 1297 1605 allerliebſter
1287 1567 1385 1599 Sohn:
1400 1571 1457 1601 Den
1470 1571 1497 1594 er

995 1600 1023 1626 in
1041 1602 1098 1626 dem
1114 1600 1217 1634 Hertzen
1234 1598 1323 1632 trägt,
1336 1600 1418 1638 deſſen
1432 1598 1495 1635 Fuͤr⸗

995 1634 1033 1661 bit
1050 1634 1094 1666 ihn
1109 1635 1224 1669 bewegt,
1242 1634 1291 1669 daß
1306 1640 1332 1665 er
1347 1636 1416 1669 keine
1429 1633 1494 1670 Bitt

993 1676 1126 1719 abſchlaͤgt

1027 1713 1049 1733 5.
1071 1702 1195 1737 Klaͤglich
1214 1700 1327 1738 ſchreyen
1346 1704 1393 1735 wir
1405 1710 1434 1741 zu
1445 1700 1495 1739 dir/

993 1741 1091 1777 klopfen
1103 1749 1138 1772 an
1151 1745 1190 1773 die
1204 1743 1418 1781 Gnaden⸗Thuͤr;
1453 1745 1494 1776 die

994 1780 1040 1807 wir
1054 1779 1104 1814 ſind
1122 1781 1168 1810 dein
1178 1778 1349 1816 Eigenthum,
1361 1784 1449 1814 theuer
1456 1784 1491 1809 er⸗

993 1814 1065 1848 kauft
1078 1818 1109 1844 zu
1120 1813 1219 1843 deinem
1235 1814 1335 1850 Ruhm,
1343 1816 1431 1849 HErr,
1444 1813 1490 1844 wir

992 1849 1044 1883 ſind
1064 1851 1126 1881 nach
1140 1848 1180 1879 dir
1199 1855 1320 1887 genennt,
1334 1847 1422 1884 deines
1434 1855 1491 1884 Va⸗

992 1889 1046 1913 ters
1068 1886 1137 1920 Zorn
1154 1883 1270 1920 abwend,
1286 1888 1330 1918 der
1345 1886 1391 1918 wie
1405 1886 1490 1919 lauter

993 1928 1066 1962 Feu'r
1080 1928 1136 1958 jetzt
1149 1925 1242 1955 brennt.

1022 1959 1047 1976 6.
1061 1958 1122 1985 Zeig
1137 1956 1192 1979 ihm
1205 1957 1275 1982 deine
1288 1953 1412 1986 Wunden
1422 1945 1493 1983 roth,

989 1991 1047 2021 halt
1062 1993 1114 2019 ihm
1128 1990 1172 2021 fuͤr
1183 1993 1240 2020 dein
1251 1994 1338 2025 Creutz
1353 1993 1405 2020 und
1417 1986 1486 2023 Tod!

988 2028 1045 2054 Und
1061 2029 1119 2054 was
1132 2029 1166 2053 du
1180 2028 1233 2060 haſt
1245 2030 1315 2060 mehr
1324 2027 1430 2061 gethan,
1433 2024 1487 2059 zeig

988 2066 1044 2093 ihm
1058 2063 1250 2094 unſerntwegen
1264 2071 1306 2090 an.
1343 2063 1431 2099 Sage,
1440 2057 1487 2093 daß

987 2099 1023 2125 du
1041 2097 1115 2131 unſer
1129 2098 1234 2129 Schuld
1256 2098 1309 2133 haſt
1330 2098 1443 2131 bezahlet
1459 2097 1487 2125 in

989 2133 1110 2165 Geduld,
1138 2136 1190 2164 und
1209 2134 1328 2168 erlanget
1342 2133 1421 2166 Gnad
1435 2135 1486 2163 und

988 2176 1070 2220 Huld.
