1515 2169
601 358 683 394 259

312 436 380 473 Wir
404 435 485 470 eilten
510 444 571 469 nun
603 435 727 476 ſchneller
757 436 900 470 vorwaͤrts
940 435 1019 476 durch

257 485 435 528 Holzungen,
454 489 620 528 Weinberge
641 491 697 521 und
714 489 882 529 Feldfluren,
906 490 950 521 bis
968 498 1021 522 wir

258 544 359 585 endlich
381 544 527 585 unterhalb
548 545 627 578 Dole
648 548 700 577 den
728 544 836 578 Doubs
863 545 1019 584 erreichten.

256 601 342 641 Ohne
367 603 491 642 Zoͤgern!
523 602 578 641 rief
603 605 650 634 der
675 600 858 643 edelmuͤthige
891 603 1018 641 Fremde.

256 659 300 692 Er
318 659 371 701 hob
392 661 482 691 meine
502 658 579 696 Frau
599 658 668 696 auf,
700 661 757 689 und
786 664 850 698 trug
876 660 911 698 ſie
940 659 1020 697 durch

256 716 309 746 den
326 715 407 754 Fluß.
446 714 509 753 Jch
525 715 589 753 ſtieg
610 716 640 746 in
660 718 712 746 das
735 716 862 754 Waſſer;
885 717 1021 748 Adelaide

255 767 331 806 faßte
361 768 450 798 meine
470 768 576 805 Hand,
610 770 667 797 und
688 767 779 804 ſagte:
819 769 855 806 ich
876 770 933 801 will
956 770 1018 802 Sie

256 815 366 861 fuͤhren.
387 820 482 858 Anne,
501 821 529 857 ſo
547 820 675 858 aͤngſtlich
697 821 732 858 ſie
753 820 819 859 auch
840 826 912 858 war,
928 820 1018 859 folgte

256 877 312 906 uns
332 874 437 913 ſchnell,
456 874 520 907 weil
546 876 593 906 der
621 873 739 911 Fremde
766 873 794 913 ſo
822 875 889 907 eben
915 875 1018 914 zuruͤck⸗

256 930 329 969 kam,
350 938 398 962 um
420 931 485 970 auch
506 932 540 972 ſie
561 931 677 971 hinuͤber
697 938 729 969 zu
743 934 850 971 tragen.
873 931 914 964 Er
925 933 1019 971 reichte

257 991 300 1032 ihr
327 990 368 1024 die
393 988 501 1032 Hand,
524 993 589 1024 und
619 989 712 1032 fuͤhrte
740 992 774 1031 ſie
803 991 964 1032 ſchweigend
988 999 1020 1030 zu

257 1054 322 1084 uns.
362 1051 406 1084 Es
442 1058 503 1082 war
529 1052 586 1091 jetzt
612 1051 702 1094 finſtre
729 1051 833 1093 Nacht.
874 1052 935 1087 Die
962 1053 1018 1086 drei

255 1108 401 1151 Maͤdchen
421 1107 527 1143 blieben
547 1107 634 1151 einige
654 1108 796 1144 Minuten
815 1106 926 1150 zuruͤck,
960 1112 1018 1143 und

254 1173 337 1206 zogen
358 1169 443 1200 andre
470 1166 610 1206 Kleidung
639 1175 685 1199 an.

282 1226 367 1261 Als
390 1231 436 1261 der
457 1226 584 1266 Morgen
606 1224 776 1262 daͤmmerte,
798 1233 893 1259 waren
911 1227 966 1260 wir
988 1234 1016 1258 in

254 1274 343 1308 einem
364 1272 476 1311 Walde.
497 1273 602 1315 „Hier
621 1269 737 1315 wohnen
754 1266 1016 1322 Kohlenbrenner,”

254 1329 330 1370 ſagte
349 1332 429 1370 unſer
441 1331 548 1371 Fuͤhrer
564 1340 596 1371 zu
609 1332 684 1367 mir;
705 1331 778 1367 „bei
793 1323 888 1365 denen
911 1333 1017 1371 muͤſſen

254 1394 309 1425 wir
334 1393 413 1429 heute
440 1394 558 1426 bleiben.
586 1396 723 1427 Merken
750 1396 811 1428 Sie
838 1396 930 1433 Sich:
965 1396 1017 1426 wir

255 1442 312 1480 ſind
332 1444 396 1478 gute
422 1430 577 1477 Patrioten
602 1446 657 1471 aus
682 1439 800 1478 Autun,
833 1443 890 1471 und
918 1439 1017 1479 heißen

254 1501 369 1541 Julien.
406 1497 479 1543 Die
495 1497 701 1546 Ariſtokraten
722 1502 812 1542 haben
844 1502 891 1543 ſich
921 1502 1017 1543 unſrer

254 1558 353 1593 Stadt
373 1556 547 1596 bemaͤchtigt,
570 1556 611 1588 die
633 1561 718 1595 guten
740 1556 894 1596 Patrioten
915 1565 1016 1590 ermor⸗

254 1617 310 1652 det,
329 1615 386 1646 und
408 1615 450 1647 die
468 1612 717 1653 Nationalgarden
745 1614 917 1656 entwaffnet.
951 1615 1017 1650 Wir

253 1674 369 1714 fluͤchten
396 1673 462 1713 nach
489 1674 621 1711 Salins,
654 1681 698 1707 wo
728 1676 774 1706 der
801 1675 925 1716 Pfarrer
951 1675 1016 1714 Jhr

253 1730 356 1764 Vetter
381 1727 429 1768 iſt,
464 1729 521 1760 und
548 1727 647 1760 wollen
673 1730 709 1760 da
734 1732 860 1767 warten,
894 1731 938 1762 bis
974 1732 1016 1761 die

253 1787 340 1830 Ruhe
366 1789 395 1821 in
420 1786 522 1821 Autun
547 1788 648 1821 wieder
675 1786 825 1829 hergeſtellt
851 1790 913 1829 ſeyn
937 1799 1016 1829 wird.

666 1843 715 1887 N
715 1843 754 1887 2
