<PcGts xmlns="http://schema.primaresearch.org/PAGE/gts/pagecontent/2019-07-15" xmlns:xsi="http://www.w3.org/2001/XMLSchema-instance" xsi:schemaLocation="http://schema.primaresearch.org/PAGE/gts/pagecontent/2019-07-15 http://schema.primaresearch.org/PAGE/gts/pagecontent/2019-07-15/pagecontent.xsd" pcGtsId="OCR-D-GT-FULLTEXT-REPAIR-413">
  <Metadata>
    <Creator>OCR-D DFG Phase III</Creator>
    <Created>2024-01-19T13:08:35Z</Created>
    <LastChange>2024-01-19T13:08:35Z</LastChange>
    <Comments>ODEM: OCR-D extension for mass digitization (2021-2024)</Comments>
    <MetadataItem type="processingStep" name="layout/segmentation/region" value="ocrd-segment-repair">
      <Labels externalModel="ocrd-tool" externalId="parameters">
        <Label value="False" type="sanitize"/>
        <Label value="5" type="sanitize_padding"/>
        <Label value="0" type="simplify"/>
        <Label value="False" type="plausibilize"/>
        <Label value="0.9" type="plausibilize_merge_min_overlap"/>
        <Label value="0" type="spread"/>
        <Label value="region" type="spread_level"/>
      </Labels>
      <Labels externalModel="ocrd-tool" externalId="version">
        <Label value="0.1.24" type="ocrd-segment-repair"/>
        <Label value="2.65.0" type="ocrd/core"/>
      </Labels>
    </MetadataItem>
  </Metadata>
  <Page imageFilename="https://opendata.uni-halle.de/retrieve/d7eba82d-f523-4ccb-a298-12718201f135/00000070.jpg" imageWidth="1569" imageHeight="2316" type="content" primaryLanguage="German">
    <Border>
      <Coords points="354,138 304,2230 1488,2225 1473,163"/>
    </Border>
    <ReadingOrder>
      <OrderedGroup id="ro_1682587981284" caption="Regions reading order">
        <RegionRefIndexed index="1" regionRef="region_1682587685830_1248"/>
        <RegionRefIndexed index="2" regionRef="region_1682587689450_1257"/>
        <RegionRefIndexed index="3" regionRef="TextRegion_1667895432677_84"/>
        <RegionRefIndexed index="4" regionRef="TextRegion_1667895432677_83"/>
        <RegionRefIndexed index="5" regionRef="TextRegion_1667895429555_75"/>
        <RegionRefIndexed index="6" regionRef="TextRegion_1667895420181_63"/>
        <RegionRefIndexed index="7" regionRef="TextRegion_1667895407762_55"/>
        <RegionRefIndexed index="8" regionRef="region_1682587701033_1266"/>
        <RegionRefIndexed index="9" regionRef="region_1682587704542_1275"/>
      </OrderedGroup>
    </ReadingOrder>
    <TextRegion id="region_1682587685830_1248" custom="readingOrder {index:1;} structure {type:page-number;}" type="page-number">
      <Coords points="509,371 509,428 603,428 603,371"/>
      <TextLine id="line_1682587685914_1251" custom="readingOrder {index:0;}">
        <Coords points="509,371 509,428 603,428 603,371"/>
        <Word id="word_1682587685971_1254" custom="readingOrder {index:0;}">
          <Coords points="509,371 603,371 603,428 509,428"/>
          <TextEquiv>
            <Unicode>872</Unicode>
          </TextEquiv>
        </Word>
        <TextEquiv>
          <Unicode>872</Unicode>
        </TextEquiv>
      </TextLine>
      <TextEquiv>
        <Unicode>872</Unicode>
      </TextEquiv>
    </TextRegion>
    <TextRegion id="region_1682587689450_1257" custom="readingOrder {index:2;} structure {type:header;}" type="header">
      <Coords points="849,357 849,428 1086,428 1086,357"/>
      <TextLine id="line_1682587689527_1260" custom="readingOrder {index:0;}">
        <Coords points="849,357 849,428 1086,428 1086,357"/>
        <Word id="word_1682587689583_1263" custom="readingOrder {index:0;}">
          <Coords points="849,357 1086,357 1086,428 849,428"/>
          <TextEquiv>
            <Unicode>Geſchichte</Unicode>
          </TextEquiv>
        </Word>
        <TextEquiv>
          <Unicode>Geſchichte</Unicode>
        </TextEquiv>
      </TextLine>
      <TextEquiv>
        <Unicode>Geſchichte</Unicode>
      </TextEquiv>
    </TextRegion>
    <TextRegion id="TextRegion_1667895432677_84" custom="readingOrder {index:3;}" orientation="0.032735247" readingDirection="left-to-right">
      <Coords points="502,459 1461,459 1461,979 502,979"/>
      <TextLine id="region0002_line0001" custom="readingOrder {index:0;}">
        <Coords points="653,460 642,469 589,475 545,476 536,475 528,470 517,470 502,475 502,517 516,523 525,517 542,518 546,521 586,517 602,521 622,516 660,514 667,515 672,521 687,522 693,521 699,515 763,516 773,512 814,512 845,514 850,518 870,513 932,516 1003,515 1008,522 1018,523 1026,516 1168,518 1356,511 1386,511 1406,516 1411,512 1460,510 1460,464 1412,464 1410,459 1386,459 1380,465 1330,470 1276,469 1272,466 1260,469 1227,469 1217,468 1211,462 1201,462 1193,468 1177,460 1099,460 1087,470 1039,472 1029,471 1023,463 1012,463 1005,470 982,470 977,465 966,465 954,471 919,472 874,470 866,463 852,463 844,469 836,469 830,462 819,462 814,466 806,462 797,462 790,466 773,466 769,460 752,460 742,467 736,461 724,461 717,468 713,460 700,460 687,468 676,468 671,460"/>
        <Baseline points="502,508 1460,500"/>
        <Word id="region0002_line0001_word0000" custom="readingOrder {index:0;}">
          <Coords points="508,474 508,516 605,516 605,474 597,474 589,475 545,476 536,475 534,474"/>
          <TextEquiv conf="0.9284835">
            <Unicode>ſeyn,</Unicode>
          </TextEquiv>
        </Word>
        <Word id="region0002_line0001_word0001" custom="readingOrder {index:1;}">
          <Coords points="770,469 642,469 631,470 631,515 660,514 667,515 667,516 698,516 699,515 763,516 770,513"/>
          <TextEquiv conf="0.9287666">
            <Unicode>obgleich</Unicode>
          </TextEquiv>
        </Word>
        <Word id="region0002_line0001_word0002" custom="readingOrder {index:2;}">
          <Coords points="893,472 797,472 797,512 814,512 845,514 848,517 854,517 870,513 893,514"/>
          <TextEquiv conf="0.9261521">
            <Unicode>dieſer</Unicode>
          </TextEquiv>
        </Word>
        <Word id="region0002_line0001_word0003" custom="readingOrder {index:3;}">
          <Coords points="920,474 987,474 987,508 920,508"/>
          <TextEquiv conf="0.9293894">
            <Unicode>und</Unicode>
          </TextEquiv>
        </Word>
        <Word id="region0002_line0001_word0004" custom="readingOrder {index:4;}">
          <Coords points="1011,472 1096,472 1096,516 1011,516"/>
          <TextEquiv conf="0.9271211">
            <Unicode>jener</Unicode>
          </TextEquiv>
        </Word>
        <Word id="region0002_line0001_word0005" custom="readingOrder {index:5;}">
          <Coords points="1118,469 1272,469 1272,511 1118,511"/>
          <TextEquiv conf="0.9282079">
            <Unicode>Student</Unicode>
          </TextEquiv>
        </Word>
        <Word id="region0002_line0001_word0006" custom="readingOrder {index:6;}">
          <Coords points="1426,467 1354,467 1330,470 1298,469 1298,513 1356,511 1386,511 1394,513 1409,513 1411,512 1426,511"/>
          <TextEquiv conf="0.92726564">
            <Unicode>manche</Unicode>
          </TextEquiv>
        </Word>
        <TextEquiv conf="0.92791235">
          <Unicode>ſeyn, obgleich dieſer und jener Student manche</Unicode>
        </TextEquiv>
      </TextLine>
      <TextLine id="region0002_line0002" custom="readingOrder {index:1;}">
        <Coords points="1351,512 1316,514 1303,519 1298,515 1286,515 1279,522 1018,524 1008,523 1003,516 987,517 981,522 939,523 935,517 922,515 870,514 850,519 845,515 814,513 773,513 763,517 746,515 733,521 687,523 661,522 656,516 644,516 639,520 622,517 606,523 586,518 560,519 554,522 525,518 514,524 502,518 502,571 565,570 567,573 576,574 584,572 586,568 605,566 689,566 729,576 783,568 844,568 855,562 865,571 931,569 948,570 950,574 961,576 982,565 1090,566 1178,563 1222,566 1372,567 1460,563 1460,516 1399,517 1386,512"/>
        <Baseline points="502,561 1460,552"/>
        <Word id="region0002_line0002_word0000" custom="readingOrder {index:0;}">
          <Coords points="700,526 509,526 509,569 585,569 586,568 605,566 689,566 700,568"/>
          <TextEquiv conf="0.9147385">
            <Unicode>Definition</Unicode>
          </TextEquiv>
        </Word>
        <Word id="region0002_line0002_word0001" custom="readingOrder {index:1;}">
          <Coords points="718,573 757,568 760,568 760,517 741,517 733,521 718,521"/>
          <TextEquiv>
            <Unicode>z.</Unicode>
          </TextEquiv>
        </Word>
        <Word id="region0002_line0002_word0002" custom="readingOrder {index:2;}">
          <Coords points="780,516 780,567 817,567 828,561 829,561 829,516 823,518 820,516"/>
          <TextEquiv conf="0.91518235">
            <Unicode>B.</Unicode>
          </TextEquiv>
        </Word>
        <Word id="region0002_line0002_word0003" custom="readingOrder {index:3;}">
          <Coords points="915,567 915,525 855,525 855,562 860,567"/>
          <TextEquiv conf="0.91518235">
            <Unicode>S.</Unicode>
          </TextEquiv>
        </Word>
        <Word id="region0002_line0002_word0004" custom="readingOrder {index:4;}">
          <Coords points="1014,526 932,526 932,569 948,570 948,571 970,571 982,565 1014,565"/>
          <TextEquiv conf="0.9156462">
            <Unicode>176.</Unicode>
          </TextEquiv>
        </Word>
        <Word id="region0002_line0002_word0005" custom="readingOrder {index:5;}">
          <Coords points="1041,533 1217,533 1217,559 1041,559"/>
          <TextEquiv>
            <Unicode>MVLIER</Unicode>
          </TextEquiv>
        </Word>
        <Word id="region0002_line0002_word0006" custom="readingOrder {index:6;}">
          <Coords points="1250,527 1312,527 1312,562 1250,562"/>
          <TextEquiv conf="0.9285126">
            <Unicode>mit</Unicode>
          </TextEquiv>
        </Word>
        <Word id="region0002_line0002_word0007" custom="readingOrder {index:7;}">
          <Coords points="1341,525 1428,524 1428,564 1341,565"/>
          <TextEquiv>
            <Unicode>Ver⸗</Unicode>
          </TextEquiv>
        </Word>
        <TextEquiv>
          <Unicode>Definition z. B. S. 176. MVLIER mit Ver⸗</Unicode>
        </TextEquiv>
      </TextLine>
      <TextLine id="region0002_line0003" custom="readingOrder {index:2;}">
        <Coords points="1150,564 1103,565 1088,574 1047,574 1041,566 1028,566 1016,574 1003,574 1000,567 983,566 973,574 961,577 937,575 931,570 914,570 908,575 887,571 872,576 854,577 729,577 710,574 604,573 599,569 588,569 576,575 502,577 502,621 527,622 570,617 624,616 683,619 693,628 711,627 718,621 775,621 800,627 818,624 859,627 900,620 917,626 923,625 927,620 937,619 976,620 978,623 1000,624 1003,620 1011,618 1086,618 1109,624 1176,624 1187,619 1199,621 1253,614 1349,617 1371,614 1422,613 1438,607 1460,606 1460,572 1368,570 1341,572 1321,570 1316,566 1295,566 1290,570 1274,572 1239,572 1234,567 1211,571 1190,565"/>
        <Baseline points="502,610 1152,613 1460,598"/>
        <Word id="region0002_line0003_word0000" custom="readingOrder {index:0;}">
          <Coords points="712,619 712,577 507,577 507,619 552,619 570,617 624,616 683,619"/>
          <TextEquiv conf="0.9301787">
            <Unicode>wunderung</Unicode>
          </TextEquiv>
        </Word>
        <Word id="region0002_line0003_word0001" custom="readingOrder {index:1;}">
          <Coords points="737,581 812,581 812,617 737,617"/>
          <TextEquiv conf="0.9298077">
            <Unicode>mag</Unicode>
          </TextEquiv>
        </Word>
        <Word id="region0002_line0003_word0002" custom="readingOrder {index:2;}">
          <Coords points="875,575 872,576 854,577 844,577 844,618 960,618 960,576 937,575 908,575"/>
          <TextEquiv conf="0.9282218">
            <Unicode>geleſen</Unicode>
          </TextEquiv>
        </Word>
        <Word id="region0002_line0003_word0003" custom="readingOrder {index:3;}">
          <Coords points="981,573 981,618 1011,618 1086,618 1096,618 1096,573 1089,573 1088,574 1047,574 1046,573 1017,573 1016,574 1003,574 1002,573"/>
          <TextEquiv conf="0.91721857">
            <Unicode>haben.</Unicode>
          </TextEquiv>
        </Word>
        <Word id="region0002_line0003_word0004" custom="readingOrder {index:4;}">
          <Coords points="1144,573 1199,573 1199,618 1144,618"/>
          <TextEquiv conf="0.92799926">
            <Unicode>Jn</Unicode>
          </TextEquiv>
        </Word>
        <Word id="region0002_line0003_word0005" custom="readingOrder {index:5;}">
          <Coords points="1227,578 1279,578 1279,611 1227,611"/>
          <TextEquiv conf="0.9265635">
            <Unicode>der</Unicode>
          </TextEquiv>
        </Word>
        <Word id="region0002_line0003_word0006" custom="readingOrder {index:6;}">
          <Coords points="1298,576 1428,575 1428,608 1298,609"/>
          <TextEquiv conf="0.81761855">
            <Unicode>Letter-</Unicode>
          </TextEquiv>
        </Word>
        <TextEquiv conf="0.91108686">
          <Unicode>wunderung mag geleſen haben. Jn der Letter-</Unicode>
        </TextEquiv>
      </TextLine>
      <TextLine id="region0002_line0004" custom="readingOrder {index:3;}">
        <Coords points="1253,615 1231,617 1226,623 1221,624 1200,624 1196,620 1187,620 1176,625 1065,625 1027,624 1022,619 1011,619 1002,625 976,626 958,626 953,620 937,620 927,626 917,627 848,628 818,625 800,628 786,625 706,629 649,626 643,619 624,617 607,618 602,624 587,624 584,619 570,618 565,620 563,625 502,627 502,668 627,670 656,674 661,678 677,675 689,680 702,677 717,678 724,673 743,669 756,670 762,675 792,673 819,676 835,672 850,675 876,671 925,671 930,678 936,679 953,677 959,671 991,669 1023,671 1159,668 1200,664 1254,669 1337,667 1361,669 1368,675 1381,674 1388,668 1460,666 1460,622 1423,621 1418,614 1404,614 1397,622 1389,622 1386,615 1371,615 1354,623 1317,624 1305,617"/>
        <Baseline points="502,658 819,664 1460,656"/>
        <Word id="region0002_line0004_word0000" custom="readingOrder {index:0;}">
          <Coords points="563,623 563,625 507,626 507,668 627,670 692,670 692,628 649,626 646,623 602,623 602,624 587,624 586,623"/>
          <TextEquiv conf="0.92620254">
            <Unicode>verluſting</Unicode>
          </TextEquiv>
        </Word>
        <Word id="region0002_line0004_word0001" custom="readingOrder {index:1;}">
          <Coords points="740,635 709,635 709,671 733,671 740,669"/>
          <TextEquiv conf="0.92756444">
            <Unicode>p.</Unicode>
          </TextEquiv>
        </Word>
        <Word id="region0002_line0004_word0002" custom="readingOrder {index:2;}">
          <Coords points="764,628 847,628 847,668 764,668"/>
          <TextEquiv conf="0.6899879">
            <Unicode>588.</Unicode>
          </TextEquiv>
        </Word>
        <Word id="region0002_line0004_word0003" custom="readingOrder {index:3;}">
          <Coords points="928,625 927,626 917,627 874,627 874,670 975,670 991,669 1007,670 1045,670 1045,625 1002,625 976,626 958,626 957,625"/>
          <TextEquiv conf="0.922642">
            <Unicode>verſpricht</Unicode>
          </TextEquiv>
        </Word>
        <Word id="region0002_line0004_word0004" custom="readingOrder {index:4;}">
          <Coords points="1065,634 1143,634 1143,661 1065,661"/>
          <TextEquiv conf="0.92586786">
            <Unicode>man</Unicode>
          </TextEquiv>
        </Word>
        <Word id="region0002_line0004_word0005" custom="readingOrder {index:5;}">
          <Coords points="1168,627 1234,627 1234,661 1168,661"/>
          <TextEquiv conf="0.92586786">
            <Unicode>eine</Unicode>
          </TextEquiv>
        </Word>
        <Word id="region0002_line0004_word0006" custom="readingOrder {index:6;}">
          <Coords points="1250,624 1250,669 1254,669 1337,667 1361,669 1364,671 1384,671 1388,668 1428,667 1428,623 1335,624 1317,624 1316,624"/>
          <TextEquiv>
            <Unicode>Beurthei⸗</Unicode>
          </TextEquiv>
        </Word>
        <TextEquiv>
          <Unicode>verluſting p. 588. verſpricht man eine Beurthei⸗</Unicode>
        </TextEquiv>
      </TextLine>
      <TextLine id="region0002_line0005" custom="readingOrder {index:4;}">
        <Coords points="1200,665 1190,668 1186,673 1043,677 1033,676 1029,670 1008,671 1005,674 999,670 991,670 979,676 936,680 847,676 841,673 822,677 792,674 762,676 750,670 731,672 710,680 702,678 689,681 677,676 653,679 649,674 642,672 637,672 630,678 623,673 612,673 607,678 568,679 513,670 502,673 502,722 537,720 561,723 565,729 608,723 644,724 658,725 662,732 670,733 678,731 681,725 726,722 837,723 886,727 899,722 941,719 1011,721 1022,725 1044,719 1157,720 1287,716 1294,719 1323,720 1327,725 1333,726 1345,721 1381,720 1383,724 1393,726 1399,725 1411,716 1460,716 1460,672 1368,676 1344,674 1342,670 1329,668 1322,669 1316,674 1309,669 1299,669 1293,674 1238,674 1216,673 1214,667"/>
        <Baseline points="502,711 892,715 1460,707"/>
        <Word id="region0002_line0005_word0000" custom="readingOrder {index:0;}">
          <Coords points="508,676 508,721 537,720 553,722 589,722 589,678 568,679 549,676"/>
          <TextEquiv conf="0.929525">
            <Unicode>lung</Unicode>
          </TextEquiv>
        </Word>
        <Word id="region0002_line0005_word0001" custom="readingOrder {index:1;}">
          <Coords points="615,678 615,723 711,723 714,722 714,678 710,680 702,678 689,681 681,678 661,678 653,679 652,678 630,678"/>
          <TextEquiv conf="0.9301229">
            <Unicode>dieſes</Unicode>
          </TextEquiv>
        </Word>
        <Word id="region0002_line0005_word0002" custom="readingOrder {index:2;}">
          <Coords points="739,677 739,720 901,720 901,678 869,677 822,677"/>
          <TextEquiv conf="0.93254167">
            <Unicode>Werkes,</Unicode>
          </TextEquiv>
        </Word>
        <Word id="region0002_line0005_word0003" custom="readingOrder {index:3;}">
          <Coords points="981,675 979,676 937,679 937,719 941,719 1044,719 1048,719 1048,676 1043,677 1033,676 1032,675"/>
          <TextEquiv conf="0.92979795">
            <Unicode>welche</Unicode>
          </TextEquiv>
        </Word>
        <Word id="region0002_line0005_word0004" custom="readingOrder {index:4;}">
          <Coords points="1076,683 1143,683 1143,712 1076,712"/>
          <TextEquiv conf="0.9326057">
            <Unicode>uns</Unicode>
          </TextEquiv>
        </Word>
        <Word id="region0002_line0005_word0005" custom="readingOrder {index:5;}">
          <Coords points="1173,674 1248,674 1248,712 1173,712"/>
          <TextEquiv conf="0.9286196">
            <Unicode>aber</Unicode>
          </TextEquiv>
        </Word>
        <Word id="region0002_line0005_word0006" custom="readingOrder {index:6;}">
          <Coords points="1360,719 1360,676 1275,676 1275,716 1287,716 1294,719"/>
          <TextEquiv conf="0.92745596">
            <Unicode>nicht</Unicode>
          </TextEquiv>
        </Word>
        <Word id="region0002_line0005_word0007" custom="readingOrder {index:7;}">
          <Coords points="1427,681 1389,681 1389,719 1407,719 1411,716 1427,716"/>
          <TextEquiv conf="0.9320069">
            <Unicode>zu</Unicode>
          </TextEquiv>
        </Word>
        <TextEquiv conf="0.93033445">
          <Unicode>lung dieſes Werkes, welche uns aber nicht zu</Unicode>
        </TextEquiv>
      </TextLine>
      <TextLine id="region0002_line0006" custom="readingOrder {index:5;}">
        <Coords points="1273,717 1267,718 1262,724 1226,726 1186,725 1181,721 1171,721 1160,726 1156,721 1141,721 1135,728 1114,728 1077,720 1044,720 1022,726 1011,722 941,720 899,723 876,730 776,730 742,728 737,724 726,723 714,728 670,734 639,730 626,732 620,724 608,724 595,732 592,728 565,730 555,723 523,721 502,723 502,775 525,778 557,777 566,783 576,784 584,778 617,783 626,778 663,778 671,775 690,782 698,782 705,776 804,773 992,773 995,776 1002,776 1010,771 1055,771 1061,777 1069,777 1075,773 1270,770 1275,776 1281,777 1292,772 1307,772 1320,777 1328,776 1336,769 1460,768 1460,719 1423,720 1411,717 1399,726 1391,727 1303,725 1294,724 1292,719 1287,717"/>
        <Baseline points="502,764 1460,758"/>
        <Word id="region0002_line0006_word0000" custom="readingOrder {index:0;}">
          <Coords points="509,727 509,775 656,775 656,732 639,730 626,732 622,727 603,727 595,732 592,728 565,730 560,727"/>
          <TextEquiv conf="0.9267321">
            <Unicode>Geſichte</Unicode>
          </TextEquiv>
        </Word>
        <Word id="region0002_line0006_word0001" custom="readingOrder {index:1;}">
          <Coords points="706,729 681,732 681,774 771,774 804,773 875,773 875,730 776,730 759,729"/>
          <TextEquiv conf="0.927421">
            <Unicode>gekommen.</Unicode>
          </TextEquiv>
        </Word>
        <Word id="region0002_line0006_word0002" custom="readingOrder {index:2;}">
          <Coords points="1084,728 929,728 929,773 992,773 995,776 1002,776 1010,771 1055,771 1060,776 1070,776 1075,773 1084,772"/>
          <TextEquiv conf="0.9287181">
            <Unicode>Daſelbſt</Unicode>
          </TextEquiv>
        </Word>
        <Word id="region0002_line0006_word0003" custom="readingOrder {index:3;}">
          <Coords points="1109,731 1192,731 1192,767 1109,767"/>
          <TextEquiv conf="0.92998487">
            <Unicode>wird</Unicode>
          </TextEquiv>
        </Word>
        <Word id="region0002_line0006_word0004" custom="readingOrder {index:4;}">
          <Coords points="1292,727 1214,727 1214,770 1270,770 1271,772 1292,772"/>
          <TextEquiv conf="0.9170813">
            <Unicode>auch</Unicode>
          </TextEquiv>
        </Word>
        <Word id="region0002_line0006_word0005" custom="readingOrder {index:5;}">
          <Coords points="1427,728 1316,729 1316,773 1331,772 1336,769 1427,768"/>
          <TextEquiv>
            <Unicode>gemel⸗</Unicode>
          </TextEquiv>
        </Word>
        <TextEquiv>
          <Unicode>Geſichte gekommen. Daſelbſt wird auch gemel⸗</Unicode>
        </TextEquiv>
      </TextLine>
      <TextLine id="region0002_line0007" custom="readingOrder {index:6;}">
        <Coords points="1336,770 1328,777 1320,778 1292,776 1236,779 1230,771 1220,771 1215,775 1207,771 1197,771 1190,774 1145,772 1137,776 1109,780 1077,776 1061,778 1055,772 1010,772 1002,777 982,774 969,781 929,779 919,775 870,778 866,774 853,774 848,780 825,781 690,783 671,776 661,783 634,782 626,779 617,784 584,782 576,785 523,781 517,777 509,777 502,780 502,828 540,828 546,832 570,837 629,829 680,829 727,825 827,822 963,825 981,822 1014,826 1176,824 1184,825 1188,831 1196,832 1202,831 1206,824 1212,823 1460,818 1460,769 1401,769 1396,773 1372,777 1351,776 1346,770"/>
        <Baseline points="502,818 1460,809"/>
        <Word id="region0002_line0007_word0000" custom="readingOrder {index:0;}">
          <Coords points="508,781 508,826 581,826 581,783 576,785 523,781"/>
          <TextEquiv conf="0.9267283">
            <Unicode>det,</Unicode>
          </TextEquiv>
        </Word>
        <Word id="region0002_line0007_word0001" custom="readingOrder {index:1;}">
          <Coords points="624,780 622,781 622,824 686,824 686,781 681,780 665,780 661,783 634,782 628,780"/>
          <TextEquiv conf="0.9304705">
            <Unicode>daß</Unicode>
          </TextEquiv>
        </Word>
        <Word id="region0002_line0007_word0002" custom="readingOrder {index:2;}">
          <Coords points="713,788 790,788 790,815 713,815"/>
          <TextEquiv conf="0.93269837">
            <Unicode>man</Unicode>
          </TextEquiv>
        </Word>
        <Word id="region0002_line0007_word0003" custom="readingOrder {index:3;}">
          <Coords points="820,782 881,782 881,816 820,816"/>
          <TextEquiv conf="0.92055047">
            <Unicode>mit</Unicode>
          </TextEquiv>
        </Word>
        <Word id="region0002_line0007_word0004" custom="readingOrder {index:4;}">
          <Coords points="908,783 978,783 978,818 908,818"/>
          <TextEquiv conf="0.9273071">
            <Unicode>dem</Unicode>
          </TextEquiv>
        </Word>
        <Word id="region0002_line0007_word0005" custom="readingOrder {index:5;}">
          <Coords points="1008,780 1157,780 1157,819 1008,819"/>
          <TextEquiv conf="0.91904503">
            <Unicode>Abdruck</Unicode>
          </TextEquiv>
        </Word>
        <Word id="region0002_line0007_word0006" custom="readingOrder {index:6;}">
          <Coords points="1287,782 1190,782 1190,826 1204,826 1206,824 1212,823 1287,821"/>
          <TextEquiv conf="0.8638691">
            <Unicode>ſeiner</Unicode>
          </TextEquiv>
        </Word>
        <Word id="region0002_line0007_word0007" custom="readingOrder {index:7;}">
          <Coords points="1319,779 1426,778 1426,816 1319,817"/>
          <TextEquiv conf="0.92838514">
            <Unicode>theol.</Unicode>
          </TextEquiv>
        </Word>
        <TextEquiv conf="0.91863173">
          <Unicode>det, daß man mit dem Abdruck ſeiner theol.</Unicode>
        </TextEquiv>
      </TextLine>
      <TextLine id="region0002_line0008" custom="readingOrder {index:7;}">
        <Coords points="1331,821 1319,823 1305,830 1196,833 1183,832 1176,825 1162,826 1159,832 1052,833 1013,832 1005,825 991,826 981,823 964,825 958,831 916,829 910,824 897,824 891,829 851,829 842,823 827,823 820,828 718,832 701,832 696,828 657,829 654,832 617,836 564,838 547,837 540,829 519,829 515,831 513,838 502,838 502,881 533,882 549,884 556,889 574,889 585,883 600,884 663,877 734,876 746,882 765,876 809,875 823,871 929,876 1460,873 1460,827 1413,827 1395,821 1380,820"/>
        <Baseline points="502,871 818,862 1460,862"/>
        <Word id="region0002_line0008_word0000" custom="readingOrder {index:0;}">
          <Coords points="519,829 515,831 513,838 507,838 507,878 630,878 630,834 617,836 564,838 547,837 540,829"/>
          <TextEquiv conf="0.888353">
            <Unicode>dogm.</Unicode>
          </TextEquiv>
        </Word>
        <Word id="region0002_line0008_word0001" custom="readingOrder {index:1;}">
          <Coords points="662,830 662,867 716,867 716,832 701,832 698,830"/>
          <TextEquiv conf="0.92202586">
            <Unicode>bis</Unicode>
          </TextEquiv>
        </Word>
        <Word id="region0002_line0008_word0002" custom="readingOrder {index:2;}">
          <Coords points="741,840 795,840 795,875 741,875"/>
          <TextEquiv conf="0.9156342">
            <Unicode>zur</Unicode>
          </TextEquiv>
        </Word>
        <Word id="region0002_line0008_word0003" custom="readingOrder {index:3;}">
          <Coords points="815,830 921,830 921,866 815,866"/>
          <TextEquiv conf="0.92629737">
            <Unicode>theol.</Unicode>
          </TextEquiv>
        </Word>
        <Word id="region0002_line0008_word0004" custom="readingOrder {index:4;}">
          <Coords points="959,830 958,831 942,830 942,869 1065,869 1065,832 1052,833 1013,832 1010,830"/>
          <TextEquiv conf="0.9258924">
            <Unicode>action.</Unicode>
          </TextEquiv>
        </Word>
        <Word id="region0002_line0008_word0005" custom="readingOrder {index:5;}">
          <Coords points="1159,832 1093,832 1093,868 1222,868 1222,832 1196,833 1183,832"/>
          <TextEquiv conf="0.9231807">
            <Unicode>worinn</Unicode>
          </TextEquiv>
        </Word>
        <Word id="region0002_line0008_word0006" custom="readingOrder {index:6;}">
          <Coords points="1248,840 1323,840 1323,869 1248,869"/>
          <TextEquiv conf="0.9303134">
            <Unicode>vom</Unicode>
          </TextEquiv>
        </Word>
        <Word id="region0002_line0008_word0007" custom="readingOrder {index:7;}">
          <Coords points="1341,830 1428,829 1428,869 1341,870"/>
          <TextEquiv>
            <Unicode>Ver⸗</Unicode>
          </TextEquiv>
        </Word>
        <TextEquiv>
          <Unicode>dogm. bis zur theol. action. worinn vom Ver⸗</Unicode>
        </TextEquiv>
      </TextLine>
      <TextLine id="region0002_line0009" custom="readingOrder {index:8;}">
        <Coords points="823,872 810,877 756,880 746,883 734,877 701,880 686,877 676,881 649,884 585,884 574,890 556,890 533,883 515,882 511,885 502,885 502,934 507,939 516,940 522,939 526,934 708,925 814,927 819,932 832,932 841,927 880,924 892,926 896,931 913,933 919,932 925,926 961,929 970,934 1033,926 1067,926 1230,928 1261,937 1313,937 1320,930 1339,928 1460,926 1460,876 1409,873 1396,878 1378,879 1373,876 1367,876 1358,881 1320,882 1318,876 1302,874 1293,877 1288,883 1244,883 1240,880 1205,883 1176,876 1083,875 1054,881 1029,881 1026,877 1019,876 1007,881 953,882 904,881 898,874 860,874 851,879 841,878 834,872"/>
        <Baseline points="502,924 698,915 1271,922 1460,916"/>
        <Word id="region0002_line0009_word0000" custom="readingOrder {index:0;}">
          <Coords points="508,887 508,928 617,928 617,887 579,887 574,890 556,890 546,887"/>
          <TextEquiv conf="0.9275467">
            <Unicode>ſtande</Unicode>
          </TextEquiv>
        </Word>
        <Word id="region0002_line0009_word0001" custom="readingOrder {index:1;}">
          <Coords points="635,886 701,886 701,919 635,919"/>
          <TextEquiv conf="0.93131936">
            <Unicode>und</Unicode>
          </TextEquiv>
        </Word>
        <Word id="region0002_line0009_word0002" custom="readingOrder {index:2;}">
          <Coords points="730,887 783,887 783,919 730,919"/>
          <TextEquiv conf="0.9286602">
            <Unicode>der</Unicode>
          </TextEquiv>
        </Word>
        <Word id="region0002_line0009_word0003" custom="readingOrder {index:3;}">
          <Coords points="806,880 806,926 814,927 841,927 880,924 892,926 892,927 924,927 925,926 937,927 988,927 988,881 953,882 904,881 903,880"/>
          <TextEquiv conf="0.92715716">
            <Unicode>Heiligung</Unicode>
          </TextEquiv>
        </Word>
        <Word id="region0002_line0009_word0004" custom="readingOrder {index:4;}">
          <Coords points="1014,886 1071,886 1071,919 1014,919"/>
          <TextEquiv conf="0.9291995">
            <Unicode>des</Unicode>
          </TextEquiv>
        </Word>
        <Word id="region0002_line0009_word0005" custom="readingOrder {index:5;}">
          <Coords points="1094,884 1241,884 1241,921 1094,921"/>
          <TextEquiv conf="0.92902356">
            <Unicode>Willens</Unicode>
          </TextEquiv>
        </Word>
        <Word id="region0002_line0009_word0006" custom="readingOrder {index:6;}">
          <Coords points="1289,880 1288,883 1260,883 1260,929 1333,928 1339,928 1427,926 1427,880 1359,880 1358,881 1320,882 1319,880"/>
          <TextEquiv conf="0.9259903">
            <Unicode>gehandelt</Unicode>
          </TextEquiv>
        </Word>
        <TextEquiv conf="0.9284138">
          <Unicode>ſtande und der Heiligung des Willens gehandelt</Unicode>
        </TextEquiv>
      </TextLine>
      <TextLine id="region0002_line0010" custom="readingOrder {index:9;}">
        <Coords points="862,932 771,933 725,931 721,926 708,926 699,931 640,936 591,936 586,932 574,932 570,936 502,940 502,979 657,979 701,979 719,977 816,975 861,978 862,979 883,979 884,978 894,978 894,979 916,979 917,978 944,978 953,974 973,972 980,967 979,941 973,935 900,933 893,932 887,926 872,925"/>
        <Baseline points="503,973 980,964"/>
        <Word id="region0002_line0010_word0000" custom="readingOrder {index:0;}">
          <Coords points="570,936 508,939 509,978 636,978 635,936 591,936"/>
          <TextEquiv conf="0.930825">
            <Unicode>werde,</Unicode>
          </TextEquiv>
        </Word>
        <Word id="region0002_line0010_word0001" custom="readingOrder {index:1;}">
          <Coords points="846,934 663,934 662,934 663,978 710,978 719,977 816,975 846,977"/>
          <TextEquiv conf="0.9285561">
            <Unicode>gekommen</Unicode>
          </TextEquiv>
        </Word>
        <Word id="region0002_line0010_word0002" custom="readingOrder {index:2;}">
          <Coords points="929,934 864,934 865,979 883,979 884,978 894,978 894,979 916,979 917,978 929,978"/>
          <TextEquiv conf="0.85318357">
            <Unicode>ſey.</Unicode>
          </TextEquiv>
        </Word>
        <TextEquiv conf="0.9041882">
          <Unicode>werde, gekommen ſey.</Unicode>
        </TextEquiv>
      </TextLine>
      <TextEquiv>
        <Unicode>ſeyn, obgleich dieſer und jener Student manche
Definition z. B. S. 176. MVLIER mit Ver⸗
wunderung mag geleſen haben. Jn der Letter-
verluſting p. 588. verſpricht man eine Beurthei⸗
lung dieſes Werkes, welche uns aber nicht zu
Geſichte gekommen. Daſelbſt wird auch gemel⸗
det, daß man mit dem Abdruck ſeiner theol.
dogm. bis zur theol. action. worinn vom Ver⸗
ſtande und der Heiligung des Willens gehandelt
werde, gekommen ſey.</Unicode>
      </TextEquiv>
    </TextRegion>
    <TextRegion id="TextRegion_1667895432677_83" custom="readingOrder {index:4;}" orientation="0.032735247" readingDirection="left-to-right">
      <Coords points="502,979 1461,979 1461,1242 502,1242"/>
      <TextLine id="region0002_line0011" custom="readingOrder {index:0;}">
        <Coords points="1052,982 1033,980 993,984 990,979 944,979 943,985 868,986 822,982 819,979 797,979 793,983 772,985 770,979 711,979 698,985 675,988 667,987 661,981 647,980 628,987 611,984 585,991 510,992 503,993 503,1029 556,1032 568,1039 577,1039 588,1034 639,1034 646,1038 655,1038 663,1035 693,1034 764,1035 859,1030 1067,1029 1127,1026 1252,1029 1266,1039 1273,1037 1275,1031 1301,1033 1461,1029 1461,986 1388,985 1377,979 1284,979 1274,986 1250,986 1243,979 1228,979 1216,985 1137,984 1128,983 1124,979 1104,979 1101,983 1094,983 1085,982 1083,979 1053,979"/>
        <Baseline points="503,1019 1461,1019"/>
        <Word id="region0002_line0011_word0000" custom="readingOrder {index:0;}">
          <Coords points="566,1027 602,1027 602,990 588,990 585,991 566,991"/>
          <TextEquiv conf="0.8971492">
            <Unicode>9.</Unicode>
          </TextEquiv>
        </Word>
        <Word id="region0002_line0011_word0001" custom="readingOrder {index:1;}">
          <Coords points="632,1027 697,1027 697,985 675,988 667,987 661,981 647,980 632,985"/>
          <TextEquiv conf="0.91701144">
            <Unicode>Hr.</Unicode>
          </TextEquiv>
        </Word>
        <Word id="region0002_line0011_word0002" custom="readingOrder {index:2;}">
          <Coords points="725,978 715,978 715,1022 870,1022 870,985 868,986 822,982 818,978 799,978 793,983 772,985 770,978"/>
          <TextEquiv conf="0.9280166">
            <Unicode>Gerdes</Unicode>
          </TextEquiv>
        </Word>
        <Word id="word_1667895432721_86" custom="readingOrder {index:3;}">
          <Coords points="881,985 943,985 944,979 990,979 993,984 1033,980 1042,980 1042,1022 881,1022"/>
          <TextEquiv conf="0.9294644">
            <Unicode>erwaͤhnet</Unicode>
          </TextEquiv>
        </Word>
        <Word id="region0002_line0011_word0004" custom="readingOrder {index:4;}">
          <Coords points="1057,975 1057,1018 1155,1018 1155,984 1137,984 1128,983 1120,975 1107,975 1101,983 1094,983 1085,982 1082,975"/>
          <TextEquiv conf="0.91437477">
            <Unicode>ſcrin.</Unicode>
          </TextEquiv>
        </Word>
        <Word id="region0002_line0011_word0005" custom="readingOrder {index:5;}">
          <Coords points="1220,983 1216,985 1174,984 1174,1027 1252,1029 1301,1029 1301,983 1278,983 1274,986 1250,986 1247,983"/>
          <TextEquiv conf="0.92693037">
            <Unicode>antiqu.</Unicode>
          </TextEquiv>
        </Word>
        <Word id="region0002_line0011_word0006" custom="readingOrder {index:6;}">
          <Coords points="1318,982 1318,1017 1425,1016 1425,985 1388,985 1381,981"/>
          <TextEquiv conf="0.9291711">
            <Unicode>Tom.</Unicode>
          </TextEquiv>
        </Word>
        <TextEquiv conf="0.92030257">
          <Unicode>9. Hr. Gerdes erwaͤhnet ſcrin. antiqu. Tom.</Unicode>
        </TextEquiv>
      </TextLine>
      <TextLine id="region0002_line0012" custom="readingOrder {index:1;}">
        <Coords points="1128,1027 1122,1035 1063,1038 1019,1038 1012,1030 1000,1030 992,1036 987,1030 967,1030 949,1031 942,1039 891,1040 884,1031 859,1031 853,1039 808,1033 802,1036 723,1042 692,1036 646,1039 639,1035 588,1035 581,1039 568,1040 555,1033 503,1033 503,1088 669,1086 698,1096 710,1097 783,1095 848,1085 908,1085 911,1093 924,1094 932,1092 936,1084 1194,1079 1420,1081 1461,1076 1461,1041 1396,1038 1389,1030 1376,1032 1371,1039 1266,1040 1252,1030 1244,1031 1241,1037 1216,1036 1210,1029 1197,1029 1191,1036 1170,1037 1148,1036 1142,1027"/>
        <Baseline points="503,1078 764,1083 846,1075 1461,1068"/>
        <Word id="region0002_line0012_word0000" custom="readingOrder {index:0;}">
          <Coords points="509,1042 566,1042 566,1079 509,1079"/>
          <TextEquiv>
            <Unicode>III.</Unicode>
          </TextEquiv>
        </Word>
        <Word id="region0002_line0012_word0001" custom="readingOrder {index:1;}">
          <Coords points="595,1042 631,1042 631,1077 595,1077"/>
          <TextEquiv conf="0.9236333">
            <Unicode>P.</Unicode>
          </TextEquiv>
        </Word>
        <Word id="region0002_line0012_word0002" custom="readingOrder {index:2;}">
          <Coords points="643,1041 680,1041 680,1076 643,1076"/>
          <TextEquiv conf="0.8123753">
            <Unicode>II.</Unicode>
          </TextEquiv>
        </Word>
        <Word id="region0002_line0012_word0003" custom="readingOrder {index:3;}">
          <Coords points="701,1050 733,1050 733,1086 701,1086"/>
          <TextEquiv conf="0.9152875">
            <Unicode>p.</Unicode>
          </TextEquiv>
        </Word>
        <Word id="region0002_line0012_word0004" custom="readingOrder {index:4;}">
          <Coords points="748,1085 834,1085 834,1038 775,1038 748,1040"/>
          <TextEquiv conf="0.9152875">
            <Unicode>386.</Unicode>
          </TextEquiv>
        </Word>
        <Word id="region0002_line0012_word0005" custom="readingOrder {index:5;}">
          <Coords points="855,1036 853,1039 848,1038 848,1085 908,1085 909,1088 934,1088 936,1084 1100,1080 1100,1036 1063,1038 1019,1038 1017,1036 992,1036 944,1036 942,1039 891,1040 887,1036"/>
          <TextEquiv conf="0.9036527">
            <Unicode>disquiſitiones</Unicode>
          </TextEquiv>
        </Word>
        <Word id="region0002_line0012_word0006" custom="readingOrder {index:6;}">
          <Coords points="1116,1037 1220,1037 1220,1074 1116,1074"/>
          <TextEquiv conf="0.9199817">
            <Unicode>theol.</Unicode>
          </TextEquiv>
        </Word>
        <Word id="region0002_line0012_word0007" custom="readingOrder {index:7;}">
          <Coords points="1239,1038 1239,1074 1283,1074 1283,1039 1266,1040 1263,1038"/>
          <TextEquiv conf="0.93192065">
            <Unicode>de</Unicode>
          </TextEquiv>
        </Word>
        <Word id="region0002_line0012_word0008" custom="readingOrder {index:8;}">
          <Coords points="1297,1040 1297,1075 1428,1074 1428,1039 1419,1039"/>
          <TextEquiv conf="0.9167335">
            <Unicode>revela-</Unicode>
          </TextEquiv>
        </Word>
        <TextEquiv>
          <Unicode>III. P. II. p. 386. disquiſitiones theol. de revela-</Unicode>
        </TextEquiv>
      </TextLine>
      <TextLine id="region0002_line0013" custom="readingOrder {index:2;}">
        <Coords points="1194,1080 1143,1082 1137,1092 1033,1091 815,1096 787,1094 767,1097 703,1098 682,1096 678,1089 665,1087 658,1089 654,1096 639,1097 512,1096 503,1097 503,1142 650,1139 694,1144 704,1150 718,1150 733,1144 781,1139 984,1137 994,1146 998,1146 1003,1141 1059,1142 1070,1134 1075,1134 1083,1140 1101,1135 1258,1135 1264,1136 1270,1142 1279,1142 1286,1136 1298,1136 1302,1142 1311,1143 1321,1136 1461,1132 1461,1091 1423,1091 1416,1082 1405,1082 1397,1091 1393,1091 1366,1090 1361,1085 1336,1090 1331,1084 1323,1082 1309,1082 1301,1088 1287,1088 1285,1083 1277,1081 1267,1081 1254,1086 1247,1082 1232,1080"/>
        <Baseline points="503,1132 1461,1122"/>
        <Word id="region0002_line0013_word0000" custom="readingOrder {index:0;}">
          <Coords points="509,1099 627,1099 627,1127 509,1127"/>
          <TextEquiv conf="0.92001605">
            <Unicode>torum</Unicode>
          </TextEquiv>
        </Word>
        <Word id="region0002_line0013_word0001" custom="readingOrder {index:1;}">
          <Coords points="661,1088 658,1089 654,1096 654,1138 858,1138 858,1095 815,1096 787,1094 767,1097 703,1098 682,1096 678,1089 671,1088"/>
          <TextEquiv conf="0.9108514">
            <Unicode>dogmatum</Unicode>
          </TextEquiv>
        </Word>
        <Word id="region0002_line0013_word0002" custom="readingOrder {index:2;}">
          <Coords points="884,1099 998,1099 998,1136 884,1136"/>
          <TextEquiv conf="0.9177176">
            <Unicode>nexu,</Unicode>
          </TextEquiv>
        </Word>
        <Word id="region0002_line0013_word0003" custom="readingOrder {index:3;}">
          <Coords points="1141,1098 1031,1098 1031,1136 1067,1136 1070,1134 1075,1134 1077,1136 1097,1136 1101,1135 1141,1135"/>
          <TextEquiv conf="0.8967894">
            <Unicode>1752.</Unicode>
          </TextEquiv>
        </Word>
        <Word id="region0002_line0013_word0004" custom="readingOrder {index:4;}">
          <Coords points="1285,1136 1285,1089 1193,1089 1193,1135 1258,1135 1264,1136"/>
          <TextEquiv conf="0.9189706">
            <Unicode>Auch</Unicode>
          </TextEquiv>
        </Word>
        <Word id="region0002_line0013_word0005" custom="readingOrder {index:5;}">
          <Coords points="1371,1091 1304,1091 1304,1137 1319,1137 1321,1136 1371,1134"/>
          <TextEquiv conf="0.9318243">
            <Unicode>ſind</Unicode>
          </TextEquiv>
        </Word>
        <Word id="region0002_line0013_word0006" custom="readingOrder {index:6;}">
          <Coords points="1389,1092 1444,1092 1444,1128 1389,1128"/>
          <TextEquiv conf="0.67979753">
            <Unicode>ei⸗</Unicode>
          </TextEquiv>
        </Word>
        <TextEquiv conf="0.882281">
          <Unicode>torum dogmatum nexu, 1752. Auch ſind ei⸗</Unicode>
        </TextEquiv>
      </TextLine>
      <TextLine id="region0002_line0014" custom="readingOrder {index:3;}">
        <Coords points="1070,1135 1059,1143 1046,1141 1043,1145 1037,1146 1003,1147 994,1147 984,1138 958,1140 953,1147 898,1148 786,1148 780,1141 766,1141 761,1147 728,1147 718,1151 704,1151 686,1147 681,1143 650,1140 584,1141 574,1143 570,1151 553,1151 547,1144 536,1144 529,1151 503,1151 503,1196 540,1196 545,1202 563,1203 570,1201 574,1196 596,1193 645,1193 657,1194 666,1199 683,1200 693,1192 943,1191 968,1192 975,1199 987,1200 996,1192 1052,1189 1084,1192 1137,1191 1144,1198 1152,1198 1159,1191 1172,1191 1176,1198 1195,1199 1201,1198 1207,1190 1317,1188 1369,1190 1371,1195 1380,1196 1400,1187 1449,1187 1461,1183 1461,1141 1423,1141 1417,1135 1403,1135 1399,1139 1394,1136 1380,1136 1373,1142 1359,1143 1330,1143 1319,1140 1308,1144 1215,1143 1206,1135 1149,1135 1133,1143 1126,1138 1103,1136 1083,1141 1075,1135"/>
        <Baseline points="503,1186 1461,1173"/>
        <Word id="region0002_line0014_word0000" custom="readingOrder {index:0;}">
          <Coords points="531,1149 529,1151 510,1151 510,1193 586,1193 586,1149 571,1149 570,1151 553,1151 551,1149"/>
          <TextEquiv conf="0.9321596">
            <Unicode>nige</Unicode>
          </TextEquiv>
        </Word>
        <Word id="region0002_line0014_word0001" custom="readingOrder {index:1;}">
          <Coords points="602,1145 602,1191 860,1191 860,1148 786,1148 783,1145 762,1145 761,1147 728,1147 718,1151 704,1151 686,1147 683,1145"/>
          <TextEquiv conf="0.9269273">
            <Unicode>Diſputationen</Unicode>
          </TextEquiv>
        </Word>
        <Word id="region0002_line0014_word0002" custom="readingOrder {index:2;}">
          <Coords points="875,1155 940,1155 940,1183 875,1183"/>
          <TextEquiv conf="0.92948747">
            <Unicode>von</Unicode>
          </TextEquiv>
        </Word>
        <Word id="region0002_line0014_word0003" custom="readingOrder {index:3;}">
          <Coords points="959,1145 959,1191 968,1192 970,1194 993,1194 996,1192 1050,1189 1050,1145 1043,1145 1037,1146 1003,1147 994,1147 991,1145"/>
          <TextEquiv conf="0.92743945">
            <Unicode>ihren</Unicode>
          </TextEquiv>
        </Word>
        <Word id="region0002_line0014_word0004" custom="readingOrder {index:4;}">
          <Coords points="1255,1145 1066,1145 1066,1190 1084,1192 1137,1191 1141,1195 1155,1195 1159,1191 1172,1191 1174,1195 1203,1195 1207,1190 1255,1189"/>
          <TextEquiv conf="0.9135832">
            <Unicode>Verfaſſern</Unicode>
          </TextEquiv>
        </Word>
        <Word id="region0002_line0014_word0005" custom="readingOrder {index:5;}">
          <Coords points="1267,1153 1360,1153 1360,1185 1267,1185"/>
          <TextEquiv conf="0.9281569">
            <Unicode>unter</Unicode>
          </TextEquiv>
        </Word>
        <Word id="region0002_line0014_word0006" custom="readingOrder {index:6;}">
          <Coords points="1430,1147 1375,1148 1375,1194 1384,1193 1400,1187 1430,1187"/>
          <TextEquiv conf="0.42209396">
            <Unicode>ſei⸗</Unicode>
          </TextEquiv>
        </Word>
        <TextEquiv conf="0.85426396">
          <Unicode>nige Diſputationen von ihren Verfaſſern unter ſei⸗</Unicode>
        </TextEquiv>
      </TextLine>
      <TextLine id="region0002_line0015" custom="readingOrder {index:4;}">
        <Coords points="1380,1197 1280,1196 1274,1191 1264,1191 1259,1196 1195,1200 1127,1199 1121,1192 1107,1192 1103,1198 1095,1193 1073,1192 1067,1199 1058,1199 1057,1193 1052,1190 1039,1190 1027,1198 987,1201 972,1198 938,1199 930,1192 915,1192 909,1198 903,1193 880,1192 866,1199 841,1199 835,1193 829,1192 782,1193 767,1194 753,1200 736,1200 732,1194 693,1193 683,1201 666,1200 657,1195 645,1194 596,1194 563,1204 503,1204 503,1242 644,1242 1055,1242 1073,1242 1144,1242 1238,1242 1297,1240 1299,1242 1388,1242 1461,1237 1461,1192 1428,1192 1400,1188"/>
        <Baseline points="503,1238 1461,1228"/>
        <Word id="region0002_line0015_word0000" custom="readingOrder {index:0;}">
          <Coords points="510,1211 584,1211 584,1238 510,1238"/>
          <TextEquiv conf="0.9239682">
            <Unicode>nem</Unicode>
          </TextEquiv>
        </Word>
        <Word id="region0002_line0015_word0001" custom="readingOrder {index:1;}">
          <Coords points="607,1199 607,1243 644,1242 650,1245 683,1246 683,1247 704,1247 705,1246 710,1246 711,1247 735,1247 738,1246 750,1245 750,1200 736,1200 735,1199 685,1199 683,1201 666,1200 664,1199"/>
          <TextEquiv conf="0.91547865">
            <Unicode>Vorſitze</Unicode>
          </TextEquiv>
        </Word>
        <Word id="word_1667895429595_79" custom="readingOrder {index:2;}">
          <Coords points="781,1200 938,1200 938,1242 781,1242"/>
          <TextEquiv conf="0.9246202">
            <Unicode>oͤffentlich</Unicode>
          </TextEquiv>
        </Word>
        <Word id="region0002_line0015_word0003" custom="readingOrder {index:3;}">
          <Coords points="1028,1197 1027,1198 987,1201 972,1198 963,1198 963,1244 970,1244 1046,1246 1055,1242 1073,1242 1113,1244 1114,1246 1139,1246 1144,1242 1172,1243 1172,1199 1127,1199 1125,1197 1103,1197 1103,1198 1101,1197 1068,1197 1067,1199 1058,1199 1057,1197"/>
          <TextEquiv conf="0.918465">
            <Unicode>vertheidiget</Unicode>
          </TextEquiv>
        </Word>
        <Word id="region0002_line0015_word0004" custom="readingOrder {index:4;}">
          <Coords points="1347,1244 1347,1201 1194,1201 1194,1243 1297,1240 1301,1243 1322,1244"/>
          <TextEquiv conf="0.9190894">
            <Unicode>worden,</Unicode>
          </TextEquiv>
        </Word>
        <Word id="region0002_line0015_word0005" custom="readingOrder {index:5;}">
          <Coords points="1373,1200 1428,1199 1428,1237 1373,1238"/>
          <TextEquiv conf="0.92605513">
            <Unicode>als</Unicode>
          </TextEquiv>
        </Word>
        <TextEquiv conf="0.92127943">
          <Unicode>nem Vorſitze oͤffentlich vertheidiget worden, als</Unicode>
        </TextEquiv>
      </TextLine>
      <TextEquiv>
        <Unicode>9. Hr. Gerdes erwaͤhnet ſcrin. antiqu. Tom.
III. P. II. p. 386. disquiſitiones theol. de revela-
torum dogmatum nexu, 1752. Auch ſind ei⸗
nige Diſputationen von ihren Verfaſſern unter ſei⸗
nem Vorſitze oͤffentlich vertheidiget worden, als</Unicode>
      </TextEquiv>
    </TextRegion>
    <TextRegion id="TextRegion_1667895429555_75" custom="readingOrder {index:5;}" orientation="0.032735247" readingDirection="left-to-right">
      <Coords points="502,1242 1461,1242 1461,1397 502,1397"/>
      <TextLine id="line_1667895429595_80" custom="readingOrder {index:0;}">
        <Coords points="510,1250 522,1248 597,1247 644,1243 652,1247 653,1253 686,1251 693,1254 718,1254 727,1249 738,1248 741,1254 822,1254 885,1252 898,1245 913,1246 919,1252 1002,1252 1046,1247 1055,1243 1073,1243 1081,1250 1128,1253 1134,1252 1144,1243 1154,1243 1161,1251 1230,1251 1265,1250 1269,1243 1276,1242 1297,1242 1303,1250 1354,1250 1358,1247 1367,1247 1371,1250 1461,1247 1461,1290 1398,1293 1207,1294 1197,1300 1188,1299 1184,1295 1125,1295 1107,1292 1084,1296 985,1296 980,1305 976,1306 965,1304 961,1296 919,1293 874,1298 849,1307 839,1306 832,1299 821,1298 507,1298 503,1295 503,1260"/>
        <Baseline points="503,1288 1461,1281"/>
        <Word id="region0002_line0016_word0000" custom="readingOrder {index:0;}">
          <Coords points="563,1249 563,1288 759,1288 759,1254 741,1254 738,1249 727,1249 718,1254 693,1254 686,1251 653,1253 652,1249"/>
          <TextEquiv conf="0.9285353">
            <Unicode>Diſſertatio</Unicode>
          </TextEquiv>
        </Word>
        <Word id="region0002_line0016_word0001" custom="readingOrder {index:1;}">
          <Coords points="888,1250 885,1252 822,1254 776,1254 776,1297 883,1297 919,1293 957,1295 957,1252 919,1252 917,1250"/>
          <TextEquiv conf="0.8368413">
            <Unicode>exegetico</Unicode>
          </TextEquiv>
        </Word>
        <Word id="region0002_line0016_word0002" custom="readingOrder {index:2;}">
          <Coords points="1028,1249 1002,1252 969,1252 969,1298 983,1298 985,1296 1084,1296 1107,1292 1115,1293 1115,1252 1081,1250 1079,1249"/>
          <TextEquiv conf="0.90472627">
            <Unicode>practica</Unicode>
          </TextEquiv>
        </Word>
        <Word id="region0002_line0016_word0003" custom="readingOrder {index:3;}">
          <Coords points="1137,1249 1134,1252 1128,1253 1128,1286 1174,1286 1174,1251 1161,1251 1159,1249"/>
          <TextEquiv conf="0.928235">
            <Unicode>de</Unicode>
          </TextEquiv>
        </Word>
        <Word id="region0002_line0016_word0004" custom="readingOrder {index:4;}">
          <Coords points="1266,1248 1265,1250 1230,1251 1190,1251 1190,1298 1200,1298 1207,1294 1349,1293 1349,1250 1303,1250 1301,1248"/>
          <TextEquiv conf="0.9285232">
            <Unicode>precibus</Unicode>
          </TextEquiv>
        </Word>
        <Word id="region0002_line0016_word0005" custom="readingOrder {index:5;}">
          <Coords points="1357,1258 1427,1257 1427,1286 1357,1287"/>
          <TextEquiv conf="0.92876005">
            <Unicode>tam</Unicode>
          </TextEquiv>
        </Word>
        <TextEquiv conf="0.90927017">
          <Unicode>Diſſertatio exegetico practica de precibus tam</Unicode>
        </TextEquiv>
      </TextLine>
      <TextLine id="region0002_line0017" custom="readingOrder {index:1;}">
        <Coords points="1107,1293 1098,1296 1094,1304 1003,1305 999,1297 985,1297 981,1305 976,1307 936,1305 935,1297 930,1294 908,1297 903,1305 875,1305 870,1300 849,1308 529,1306 525,1299 512,1298 503,1303 503,1351 526,1351 563,1361 580,1361 588,1355 614,1351 677,1351 693,1353 704,1358 714,1352 723,1352 742,1353 745,1359 754,1361 764,1359 768,1352 812,1349 914,1349 918,1357 926,1359 936,1358 941,1349 1014,1351 1024,1355 1098,1349 1104,1350 1110,1359 1125,1360 1132,1350 1141,1349 1369,1349 1406,1346 1426,1338 1461,1336 1461,1303 1332,1301 1298,1295 1207,1295 1197,1301 1188,1300 1184,1296 1138,1296 1127,1302 1126,1296 1122,1294"/>
        <Baseline points="503,1341 1358,1339 1461,1328"/>
        <Word id="region0002_line0017_word0000" custom="readingOrder {index:0;}">
          <Coords points="509,1303 509,1338 545,1338 545,1306 529,1306 527,1303"/>
          <TextEquiv conf="0.9296188">
            <Unicode>in</Unicode>
          </TextEquiv>
        </Word>
        <Word id="region0002_line0017_word0001" custom="readingOrder {index:1;}">
          <Coords points="563,1312 711,1312 711,1351 563,1351"/>
          <TextEquiv conf="0.9243563">
            <Unicode>genere,</Unicode>
          </TextEquiv>
        </Word>
        <Word id="region0002_line0017_word0002" custom="readingOrder {index:2;}">
          <Coords points="839,1314 738,1314 738,1351 782,1351 812,1349 839,1349"/>
          <TextEquiv conf="0.9306186">
            <Unicode>quam</Unicode>
          </TextEquiv>
        </Word>
        <Word id="region0002_line0017_word0003" custom="readingOrder {index:3;}">
          <Coords points="857,1305 856,1305 856,1339 892,1339 892,1305 875,1305"/>
          <TextEquiv conf="0.92996055">
            <Unicode>in</Unicode>
          </TextEquiv>
        </Word>
        <Word id="region0002_line0017_word0004" custom="readingOrder {index:4;}">
          <Coords points="910,1300 910,1349 914,1349 915,1352 939,1352 941,1349 1014,1351 1016,1352 1037,1352 1037,1304 1003,1305 1000,1300 983,1300 981,1305 976,1307 936,1305 935,1300"/>
          <TextEquiv conf="0.9252643">
            <Unicode>ſpecie,</Unicode>
          </TextEquiv>
        </Word>
        <Word id="region0002_line0017_word0005" custom="readingOrder {index:5;}">
          <Coords points="1096,1300 1094,1304 1060,1304 1060,1352 1098,1349 1104,1350 1106,1354 1129,1354 1132,1350 1141,1349 1152,1349 1152,1300 1130,1300 1127,1302 1126,1300"/>
          <TextEquiv conf="0.92670596">
            <Unicode>reſp.</Unicode>
          </TextEquiv>
        </Word>
        <Word id="region0002_line0017_word0006" custom="readingOrder {index:6;}">
          <Coords points="1182,1300 1181,1301 1172,1300 1168,1296 1154,1296 1154,1349 1182,1349"/>
          <TextEquiv>
            <Unicode>I.</Unicode>
          </TextEquiv>
        </Word>
        <Word id="region0002_line0017_word0007" custom="readingOrder {index:7;}">
          <Coords points="1192,1307 1238,1307 1238,1341 1192,1341"/>
          <TextEquiv conf="0.89447784">
            <Unicode>H.</Unicode>
          </TextEquiv>
        </Word>
        <Word id="region0002_line0017_word0008" custom="readingOrder {index:8;}">
          <Coords points="1249,1306 1287,1306 1287,1341 1249,1341"/>
          <TextEquiv conf="0.9221393">
            <Unicode>B.</Unicode>
          </TextEquiv>
        </Word>
        <Word id="region0002_line0017_word0009" custom="readingOrder {index:9;}">
          <Coords points="1426,1313 1305,1314 1305,1342 1418,1341 1426,1338"/>
          <TextEquiv>
            <Unicode>KII.I-</Unicode>
          </TextEquiv>
        </Word>
        <TextEquiv>
          <Unicode>in genere, quam in ſpecie, reſp. I. H. B. KII.I-</Unicode>
        </TextEquiv>
      </TextLine>
      <TextLine id="line_1667895420225_67" custom="readingOrder {index:2;}">
        <Coords points="503,1362 580,1362 588,1356 603,1353 677,1352 683,1357 704,1359 714,1353 723,1353 733,1360 754,1362 783,1357 855,1356 867,1349 878,1349 884,1356 960,1360 967,1366 967,1395 958,1397 503,1397"/>
        <Baseline points="503,1395 967,1392"/>
        <Word id="region0002_line0018_word0000" custom="readingOrder {index:0;}">
          <Coords points="511,1368 590,1368 590,1395 511,1395"/>
          <TextEquiv>
            <Unicode>AN,</Unicode>
          </TextEquiv>
        </Word>
        <Word id="word_1667895420229_69" custom="readingOrder {index:1;}">
          <Coords points="617,1361 743,1361 754,1362 759,1361 788,1361 788,1397 617,1397"/>
          <TextEquiv conf="0.61348367">
            <Unicode>Palatino,</Unicode>
          </TextEquiv>
        </Word>
        <Word id="word_1667895420229_71" custom="readingOrder {index:2;}">
          <Coords points="807,1359 918,1359 918,1397 807,1397"/>
          <TextEquiv conf="0.92746824">
            <Unicode>1762.</Unicode>
          </TextEquiv>
        </Word>
        <TextEquiv>
          <Unicode>AN, Palatino, 1762.</Unicode>
        </TextEquiv>
      </TextLine>
      <TextEquiv>
        <Unicode>Diſſertatio exegetico practica de precibus tam
in genere, quam in ſpecie, reſp. I. H. B. KII.I-
AN, Palatino, 1762.</Unicode>
      </TextEquiv>
    </TextRegion>
    <TextRegion id="TextRegion_1667895420181_63" custom="readingOrder {index:6;}" orientation="0.032735247" readingDirection="left-to-right">
      <Coords points="502,1397 1461,1397 1461,1501 502,1501"/>
      <TextLine id="region0002_line0019" custom="readingOrder {index:0;}">
        <Coords points="1314,1402 1310,1397 1287,1397 1280,1407 1207,1409 1137,1404 1039,1409 1037,1401 1028,1397 961,1397 934,1402 930,1404 929,1410 901,1409 873,1402 847,1403 840,1408 818,1403 813,1408 784,1411 763,1409 755,1403 745,1403 738,1409 731,1410 695,1409 693,1404 687,1401 668,1403 636,1400 583,1407 514,1405 506,1406 503,1410 503,1454 863,1453 1003,1448 1012,1451 1117,1453 1161,1450 1179,1451 1187,1456 1195,1452 1247,1449 1291,1451 1292,1456 1297,1459 1312,1458 1319,1450 1331,1457 1350,1459 1360,1458 1369,1453 1381,1452 1394,1457 1459,1457 1460,1397 1319,1397"/>
        <Baseline points="503,1444 1459,1443"/>
        <Word id="region0002_line0019_word0000" custom="readingOrder {index:0;}">
          <Coords points="561,1437 645,1437 645,1400 636,1400 583,1407 561,1406"/>
          <TextEquiv conf="0.92241365">
            <Unicode>Diſſ.</Unicode>
          </TextEquiv>
        </Word>
        <Word id="region0002_line0019_word0001" custom="readingOrder {index:1;}">
          <Coords points="662,1436 768,1436 768,1409 763,1409 755,1403 745,1403 738,1409 731,1410 695,1409 693,1404 687,1401 668,1403 662,1402"/>
          <TextEquiv conf="0.90144265">
            <Unicode>theol.</Unicode>
          </TextEquiv>
        </Word>
        <Word id="region0002_line0019_word0002" custom="readingOrder {index:2;}">
          <Coords points="791,1435 833,1435 833,1406 818,1403 813,1408 791,1410"/>
          <TextEquiv conf="0.9311461">
            <Unicode>ad</Unicode>
          </TextEquiv>
        </Word>
        <Word id="region0002_line0019_word0003" custom="readingOrder {index:3;} textStyle {offset:0; length:4;italic:true; fontSize:0.0; kerning:0;}">
          <Coords points="850,1435 943,1435 943,1402 934,1402 930,1404 929,1410 901,1409 873,1402 850,1402"/>
          <TextEquiv conf="0.82585716">
            <Unicode>Rom.</Unicode>
          </TextEquiv>
        </Word>
        <Word id="region0002_line0019_word0004" custom="readingOrder {index:4;} textStyle {offset:0; length:2;italic:true; fontSize:0.0; kerning:0;}">
          <Coords points="964,1399 1000,1399 1000,1434 964,1434"/>
          <TextEquiv conf="0.86464864">
            <Unicode>V.</Unicode>
          </TextEquiv>
        </Word>
        <Word id="region0002_line0019_word0005" custom="readingOrder {index:5;} textStyle {offset:0; length:3;italic:true; fontSize:0.0; kerning:0;}">
          <Coords points="1019,1410 1072,1410 1072,1435 1019,1435"/>
          <TextEquiv conf="0.86464864">
            <Unicode>12.</Unicode>
          </TextEquiv>
        </Word>
        <Word id="region0002_line0019_word0006" custom="readingOrder {index:6;} textStyle {offset:0; length:3;italic:true; fontSize:0.0; kerning:0;}">
          <Coords points="1098,1437 1151,1437 1151,1405 1137,1404 1098,1405"/>
          <TextEquiv conf="0.868022">
            <Unicode>18.</Unicode>
          </TextEquiv>
        </Word>
        <Word id="region0002_line0019_word0007" custom="readingOrder {index:7;} textStyle {offset:0; length:3;italic:true; fontSize:0.0; kerning:0;}">
          <Coords points="1169,1410 1224,1410 1224,1442 1169,1442"/>
          <TextEquiv conf="0.8659224">
            <Unicode>19.</Unicode>
          </TextEquiv>
        </Word>
        <Word id="region0002_line0019_word0008" custom="readingOrder {index:8;}">
          <Coords points="1294,1393 1288,1396 1280,1407 1248,1407 1248,1445 1332,1445 1332,1395 1321,1396 1314,1402 1309,1394 1302,1393"/>
          <TextEquiv conf="0.88660645">
            <Unicode>reſp.</Unicode>
          </TextEquiv>
        </Word>
        <Word id="region0002_line0019_word0009" custom="readingOrder {index:9;}">
          <Coords points="1349,1399 1377,1399 1377,1446 1349,1446"/>
          <TextEquiv conf="0.87556094">
            <Unicode>J.</Unicode>
          </TextEquiv>
        </Word>
        <Word id="word_1667895420229_73" custom="readingOrder {index:10;}">
          <Coords points="1397,1403 1420,1406 1422,1450 1399,1447"/>
          <TextEquiv conf="0.87556094">
            <Unicode>J.</Unicode>
          </TextEquiv>
        </Word>
        <TextEquiv conf="0.8801663">
          <Unicode>Diſſ. theol. ad Rom. V. 12. 18. 19. reſp. J. J.</Unicode>
        </TextEquiv>
      </TextLine>
      <TextLine id="region0002_line0020" custom="readingOrder {index:1;}">
        <Coords points="988,1450 983,1457 909,1460 865,1460 835,1454 811,1453 785,1454 767,1459 508,1461 503,1462 503,1501 1102,1501 1307,1500 1308,1501 1410,1501 1461,1500 1461,1466 1444,1465 1427,1458 1394,1458 1381,1453 1369,1454 1360,1459 1350,1460 1331,1458 1319,1451 1312,1459 1297,1460 1258,1458 1247,1450 1232,1451 1229,1455 1220,1457 1207,1456 1205,1453 1195,1453 1187,1457 1179,1452 1161,1451 1131,1452 1104,1458 1097,1452 1080,1452 1076,1458 1055,1458 1051,1452 1035,1451 1028,1457 1010,1457 1008,1451 993,1449"/>
        <Baseline points="503,1494 1461,1491"/>
        <Word id="region0002_line0020_word0000" custom="readingOrder {index:0;}">
          <Coords points="512,1465 788,1465 788,1500 512,1500"/>
          <TextEquiv>
            <Unicode>SCHAEFFER,</Unicode>
          </TextEquiv>
        </Word>
        <Word id="word_1667895407814_59" custom="readingOrder {index:1;}">
          <Coords points="809,1456 845,1456 865,1460 909,1460 983,1457 983,1456 1009,1456 1010,1457 1028,1457 1029,1456 1053,1456 1055,1458 1076,1458 1077,1456 1101,1456 1104,1458 1113,1456 1185,1456 1187,1457 1189,1456 1207,1456 1220,1457 1224,1456 1255,1456 1258,1458 1297,1460 1297,1500 1097,1501 809,1501"/>
          <TextEquiv conf="0.88373685">
            <Unicode>Freymersheimio-Palatino</Unicode>
          </TextEquiv>
        </Word>
        <Word id="word_1667895407814_61" custom="readingOrder {index:2;}">
          <Coords points="1311,1459 1312,1459 1313,1458 1331,1458 1350,1460 1360,1459 1363,1458 1392,1457 1394,1458 1423,1458 1423,1501 1311,1501"/>
          <TextEquiv>
            <Unicode>1762.</Unicode>
          </TextEquiv>
        </Word>
        <TextEquiv>
          <Unicode>SCHAEFFER, Freymersheimio-Palatino 1762.</Unicode>
        </TextEquiv>
      </TextLine>
      <TextEquiv>
        <Unicode>Diſſ. theol. ad Rom. V. 12. 18. 19. reſp. J. J.
SCHAEFFER, Freymersheimio-Palatino 1762. i762.</Unicode>
      </TextEquiv>
    </TextRegion>
    <TextRegion id="TextRegion_1667895407762_55" custom="readingOrder {index:7;}" orientation="0.032735247" readingDirection="left-to-right">
      <Coords points="502,1501 1461,1501 1461,1821 502,1821"/>
      <TextLine id="region0002_line0021" custom="readingOrder {index:0;}">
        <Coords points="1209,1500 1182,1502 1175,1509 1168,1510 1134,1510 1129,1502 1116,1502 1110,1510 1098,1510 1092,1502 1079,1502 1074,1510 949,1511 943,1505 932,1505 926,1511 922,1511 917,1510 911,1503 897,1503 876,1514 866,1510 834,1511 807,1504 793,1504 779,1510 768,1508 735,1514 710,1514 708,1509 701,1505 691,1506 686,1513 663,1511 656,1504 635,1507 605,1503 516,1505 508,1506 503,1511 503,1541 510,1556 524,1558 639,1557 642,1562 655,1563 662,1557 669,1556 801,1559 845,1556 890,1559 895,1563 916,1564 927,1555 952,1557 960,1554 977,1556 1122,1553 1138,1562 1144,1561 1154,1553 1239,1552 1256,1555 1291,1555 1295,1560 1304,1560 1313,1554 1328,1552 1346,1554 1412,1549 1461,1539 1461,1504 1393,1505 1333,1512 1315,1510 1313,1504 1307,1501 1290,1502 1283,1508 1268,1501"/>
        <Baseline points="506,1547 1303,1544 1461,1533"/>
        <Word id="region0002_line0021_word0000" custom="readingOrder {index:0;}">
          <Coords points="564,1511 661,1511 661,1556 564,1556"/>
          <TextEquiv conf="0.9294368">
            <Unicode>Nach</Unicode>
          </TextEquiv>
        </Word>
        <Word id="region0002_line0021_word0001" custom="readingOrder {index:1;}">
          <Coords points="677,1513 677,1549 760,1549 760,1513 740,1513 735,1514 710,1514 709,1513 686,1513"/>
          <TextEquiv conf="0.9291">
            <Unicode>einer</Unicode>
          </TextEquiv>
        </Word>
        <Word id="region0002_line0021_word0002" custom="readingOrder {index:2;}">
          <Coords points="781,1509 779,1510 779,1557 830,1557 845,1556 860,1557 924,1557 927,1555 952,1557 958,1554 958,1510 949,1511 947,1509 928,1509 926,1511 922,1511 917,1510 916,1509 885,1509 876,1514 866,1510 834,1511 826,1509"/>
          <TextEquiv conf="0.9267431">
            <Unicode>Krankheit</Unicode>
          </TextEquiv>
        </Word>
        <Word id="region0002_line0021_word0003" custom="readingOrder {index:3;}">
          <Coords points="983,1519 1047,1519 1047,1546 983,1546"/>
          <TextEquiv conf="0.930266">
            <Unicode>von</Unicode>
          </TextEquiv>
        </Word>
        <Word id="region0002_line0021_word0004" custom="readingOrder {index:4;}">
          <Coords points="1188,1511 1064,1511 1064,1554 1122,1553 1127,1556 1150,1556 1154,1553 1188,1552"/>
          <TextEquiv conf="0.9188396">
            <Unicode>einigen</Unicode>
          </TextEquiv>
        </Word>
        <Word id="region0002_line0021_word0005" custom="readingOrder {index:5;}">
          <Coords points="1206,1511 1206,1552 1239,1552 1256,1555 1291,1555 1291,1556 1310,1556 1313,1554 1328,1552 1346,1554 1351,1553 1351,1511 1341,1511 1333,1512 1324,1511"/>
          <TextEquiv conf="0.9278534">
            <Unicode>Wochen</Unicode>
          </TextEquiv>
        </Word>
        <Word id="region0002_line0021_word0006" custom="readingOrder {index:6;}">
          <Coords points="1376,1518 1426,1517 1426,1546 1376,1547"/>
          <TextEquiv conf="0.80327606">
            <Unicode>en⸗</Unicode>
          </TextEquiv>
        </Word>
        <TextEquiv conf="0.9093593">
          <Unicode>Nach einer Krankheit von einigen Wochen en⸗</Unicode>
        </TextEquiv>
      </TextLine>
      <TextLine id="region0002_line0022" custom="readingOrder {index:1;}">
        <Coords points="1442,1545 1397,1551 1393,1558 1364,1553 1328,1553 1313,1555 1304,1561 1289,1562 1281,1559 1246,1562 1244,1555 1239,1553 1222,1555 1215,1562 1172,1562 1170,1555 1154,1554 1144,1562 1138,1563 1122,1554 1110,1555 1104,1561 1046,1561 1040,1555 1031,1555 1023,1561 989,1563 978,1563 977,1558 972,1555 960,1555 947,1562 941,1562 940,1558 935,1556 927,1556 916,1565 870,1562 867,1559 845,1557 815,1558 810,1562 793,1559 780,1564 762,1564 758,1559 743,1559 739,1565 728,1566 708,1565 703,1558 690,1558 685,1561 678,1557 664,1558 655,1564 554,1564 547,1558 533,1558 528,1561 523,1558 512,1558 503,1560 503,1609 539,1610 543,1615 559,1617 573,1609 656,1608 659,1614 667,1616 675,1614 679,1608 752,1609 771,1606 785,1609 795,1606 837,1608 844,1605 868,1609 925,1608 937,1604 967,1607 1026,1603 1090,1606 1105,1604 1112,1612 1119,1612 1125,1606 1150,1607 1155,1610 1187,1606 1197,1611 1216,1606 1222,1612 1234,1615 1242,1613 1245,1607 1255,1606 1357,1605 1370,1608 1400,1600 1461,1600 1461,1545"/>
        <Baseline points="503,1599 1461,1590"/>
        <Word id="region0002_line0022_word0000" custom="readingOrder {index:0;}">
          <Coords points="512,1601 597,1601 597,1564 554,1564 547,1558 533,1558 528,1561 523,1558 512,1558"/>
          <TextEquiv conf="0.9232154">
            <Unicode>digte</Unicode>
          </TextEquiv>
        </Word>
        <Word id="region0002_line0022_word0001" custom="readingOrder {index:1;}">
          <Coords points="614,1565 645,1565 645,1591 614,1591"/>
          <TextEquiv conf="0.9326028">
            <Unicode>er</Unicode>
          </TextEquiv>
        </Word>
        <Word id="region0002_line0022_word0002" custom="readingOrder {index:2;}">
          <Coords points="662,1601 725,1601 725,1565 708,1565 703,1558 690,1558 685,1561 678,1557 664,1558 662,1559"/>
          <TextEquiv conf="0.931112">
            <Unicode>ſein</Unicode>
          </TextEquiv>
        </Word>
        <Word id="region0002_line0022_word0003" custom="readingOrder {index:3;}">
          <Coords points="815,1558 810,1562 793,1559 780,1564 762,1564 758,1559 745,1559 745,1600 911,1600 911,1564 870,1562 867,1559 856,1558"/>
          <TextEquiv conf="0.93183565">
            <Unicode>irrdiſches</Unicode>
          </TextEquiv>
        </Word>
        <Word id="region0002_line0022_word0004" custom="readingOrder {index:4;}">
          <Coords points="960,1555 947,1562 941,1562 940,1558 935,1556 927,1556 921,1560 921,1594 1014,1594 1014,1561 989,1563 978,1563 977,1558 972,1555"/>
          <TextEquiv conf="0.931026">
            <Unicode>Leben</Unicode>
          </TextEquiv>
        </Word>
        <Word id="region0002_line0022_word0005" custom="readingOrder {index:5;}">
          <Coords points="1032,1558 1032,1591 1089,1591 1089,1561 1046,1561 1043,1558"/>
          <TextEquiv conf="0.9324637">
            <Unicode>den</Unicode>
          </TextEquiv>
        </Word>
        <Word id="region0002_line0022_word0006" custom="readingOrder {index:6;}">
          <Coords points="1320,1554 1313,1555 1304,1561 1289,1562 1281,1559 1246,1562 1244,1555 1239,1553 1222,1555 1215,1562 1172,1562 1170,1555 1154,1554 1144,1562 1138,1563 1122,1554 1110,1555 1108,1557 1108,1607 1124,1607 1125,1606 1150,1607 1179,1607 1187,1606 1189,1607 1212,1607 1216,1606 1217,1607 1245,1607 1255,1606 1320,1605"/>
          <TextEquiv conf="0.9296651">
            <Unicode>ſechszehnten</Unicode>
          </TextEquiv>
        </Word>
        <Word id="region0002_line0022_word0007" custom="readingOrder {index:7;}">
          <Coords points="1426,1547 1397,1551 1393,1558 1364,1553 1334,1553 1334,1605 1357,1605 1364,1606 1375,1606 1400,1600 1426,1600"/>
          <TextEquiv conf="0.9276881">
            <Unicode>April</Unicode>
          </TextEquiv>
        </Word>
        <TextEquiv conf="0.9299511">
          <Unicode>digte er ſein irrdiſches Leben den ſechszehnten April</Unicode>
        </TextEquiv>
      </TextLine>
      <TextLine id="region0002_line0023" custom="readingOrder {index:2;}">
        <Coords points="1400,1601 1388,1607 1364,1609 1354,1606 1312,1614 1234,1616 1224,1614 1216,1607 1209,1607 1201,1612 1187,1607 1174,1607 1162,1611 1147,1609 1112,1613 1105,1605 1096,1605 1089,1612 1044,1612 1038,1606 1026,1604 968,1607 955,1612 949,1606 937,1605 926,1608 924,1613 903,1614 888,1614 879,1608 863,1610 844,1606 837,1609 795,1607 782,1613 775,1608 766,1607 749,1612 708,1611 704,1614 667,1617 593,1616 589,1610 573,1610 559,1618 503,1616 503,1663 532,1662 539,1669 548,1670 563,1661 599,1667 611,1662 639,1664 700,1656 707,1659 746,1657 752,1659 759,1668 774,1667 778,1663 799,1668 818,1668 837,1663 842,1668 852,1668 869,1666 885,1660 937,1658 965,1661 1024,1661 1122,1654 1135,1655 1141,1662 1166,1657 1223,1657 1237,1665 1261,1666 1271,1660 1283,1658 1397,1654 1461,1645 1461,1611 1417,1610 1411,1603"/>
        <Baseline points="503,1651 731,1648 829,1656 1461,1638"/>
        <Word id="region0002_line0023_word0000" custom="readingOrder {index:0;}">
          <Coords points="562,1616 559,1618 516,1616 516,1662 532,1662 561,1662 563,1661 569,1662 611,1662 635,1662 635,1616 593,1616"/>
          <TextEquiv conf="0.9263533">
            <Unicode>1763,</Unicode>
          </TextEquiv>
        </Word>
        <Word id="region0002_line0023_word0001" custom="readingOrder {index:1;}">
          <Coords points="663,1620 729,1620 729,1651 663,1651"/>
          <TextEquiv conf="0.9317575">
            <Unicode>und</Unicode>
          </TextEquiv>
        </Word>
        <Word id="region0002_line0023_word0002" custom="readingOrder {index:2;}">
          <Coords points="809,1662 809,1615 744,1615 744,1657 746,1657 752,1659 754,1662"/>
          <TextEquiv conf="0.9281861">
            <Unicode>Hr.</Unicode>
          </TextEquiv>
        </Word>
        <Word id="region0002_line0023_word0003" custom="readingOrder {index:3;}">
          <Coords points="824,1612 824,1662 879,1662 885,1660 937,1658 959,1660 959,1612 955,1612 924,1612 924,1613 903,1614 888,1614 885,1612"/>
          <TextEquiv conf="0.92283547">
            <Unicode>Jacob</Unicode>
          </TextEquiv>
        </Word>
        <Word id="region0002_line0023_word0004" custom="readingOrder {index:4;}">
          <Coords points="977,1613 977,1661 1024,1661 1122,1654 1135,1655 1141,1662 1150,1660 1150,1613 1112,1613"/>
          <TextEquiv conf="0.9236962">
            <Unicode>Garcin,</Unicode>
          </TextEquiv>
        </Word>
        <Word id="region0002_line0023_word0005" custom="readingOrder {index:5;}">
          <Coords points="1177,1616 1177,1657 1223,1657 1231,1662 1267,1662 1271,1660 1283,1658 1328,1656 1328,1616 1234,1616"/>
          <TextEquiv conf="0.92288893">
            <Unicode>Linguae</Unicode>
          </TextEquiv>
        </Word>
        <Word id="region0002_line0023_word0006" custom="readingOrder {index:6;}">
          <Coords points="1424,1614 1343,1615 1343,1652 1417,1651 1424,1650"/>
          <TextEquiv conf="0.90953964">
            <Unicode>Gal-</Unicode>
          </TextEquiv>
        </Word>
        <TextEquiv conf="0.9236082">
          <Unicode>1763, und Hr. Jacob Garcin, Linguae Gal-</Unicode>
        </TextEquiv>
      </TextLine>
      <TextLine id="region0002_line0024" custom="readingOrder {index:3;}">
        <Coords points="1114,1655 1071,1657 1060,1663 1048,1665 953,1667 942,1666 937,1659 924,1659 907,1660 900,1666 874,1664 852,1669 842,1669 837,1664 818,1669 759,1669 752,1660 746,1658 707,1660 700,1657 686,1658 677,1666 611,1663 599,1668 548,1671 539,1670 532,1663 513,1662 503,1664 503,1712 733,1709 774,1713 782,1718 790,1718 804,1712 822,1710 835,1713 842,1709 893,1709 898,1712 914,1712 924,1719 934,1719 942,1713 973,1713 977,1717 986,1717 995,1713 1020,1710 1062,1710 1066,1716 1072,1717 1081,1715 1084,1710 1133,1709 1154,1710 1158,1715 1164,1716 1170,1715 1174,1710 1191,1710 1206,1706 1211,1706 1221,1714 1231,1709 1341,1706 1366,1715 1383,1706 1446,1701 1454,1691 1461,1696 1461,1659 1396,1660 1392,1655 1359,1656 1347,1663 1300,1664 1296,1659 1283,1659 1277,1664 1242,1667 1231,1665 1230,1661 1223,1658 1205,1659 1200,1664 1185,1664 1174,1658 1141,1663 1135,1656"/>
        <Baseline points="503,1702 990,1703 1454,1692 1454,1692 1461,1691"/>
        <Word id="region0002_line0024_word0000" custom="readingOrder {index:0;}">
          <Coords points="510,1669 510,1703 595,1703 595,1669 582,1669 548,1671 539,1670 538,1669"/>
          <TextEquiv conf="0.9201982">
            <Unicode>licae</Unicode>
          </TextEquiv>
        </Word>
        <Word id="region0002_line0024_word0001" custom="readingOrder {index:1;}">
          <Coords points="610,1664 610,1710 656,1710 733,1709 743,1710 796,1710 796,1669 759,1669 755,1664 679,1664 677,1666 633,1664"/>
          <TextEquiv>
            <Unicode>Profeſſor,</Unicode>
          </TextEquiv>
        </Word>
        <Word id="region0002_line0024_word0002" custom="readingOrder {index:2;}">
          <Coords points="833,1665 825,1667 825,1710 840,1710 842,1709 882,1709 882,1665 869,1665 852,1669 842,1669 838,1665"/>
          <TextEquiv conf="0.92767656">
            <Unicode>hat</Unicode>
          </TextEquiv>
        </Word>
        <Word id="region0002_line0024_word0003" custom="readingOrder {index:3;}">
          <Coords points="906,1664 906,1712 914,1712 996,1712 996,1666 953,1667 942,1666 940,1664"/>
          <TextEquiv conf="0.9260304">
            <Unicode>ihm,</Unicode>
          </TextEquiv>
        </Word>
        <Word id="region0002_line0024_word0004" custom="readingOrder {index:4;}">
          <Coords points="1085,1665 1048,1665 1022,1665 1022,1710 1062,1710 1062,1711 1083,1711 1084,1710 1085,1709"/>
          <TextEquiv conf="0.92203796">
            <Unicode>auf</Unicode>
          </TextEquiv>
        </Word>
        <Word id="region0002_line0024_word0005" custom="readingOrder {index:5;}">
          <Coords points="1104,1664 1104,1709 1133,1709 1154,1710 1154,1711 1173,1711 1174,1710 1191,1710 1206,1706 1211,1706 1217,1711 1227,1711 1231,1709 1267,1708 1267,1664 1242,1667 1231,1665 1230,1664 1200,1664 1185,1664"/>
          <TextEquiv conf="0.9193701">
            <Unicode>Erſuchen</Unicode>
          </TextEquiv>
        </Word>
        <Word id="region0002_line0024_word0006" custom="readingOrder {index:6;}">
          <Coords points="1286,1669 1339,1669 1339,1703 1286,1703"/>
          <TextEquiv conf="0.92603004">
            <Unicode>der</Unicode>
          </TextEquiv>
        </Word>
        <Word id="region0002_line0024_word0007" custom="readingOrder {index:7;}">
          <Coords points="1426,1665 1356,1666 1356,1711 1360,1712 1370,1712 1383,1706 1426,1702"/>
          <TextEquiv conf="0.9088778">
            <Unicode>hin⸗</Unicode>
          </TextEquiv>
        </Word>
        <TextEquiv>
          <Unicode>licae Profeſſor, hat ihm, auf Erſuchen der hin⸗</Unicode>
        </TextEquiv>
      </TextLine>
      <TextLine id="region0002_line0025" custom="readingOrder {index:4;}">
        <Coords points="1402,1704 1396,1706 1393,1712 1366,1716 1341,1707 1300,1708 1280,1715 1221,1715 1211,1707 1206,1707 1194,1710 1190,1715 1164,1717 1139,1716 1133,1710 1122,1710 1115,1716 1072,1718 1030,1715 1020,1711 986,1718 934,1720 903,1716 893,1710 842,1710 835,1714 822,1711 804,1713 793,1719 758,1718 751,1712 733,1710 691,1711 682,1718 655,1720 629,1720 622,1712 595,1712 589,1718 577,1718 573,1713 560,1713 551,1719 503,1720 503,1765 586,1765 590,1770 603,1768 614,1772 620,1765 630,1764 714,1764 728,1768 737,1762 757,1764 882,1761 941,1762 966,1765 969,1769 977,1770 987,1765 1129,1757 1134,1760 1161,1760 1171,1767 1195,1762 1198,1766 1211,1768 1219,1766 1222,1762 1257,1760 1277,1762 1299,1769 1357,1769 1390,1759 1461,1752 1461,1710 1419,1710 1413,1704"/>
        <Baseline points="503,1755 1118,1748 1331,1758 1461,1744"/>
        <Word id="region0002_line0025_word0000" custom="readingOrder {index:0;}">
          <Coords points="552,1718 551,1719 510,1719 510,1764 630,1764 692,1764 692,1718 682,1718 655,1720 629,1720 627,1718 589,1718 577,1718"/>
          <TextEquiv conf="0.92938596">
            <Unicode>terlaſſenen</Unicode>
          </TextEquiv>
        </Word>
        <Word id="region0002_line0025_word0001" custom="readingOrder {index:1;}">
          <Coords points="710,1716 710,1762 737,1762 800,1762 800,1716 798,1716 793,1719 758,1718 755,1716"/>
          <TextEquiv conf="0.92586607">
            <Unicode>Frau</Unicode>
          </TextEquiv>
        </Word>
        <Word id="region0002_line0025_word0002" custom="readingOrder {index:2;}">
          <Coords points="827,1717 827,1762 840,1762 882,1761 941,1762 988,1762 988,1717 986,1718 934,1720 910,1717"/>
          <TextEquiv conf="0.91819227">
            <Unicode>Wittwe,</Unicode>
          </TextEquiv>
        </Word>
        <Word id="region0002_line0025_word0003" custom="readingOrder {index:3;}">
          <Coords points="1015,1719 1074,1719 1074,1754 1015,1754"/>
          <TextEquiv conf="0.92920226">
            <Unicode>den</Unicode>
          </TextEquiv>
        </Word>
        <Word id="region0002_line0025_word0004" custom="readingOrder {index:4;}">
          <Coords points="1117,1714 1115,1716 1098,1716 1098,1758 1129,1757 1134,1760 1161,1760 1163,1762 1195,1762 1222,1762 1257,1760 1277,1762 1296,1762 1296,1714 1282,1714 1280,1715 1221,1715 1219,1714 1190,1714 1190,1715 1164,1717 1139,1716 1137,1714"/>
          <TextEquiv conf="0.9236686">
            <Unicode>vierzehnten</Unicode>
          </TextEquiv>
        </Word>
        <Word id="region0002_line0025_word0005" custom="readingOrder {index:5;}">
          <Coords points="1318,1715 1318,1763 1378,1762 1390,1759 1426,1755 1426,1714 1376,1714 1366,1716 1362,1714"/>
          <TextEquiv conf="0.8754714">
            <Unicode>Juni⸗</Unicode>
          </TextEquiv>
        </Word>
        <TextEquiv conf="0.9169645">
          <Unicode>terlaſſenen Frau Wittwe, den vierzehnten Juni⸗</Unicode>
        </TextEquiv>
      </TextLine>
      <TextLine id="region0002_line0026" custom="readingOrder {index:5;}">
        <Coords points="1117,1758 1108,1761 1103,1767 1037,1768 1032,1763 1024,1763 1015,1768 977,1771 946,1770 941,1763 927,1763 920,1768 916,1763 903,1763 895,1770 887,1769 886,1764 882,1762 870,1762 862,1769 835,1769 829,1762 819,1762 809,1765 806,1769 801,1764 777,1764 769,1770 753,1770 747,1763 737,1763 728,1769 707,1766 705,1772 609,1773 603,1769 590,1771 581,1766 571,1766 566,1770 505,1772 503,1817 607,1816 630,1817 633,1821 661,1821 665,1817 725,1816 729,1821 751,1821 754,1816 812,1816 814,1821 832,1821 835,1816 926,1815 930,1821 944,1821 950,1815 1046,1814 1066,1817 1070,1821 1091,1821 1097,1817 1108,1817 1111,1821 1128,1821 1135,1814 1142,1813 1293,1816 1298,1811 1297,1786 1293,1783 1271,1783 1269,1773 1264,1768 1171,1768 1161,1761 1149,1766 1135,1766 1134,1761 1129,1758"/>
        <Baseline points="503,1807 1298,1807"/>
        <Word id="region0002_line0026_word0000" custom="readingOrder {index:0;}">
          <Coords points="510,1775 555,1775 555,1806 510,1806"/>
          <TextEquiv conf="0.92916834">
            <Unicode>us</Unicode>
          </TextEquiv>
        </Word>
        <Word id="region0002_line0026_word0001" custom="readingOrder {index:1;}">
          <Coords points="572,1770 572,1805 621,1805 621,1772 609,1773 604,1770 596,1770 590,1771 588,1770"/>
          <TextEquiv conf="0.93019485">
            <Unicode>die</Unicode>
          </TextEquiv>
        </Word>
        <Word id="region0002_line0026_word0002" custom="readingOrder {index:2;}">
          <Coords points="706,1767 705,1772 639,1772 639,1815 851,1815 851,1769 835,1769 833,1767 807,1767 806,1769 804,1767 773,1767 769,1770 753,1770 750,1767 731,1767 728,1769 714,1767"/>
          <TextEquiv conf="0.92567724">
            <Unicode>gewoͤhnliche</Unicode>
          </TextEquiv>
        </Word>
        <Word id="region0002_line0026_word0003" custom="readingOrder {index:3;}">
          <Coords points="868,1767 868,1814 1046,1814 1058,1814 1058,1767 1037,1768 1036,1767 1016,1767 1015,1768 977,1771 946,1770 943,1767 921,1767 920,1768 919,1767 898,1767 895,1770 887,1769 886,1767"/>
          <TextEquiv conf="0.9276478">
            <Unicode>Leichenrede</Unicode>
          </TextEquiv>
        </Word>
        <Word id="region0002_line0026_word0004" custom="readingOrder {index:4;}">
          <Coords points="1105,1764 1103,1767 1074,1767 1074,1814 1135,1814 1142,1813 1192,1814 1234,1814 1234,1768 1171,1768 1165,1764 1153,1764 1149,1766 1135,1766 1134,1764"/>
          <TextEquiv conf="0.927034">
            <Unicode>gehalten.</Unicode>
          </TextEquiv>
        </Word>
        <TextEquiv conf="0.9279445">
          <Unicode>us die gewoͤhnliche Leichenrede gehalten.</Unicode>
        </TextEquiv>
      </TextLine>
      <TextEquiv>
        <Unicode>Nach einer Krankheit von einigen Wochen en⸗
digte er ſein irrdiſches Leben den ſechszehnten April
1763, und Hr. Jacob Garcin, Linguae Gal-
licae Profeſſor, hat ihm, auf Erſuchen der hin⸗
terlaſſenen Frau Wittwe, den vierzehnten Juni⸗
us die gewoͤhnliche Leichenrede gehalten.</Unicode>
      </TextEquiv>
    </TextRegion>
    <TextRegion id="region_1682587701033_1266" custom="readingOrder {index:8;}">
      <Coords points="554,1839 554,1892 957,1892 957,1839"/>
      <TextLine id="line_1682587701114_1269" custom="readingOrder {index:0;}">
        <Coords points="554,1839 554,1892 957,1892 957,1839"/>
        <Word id="word_1682587727994_1304" custom="readingOrder {index:0;}">
          <Coords points="554,1839 631,1839 631,1892 554,1892"/>
          <TextEquiv>
            <Unicode>den</Unicode>
          </TextEquiv>
        </Word>
        <Word id="word_1682587727994_1303" custom="readingOrder {index:1;}">
          <Coords points="631,1839 708,1839 708,1892 631,1892"/>
          <TextEquiv>
            <Unicode>16.</Unicode>
          </TextEquiv>
        </Word>
        <Word id="word_1682587727246_1299" custom="readingOrder {index:2;}">
          <Coords points="708,1839 827,1839 827,1892 708,1892"/>
          <TextEquiv>
            <Unicode>Sept.</Unicode>
          </TextEquiv>
        </Word>
        <Word id="word_1682587725667_1295" custom="readingOrder {index:3;}">
          <Coords points="827,1839 957,1839 957,1892 827,1892"/>
          <TextEquiv>
            <Unicode>1764.</Unicode>
          </TextEquiv>
        </Word>
        <TextEquiv>
          <Unicode>den 16. Sept. 1764.</Unicode>
        </TextEquiv>
      </TextLine>
      <TextEquiv>
        <Unicode>den 16. Sept. 1764.</Unicode>
      </TextEquiv>
    </TextRegion>
    <TextRegion id="region_1682587704542_1275" custom="readingOrder {index:9;}">
      <Coords points="1074,1878 1074,1945 1363,1945 1363,1878"/>
      <TextLine id="line_1682587704599_1278" custom="readingOrder {index:0;}">
        <Coords points="1074,1878 1074,1945 1363,1945 1363,1878"/>
        <Word id="word_1682587704654_1281" custom="readingOrder {index:0;}">
          <Coords points="1074,1878 1363,1878 1363,1945 1074,1945"/>
          <TextEquiv>
            <Unicode>V.F.B.S.</Unicode>
          </TextEquiv>
        </Word>
        <TextEquiv>
          <Unicode>V.F.B.S.</Unicode>
        </TextEquiv>
      </TextLine>
      <TextEquiv>
        <Unicode>V.F.B.S.</Unicode>
      </TextEquiv>
    </TextRegion>
    <GraphicRegion id="Graphic_1682587713756_1284" custom="readingOrder {index:0;}">
      <Coords points="877,1981 1055,1981 1055,2025 877,2025"/>
    </GraphicRegion>
  </Page>
</PcGts>
