1938 2301
644 223 683 251 lich
691 225 731 247 und
740 224 885 252 unangenehm
893 225 937 258 vor,
942 227 1010 254 andere
1025 230 1072 252 aber
1079 227 1141 254 hoͤren
1154 234 1177 251 es

645 259 716 281 gerne,
731 257 763 279 und
776 257 840 281 haben
854 263 889 280 ein
900 258 1033 285 ſonderbares
1047 258 1175 285 Vergnuͤgen

645 285 718 308 daran.
746 288 792 310 Die
802 287 906 312 Wachtel,
913 293 971 310 wenn
984 288 1009 313 ſie
1022 287 1069 311 noch
1081 288 1100 310 ſo
1112 289 1174 312 zahm,

646 316 676 338 ja,
687 317 726 335 wenn
742 313 774 338 ſie
786 313 813 338 ihr
818 310 892 340 Lebtag
900 314 952 339 nicht
959 312 984 337 in
994 317 1039 339 dem
1052 317 1101 341 Feld
1115 318 1178 337 gewe⸗

646 339 681 366 ſen
694 340 724 365 iſt,
747 343 809 364 nimmt
818 337 869 368 doch
874 346 913 364 von
924 342 1001 366 Stund
1013 349 1047 363 an,
1059 344 1083 363 da
1101 344 1126 368 ſie
1144 344 1177 365 ins

648 370 705 392 Gras
717 364 808 394 koͤmmt,
825 369 868 395 ihre
880 370 993 393 natuͤrliche
1005 373 1129 394 Wildigkeit
1143 372 1176 393 an.

647 398 703 421 Kein
710 397 779 422 Vogel
786 396 856 419 bruͤtet
863 397 929 422 ſpaͤter
937 403 965 421 im
971 399 1026 424 Jahr
1033 401 1065 419 als
1071 394 1104 423 die
1105 394 1176 426 Wach⸗

647 424 686 447 tel.
710 420 764 449 Viele
782 421 896 448 verrichten
905 427 942 450 erſt
954 432 983 449 im
994 427 1123 452 September
1135 426 1174 452 ihre

647 447 715 475 dritte
720 448 791 477 Brut.
827 453 871 475 Sie
883 453 943 477 legen
954 452 1013 479 zehen
1024 454 1056 477 bis
1071 454 1173 479 vierzehen

649 478 710 503 Eyer,
722 478 763 500 und
776 477 799 503 iſt
815 477 879 504 dieſes
895 478 992 504 beſonder
1007 485 1033 502 an
1047 480 1123 506 ihnen,
1139 482 1176 504 daß

648 505 766 530 Maͤnnlein
788 507 831 528 und
856 508 961 531 Weiblem
979 509 1033 532 nicht
1047 509 1177 536 beyſammen

648 535 738 559 bleiben,
750 535 836 557 ſondern
848 536 867 560 ſo
883 537 931 556 bald
949 540 986 556 das
1003 537 1110 561 Weiblein
1123 539 1178 561 Eyer

647 561 700 584 legt,
715 560 736 586 ſo
747 557 795 583 bald
809 560 865 587 ſucht
881 562 929 587 auch
944 564 982 585 der
998 562 1048 588 Han
1065 568 1097 585 ein
1114 563 1177 586 ander

646 590 762 612 Weiblein,
773 590 815 612 und
826 592 902 615 kommt
912 593 966 617 nicht
978 592 1035 617 mehr
1047 598 1069 619 zu
1085 593 1130 616 dem
1142 599 1174 617 vo⸗

646 618 716 640 rigen.
742 617 785 640 Sie
803 617 845 641 ſind
862 615 952 641 uͤberaus
971 618 1030 645 leicht
1047 618 1177 645 aufzubehal⸗

646 645 697 667 ten;
711 643 785 669 iedoch,
791 649 851 668 wenn
858 645 885 670 ſie
893 647 947 672 recht
956 645 1013 673 friſch
1027 646 1119 672 bleiben,
1131 650 1175 672 und

648 672 719 695 etliche
736 672 792 698 Jahr
814 673 863 696 nach
888 675 987 697 einander
1002 675 1091 703 ſchlagen
1108 675 1177 702 ſollen,

646 699 746 723 brauchen
755 700 780 724 ſie
791 702 840 723 gute
846 701 959 727 Wartung.
987 702 1031 725 Die
1039 708 1108 728 junge,
1115 709 1175 727 wenn

647 728 675 752 ſie
692 733 731 749 nur
750 728 794 750 acht
814 729 872 754 Tage
889 728 919 752 alt
938 731 990 755 ſind,
1014 730 1115 758 bedoͤrffen
1127 733 1175 755 lang

647 755 705 778 nicht
714 755 735 778 ſo
745 758 788 778 viel
796 756 867 783 Muͤhe
877 758 909 780 als
923 760 987 783 junge
1003 757 1126 784 Rebhüͤner,
1141 762 1173 783 die

647 782 700 808 ohne
726 783 866 812 Ameis⸗Eyer
891 783 945 813 nicht
963 785 1108 812 aufzubringen
1124 786 1173 813 ſind,

647 802 735 831 ſondern
746 809 772 830 ſie
784 805 873 831 nehmen
885 809 923 829 mit
935 806 1038 834 gehackten
1052 808 1119 834 Eyern
1132 814 1175 836 und

646 831 722 860 Hirſen
732 832 817 859 vorlieb,
826 838 885 858 wenn
896 833 922 859 ſie
935 840 973 859 nur
986 841 1024 858 von
1037 836 1091 862 ihrer
1108 837 1175 863 Mut⸗

644 868 687 887 ter,
698 864 746 887 oder
757 870 799 887 von
807 870 876 888 einem
892 868 970 893 andern
986 868 1093 892 Weiblein
1108 870 1173 897 (denn

644 891 682 916 faſt
694 896 727 913 ein
738 888 796 913 iedes
802 889 877 916 nimmt
889 893 925 919 ſich
942 891 1031 921 fremder
1049 893 1123 923 Jungen
1135 901 1174 919 an)

646 915 743 943 gefuͤhret
753 919 795 941 und
808 918 897 942 bedecket
907 919 1000 943 werden:
1022 922 1077 945 Aber
1087 923 1125 944 den
1141 926 1174 944 er⸗

645 949 687 972 ſten
701 947 755 971 Tag,
769 949 794 970 da
805 949 830 972 ſie
841 949 979 976 auskriechen,
994 951 1036 975 und
1056 952 1088 975 bis
1101 955 1171 975 etwan

646 973 685 1000 auf
695 974 733 996 den
746 976 889 1005 vierzehenden
900 977 947 1000 oder
963 977 1112 1006 funfzehenden
1124 980 1170 1004 Tag

646 998 708 1027 ſollen
719 998 745 1024 ſie
757 999 813 1025 billig
825 1000 892 1029 friſche
899 996 1038 1034 Ameis⸗Eyer
1045 1006 1171 1031 bekommen,

645 1030 706 1048 wenn
713 1021 758 1053 man
762 1026 798 1049 die
809 1031 874 1055 gantze
886 1027 967 1055 Schaar
984 1028 1107 1055 aufbringen
1119 1037 1170 1059 will.

644 1059 676 1080 Es
686 1057 708 1077 iſt
716 1061 747 1079 ein
756 1057 813 1081 geiler
820 1056 896 1084 Vogel,
904 1058 923 1086 ſo
936 1065 977 1085 gar,
991 1059 1021 1084 daß
1032 1066 1055 1083 er
1066 1064 1105 1084 aus
1115 1061 1169 1088 blin⸗

644 1087 680 1107 der
687 1084 790 1107 Begierde
800 1085 871 1110 oͤffters
878 1090 922 1108 eine
931 1087 1086 1111 vorkommende
1102 1088 1169 1115 Kroͤte

644 1116 672 1134 an
677 1105 720 1141 ſtat
734 1106 762 1139 des
773 1109 831 1140 Huns
834 1108 904 1144 tritt,
904 1113 946 1136 und
958 1118 1018 1137 wenn
1029 1121 1049 1137 er
1060 1115 1095 1141 ſich
1107 1120 1129 1139 in
1139 1119 1169 1139 ei⸗

644 1140 691 1160 nem
703 1136 793 1163 Spiegel
804 1138 891 1162 erblickt,
903 1141 941 1162 aus
951 1139 1047 1166 gleichem
1053 1140 1127 1168 Triebe
1139 1143 1171 1174 zu⸗

643 1164 712 1191 laͤufft,
721 1164 762 1188 und
775 1169 796 1187 in
804 1165 868 1188 denen
878 1165 931 1193 ihme
943 1167 1035 1193 gelegten
1052 1167 1168 1196 Schlingen

642 1193 680 1219 ſich
688 1192 805 1218 verſtricket.
835 1196 879 1220 Sie
889 1196 980 1220 kommen
991 1197 1028 1223 erſt
1038 1203 1066 1222 im
1078 1199 1133 1224 May
1144 1205 1159 1225 zu

640 1222 689 1246 uns,
696 1224 738 1245 und
749 1221 791 1247 ſind
798 1228 837 1246 von
844 1223 917 1250 ſolcher
927 1224 969 1250 Zeit
980 1230 1008 1250 an,
1019 1224 1043 1252 bis
1050 1231 1070 1248 in
1078 1230 1115 1249 den
1124 1229 1168 1253 Au⸗

641 1250 684 1274 guſt
693 1255 726 1271 am
733 1249 798 1274 beſten
805 1254 844 1272 mit
851 1254 896 1273 dem
911 1247 955 1279 Ruff
967 1254 999 1277 und
1011 1253 1170 1281 Steck⸗Gaͤrn⸗

642 1277 692 1301 lein,
699 1277 746 1299 oder
753 1276 800 1303 noch
807 1281 847 1301 mit
853 1279 910 1301 mehr
914 1275 963 1311 Luſt,
972 1280 1085 1312 vermittelſt
1095 1283 1167 1307 vorſte⸗

643 1300 720 1327 hender
725 1299 831 1327 Hunde,in
839 1302 903 1326 denen
911 1303 993 1331 Wieſen
1000 1307 1039 1326 mit
1045 1305 1090 1328 dem
1101 1306 1166 1331 Tiraß

641 1333 665 1355 zu
670 1327 752 1355 fangen.
779 1330 827 1353 Der
837 1331 997 1358 Wachtel⸗Fang
1012 1335 1051 1355 mit
1066 1333 1105 1356 dem
1119 1332 1168 1366 Ruff

640 1359 692 1381 wird
700 1359 735 1385 auf
741 1358 839 1387 vielerley
845 1359 912 1388 Weiſe
919 1361 1026 1390 inFeldern
1034 1363 1073 1387 und
1080 1364 1162 1391 Wieſen

642 1387 812 1409 vorgenommen;
828 1389 890 1409 wenn
890 1389 915 1410 er
921 1383 957 1417 aber
973 1384 1027 1418 recht
1031 1388 1157 1413 vollkommen

642 1410 689 1436 ſeyn
698 1409 740 1435 ſoll,
749 1410 795 1436 muß
809 1416 828 1434 er
840 1417 862 1435 in
873 1416 928 1435 einer
934 1412 1003 1437 Ebene
1011 1413 1163 1441 folgender
1130 1417 1167 1446 Ge⸗

641 1437 687 1462 ſtalt
692 1442 810 1466 angeſtellet
810 1443 909 1466 werden:
915 1443 1030 1472 DerJaͤger
1043 1446 1083 1474 oder
1102 1448 1162 1477 Wach⸗

639 1466 761 1491 tel⸗Faͤnger
770 1470 824 1492 leget
830 1468 880 1495 ſich
878 1468 914 1496 mit
923 1471 968 1493 dem
978 1471 1133 1500 Wachtel⸗Ruff
1142 1481 1161 1498 in

642 1498 680 1518 das
688 1496 736 1519 hohe
744 1498 808 1518 Gras,
818 1499 864 1520 oder
871 1497 1050 1526 halb⸗gewachſene
1062 1501 1162 1525 Getraide

640 1522 676 1545 auf
685 1517 721 1544 die
721 1522 787 1544 Erde:
795 1522 914 1550 Ohngefehr
920 1524 978 1551 zehen
984 1524 1066 1552 Schritt
1073 1531 1111 1549 von
1119 1533 1159 1553 ihm

639 1549 678 1568 auf
688 1549 760 1573 beyden
765 1549 844 1573 Seiten
852 1550 927 1577 haͤnget
934 1556 981 1574 man
988 1557 1014 1575 an
1026 1553 1103 1577 Stoͤcke
1112 1561 1160 1578 oder

639 1572 725 1600 Pfaͤhle,
739 1573 797 1599 etwan
808 1578 928 1605 anderthalb
935 1580 995 1604 Ellen
1011 1579 1057 1607 hoch
1068 1585 1108 1604 von
1125 1588 1161 1606 der

640 1600 703 1627 Erde,
714 1611 760 1627 zwey
771 1607 930 1630 Lock⸗Weiblein
938 1614 958 1631 in
968 1608 1161 1639 Vogel⸗Haͤuſern,

639 1633 674 1651 die
689 1637 719 1651 wie
730 1631 903 1656 Hand⸗Koͤrblein
919 1632 1012 1660 geſtaltet
1028 1636 1083 1660 ſind;
1107 1645 1158 1663 zwey

638 1659 734 1682 Schritte
742 1663 806 1682 auſſer
812 1659 919 1685 denſelben
928 1661 994 1688 ſtehen
1003 1663 1037 1693 auf
1045 1666 1159 1690 vierSeiten

639 1685 807 1712 Flug⸗Gaͤrnlein
814 1693 839 1707 an
848 1687 938 1712 Stoͤcken
945 1690 993 1710 oder
1004 1689 1097 1716 Furckeln
1110 1697 1159 1717 han⸗

639 1713 699 1737 gend,
709 1717 745 1734 nur
756 1718 802 1737 zwey
810 1711 920 1741 Schritt
906 1713 943 1740 von
950 1716 993 1738 dem
1007 1723 1034 1740 im
1046 1720 1110 1743 Graſe
1121 1725 1159 1743 lie⸗

638 1740 717 1764 genden
727 1739 791 1766 Jaͤger
797 1739 866 1764 ſtecken
874 1744 936 1766 rings
948 1741 974 1770 um
983 1743 1017 1766 ihn
1033 1747 1067 1771 her
1083 1749 1157 1772 Wach⸗

637 1767 871 1792 tel⸗Steck⸗Gaͤrnlein,
878 1765 911 1791 und
928 1768 944 1795 er
940 1769 1005 1796 ſelbſt
1008 1773 1041 1801 iſt
1045 1778 1078 1802 mit
1092 1788 1157 1804 einem

639 1796 705 1818 Tiraß
716 1794 833 1820 uͤberzogen.
875 1798 918 1822 Auf
933 1799 984 1824 dieſe
995 1800 1063 1826 Weiſe
1079 1804 1157 1825 koͤnnen

637 1817 669 1846 gar
680 1821 739 1847 leicht
749 1827 769 1844 in
782 1826 839 1845 einer
854 1822 969 1851 Stallung,
983 1826 1041 1847 deren
1058 1829 1093 1850 ſich
1111 1835 1155 1852 doch

637 1855 659 1871 in
667 1855 733 1873 einem
741 1851 809 1874 Abend
820 1849 869 1874 wohl
880 1856 913 1876 zwo
922 1852 1003 1877 machen
1015 1855 1081 1881 laſſen,
1093 1859 1155 1882 funff⸗

636 1876 695 1901 zehen
704 1872 738 1900 bis
749 1877 829 1904 zwantzig
841 1878 948 1905 Wachteln
959 1879 1057 1906 gefangen
1068 1887 1155 1909 werden,

637 1904 721 1927 welches
728 1905 765 1927 den
772 1903 873 1928 Sommer
880 1903 928 1928 uͤber
936 1910 967 1928 ein
974 1909 1047 1933 groſſes
1055 1914 1148 1935 austraͤgt.

635 1932 729 1955 Sonſten
736 1935 784 1955 wird
791 1936 824 1955 der
830 1933 1000 1961 Wachtel⸗Fang
1012 1938 1059 1960 auch
1070 1941 1107 1962 auf
1117 1943 1155 1968 fol⸗

635 1959 698 1980 gende
714 1959 783 1984 Weiſe
796 1960 924 1985 angeſtellet:
939 1963 995 1985 Man
1004 1962 1058 1989 ſetzet
1069 1968 1111 1988 acht
1121 1971 1153 1988 bis

636 1992 699 2008 neun,
713 1989 758 2011 auch
775 1989 828 2011 wohl
838 1989 894 2011 mehr
904 1988 1091 2021 Wachtel ⸗ Haͤhne
1108 1998 1152 2016 oder

635 2012 750 2036 Maͤnnlein
757 2010 833 2039 ſchon
822 2010 847 2044 im
852 2013 934 2039 Martio
943 2019 961 2038 in
970 2015 1032 2039 kleine
1043 2020 1151 2043 Koͤrblein,

1200 234 1221 252 in
1231 230 1263 252 die
1274 234 1322 253 man
1335 230 1410 257 ſonſten
1426 232 1459 254 die
1470 231 1576 257 Weiblein
1586 233 1641 259 thut,
1668 237 1722 257 wenn

1199 267 1247 284 man
1257 264 1290 285 die
1295 263 1413 288 Maͤnnlein
1421 270 1450 287 im
1461 265 1566 289 Sommer
1578 266 1643 290 damit
1652 266 1722 293 fangen

1198 293 1246 313 will,
1263 292 1305 313 und
1318 292 1377 317 laͤſſet
1389 294 1431 318 alſo
1444 293 1497 319 dieſe
1507 299 1540 321 zur
1550 294 1594 318 Lock
1606 294 1722 321 eingeſtellte

1198 317 1317 342 Maͤnnlein
1342 318 1386 343 ihre
1409 318 1511 345 Koͤrblein
1526 321 1566 344 den
1579 321 1672 348 Mertzen
1685 324 1723 346 und

1200 346 1258 367 April
1281 346 1379 372 hindurch
1407 347 1461 372 wohl
1477 346 1604 375 gewohnen;
1635 349 1723 376 hernach,

1198 379 1257 397 wenn
1265 374 1290 398 ſie
1299 381 1319 396 in
1329 377 1374 398 dem
1381 376 1435 401 May
1442 376 1547 403 anfangen
1560 378 1631 402 wollen
1643 377 1668 406 zu
1668 377 1723 406 ſchla⸗

1203 406 1244 425 gen,
1255 400 1293 425 das
1304 402 1403 426 Koͤrblein
1415 404 1463 426 aber
1475 404 1493 432 ſo
1505 405 1611 431 gewohnet
1622 405 1670 429 ſind,
1687 405 1722 432 daß

1199 429 1225 450 ſie
1238 435 1265 452 im
1277 429 1370 456 Finſtern
1384 432 1415 457 ihr
1428 427 1723 463 Freß⸗ und Trinck⸗Geſchirr⸗

1198 459 1240 480 lein
1248 458 1318 483 finden
1330 458 1416 486 koͤnnen,
1432 460 1522 487 berupfft
1532 467 1581 485 man
1599 461 1625 488 ſie
1641 468 1666 486 an
1677 460 1721 491 Fluͤ⸗

1198 485 1252 509 geln,
1271 488 1313 510 und
1326 486 1402 512 ſonſten
1416 486 1451 513 hin
1463 490 1504 512 und
1525 488 1610 514 wieder,
1626 490 1666 512 und
1684 491 1722 519 ſetzt

1199 514 1224 535 ſie
1238 518 1258 534 in
1271 519 1339 538 einem
1352 513 1425 541 kuͤhlen
1439 516 1516 540 Keller,
1531 517 1631 541 darinnen
1642 523 1688 542 man
1698 518 1721 545 ſie

1199 540 1231 562 bis
1241 541 1392 569 Bartholomaͤi
1408 543 1475 570 ſtehen
1492 544 1558 572 laͤſſet.
1600 545 1721 573 Jnzwiſchen

1197 571 1266 591 etwan
1286 568 1391 595 vierzehen
1409 570 1467 595 Tage
1491 571 1564 598 vorher
1580 572 1621 600 faͤet
1636 578 1682 597 man
1696 578 1720 597 an

1198 604 1265 620 einem
1277 604 1321 623 zum
1330 600 1512 627 Wachtel⸗Strich
1518 603 1625 629 bequemen
1633 603 1681 629 Ort,
1690 603 1721 628 ein

1196 629 1245 647 paar
1264 631 1285 647 in
1303 627 1338 649 der
1353 626 1420 654 Laͤnge
1435 627 1470 651 hin
1492 629 1595 655 liegender
1606 626 1658 654 Acker
1678 632 1721 654 oder

1195 654 1311 679 Tagwerck,
1330 657 1371 677 mit
1381 654 1453 681 Haber
1468 657 1518 680 oder
1529 658 1625 682 anderem
1641 656 1719 683 Getrai⸗

1197 683 1235 703 de;
1253 679 1329 707 ſolchen
1355 682 1411 709 Fleck
1430 684 1531 709 umſtellet
1555 688 1603 708 man
1618 684 1655 709 auf
1668 688 1720 709 einer

1197 706 1295 733 ſchmalen
1315 708 1388 736 Seite,
1407 710 1449 732 und
1462 715 1485 737 zu
1497 711 1573 736 beyden
1585 713 1658 737 langen
1671 712 1721 737 Sei⸗

1195 740 1230 756 ten
1244 738 1275 760 die
1285 737 1375 765 Helffte,
1388 740 1437 763 oder
1449 741 1497 768 doch
1512 741 1550 763 den
1562 742 1640 765 dritten
1651 740 1719 768 Theil,

1195 766 1228 785 der
1239 764 1301 790 Laͤnge
1309 765 1416 793 herunter,
1429 769 1468 789 mit
1482 773 1550 790 einem
1563 768 1600 795 auf
1609 769 1639 791 die
1650 767 1719 795 Wach⸗

1195 793 1238 812 teln
1264 792 1388 820 gerichteten
1411 795 1556 823 Hoch⸗Garn,
1571 796 1653 820 welches
1675 798 1719 824 aber

1196 819 1246 845 ſonſt
1253 824 1290 843 wie
1303 826 1336 844 ein
1347 821 1483 849 Hoch⸗Garn,
1490 824 1527 845 das
1534 828 1580 847 man
1588 822 1620 855 auf
1630 824 1662 850 die
1675 824 1720 849 Reb⸗

1194 846 1260 874 huͤner
1271 847 1373 876 brauchet,
1387 850 1482 877 geſtaltet
1493 852 1540 879 ſeyn
1552 853 1594 878 ſoll.
1633 854 1690 879 Doch
1699 853 1720 879 iſt

1194 876 1248 900 nicht
1260 875 1339 903 noͤthtg,
1347 876 1385 902 dab
1394 880 1429 901 das
1437 879 1498 903 Garn
1505 879 1525 907 ſo
1533 880 1578 907 hoch
1586 879 1643 907 ſtehe,
1651 883 1680 905 als
1688 883 1719 904 die

1194 903 1332 931 Hoch⸗Netze,
1339 905 1411 931 welche
1416 904 1465 934 auf
1475 903 1540 935 Huͤner
1546 910 1588 931 und
1596 907 1718 936 Schnepffen

1192 925 1290 956 gerichtet
1308 931 1388 958 werden,
1397 933 1438 956 und
1446 933 1529 959 braucht
1536 935 1557 955 es
1564 939 1599 958 vor
1606 935 1636 958 die
1648 934 1717 961 Wach⸗

1196 958 1222 980 tel
1232 960 1278 982 kaum
1291 955 1337 985 halb
1349 960 1367 985 ſo
1374 960 1415 986 viel
1423 962 1492 988 Garn,
1500 964 1534 986 als
1545 968 1581 987 vor
1592 963 1648 992 dieſe,
1658 962 1717 991 auſſer

1192 986 1238 1009 daß,
1252 989 1293 1011 weil
1304 989 1337 1010 die
1346 988 1445 1016 Maſchen
1453 990 1493 1014 riel
1505 994 1566 1015 enger
1579 991 1624 1016 ſeyn
1636 990 1718 1018 muͤſſen,

1207 1021 1229 1038 bey
1237 1016 1283 1038 dem
1292 1018 1389 1041 Stricken
1397 1020 1485 1045 dennoch
1493 1020 1534 1042 viel
1549 1019 1606 1047 Zwirn
1620 1020 1718 1047 aufgehet.

1186 1034 1222 1065 Die
1238 1046 1263 1064 in
1272 1042 1319 1064 dem
1331 1041 1412 1069 finſtern
1423 1043 1493 1068 Keller
1507 1043 1599 1071 ſtehende
1612 1044 1717 1073 Wachteln

1191 1075 1235 1093 nun
1252 1070 1297 1095 ſetzt
1308 1076 1356 1094 man
1368 1077 1404 1096 um
1416 1072 1569 1100 Bartholemaͤi
1590 1076 1664 1098 wieder
1679 1075 1717 1100 ans

1191 1097 1253 1123 Licht,
1260 1099 1307 1124 doch
1316 1098 1371 1126 nicht
1382 1106 1409 1124 an
1416 1101 1448 1123 die
1456 1102 1543 1127 Sonne,
1555 1103 1596 1126 und
1597 1100 1667 1132 haͤnget
1678 1103 1716 1130 ſie,

1192 1133 1250 1148 wenn
1263 1130 1299 1150 der
1305 1129 1489 1157 Wachtel⸗Strich
1502 1129 1609 1161 anfaͤnget,
1616 1132 1716 1159 vierzehen

1189 1152 1249 1176 Tage
1260 1154 1310 1179 nach
1321 1154 1508 1181 Bartholomaͤi,
1490 1155 1535 1185 oder
1544 1158 1626 1185 daferne
1638 1160 1659 1181 es
1670 1157 1714 1182 bald

1192 1175 1262 1205 reiffet,
1278 1177 1323 1208 auch
1322 1183 1375 1209 wohl
1381 1183 1425 1209 ehe,
1431 1190 1458 1207 an
1465 1184 1531 1211 hohen
1539 1185 1638 1212 Stangen
1645 1191 1666 1214 zu
1674 1187 1716 1211 bey⸗

1190 1209 1228 1233 den
1235 1210 1315 1234 Seiten
1323 1213 1358 1235 des
1365 1210 1489 1240 angeſaͤeten
1496 1214 1570 1241 Feldes
1576 1215 1654 1241 herum,
1661 1215 1685 1239 da
1691 1214 1716 1241 ſie

1186 1238 1244 1257 denn
1251 1237 1271 1261 ſo
1278 1237 1351 1262 balden
1358 1239 1469 1266 anfangen,
1478 1240 1510 1265 die
1518 1245 1583 1266 gantze
1592 1240 1659 1272 Nacht
1670 1241 1714 1269 hin⸗

1189 1263 1248 1289 durch
1255 1266 1345 1291 begierig
1356 1269 1379 1293 zu
1391 1266 1489 1295 ſchlagen,
1495 1268 1535 1292 mit
1547 1269 1641 1296 welchem
1650 1269 1714 1298 ihrem

1190 1291 1296 1319 Schlagen
1303 1291 1328 1318 ſie
1335 1292 1445 1321 ſonderlich
1452 1295 1487 1318 des
1495 1296 1597 1320 Morgens
1605 1300 1640 1319 vor
1646 1297 1716 1319 anbre⸗

1188 1317 1282 1344 chendem
1295 1323 1347 1348 Tage
1360 1322 1503 1351 verurſachen,
1524 1325 1562 1350 daß
1579 1327 1613 1350 die
1631 1325 1714 1351 Strich⸗

1199 1348 1297 1373 Wachteln
1314 1354 1334 1371 in
1346 1349 1383 1373 das
1399 1351 1502 1378 nunmehr
1519 1351 1581 1377 heran
1601 1352 1711 1379 wachſende

1188 1371 1292 1396 Getraide
1302 1371 1371 1399 haͤufig
1381 1375 1487 1399 einfallen,
1499 1379 1541 1397 und
1559 1382 1607 1398 man
1623 1379 1659 1401 faſt
1675 1379 1712 1399 alle

1187 1402 1252 1428 Tage,
1265 1407 1324 1426 wenn
1337 1409 1385 1427 man
1396 1405 1446 1431 nach
1461 1406 1497 1429 der
1514 1406 1606 1431 Sonnen
1622 1406 1712 1438 Aufgang

1185 1430 1263 1454 hinaus
1274 1432 1335 1456 gehet
1362 1439 1384 1457 in
1391 1435 1449 1462 mehr
1461 1436 1585 1461 bemeldtem
1591 1437 1652 1461 Acker
1662 1438 1712 1461 uͤber

1186 1458 1275 1480 hundert
1290 1461 1399 1488 Wachteln
1415 1463 1507 1490 antrifft.
1548 1462 1613 1491 Dieſe
1630 1469 1652 1491 zu
1666 1463 1711 1489 fan⸗

1185 1488 1231 1511 gen,
1245 1487 1309 1512 gehen
1323 1489 1377 1512 ihrer
1388 1490 1460 1515 etliche
1474 1492 1538 1514 unten,
1558 1497 1589 1516 wo
1601 1492 1643 1515 kein
1655 1492 1711 1521 Garn

1186 1509 1254 1538 ſtehet,
1274 1516 1314 1537 mit
1324 1516 1492 1545 Spitz ⸗ Ruthen
1509 1517 1590 1545 hinein,
1607 1520 1649 1542 und
1661 1517 1710 1544 trei⸗

1185 1542 1221 1561 ben
1235 1541 1268 1564 die
1279 1542 1390 1569 Wachteln
1402 1545 1441 1567 alle
1453 1549 1515 1570 gegen
1527 1545 1572 1567 dem
1580 1546 1709 1574 obenſtehen⸗

1182 1568 1222 1590 den
1234 1569 1294 1592 Garn
1310 1575 1340 1596 zu,
1356 1570 1387 1598 ſo,
1402 1572 1442 1597 daß
1457 1575 1492 1595 der
1512 1573 1568 1600 Fang
1584 1574 1645 1603 kaum
1666 1576 1709 1597 eine

1183 1595 1368 1621 Viertel⸗Stunde
1383 1597 1475 1623 waͤhret,
1487 1599 1534 1622 aber
1549 1600 1595 1625 doch
1614 1601 1709 1628 manchen

1183 1626 1236 1649 Tag,
1246 1626 1266 1650 ſo
1277 1625 1391 1652 ertraͤglich,
1403 1629 1438 1651 als
1449 1629 1507 1656 luſtig
1522 1630 1553 1654 iſt.
1581 1631 1612 1656 Es
1628 1631 1708 1657 machen

1180 1649 1217 1673 ſich
1229 1657 1280 1676 zwar
1293 1653 1359 1679 einige
1370 1654 1512 1680 Weyd⸗Leute
1529 1656 1661 1684 Bedencken,
1676 1656 1707 1681 die

1178 1670 1377 1707 Wachtel ⸗ Hahnen
1393 1685 1420 1702 im
1438 1680 1538 1708 Fruͤhling
1559 1683 1708 1709 wegzufangen,

1180 1706 1202 1722 in
1213 1708 1328 1734 Meinung,
1343 1708 1368 1734 ſie
1384 1709 1434 1735 thun
1451 1711 1538 1737 dadurch
1559 1712 1658 1738 Schaden
1680 1715 1706 1735 an

1181 1730 1215 1752 der
1226 1730 1292 1757 Brut,
1307 1731 1355 1753 aber
1366 1732 1392 1758 ſie
1404 1734 1469 1760 haben
1482 1738 1608 1761 dergleichen
1620 1739 1674 1761 nicht
1684 1739 1705 1761 zu

1180 1759 1290 1786 beſorgen:
1305 1761 1372 1784 Denn
1380 1766 1413 1785 die
1419 1762 1523 1790 Hahnen,
1534 1767 1607 1790 welche
1617 1767 1705 1791 Hennen

1180 1788 1252 1814 haben,
1266 1789 1343 1816 lauffen
1359 1790 1421 1818 nicht,
1435 1793 1469 1813 die
1484 1793 1531 1816 aber
1547 1794 1604 1817 keine
1616 1796 1728 1825 Hennen

1194 1817 1251 1841 haben,
1264 1812 1348 1841 bleiben
1355 1818 1409 1843 nicht
1421 1824 1442 1842 in
1460 1822 1496 1844 der
1510 1821 1602 1846 Revier,
1619 1823 1704 1845 ſondern

1179 1843 1314 1870 verſtreichen.
1342 1846 1387 1871 Die
1393 1847 1497 1872 Nahrung
1505 1850 1540 1871 der
1550 1849 1659 1875 Wachteln
1669 1850 1703 1873 be⸗

1177 1867 1241 1895 ſtehet
1253 1879 1273 1896 in
1284 1874 1381 1902 Weitzen,
1394 1874 1478 1903 Hirſen,
1486 1876 1704 1902 Salat⸗ und Kraut⸗

1183 1898 1285 1923 Saamen,
1301 1903 1373 1925 womit
1384 1904 1409 1930 ſie
1423 1905 1458 1930 ſich
1470 1905 1488 1932 ſo
1507 1905 1547 1927 fett
1562 1905 1651 1932 maͤſten,
1666 1904 1703 1931 daß

1176 1924 1203 1947 ſie
1216 1932 1250 1950 zur
1264 1928 1312 1953 Zeit
1326 1930 1383 1956 ihres
1397 1931 1483 1957 Strichs
1495 1932 1526 1956 oft
1542 1937 1578 1955 vor
1594 1933 1701 1960 Fettigkett

1179 1950 1232 1978 nicht
1245 1959 1267 1979 zu
1281 1956 1354 1980 fliegen
1371 1955 1484 1988 vermoͤgen;
1505 1958 1530 1982 ſie
1546 1959 1638 1985 ſtreichen
1654 1960 1702 1982 aber

1173 1976 1204 1997 im
1222 1979 1291 2007 Herbſt
1302 1988 1322 2005 in
1335 1984 1384 2007 aller
1395 1984 1463 2008 Stille
1475 1986 1523 2009 fort,
1547 1988 1580 2016 und
1590 1990 1631 2016 zwar
1646 1988 1701 2011 meh⸗

1172 2002 1276 2032 rentheils
1290 2013 1319 2031 im
1326 2007 1460 2035 September,
1468 2012 1509 2037 alſo,
1526 2013 1563 2036 daß
1569 2014 1629 2033 deren
1639 2014 1700 2035 weni⸗

1174 2036 1197 2055 ge
1211 2033 1249 2057 den
1260 2032 1348 2059 October
1359 2037 1468 2061 erwarten.
1494 2028 1566 2062 Wenn
1578 2042 1627 2062 man
1642 2038 1668 2064 ſie
1679 2029 1700 2061 in
