<?xml version='1.0' encoding='utf-8'?>
<PcGts xmlns="http://schema.primaresearch.org/PAGE/gts/pagecontent/2019-07-15" xmlns:xsi="http://www.w3.org/2001/XMLSchema-instance" pcGtsId="PAGE_01" xsi:schemaLocation="http://schema.primaresearch.org/PAGE/gts/pagecontent/2019-07-15 http://schema.primaresearch.org/PAGE/gts/pagecontent/2019-07-15/pagecontent.xsd">
  <Metadata>
    <Creator>OCR-D DFG Phase III</Creator>
    <Created>2024-01-19T13:09:14Z</Created>
    <LastChange>2024-01-19T13:09:14Z</LastChange>
    <Comments>ODEM: OCR-D extension for mass digitization (2021-2024)</Comments>
  </Metadata>
  <Page imageFilename="urn+nbn+de+gbv+3+1-686334-p0227-1_ger.jpg" imageWidth="1634" imageHeight="2335" type="content" primaryLanguage="German">
    <Border>
      <Coords points="78,173 103,2146 1332,2130 1296,152"/>
    </Border>
    <ReadingOrder>
      <OrderedGroup id="ro_1652334863506" caption="Regions reading order">
        <RegionRefIndexed index="0" regionRef="TextRegion_1650618427028_6095"/>
        <RegionRefIndexed index="1" regionRef="TextRegion_1650618427028_6094"/>
        <RegionRefIndexed index="2" regionRef="region0004"/>
      </OrderedGroup>
    </ReadingOrder>
    <TextRegion orientation="1.6667798" readingDirection="left-to-right" id="TextRegion_1650618427028_6095" custom="readingOrder {index:0;}">
      <Coords points="176,394 1049,373 1073,1383 199,1383"/>
      <TextLine id="region0002_line0001" custom="readingOrder {index:0;}">
        <Coords points="246,393 237,403 211,402 204,398 176,400 177,449 241,446 250,452 271,454 315,453 375,443 518,441 530,444 560,440 630,443 643,437 662,435 916,433 921,436 942,429 1050,429 1049,385 991,385 987,380 973,377 963,377 958,385 946,383 937,377 920,377 914,381 899,382 880,387 874,379 861,379 855,388 850,384 838,384 833,389 803,390 779,389 769,384 759,385 754,389 737,389 732,386 722,386 713,391 680,394 605,395 601,392 574,397 506,399 503,386 499,386 471,388 459,397 399,397 393,389 379,390 369,398 354,401 344,393 332,390 309,390"/>
        <Word id="region0002_line0001_word0000" custom="readingOrder {index:0;}">
          <Coords points="190,407 251,406 252,440 191,441"/>
          <TextEquiv conf="0.9283716">
            <Unicode>den</Unicode>
          </TextEquiv>
        </Word>
        <Word id="region0002_line0001_word0001" custom="readingOrder {index:1;}">
          <Coords points="349,397 271,399 272,447 370,443 375,443 390,442 390,396 370,396 369,398 354,401"/>
          <TextEquiv>
            <Unicode>Jſrael</Unicode>
          </TextEquiv>
        </Word>
        <Word id="region0002_line0001_word0002" custom="readingOrder {index:2;}">
          <Coords points="504,389 468,390 459,397 410,397 411,442 508,441 643,437 643,437 648,436 647,394 605,395 601,392 574,397 506,399"/>
          <TextEquiv conf="0.9105821">
            <Unicode>verlaͤugnete,</Unicode>
          </TextEquiv>
        </Word>
        <Word id="region0002_line0001_word0003" custom="readingOrder {index:3;}">
          <Coords points="675,394 676,425 741,423 740,390 713,391 713,391 680,394"/>
          <TextEquiv conf="0.92935187">
            <Unicode>und</Unicode>
          </TextEquiv>
        </Word>
        <Word id="region0002_line0001_word0004" custom="readingOrder {index:4;}">
          <Coords points="796,389 759,391 760,425 820,423 819,389 803,390"/>
          <TextEquiv conf="0.9302682">
            <Unicode>den</Unicode>
          </TextEquiv>
        </Word>
        <Word id="region0002_line0001_word0005" custom="readingOrder {index:5;}">
          <Coords points="850,384 840,385 841,423 889,422 888,384 880,387 877,384 857,384 855,388"/>
          <TextEquiv conf="0.93201774">
            <Unicode>die</Unicode>
          </TextEquiv>
        </Word>
        <Word id="region0002_line0001_word0006" custom="readingOrder {index:6;}">
          <Coords points="942,380 914,381 914,381 908,381 909,428 1034,425 1032,385 991,385 987,380 983,379 961,380 958,385 946,383"/>
          <TextEquiv conf="0.9312553">
            <Unicode>Heiden</Unicode>
          </TextEquiv>
        </Word>
        <TextEquiv>
          <Unicode>den Jſrael verlaͤugnete, und den die Heiden</Unicode>
        </TextEquiv>
      </TextLine>
      <TextLine id="region0002_line0002" custom="readingOrder {index:1;}">
        <Coords points="233,447 224,452 177,455 178,478 179,499 320,494 326,496 347,493 352,496 386,496 405,489 444,488 484,488 538,493 630,488 685,489 719,484 787,482 814,484 883,479 901,484 947,479 1051,477 1050,436 1027,437 1025,431 1020,429 1006,431 1004,437 988,437 963,435 950,430 936,432 924,437 905,435 855,440 823,438 820,435 791,438 744,434 726,437 662,436 643,438 635,443 608,442 595,447 560,441 548,441 540,445 518,442 488,443 483,447 483,456 451,457 424,456 411,447 389,448 383,444 375,444 368,449 344,452 271,455"/>
        <Word id="region0002_line0002_word0000" custom="readingOrder {index:0;}">
          <Coords points="266,454 191,456 193,494 384,489 383,451 342,452 271,455"/>
          <TextEquiv conf="0.8928283">
            <Unicode>erkannten!</Unicode>
          </TextEquiv>
        </Word>
        <Word id="region0002_line0002_word0001" custom="readingOrder {index:1;}">
          <Coords points="417,471 468,469 468,478 417,480"/>
          <TextEquiv conf="0.87322307">
            <Unicode>—</Unicode>
          </TextEquiv>
        </Word>
        <Word id="region0002_line0002_word0002" custom="readingOrder {index:2;}">
          <Coords points="588,445 514,448 515,487 618,484 617,445 598,445 595,447"/>
          <TextEquiv conf="0.9590049">
            <Unicode>Das</Unicode>
          </TextEquiv>
        </Word>
        <Word id="region0002_line0002_word0003" custom="readingOrder {index:3;}">
          <Coords points="655,444 771,440 772,481 656,485"/>
          <TextEquiv conf="0.96110374">
            <Unicode>Bild</Unicode>
          </TextEquiv>
        </Word>
        <Word id="region0002_line0002_word0004" custom="readingOrder {index:4;}">
          <Coords points="809,443 884,441 885,474 810,476"/>
          <TextEquiv conf="0.9330189">
            <Unicode>des</Unicode>
          </TextEquiv>
        </Word>
        <Word id="region0002_line0002_word0005" custom="readingOrder {index:5;}">
          <Coords points="963,435 927,436 924,437 921,437 922,475 1036,472 1035,437 1027,437 1026,433 1005,434 1004,437 988,437 963,435"/>
          <TextEquiv>
            <Unicode>Ewi⸗</Unicode>
          </TextEquiv>
        </Word>
        <TextEquiv>
          <Unicode>erkannten! — Das Bild des Ewi⸗</Unicode>
        </TextEquiv>
      </TextLine>
      <TextLine id="region0002_line0003" custom="readingOrder {index:2;}">
        <Coords points="460,490 452,496 440,498 405,498 397,494 354,498 347,494 336,494 327,500 320,495 310,495 296,503 179,507 180,556 213,555 251,549 277,554 291,550 305,550 311,553 332,549 349,552 357,544 373,545 381,540 393,539 401,543 419,541 441,545 490,543 506,539 517,543 536,539 544,543 577,543 586,539 598,548 610,542 648,537 669,538 676,535 689,538 754,533 821,535 868,532 873,536 886,532 913,534 924,529 933,532 1052,527 1051,485 1026,486 1022,483 1003,487 981,480 947,480 891,487 889,483 883,480 875,480 865,483 863,488 822,492 810,491 803,485 787,483 700,487 684,492 646,492 641,488 630,489 624,493 553,499 542,497 535,492"/>
        <Word id="word_1650618466114_6126" custom="readingOrder {index:0;}">
          <Coords points="193,507 294,504 294,550 291,550 284,551 267,552 251,549 224,553 194,554"/>
          <TextEquiv conf="0.90055466">
            <Unicode>gen,</Unicode>
          </TextEquiv>
        </Word>
        <Word id="region0002_line0003_word0001" custom="readingOrder {index:1;}">
          <Coords points="326,499 310,500 311,553 311,553 332,549 349,552 357,544 372,545 371,498 328,499 327,500"/>
          <TextEquiv conf="0.90055466">
            <Unicode>(a)</Unicode>
          </TextEquiv>
        </Word>
        <Word id="region0002_line0003_word0002" custom="readingOrder {index:2;}">
          <Coords points="428,542 453,542 452,507 386,509 386,539 393,539 401,543 419,541"/>
          <TextEquiv conf="0.924603">
            <Unicode>der</Unicode>
          </TextEquiv>
        </Word>
        <Word id="region0002_line0003_word0003" custom="readingOrder {index:3;}">
          <Coords points="550,498 470,501 470,543 490,543 506,539 517,543 536,539 544,543 577,543 586,539 593,544 604,544 603,497 562,498 553,499"/>
          <TextEquiv conf="0.91204697">
            <Unicode>Glanz</Unicode>
          </TextEquiv>
        </Word>
        <Word id="region0002_line0003_word0004" custom="readingOrder {index:4;}">
          <Coords points="631,500 697,498 698,534 632,536"/>
          <TextEquiv conf="0.9236723">
            <Unicode>der</Unicode>
          </TextEquiv>
        </Word>
        <Word id="region0002_line0003_word0005" custom="readingOrder {index:5;}">
          <Coords points="821,492 723,495 724,535 754,533 820,535 822,535 868,532 870,533 883,533 886,532 895,533 916,532 915,489 823,492 822,492"/>
          <TextEquiv conf="0.9090957">
            <Unicode>Allmacht</Unicode>
          </TextEquiv>
        </Word>
        <Word id="region0002_line0003_word0006" custom="readingOrder {index:6;}">
          <Coords points="937,490 1037,487 1038,524 938,527"/>
          <TextEquiv conf="0.87794906">
            <Unicode>Got⸗</Unicode>
          </TextEquiv>
        </Word>
        <TextEquiv conf="0.9069252">
          <Unicode>gen, (a) der Glanz der Allmacht Got⸗</Unicode>
        </TextEquiv>
      </TextLine>
      <TextLine id="region0002_line0004" custom="readingOrder {index:3;}">
        <Coords points="381,541 373,548 366,544 357,545 349,553 311,554 305,551 277,555 258,550 180,557 181,596 220,594 351,596 353,600 361,602 370,601 377,593 453,593 458,590 471,589 477,593 485,593 494,600 502,599 508,593 526,593 531,597 540,597 547,592 707,582 763,588 825,585 833,590 842,589 848,584 866,589 876,583 880,588 890,591 903,588 904,582 956,581 997,574 1053,573 1053,541 992,542 978,537 936,537 927,530 916,532 908,538 897,538 892,533 873,537 868,533 836,534 826,540 814,540 809,535 799,534 711,536 692,542 686,537 676,536 668,541 662,538 650,538 645,542 623,543 598,549 586,540 575,546 544,545 536,540 517,544 506,540 493,542 486,546 458,548 429,545 419,542 401,544 393,540"/>
        <Word id="region0002_line0004_word0000" custom="readingOrder {index:0;}">
          <Coords points="246,594 260,594 259,560 194,562 194,595 220,594"/>
          <TextEquiv conf="0.90746397">
            <Unicode>tes</Unicode>
          </TextEquiv>
        </Word>
        <Word id="region0002_line0004_word0001" custom="readingOrder {index:1;}">
          <Coords points="449,547 352,549 349,553 311,554 305,551 296,552 297,595 351,596 353,600 355,600 370,600 377,593 453,593 454,591 453,547"/>
          <TextEquiv conf="0.92219216">
            <Unicode>verhuͤllte</Unicode>
          </TextEquiv>
        </Word>
        <Word id="region0002_line0004_word0002" custom="readingOrder {index:2;}">
          <Coords points="548,592 546,547 490,549 492,596 505,596 508,593 526,593 528,595 544,594 547,592"/>
          <TextEquiv conf="0.9258875">
            <Unicode>ſich</Unicode>
          </TextEquiv>
        </Word>
        <Word id="region0002_line0004_word0003" custom="readingOrder {index:3;}">
          <Coords points="594,546 582,547 583,584 617,583 616,546 609,546 598,549"/>
          <TextEquiv conf="0.9217344">
            <Unicode>in</Unicode>
          </TextEquiv>
        </Word>
        <Word id="region0002_line0004_word0004" custom="readingOrder {index:4;}">
          <Coords points="653,545 700,544 701,581 654,582"/>
          <TextEquiv conf="0.9213554">
            <Unicode>die</Unicode>
          </TextEquiv>
        </Word>
        <Word id="region0002_line0004_word0005" custom="readingOrder {index:5;}">
          <Coords points="810,536 737,539 737,585 757,587 796,586 825,585 825,585 846,584 848,584 851,584 873,584 876,583 876,584 903,583 904,582 953,581 953,537 936,537 931,533 913,534 908,538 897,538 893,534 882,534 873,537 870,535 832,536 826,540 814,540"/>
          <TextEquiv conf="0.9145938">
            <Unicode>Menſchheit.</Unicode>
          </TextEquiv>
        </Word>
        <Word id="region0002_line0004_word0006" custom="readingOrder {index:6;}">
          <Coords points="989,553 1039,552 1039,558 989,559"/>
          <TextEquiv conf="0.9145938">
            <Unicode>—</Unicode>
          </TextEquiv>
        </Word>
        <TextEquiv conf="0.91826016">
          <Unicode>tes verhuͤllte ſich in die Menſchheit. —</Unicode>
        </TextEquiv>
      </TextLine>
      <TextLine id="region0002_line0005" custom="readingOrder {index:4;}">
        <Coords points="210,595 182,597 182,642 182,649 225,649 240,644 288,646 311,640 329,645 364,644 372,651 390,650 397,642 523,643 631,635 636,637 660,635 670,638 767,638 781,633 806,634 815,631 855,634 922,629 975,633 1055,625 1054,587 1029,586 993,578 909,585 893,592 879,588 866,590 855,585 849,585 842,590 802,588 757,592 741,585 707,583 643,587 625,594 603,594 599,590 586,591 582,595 502,600 478,598 471,590 458,591 451,594 448,599 419,600 409,599 402,593 378,594 370,602 361,603 354,601 296,599 278,602 266,600 257,595"/>
        <Word id="region0002_line0005_word0000" custom="readingOrder {index:0;}">
          <Coords points="296,643 296,603 196,606 197,649 227,648 240,644 288,646"/>
          <TextEquiv conf="0.9108329">
            <Unicode>Das</Unicode>
          </TextEquiv>
        </Word>
        <Word id="region0002_line0005_word0001" custom="readingOrder {index:1;}">
          <Coords points="407,597 374,598 370,602 361,603 354,601 344,601 345,645 364,644 371,650 390,650 397,642 523,643 631,635 632,635 631,592 625,594 603,594 601,592 585,592 582,595 502,600 478,598 476,595 450,596 448,599 419,600 409,599"/>
          <TextEquiv conf="0.9228315">
            <Unicode>offenbarende</Unicode>
          </TextEquiv>
        </Word>
        <Word id="region0002_line0005_word0002" custom="readingOrder {index:2;}">
          <Coords points="755,591 677,593 678,632 803,629 802,590 771,590 757,592"/>
          <TextEquiv conf="0.9665085">
            <Unicode>Wort</Unicode>
          </TextEquiv>
        </Word>
        <Word id="region0002_line0005_word0003" custom="readingOrder {index:3;}">
          <Coords points="892,592 851,593 852,625 921,623 920,591 894,592 893,592"/>
          <TextEquiv conf="0.93305373">
            <Unicode>des</Unicode>
          </TextEquiv>
        </Word>
        <Word id="region0002_line0005_word0004" custom="readingOrder {index:4;}">
          <Coords points="1022,584 968,586 969,623 1043,621 1041,586 1029,586"/>
          <TextEquiv>
            <Unicode>Un⸗</Unicode>
          </TextEquiv>
        </Word>
        <TextEquiv>
          <Unicode>Das offenbarende Wort des Un⸗</Unicode>
        </TextEquiv>
      </TextLine>
      <TextLine id="region0002_line0006" custom="readingOrder {index:5;}">
        <Coords points="309,641 298,645 296,650 257,644 240,645 225,650 182,653 183,696 222,693 243,696 252,702 266,696 335,693 342,697 433,694 440,699 444,699 452,691 465,693 567,690 578,686 597,686 603,688 701,684 711,686 771,687 782,691 791,690 794,686 811,685 816,689 826,689 831,685 906,682 949,676 1056,677 1055,634 1048,633 1002,634 990,631 929,635 922,630 911,630 906,638 873,639 835,637 822,632 806,635 781,634 774,638 756,640 675,642 660,636 638,640 631,636 607,637 598,642 564,647 451,648 448,644 438,642 430,642 423,649 416,643 397,643 390,651 372,652 364,645 357,646 348,651 326,651 323,644"/>
        <Word id="region0002_line0006_word0000" custom="readingOrder {index:0;}">
          <Coords points="286,648 220,650 197,652 199,695 222,693 243,696 248,700 258,699 266,696 335,693 342,697 381,696 433,694 433,694 449,694 452,691 465,693 509,692 508,647 451,648 448,644 447,644 428,644 423,649 418,645 395,645 390,651 372,652 365,646 356,646 348,651 326,651 324,647 297,648 296,650"/>
          <TextEquiv>
            <Unicode>ergruͤndlichen</Unicode>
          </TextEquiv>
        </Word>
        <Word id="region0002_line0006_word0001" custom="readingOrder {index:1;}">
          <Coords points="637,639 600,640 598,642 564,647 543,647 544,681 729,676 728,640 675,642 666,638 641,639 638,640"/>
          <TextEquiv>
            <Unicode>umkleidete</Unicode>
          </TextEquiv>
        </Word>
        <Word id="region0002_line0006_word0002" custom="readingOrder {index:2;}">
          <Coords points="776,637 832,636 833,681 777,682"/>
          <TextEquiv conf="0.9313308">
            <Unicode>ſich</Unicode>
          </TextEquiv>
        </Word>
        <Word id="region0002_line0006_word0003" custom="readingOrder {index:3;}">
          <Coords points="927,634 908,634 906,638 877,638 878,671 938,670 937,634 929,635"/>
          <TextEquiv conf="0.95922065">
            <Unicode>mit</Unicode>
          </TextEquiv>
        </Word>
        <Word id="region0002_line0006_word0004" custom="readingOrder {index:4;}">
          <Coords points="980,635 1042,634 1043,665 981,666"/>
          <TextEquiv conf="0.96626174">
            <Unicode>den</Unicode>
          </TextEquiv>
        </Word>
        <TextEquiv>
          <Unicode>ergruͤndlichen umkleidete ſich mit den</Unicode>
        </TextEquiv>
      </TextLine>
      <TextLine id="region0002_line0007" custom="readingOrder {index:6;}">
        <Coords points="211,695 183,697 183,717 185,746 236,743 301,745 309,741 318,741 330,750 341,749 344,745 367,744 374,741 398,743 472,742 537,737 555,738 567,742 618,741 643,735 682,734 687,737 718,737 725,742 735,741 739,736 803,734 844,726 897,726 913,732 964,731 987,726 1057,726 1056,702 1056,681 1017,683 1011,679 1000,677 909,681 904,684 904,694 841,696 813,690 742,690 731,686 711,687 701,685 678,688 673,685 661,686 654,691 618,693 613,689 597,687 578,687 564,694 508,694 475,698 467,698 464,693 452,692 444,700 440,700 342,699 335,694 301,701 275,701 273,698 266,697 252,703 243,697"/>
        <Word id="region0002_line0007_word0000" custom="readingOrder {index:0;}">
          <Coords points="385,741 385,700 192,705 192,745 236,743 301,745 309,741 318,741 322,744 368,743 374,741"/>
          <TextEquiv conf="0.91291964">
            <Unicode>Gebrechen</Unicode>
          </TextEquiv>
        </Word>
        <Word id="region0002_line0007_word0001" custom="readingOrder {index:1;}">
          <Coords points="467,697 446,698 444,700 440,700 431,700 432,735 521,733 520,696 485,697 475,698 467,698"/>
          <TextEquiv conf="0.95471025">
            <Unicode>eines</Unicode>
          </TextEquiv>
        </Word>
        <Word id="word_1652334702512_649" custom="readingOrder {index:2;}">
          <Coords points="567,693 616,692 618,693 654,691 655,691 737,688 742,690 798,690 798,731 683,735 682,734 643,735 639,736 569,738"/>
          <TextEquiv conf="0.89437705">
            <Unicode>Sterblichen.</Unicode>
          </TextEquiv>
        </Word>
        <Word id="word_1652334694539_644" custom="readingOrder {index:3;}">
          <Coords points="840,694 894,694 894,726 841,726"/>
          <TextEquiv conf="0.89437705">
            <Unicode>—</Unicode>
          </TextEquiv>
        </Word>
        <Word id="region0002_line0007_word0004" custom="readingOrder {index:4;}">
          <Coords points="1016,683 944,684 946,723 1045,721 1044,682 1032,682 1017,683"/>
          <TextEquiv conf="0.9371027">
            <Unicode>Der</Unicode>
          </TextEquiv>
        </Word>
        <TextEquiv conf="0.9186973">
          <Unicode>Gebrechen eines Sterblichen. — Der</Unicode>
        </TextEquiv>
      </TextLine>
      <TextLine id="region0002_line0008" custom="readingOrder {index:7;}">
        <Coords points="215,745 185,749 186,798 217,795 244,798 255,792 264,791 273,799 281,801 294,792 307,791 315,795 329,795 337,801 348,800 351,796 363,795 374,801 382,800 386,795 514,791 527,798 535,795 538,791 546,791 551,796 561,796 566,791 623,788 631,785 645,792 652,788 669,788 674,791 684,791 690,787 845,781 854,782 863,788 872,787 876,782 1058,775 1057,736 1022,732 1013,727 987,727 940,737 908,738 905,731 892,727 887,731 885,738 877,729 865,730 855,738 781,738 725,743 716,740 688,740 682,735 667,736 661,740 653,736 643,736 632,742 585,744 564,744 555,739 511,739 506,741 504,746 464,747 394,749 388,742 374,742 363,749 330,751 318,742 309,742 299,748 287,749 282,745 265,747"/>
        <Word id="region0002_line0008_word0000" custom="readingOrder {index:0;}">
          <Coords points="327,749 198,753 198,796 217,795 244,798 255,792 264,791 273,799 275,799 283,799 294,792 307,791 315,795 329,795 333,798 349,797 351,796 363,795 366,797 384,796 386,795 437,793 437,747 394,749 392,747 364,748 363,749 330,751"/>
          <TextEquiv>
            <Unicode>Schoͤpfer</Unicode>
          </TextEquiv>
        </Word>
        <Word id="region0002_line0008_word0001" custom="readingOrder {index:1;}">
          <Coords points="599,789 598,745 474,748 475,792 514,791 516,792 538,791 538,791 546,791 546,791 573,791"/>
          <TextEquiv conf="0.9464901">
            <Unicode>miſchte</Unicode>
          </TextEquiv>
        </Word>
        <Word id="region0002_line0008_word0002" custom="readingOrder {index:2;}">
          <Coords points="635,743 691,741 692,786 636,787"/>
          <TextEquiv conf="0.92706907">
            <Unicode>ſich</Unicode>
          </TextEquiv>
        </Word>
        <Word id="region0002_line0008_word0003" custom="readingOrder {index:3;}">
          <Coords points="727,748 823,745 824,774 728,777"/>
          <TextEquiv conf="0.96336657">
            <Unicode>unter</Unicode>
          </TextEquiv>
        </Word>
        <Word id="region0002_line0008_word0004" custom="readingOrder {index:4;}">
          <Coords points="884,736 860,737 861,781 941,779 940,737 940,737 908,738 907,736 885,736 885,738"/>
          <TextEquiv conf="0.9328475">
            <Unicode>ſeine</Unicode>
          </TextEquiv>
        </Word>
        <Word id="region0002_line0008_word0005" custom="readingOrder {index:5;}">
          <Coords points="1022,732 977,733 978,771 1048,769 1047,735 1022,732"/>
          <TextEquiv>
            <Unicode>Ge⸗</Unicode>
          </TextEquiv>
        </Word>
        <TextEquiv>
          <Unicode>Schoͤpfer miſchte ſich unter ſeine Ge⸗</Unicode>
        </TextEquiv>
      </TextLine>
      <TextLine id="region0002_line0009" custom="readingOrder {index:8;}">
        <Coords points="255,793 244,799 217,796 186,801 186,835 187,853 209,854 226,848 237,851 246,847 264,846 267,850 275,852 288,846 292,851 298,851 309,845 353,843 366,845 391,841 407,843 427,842 435,837 529,842 900,829 912,832 937,830 944,833 954,827 1059,825 1059,821 1058,781 1037,782 1032,776 1020,776 1014,782 1009,779 962,782 949,787 863,789 845,782 836,783 829,787 797,789 768,790 764,787 755,787 749,791 653,791 645,793 633,786 621,789 619,793 604,793 601,790 590,790 583,795 564,797 528,799 509,795 475,795 471,792 456,793 449,797 374,802 318,800 316,796 307,792 294,793 286,801 281,802 273,800 269,794"/>
        <Word id="region0002_line0009_word0000" custom="readingOrder {index:0;}">
          <Coords points="235,798 200,799 202,849 225,848 226,848 227,848 244,848 246,847 264,846 265,847 287,847 288,846 288,846 307,846 309,845 353,843 362,844 372,844 373,844 371,802 318,800 316,796 315,796 291,796 286,801 281,802 273,800 271,797 246,798 244,799"/>
          <TextEquiv conf="0.8723839">
            <Unicode>ſchoͤpfen,</Unicode>
          </TextEquiv>
        </Word>
        <Word id="region0002_line0009_word0001" custom="readingOrder {index:1;}">
          <Coords points="413,799 414,833 479,831 478,797 424,798"/>
          <TextEquiv conf="0.96346855">
            <Unicode>und</Unicode>
          </TextEquiv>
        </Word>
        <Word id="region0002_line0009_word0002" custom="readingOrder {index:2;}">
          <Coords points="636,787 624,788 621,789 619,793 604,793 601,790 590,790 583,795 564,797 528,799 512,795 513,832 671,827 670,791 653,791 645,793"/>
          <TextEquiv conf="0.9650551">
            <Unicode>wandelte</Unicode>
          </TextEquiv>
        </Word>
        <Word id="region0002_line0009_word0003" custom="readingOrder {index:3;}">
          <Coords points="702,795 798,792 799,823 703,826"/>
          <TextEquiv conf="0.95948">
            <Unicode>unter</Unicode>
          </TextEquiv>
        </Word>
        <Word id="region0002_line0009_word0004" custom="readingOrder {index:4;}">
          <Coords points="856,786 834,787 836,829 957,825 956,784 949,787 863,789"/>
          <TextEquiv conf="0.9609887">
            <Unicode>denen,</Unicode>
          </TextEquiv>
        </Word>
        <Word id="region0002_line0009_word0005" custom="readingOrder {index:5;}">
          <Coords points="1010,779 997,780 998,815 1049,813 1048,781 1037,782 1034,779 1016,779 1014,782"/>
          <TextEquiv conf="0.9644876">
            <Unicode>die</Unicode>
          </TextEquiv>
        </Word>
        <TextEquiv conf="0.947644">
          <Unicode>ſchoͤpfen, und wandelte unter denen, die</Unicode>
        </TextEquiv>
      </TextLine>
      <TextLine id="region0002_line0010" custom="readingOrder {index:9;}">
        <Coords points="435,838 425,846 385,842 377,845 358,847 351,844 337,848 298,852 274,853 266,850 216,852 209,855 187,854 188,897 233,897 277,891 334,891 344,886 352,896 376,891 389,897 402,893 482,891 507,893 553,887 561,896 567,897 580,895 592,886 624,891 639,886 670,888 692,884 733,886 852,882 863,879 934,880 970,876 1000,876 1011,883 1021,884 1035,874 1061,872 1060,831 1012,834 991,827 954,828 944,834 932,831 912,836 907,836 900,830 891,830 884,835 880,832 867,833 863,836 786,841 712,841 676,836 669,841 643,841 635,845 580,846 517,844 472,846 470,840 464,839 451,841 447,838"/>
        <Word id="region0002_line0010_word0000" custom="readingOrder {index:0;}">
          <Coords points="202,861 238,860 239,890 203,891"/>
          <TextEquiv conf="0.9286473">
            <Unicode>er</Unicode>
          </TextEquiv>
        </Word>
        <Word id="region0002_line0010_word0001" custom="readingOrder {index:1;}">
          <Coords points="261,860 324,859 325,887 262,888"/>
          <TextEquiv conf="0.93024904">
            <Unicode>von</Unicode>
          </TextEquiv>
        </Word>
        <Word id="region0002_line0010_word0002" custom="readingOrder {index:2;}">
          <Coords points="380,892 405,892 404,848 347,850 347,890 350,893 364,893 376,891"/>
          <TextEquiv conf="0.9205183">
            <Unicode>ſich</Unicode>
          </TextEquiv>
        </Word>
        <Word id="region0002_line0010_word0003" custom="readingOrder {index:3;}">
          <Coords points="471,843 428,844 426,845 427,892 482,891 484,891 533,890 553,887 555,889 590,888 592,886 601,887 638,886 639,886 641,886 644,886 643,841 643,841 635,845 580,846 517,844 472,846"/>
          <TextEquiv conf="0.89896315">
            <Unicode>uͤberzeugen,</Unicode>
          </TextEquiv>
        </Word>
        <Word id="region0002_line0010_word0004" custom="readingOrder {index:4;}">
          <Coords points="699,839 676,840 677,877 777,874 776,841 712,841"/>
          <TextEquiv conf="0.9204148">
            <Unicode>denen</Unicode>
          </TextEquiv>
        </Word>
        <Word id="region0002_line0010_word0005" custom="readingOrder {index:5;}">
          <Coords points="809,847 841,847 842,872 810,872"/>
          <TextEquiv conf="0.92195505">
            <Unicode>er</Unicode>
          </TextEquiv>
        </Word>
        <Word id="region0002_line0010_word0006" custom="readingOrder {index:6;}">
          <Coords points="905,834 870,836 871,871 918,869 917,834 912,836 907,836"/>
          <TextEquiv conf="0.93016386">
            <Unicode>die</Unicode>
          </TextEquiv>
        </Word>
        <Word id="region0002_line0010_word0007" custom="readingOrder {index:7;}">
          <Coords points="999,829 947,831 944,834 942,833 943,879 970,876 1000,876 1001,876 1032,875 1035,874 1050,872 1050,831 1012,834"/>
          <TextEquiv conf="0.917791">
            <Unicode>Wege</Unicode>
          </TextEquiv>
        </Word>
        <TextEquiv conf="0.9210878">
          <Unicode>er von ſich uͤberzeugen, denen er die Wege</Unicode>
        </TextEquiv>
      </TextLine>
      <TextLine id="region0002_line0011" custom="readingOrder {index:10;}">
        <Coords points="340,887 334,892 277,892 254,895 239,900 188,901 188,919 190,952 203,954 223,945 235,946 241,943 298,944 342,943 358,940 381,942 422,939 431,943 465,938 470,940 493,938 505,940 513,947 524,947 533,941 570,938 582,935 589,938 628,935 632,943 648,944 655,933 677,932 683,935 714,936 716,940 726,942 736,937 816,929 851,933 938,926 973,928 997,934 1008,934 1019,927 1061,924 1062,916 1061,873 1035,875 1021,885 1011,884 1000,877 970,877 935,880 929,886 882,887 881,882 876,880 863,880 859,882 858,887 806,885 803,888 724,892 647,893 642,887 623,894 610,894 609,890 602,887 588,888 580,896 567,898 561,897 553,888 544,889 539,895 526,896 522,892 497,896 389,898 376,892 352,897 344,887"/>
        <Word id="region0002_line0011_word0000" custom="readingOrder {index:0;}">
          <Coords points="262,943 262,908 204,910 205,949 214,948 223,945 235,946 241,943"/>
          <TextEquiv conf="0.9290463">
            <Unicode>zur</Unicode>
          </TextEquiv>
        </Word>
        <Word id="region0002_line0011_word0001" custom="readingOrder {index:1;}">
          <Coords points="346,890 336,890 334,892 277,892 272,893 274,944 298,944 342,943 358,940 381,942 422,939 429,942 437,942 465,938 470,940 493,938 505,940 505,940 569,938 570,938 572,938 571,897 567,898 561,897 553,888 544,889 539,895 526,896 522,892 497,896 389,898 376,892 352,897"/>
          <TextEquiv conf="0.87511176">
            <Unicode>Vollkommenheit</Unicode>
          </TextEquiv>
        </Word>
        <Word id="region0002_line0011_word0002" custom="readingOrder {index:2;}">
          <Coords points="605,888 588,889 590,937 608,936 628,935 628,935 653,935 655,933 677,932 681,934 737,933 735,891 724,892 647,893 642,887 640,887 623,894 610,894 609,890"/>
          <TextEquiv conf="0.9131734">
            <Unicode>bahnen,</Unicode>
          </TextEquiv>
        </Word>
        <Word id="region0002_line0011_word0003" custom="readingOrder {index:3;}">
          <Coords points="761,890 762,921 829,919 828,888 767,889"/>
          <TextEquiv conf="0.92250335">
            <Unicode>und</Unicode>
          </TextEquiv>
        </Word>
        <Word id="region0002_line0011_word0004" custom="readingOrder {index:4;}">
          <Coords points="879,881 860,882 859,882 858,887 847,887 848,921 939,919 938,880 935,880 929,886 882,887 881,882"/>
          <TextEquiv conf="0.92630523">
            <Unicode>einen</Unicode>
          </TextEquiv>
        </Word>
        <Word id="region0002_line0011_word0005" custom="readingOrder {index:5;}">
          <Coords points="1000,877 954,879 955,926 1054,923 1053,876 1032,876 1021,885 1011,884"/>
          <TextEquiv conf="0.91937935">
            <Unicode>Theil</Unicode>
          </TextEquiv>
        </Word>
        <TextEquiv conf="0.91425323">
          <Unicode>zur Vollkommenheit bahnen, und einen Theil</Unicode>
        </TextEquiv>
      </TextLine>
      <TextLine id="region0002_line0012" custom="readingOrder {index:11;}">
        <Coords points="241,944 233,948 223,946 203,955 190,955 191,998 205,1000 220,993 231,995 323,990 337,995 389,994 395,990 409,993 414,989 427,988 430,996 436,997 450,994 452,991 540,990 555,986 562,989 612,987 613,990 624,994 639,986 702,982 767,979 804,982 916,981 1063,972 1062,932 997,935 973,929 938,927 888,930 871,936 834,936 827,930 816,930 802,933 797,938 724,943 685,941 684,936 678,933 656,934 650,944 641,945 632,944 628,936 616,936 609,942 601,943 576,936 561,945 530,945 513,948 506,942 493,939 483,939 478,944 471,944 465,939 456,939 441,945 432,946 422,940 381,943 358,941 333,943 323,948 259,952 251,944"/>
        <Word id="region0002_line0012_word0000" custom="readingOrder {index:0;}">
          <Coords points="308,990 308,952 206,955 206,999 220,993 231,995"/>
          <TextEquiv conf="0.92651105">
            <Unicode>ſeiner</Unicode>
          </TextEquiv>
        </Word>
        <Word id="region0002_line0012_word0001" custom="readingOrder {index:1;}">
          <Coords points="510,990 510,946 337,951 337,994 389,994 395,990 409,993 414,989 427,988 429,995 445,994 450,994 452,991"/>
          <TextEquiv conf="0.8997201">
            <Unicode>Seligkeit</Unicode>
          </TextEquiv>
        </Word>
        <Word id="region0002_line0012_word0002" custom="readingOrder {index:2;}">
          <Coords points="598,942 563,943 561,945 538,945 538,990 540,990 555,986 562,989 612,987 613,990 615,990 630,990 639,986 702,982 716,981 716,942 685,941 684,939 651,940 650,944 641,945 632,944 630,941 608,942 601,943"/>
          <TextEquiv conf="0.9196443">
            <Unicode>mittheilen</Unicode>
          </TextEquiv>
        </Word>
        <Word id="region0002_line0012_word0003" custom="readingOrder {index:3;}">
          <Coords points="750,941 751,977 867,974 866,937 778,939"/>
          <TextEquiv conf="0.9203393">
            <Unicode>wollte.</Unicode>
          </TextEquiv>
        </Word>
        <Word id="region0002_line0012_word0004" custom="readingOrder {index:4;}">
          <Coords points="917,934 953,933 954,971 918,972"/>
          <TextEquiv conf="0.9303138">
            <Unicode>O</Unicode>
          </TextEquiv>
        </Word>
        <Word id="region0002_line0012_word0005" custom="readingOrder {index:5;}">
          <Coords points="983,942 1055,940 1056,967 984,969"/>
          <TextEquiv>
            <Unicode>ver⸗</Unicode>
          </TextEquiv>
        </Word>
        <TextEquiv>
          <Unicode>ſeiner Seligkeit mittheilen wollte. O ver⸗</Unicode>
        </TextEquiv>
      </TextLine>
      <TextLine id="region0002_line0013" custom="readingOrder {index:12;}">
        <Coords points="220,994 211,1000 191,1002 192,1047 217,1047 221,1042 279,1044 295,1041 308,1043 378,1039 384,1042 411,1042 424,1046 440,1043 444,1046 455,1039 475,1038 482,1042 652,1034 698,1034 703,1037 735,1031 760,1037 778,1032 785,1037 800,1035 808,1038 819,1031 840,1028 937,1029 973,1024 987,1026 1064,1024 1063,979 947,985 848,984 844,988 831,988 821,981 756,980 702,983 691,988 676,989 645,990 639,987 624,995 614,991 566,995 563,990 555,987 541,990 539,994 448,995 433,998 427,989 414,990 409,994 395,991 387,996 332,997 326,992 313,991 303,998 234,1001 232,996"/>
        <Word id="region0002_line0013_word0000" custom="readingOrder {index:0;}">
          <Coords points="340,1041 339,999 204,1003 206,1047 217,1046 221,1042 279,1044 295,1041 308,1043"/>
          <TextEquiv conf="0.9565654">
            <Unicode>ſammle</Unicode>
          </TextEquiv>
        </Word>
        <Word id="region0002_line0013_word0001" custom="readingOrder {index:1;}">
          <Coords points="431,996 371,997 373,1039 378,1039 384,1042 411,1042 411,1042 452,1041 455,1039 461,1039 459,995 447,995 433,998"/>
          <TextEquiv conf="0.93045294">
            <Unicode>dich,</Unicode>
          </TextEquiv>
        </Word>
        <Word id="region0002_line0013_word0002" custom="readingOrder {index:2;}">
          <Coords points="565,993 492,996 493,1034 595,1031 594,993 587,993 566,995"/>
          <TextEquiv conf="0.9661974">
            <Unicode>meine</Unicode>
          </TextEquiv>
        </Word>
        <Word id="region0002_line0013_word0003" custom="readingOrder {index:3;}">
          <Coords points="659,1034 722,1032 721,988 631,990 627,993 628,1035 636,1034 652,1034"/>
          <TextEquiv conf="0.9312862">
            <Unicode>durch</Unicode>
          </TextEquiv>
        </Word>
        <Word id="region0002_line0013_word0004" custom="readingOrder {index:4;}">
          <Coords points="825,983 747,986 748,1034 751,1034 769,1034 778,1032 780,1034 815,1033 819,1031 840,1028 856,1028 856,984 848,984 844,988 831,988"/>
          <TextEquiv conf="0.932341">
            <Unicode>Jeſus</Unicode>
          </TextEquiv>
        </Word>
        <Word id="region0002_line0013_word0005" custom="readingOrder {index:5;}">
          <Coords points="889,991 1056,986 1057,1016 890,1021"/>
          <TextEquiv>
            <Unicode>erneuerte</Unicode>
          </TextEquiv>
        </Word>
        <TextEquiv>
          <Unicode>ſammle dich, meine durch Jeſus erneuerte</Unicode>
        </TextEquiv>
      </TextLine>
      <TextLine id="region0002_line0014" custom="readingOrder {index:13;}">
        <Coords points="221,1043 217,1048 192,1048 193,1095 227,1093 238,1095 253,1092 268,1094 291,1090 341,1088 369,1092 429,1091 452,1087 472,1097 476,1097 488,1087 573,1084 583,1089 590,1086 771,1084 801,1078 821,1081 882,1079 888,1085 897,1085 904,1079 913,1077 951,1075 957,1078 979,1079 1016,1071 1065,1068 1065,1041 1065,1037 1014,1039 1009,1037 1009,1032 1003,1027 983,1028 977,1025 943,1034 901,1034 894,1028 884,1028 878,1034 871,1034 863,1028 840,1029 808,1039 800,1036 785,1038 778,1033 760,1038 735,1032 686,1040 634,1040 628,1036 621,1036 613,1040 588,1041 578,1044 523,1046 483,1045 476,1039 456,1040 444,1047 424,1047 411,1043 397,1047 385,1045 378,1040 310,1045 295,1042 279,1049 269,1048 262,1044"/>
        <Word id="region0002_line0014_word0000" custom="readingOrder {index:0;}">
          <Coords points="335,1088 335,1050 209,1054 209,1094 227,1093 233,1094 243,1093 253,1092 262,1093 273,1092 291,1090"/>
          <TextEquiv conf="0.96172607">
            <Unicode>Seele!</Unicode>
          </TextEquiv>
        </Word>
        <Word id="region0002_line0014_word0001" custom="readingOrder {index:1;}">
          <Coords points="362,1049 431,1047 432,1085 363,1087"/>
          <TextEquiv conf="0.9622266">
            <Unicode>bete</Unicode>
          </TextEquiv>
        </Word>
        <Word id="region0002_line0014_word0002" custom="readingOrder {index:2;}">
          <Coords points="480,1042 450,1044 450,1087 452,1087 461,1091 483,1090 488,1087 506,1086 506,1045 483,1045"/>
          <TextEquiv conf="0.9590745">
            <Unicode>ihn</Unicode>
          </TextEquiv>
        </Word>
        <Word id="region0002_line0014_word0003" custom="readingOrder {index:3;}">
          <Coords points="576,1085 593,1085 592,1052 530,1054 530,1085 573,1084"/>
          <TextEquiv conf="0.95684">
            <Unicode>an,</Unicode>
          </TextEquiv>
        </Word>
        <Word id="region0002_line0014_word0004" custom="readingOrder {index:4;}">
          <Coords points="618,1044 690,1042 691,1076 619,1078"/>
          <TextEquiv conf="0.9658151">
            <Unicode>den</Unicode>
          </TextEquiv>
        </Word>
        <Word id="region0002_line0014_word0005" custom="readingOrder {index:5;}">
          <Coords points="751,1036 716,1037 717,1081 796,1078 801,1078 805,1078 980,1074 978,1030 955,1030 943,1034 901,1034 898,1032 879,1032 878,1034 871,1034 869,1032 823,1034 808,1039 800,1036 785,1038 781,1035 768,1035 760,1038"/>
          <TextEquiv>
            <Unicode>Goͤttlichen!</Unicode>
          </TextEquiv>
        </Word>
        <Word id="region0002_line0014_word0006" custom="readingOrder {index:6;}">
          <Coords points="1004,1050 1056,1048 1056,1055 1004,1057"/>
          <TextEquiv conf="0.8825096">
            <Unicode>—</Unicode>
          </TextEquiv>
        </Word>
        <TextEquiv>
          <Unicode>Seele! bete ihn an, den Goͤttlichen! —</Unicode>
        </TextEquiv>
      </TextLine>
      <TextLine id="region0002_line0015" custom="readingOrder {index:14;}">
        <Coords points="291,1091 277,1093 270,1098 253,1093 243,1093 236,1097 227,1094 213,1094 206,1099 193,1099 193,1102 195,1146 204,1146 207,1149 221,1146 224,1142 236,1145 439,1136 450,1142 462,1137 484,1138 498,1145 509,1137 519,1137 527,1143 560,1145 597,1143 610,1137 630,1135 819,1130 835,1125 898,1124 907,1125 915,1130 924,1126 1023,1125 1031,1122 1066,1121 1066,1079 1024,1076 1020,1073 962,1082 951,1076 941,1077 935,1084 930,1078 913,1078 908,1080 904,1087 898,1088 868,1093 823,1094 822,1082 801,1079 772,1084 768,1090 630,1092 597,1087 583,1090 573,1085 488,1088 476,1098 472,1098 458,1096 457,1091 452,1088 435,1090 432,1096 362,1099 360,1093 349,1090"/>
        <Word id="region0002_line0015_word0000" custom="readingOrder {index:0;}">
          <Coords points="277,1143 276,1101 209,1103 210,1148 221,1146 224,1142 236,1145"/>
          <TextEquiv conf="0.914608">
            <Unicode>ſein</Unicode>
          </TextEquiv>
        </Word>
        <Word id="region0002_line0015_word0001" custom="readingOrder {index:1;}">
          <Coords points="362,1098 297,1100 298,1139 413,1136 412,1097 403,1097 362,1099"/>
          <TextEquiv conf="0.9261573">
            <Unicode>Name</Unicode>
          </TextEquiv>
        </Word>
        <Word id="region0002_line0015_word0002" custom="readingOrder {index:2;}">
          <Coords points="458,1096 438,1096 440,1136 450,1142 462,1137 484,1138 494,1143 501,1143 509,1137 519,1137 526,1142 529,1142 527,1094 480,1095 476,1098 472,1098 458,1096"/>
          <TextEquiv conf="0.9192625">
            <Unicode>heißt</Unicode>
          </TextEquiv>
        </Word>
        <Word id="region0002_line0015_word0003" custom="readingOrder {index:3;}">
          <Coords points="612,1089 552,1091 553,1140 606,1138 610,1137 630,1135 799,1130 799,1084 771,1084 768,1090 630,1092"/>
          <TextEquiv>
            <Unicode>Jmmanuel</Unicode>
          </TextEquiv>
        </Word>
        <Word id="region0002_line0015_word0004" custom="readingOrder {index:4;}">
          <Coords points="823,1107 873,1106 873,1113 823,1114"/>
          <TextEquiv conf="0.92229354">
            <Unicode>—</Unicode>
          </TextEquiv>
        </Word>
        <Word id="region0002_line0015_word0005" custom="readingOrder {index:5;}">
          <Coords points="952,1126 975,1125 974,1083 909,1085 910,1127 910,1127 923,1127 924,1126"/>
          <TextEquiv conf="0.93238145">
            <Unicode>ſein</Unicode>
          </TextEquiv>
        </Word>
        <Word id="region0002_line0015_word0006" custom="readingOrder {index:6;}">
          <Coords points="994,1084 1057,1082 1058,1117 995,1119"/>
          <TextEquiv conf="0.925136">
            <Unicode>Ur⸗</Unicode>
          </TextEquiv>
        </Word>
        <TextEquiv>
          <Unicode>ſein Name heißt Jmmanuel — ſein Ur⸗</Unicode>
        </TextEquiv>
      </TextLine>
      <TextLine id="region0002_line0016" custom="readingOrder {index:15;}">
        <Coords points="224,1143 222,1147 195,1150 196,1192 220,1195 226,1191 233,1193 239,1190 274,1189 290,1192 308,1188 318,1199 332,1199 341,1191 351,1189 371,1191 384,1197 391,1196 397,1191 406,1190 413,1196 446,1196 462,1191 469,1185 479,1184 506,1186 517,1195 533,1192 535,1187 590,1185 640,1189 678,1178 756,1179 764,1188 774,1179 801,1180 856,1175 889,1178 911,1176 926,1183 932,1182 936,1177 1068,1172 1066,1128 1049,1128 1044,1123 1031,1123 1025,1127 1011,1125 1004,1128 943,1134 938,1127 915,1131 907,1126 898,1125 835,1126 823,1129 812,1137 808,1137 803,1130 788,1131 785,1138 778,1132 761,1132 755,1139 722,1145 655,1148 639,1143 541,1145 527,1144 519,1138 509,1138 498,1146 484,1139 466,1138 456,1143 439,1137 387,1139 366,1140 362,1145 346,1147 294,1149 239,1149 235,1145"/>
        <Word id="region0002_line0016_word0000" custom="readingOrder {index:0;}">
          <Coords points="315,1196 335,1196 334,1148 200,1152 200,1192 220,1195 226,1191 233,1193 239,1190 274,1189 290,1192 308,1188"/>
          <TextEquiv>
            <Unicode>ſprung</Unicode>
          </TextEquiv>
        </Word>
        <Word id="region0002_line0016_word0001" custom="readingOrder {index:1;}">
          <Coords points="405,1190 405,1149 367,1150 367,1190 371,1191 376,1193 394,1193 397,1191"/>
          <TextEquiv conf="0.9633629">
            <Unicode>iſt</Unicode>
          </TextEquiv>
        </Word>
        <Word id="word_1652334775491_722" custom="readingOrder {index:2;}">
          <Coords points="433,1146 494,1144 498,1146 500,1143 525,1143 527,1144 541,1145 639,1143 648,1145 648,1186 640,1189 590,1185 535,1187 533,1192 526,1193 515,1193 506,1186 479,1184 469,1185 462,1191 447,1195 434,1196"/>
          <TextEquiv conf="0.64492905">
            <Unicode>Jehova,</Unicode>
          </TextEquiv>
        </Word>
        <Word id="region0002_line0016_word0003" custom="readingOrder {index:3;}">
          <Coords points="738,1170 735,1154 674,1155 677,1170"/>
          <TextEquiv conf="0.64492905">
            <Unicode>—</Unicode>
          </TextEquiv>
        </Word>
        <Word id="region0002_line0016_word0004" custom="readingOrder {index:4;}">
          <Coords points="784,1137 758,1138 760,1181 772,1181 774,1179 797,1180 805,1180 826,1178 824,1136 813,1136 812,1137 808,1137 808,1136 785,1137 785,1138"/>
          <TextEquiv conf="0.9674953">
            <Unicode>ſein</Unicode>
          </TextEquiv>
        </Word>
        <Word id="region0002_line0016_word0005" custom="readingOrder {index:5;}">
          <Coords points="942,1132 850,1135 851,1175 856,1175 889,1178 911,1176 914,1177 942,1176 972,1175 971,1132 960,1132 943,1134"/>
          <TextEquiv conf="0.96522886">
            <Unicode>Weſen</Unicode>
          </TextEquiv>
        </Word>
        <Word id="region0002_line0016_word0006" custom="readingOrder {index:6;}">
          <Coords points="1010,1132 1059,1130 1060,1167 1011,1169"/>
          <TextEquiv conf="0.96579224">
            <Unicode>die</Unicode>
          </TextEquiv>
        </Word>
        <TextEquiv>
          <Unicode>ſprung iſt Jehova, — ſein Weſen die</Unicode>
        </TextEquiv>
      </TextLine>
      <TextLine id="region0002_line0017" custom="readingOrder {index:16;}">
        <Coords points="226,1192 220,1196 196,1193 196,1222 196,1241 235,1239 295,1241 309,1237 318,1240 341,1239 351,1243 387,1240 393,1237 407,1239 460,1239 615,1232 626,1235 632,1230 642,1230 656,1231 668,1237 679,1230 693,1230 697,1238 701,1239 714,1232 749,1236 755,1232 784,1228 821,1229 889,1224 895,1228 906,1225 922,1225 926,1229 943,1228 945,1225 1069,1221 1068,1178 993,1178 926,1184 911,1177 889,1179 856,1176 821,1177 799,1181 797,1188 790,1187 787,1181 774,1180 764,1189 756,1180 738,1183 709,1179 678,1179 640,1190 536,1191 525,1196 514,1195 506,1187 479,1185 469,1186 449,1197 413,1197 406,1191 397,1192 386,1198 363,1197 358,1191 346,1190 332,1200 318,1200 308,1189 298,1191 293,1197 287,1192 274,1190 239,1191 233,1194"/>
        <Word id="region0002_line0017_word0000" custom="readingOrder {index:0;}">
          <Coords points="429,1239 429,1198 214,1204 215,1239 235,1239 295,1241 309,1237 318,1240 341,1239 351,1243 387,1240 393,1237 407,1239"/>
          <TextEquiv conf="0.90629387">
            <Unicode>Weisheit</Unicode>
          </TextEquiv>
        </Word>
        <Word id="region0002_line0017_word0001" custom="readingOrder {index:1;}">
          <Coords points="513,1194 456,1196 457,1239 465,1239 615,1232 624,1234 627,1234 632,1230 635,1230 634,1191 530,1194 525,1196 514,1195"/>
          <TextEquiv conf="0.9091386">
            <Unicode>Gottes,</Unicode>
          </TextEquiv>
        </Word>
        <Word id="region0002_line0017_word0002" custom="readingOrder {index:2;}">
          <Coords points="716,1232 715,1187 655,1189 656,1231 656,1231 665,1236 670,1236 679,1230 693,1230 695,1235 710,1234 714,1232"/>
          <TextEquiv conf="0.92191577">
            <Unicode>(b)</Unicode>
          </TextEquiv>
        </Word>
        <Word id="region0002_line0017_word0003" custom="readingOrder {index:3;}">
          <Coords points="763,1188 740,1189 741,1233 754,1233 755,1232 784,1228 806,1229 805,1187 797,1187 797,1188 793,1187 765,1188 764,1189"/>
          <TextEquiv conf="0.93190265">
            <Unicode>ſein</Unicode>
          </TextEquiv>
        </Word>
        <Word id="region0002_line0017_word0004" custom="readingOrder {index:4;}">
          <Coords points="920,1181 827,1184 828,1228 889,1224 894,1227 899,1227 906,1225 922,1225 923,1226 945,1226 945,1225 966,1224 965,1181 926,1184"/>
          <TextEquiv conf="0.9319482">
            <Unicode>Daſeyn</Unicode>
          </TextEquiv>
        </Word>
        <Word id="region0002_line0017_word0005" custom="readingOrder {index:5;}">
          <Coords points="993,1187 1060,1185 1061,1215 994,1217"/>
          <TextEquiv conf="0.93246794">
            <Unicode>von</Unicode>
          </TextEquiv>
        </Word>
        <TextEquiv conf="0.9222778">
          <Unicode>Weisheit Gottes, (b) ſein Daſeyn von</Unicode>
        </TextEquiv>
      </TextLine>
      <TextLine id="region0002_line0018" custom="readingOrder {index:17;}">
        <Coords points="220,1241 196,1242 197,1275 198,1293 226,1292 241,1294 325,1287 333,1291 339,1287 425,1288 461,1282 487,1281 520,1283 528,1288 629,1281 668,1282 676,1287 691,1281 727,1285 732,1281 776,1280 796,1276 883,1275 889,1277 910,1274 926,1276 939,1283 949,1282 955,1274 966,1272 990,1273 993,1270 1003,1270 1038,1273 1044,1278 1070,1274 1070,1261 1069,1227 945,1231 922,1230 913,1226 895,1229 889,1225 855,1226 827,1228 804,1236 797,1229 784,1229 779,1236 773,1232 762,1232 749,1237 714,1233 701,1240 696,1238 693,1231 679,1231 668,1238 656,1232 632,1231 626,1236 605,1234 580,1241 570,1242 569,1238 562,1234 551,1235 547,1237 546,1242 541,1236 524,1236 519,1238 516,1244 477,1249 442,1243 427,1244 423,1241 409,1244 408,1240 401,1238 393,1238 386,1243 316,1245 314,1240 303,1238 294,1242 292,1247 278,1247 258,1242"/>
        <Word id="region0002_line0018_word0000" custom="readingOrder {index:0;}">
          <Coords points="425,1288 423,1245 214,1251 214,1292 226,1292 236,1293 254,1292 325,1287 332,1290 333,1290 339,1287"/>
          <TextEquiv conf="0.9123612">
            <Unicode>Ewigkeit</Unicode>
          </TextEquiv>
        </Word>
        <Word id="region0002_line0018_word0001" custom="readingOrder {index:1;}">
          <Coords points="447,1261 497,1260 497,1272 447,1273"/>
          <TextEquiv conf="0.927279">
            <Unicode>—</Unicode>
          </TextEquiv>
        </Word>
        <Word id="region0002_line0018_word0002" custom="readingOrder {index:2;}">
          <Coords points="570,1241 520,1243 522,1284 525,1286 585,1284 586,1284 584,1241 578,1241 570,1242"/>
          <TextEquiv conf="0.96127105">
            <Unicode>ſein</Unicode>
          </TextEquiv>
        </Word>
        <Word id="region0002_line0018_word0003" custom="readingOrder {index:3;}">
          <Coords points="665,1236 619,1238 620,1281 629,1281 668,1282 669,1282 688,1282 691,1281 698,1281 728,1281 726,1235 709,1235 701,1240 696,1238 695,1235 670,1236 668,1238"/>
          <TextEquiv conf="0.9239884">
            <Unicode>Geſetz</Unicode>
          </TextEquiv>
        </Word>
        <Word id="region0002_line0018_word0004" custom="readingOrder {index:4;}">
          <Coords points="779,1236 763,1236 764,1273 813,1272 812,1235 807,1235 804,1236 803,1235 779,1236 779,1236"/>
          <TextEquiv conf="0.9582901">
            <Unicode>die</Unicode>
          </TextEquiv>
        </Word>
        <Word id="region0002_line0018_word0005" custom="readingOrder {index:5;}">
          <Coords points="922,1230 849,1232 851,1275 883,1275 889,1277 910,1274 926,1276 929,1278 953,1277 955,1274 966,1272 990,1273 993,1270 1003,1270 1038,1273 1040,1275 1063,1274 1061,1227 945,1231 922,1230"/>
          <TextEquiv conf="0.961362">
            <Unicode>Nahrung</Unicode>
          </TextEquiv>
        </Word>
        <TextEquiv conf="0.94075865">
          <Unicode>Ewigkeit — ſein Geſetz die Nahrung</Unicode>
        </TextEquiv>
      </TextLine>
      <TextLine id="region0002_line0019" custom="readingOrder {index:18;}">
        <Coords points="304,1288 266,1296 233,1295 226,1293 198,1294 199,1339 249,1337 314,1340 353,1336 362,1341 369,1337 394,1337 408,1341 412,1336 425,1335 436,1338 485,1338 497,1343 516,1334 530,1342 537,1338 570,1331 634,1329 641,1332 674,1332 691,1329 698,1332 706,1329 768,1331 859,1327 871,1333 884,1325 893,1324 907,1330 920,1326 958,1326 965,1332 975,1332 981,1325 1071,1321 1071,1283 1070,1275 1056,1279 1011,1279 1009,1273 1003,1271 993,1271 987,1279 979,1273 967,1273 946,1284 910,1275 889,1278 883,1276 796,1277 781,1279 772,1283 766,1279 754,1279 747,1284 744,1282 732,1282 727,1286 698,1285 691,1282 681,1287 629,1289 594,1298 568,1299 556,1288 528,1289 520,1284 507,1288 499,1283 492,1283 484,1290 469,1292 431,1292 413,1287 396,1291 390,1287 378,1287 369,1294 359,1289 339,1288 333,1292 325,1288"/>
        <Word id="region0002_line0019_word0000" custom="readingOrder {index:0;}">
          <Coords points="276,1338 285,1338 284,1304 216,1306 216,1338 249,1337"/>
          <TextEquiv conf="0.93153083">
            <Unicode>der</Unicode>
          </TextEquiv>
        </Word>
        <Word id="region0002_line0019_word0001" custom="readingOrder {index:1;}">
          <Coords points="467,1338 467,1296 308,1300 308,1339 314,1340 353,1336 362,1341 369,1337 394,1337 408,1341 412,1336 425,1335 436,1338"/>
          <TextEquiv conf="0.8880713">
            <Unicode>Geiſter</Unicode>
          </TextEquiv>
        </Word>
        <Word id="region0002_line0019_word0002" custom="readingOrder {index:2;}">
          <Coords points="539,1338 538,1292 485,1293 486,1338 487,1339 506,1339 516,1334 524,1338 537,1338 537,1338"/>
          <TextEquiv conf="0.8880713">
            <Unicode>(c)</Unicode>
          </TextEquiv>
        </Word>
        <Word id="region0002_line0019_word0003" custom="readingOrder {index:3;}">
          <Coords points="561,1313 610,1311 611,1318 562,1320"/>
          <TextEquiv conf="0.91047204">
            <Unicode>—</Unicode>
          </TextEquiv>
        </Word>
        <Word id="region0002_line0019_word0004" custom="readingOrder {index:4;}">
          <Coords points="635,1294 701,1292 702,1326 636,1328"/>
          <TextEquiv conf="0.930199">
            <Unicode>und</Unicode>
          </TextEquiv>
        </Word>
        <Word id="region0002_line0019_word0005" custom="readingOrder {index:5;}">
          <Coords points="732,1288 780,1287 781,1325 733,1326"/>
          <TextEquiv conf="0.92513084">
            <Unicode>die</Unicode>
          </TextEquiv>
        </Word>
        <Word id="region0002_line0019_word0006" custom="readingOrder {index:6;}">
          <Coords points="930,1280 808,1284 808,1329 859,1327 865,1330 876,1329 884,1325 893,1324 904,1328 910,1328 920,1326 935,1326 935,1281"/>
          <TextEquiv conf="0.9222399">
            <Unicode>Abſicht</Unicode>
          </TextEquiv>
        </Word>
        <Word id="region0002_line0019_word0007" custom="readingOrder {index:7;}">
          <Coords points="1011,1279 962,1280 963,1325 1016,1323 1065,1321 1064,1277 1063,1277 1056,1279 1011,1279"/>
          <TextEquiv conf="0.9273629">
            <Unicode>ſeiner</Unicode>
          </TextEquiv>
        </Word>
        <TextEquiv conf="0.91538477">
          <Unicode>der Geiſter (c) — und die Abſicht ſeiner</Unicode>
        </TextEquiv>
      </TextLine>
      <TextLine id="region0002_line0020" custom="readingOrder {index:19;}">
        <Coords points="245,1338 199,1340 201,1394 240,1396 244,1393 317,1386 339,1387 350,1395 356,1394 359,1390 402,1390 407,1393 418,1393 424,1389 558,1384 591,1380 604,1385 615,1384 620,1389 630,1389 638,1382 649,1379 698,1377 736,1380 744,1379 750,1372 754,1372 759,1376 759,1382 776,1382 785,1377 844,1378 849,1384 869,1384 878,1378 900,1377 910,1369 1028,1365 1033,1360 1032,1339 1027,1334 928,1336 920,1328 907,1331 893,1325 884,1326 871,1334 862,1331 746,1337 744,1332 736,1329 706,1330 699,1333 682,1330 674,1337 643,1334 634,1330 620,1330 560,1342 530,1343 516,1335 507,1342 497,1344 464,1338 436,1339 425,1336 412,1337 408,1342 394,1338 388,1343 371,1343 353,1337 345,1337 339,1339 336,1344 318,1345 300,1344 294,1339 277,1341"/>
        <Word id="word_1650618427069_6098" custom="readingOrder {index:0;}">
          <Coords points="208,1350 370,1345 370,1383 208,1383"/>
          <TextEquiv conf="0.92429495">
            <Unicode>Ankunft</Unicode>
          </TextEquiv>
        </Word>
        <Word id="word_1650618427069_6100" custom="readingOrder {index:1;}">
          <Coords points="393,1347 430,1346 430,1383 393,1383"/>
          <TextEquiv conf="0.9213178">
            <Unicode>iſt</Unicode>
          </TextEquiv>
        </Word>
        <Word id="region0002_line0020_word0002" custom="readingOrder {index:2;}">
          <Coords points="490,1342 454,1344 455,1382 585,1378 584,1340 567,1340 560,1342 530,1343 527,1341 504,1342 497,1344"/>
          <TextEquiv conf="0.90223664">
            <Unicode>deine</Unicode>
          </TextEquiv>
        </Word>
        <Word id="word_1650618427070_6102" custom="readingOrder {index:3;}">
          <Coords points="607,1338 665,1336 674,1337 675,1336 745,1334 746,1337 862,1331 871,1334 878,1329 893,1329 894,1375 815,1378 785,1377 782,1379 759,1379 759,1376 754,1372 750,1372 744,1379 736,1380 698,1377 649,1379 638,1382 637,1383 608,1383"/>
          <TextEquiv conf="0.90223664">
            <Unicode>Heiligung!</Unicode>
          </TextEquiv>
        </Word>
        <Word id="region0002_line0020_word0004" custom="readingOrder {index:4;}">
          <Coords points="921,1348 970,1347 970,1356 921,1357"/>
          <TextEquiv conf="0.91620696">
            <Unicode>—</Unicode>
          </TextEquiv>
        </Word>
        <TextEquiv conf="0.9132586">
          <Unicode>Ankunft iſt deine Heiligung! —</Unicode>
        </TextEquiv>
      </TextLine>
      <TextEquiv>
        <Unicode>den Jſrael verlaͤugnete, und den die Heiden
erkannten! — Das Bild des Ewi⸗
gen, (a) der Glanz der Allmacht Got⸗
tes verhuͤllte ſich in die Menſchheit. —
Das offenbarende Wort des Un⸗
ergruͤndlichen umkleidete ſich mit den
Gebrechen eines Sterblichen. — Der
Schoͤpfer miſchte ſich unter ſeine Ge⸗
ſchoͤpfen, und wandelte unter denen, die
er von ſich uͤberzeugen, denen er die Wege
zur Vollkommenheit bahnen, und einen Theil
ſeiner Seligkeit mittheilen wollte. O ver⸗
ſammle dich, meine durch Jeſus erneuerte
Seele! bete ihn an, den Goͤttlichen! —
ſein Name heißt Jmmanuel — ſein Ur⸗
ſprung iſt Jehova, — ſein Weſen die
Weisheit Gottes, (b) ſein Daſeyn von
Ewigkeit — ſein Geſetz die Nahrung
der Geiſter (c) — und die Abſicht ſeiner
Ankunft iſt deine Heiligung! —</Unicode>
      </TextEquiv>
    </TextRegion>
    <TextRegion orientation="1.6667798" readingDirection="left-to-right" id="TextRegion_1650618427028_6094" custom="readingOrder {index:1;}">
      <Coords points="199,1383 1073,1383 1084,1822 211,1843"/>
      <TextLine id="region0002_line0021" custom="readingOrder {index:0;}">
        <Coords points="750,1373 745,1380 736,1381 698,1378 649,1380 638,1383 630,1390 606,1391 605,1386 591,1381 570,1383 564,1389 527,1385 523,1389 508,1390 490,1397 462,1398 429,1392 407,1394 392,1391 350,1396 339,1388 317,1387 264,1392 245,1395 239,1399 239,1427 244,1432 278,1432 291,1438 310,1440 332,1437 350,1437 355,1441 364,1437 375,1436 379,1439 428,1438 452,1431 480,1429 514,1433 554,1431 562,1433 566,1440 573,1440 579,1435 587,1436 594,1430 644,1429 683,1434 698,1431 732,1431 733,1435 745,1439 754,1437 760,1431 798,1432 829,1427 906,1425 917,1432 924,1422 938,1425 977,1423 982,1420 1002,1422 1074,1418 1073,1376 941,1382 935,1381 927,1371 917,1372 910,1375 906,1382 854,1385 841,1381 832,1381 828,1384 803,1384 797,1378 785,1378 779,1383 759,1383 758,1376"/>
        <Word id="region0002_line0021_word0000" custom="readingOrder {index:0;}">
          <Coords points="376,1436 419,1435 418,1394 298,1398 299,1439 300,1439 323,1438 332,1437 350,1437 350,1437 367,1437 375,1436"/>
          <TextEquiv conf="0.870218">
            <Unicode>Gott</Unicode>
          </TextEquiv>
        </Word>
        <Word id="region0002_line0021_word0001" custom="readingOrder {index:1;}">
          <Coords points="448,1412 498,1411 499,1421 449,1422"/>
          <TextEquiv conf="0.91461825">
            <Unicode>—</Unicode>
          </TextEquiv>
        </Word>
        <Word id="region0002_line0021_word0002" custom="readingOrder {index:2;}">
          <Coords points="564,1389 529,1390 530,1432 554,1431 562,1433 565,1438 576,1438 579,1435 587,1436 594,1430 631,1429 630,1390 630,1390 606,1391 605,1388 564,1389 564,1389"/>
          <TextEquiv conf="0.95867777">
            <Unicode>deſſen</Unicode>
          </TextEquiv>
        </Word>
        <Word id="region0002_line0021_word0003" custom="readingOrder {index:3;}">
          <Coords points="751,1373 749,1373 745,1380 736,1381 698,1378 662,1379 663,1431 683,1434 698,1431 732,1431 733,1435 741,1437 751,1437 754,1437 760,1431 798,1432 829,1427 881,1425 880,1383 854,1385 841,1381 832,1381 828,1384 803,1384 797,1378 785,1378 779,1383 759,1383 758,1376"/>
          <TextEquiv conf="0.9137059">
            <Unicode>Wohlthaten</Unicode>
          </TextEquiv>
        </Word>
        <Word id="word_1650618427070_6103" custom="readingOrder {index:4;}">
          <Coords points="911,1383 942,1383 943,1423 930,1423 924,1422 922,1423 912,1424"/>
          <TextEquiv conf="0.9290937">
            <Unicode>ſo</Unicode>
          </TextEquiv>
        </Word>
        <Word id="word_1650618427070_6105" custom="readingOrder {index:5;}">
          <Coords points="971,1385 1034,1383 1066,1383 1067,1410 972,1413"/>
          <TextEquiv conf="0.8977895">
            <Unicode>uner⸗</Unicode>
          </TextEquiv>
        </Word>
        <TextEquiv conf="0.91401714">
          <Unicode>Gott — deſſen Wohlthaten ſo uner⸗</Unicode>
        </TextEquiv>
      </TextLine>
      <TextLine id="region0002_line0022" custom="readingOrder {index:1;}">
        <Coords points="209,1422 204,1426 201,1437 201,1457 203,1495 218,1495 223,1498 234,1498 239,1493 260,1496 267,1492 288,1488 295,1496 301,1496 308,1490 310,1494 321,1497 330,1494 332,1490 376,1490 380,1487 396,1489 401,1486 434,1483 474,1484 490,1482 495,1485 562,1486 573,1482 587,1484 630,1483 635,1480 717,1479 730,1476 742,1481 767,1476 781,1477 791,1485 798,1483 800,1478 855,1474 863,1478 872,1473 920,1472 937,1475 958,1471 994,1478 1002,1473 1071,1468 1074,1467 1075,1459 1074,1428 1024,1426 1018,1421 1002,1423 982,1421 975,1425 957,1425 943,1430 935,1424 924,1423 917,1433 906,1426 894,1429 855,1431 829,1428 822,1433 813,1434 810,1430 798,1433 781,1432 778,1436 745,1440 734,1436 714,1436 709,1432 698,1432 693,1436 673,1437 664,1432 644,1430 594,1431 587,1437 579,1436 573,1441 566,1441 562,1434 554,1432 533,1434 527,1440 494,1441 472,1440 467,1433 456,1432 446,1436 442,1442 421,1444 381,1442 375,1437 364,1438 355,1442 350,1438 328,1438 310,1443 293,1444 289,1437 278,1433 267,1438 224,1438 222,1426 217,1422"/>
        <Word id="region0002_line0022_word0000" custom="readingOrder {index:0;}">
          <Coords points="211,1422 212,1481 404,1476 402,1443 381,1442 375,1437 364,1438 355,1442 350,1438 328,1438 310,1443 293,1444 289,1437 278,1433 267,1438 224,1438 222,1426 217,1422"/>
          <TextEquiv conf="0.9186955">
            <Unicode>ſchoͤpflich,</Unicode>
          </TextEquiv>
        </Word>
        <Word id="region0002_line0022_word0001" custom="readingOrder {index:1;}">
          <Coords points="431,1443 432,1466 484,1464 483,1440 472,1440 467,1433 456,1432 446,1436 442,1442"/>
          <TextEquiv conf="0.96379656">
            <Unicode>als</Unicode>
          </TextEquiv>
        </Word>
        <Word id="region0002_line0022_word0002" custom="readingOrder {index:2;}">
          <Coords points="512,1440 513,1465 574,1464 573,1441 573,1441 566,1441 562,1434 554,1432 533,1434 527,1440"/>
          <TextEquiv conf="0.81304705">
            <Unicode>alle</Unicode>
          </TextEquiv>
        </Word>
        <Word id="region0002_line0022_word0003" custom="readingOrder {index:3;}">
          <Coords points="601,1430 602,1461 754,1456 753,1438 745,1440 734,1436 714,1436 709,1432 698,1432 693,1436 673,1437 664,1432 644,1430"/>
          <TextEquiv conf="0.93605775">
            <Unicode>Wunder</Unicode>
          </TextEquiv>
        </Word>
        <Word id="region0002_line0022_word0004" custom="readingOrder {index:4;}">
          <Coords points="783,1432 784,1463 875,1461 874,1430 855,1431 829,1428 822,1433 813,1434 810,1430 798,1433"/>
          <TextEquiv>
            <Unicode>ſind,</Unicode>
          </TextEquiv>
        </Word>
        <Word id="region0002_line0022_word0005" custom="readingOrder {index:5;}">
          <Coords points="900,1427 901,1453 949,1452 948,1428 943,1430 935,1424 924,1423 917,1433 906,1426"/>
          <TextEquiv conf="0.9330528">
            <Unicode>die</Unicode>
          </TextEquiv>
        </Word>
        <Word id="region0002_line0022_word0006" custom="readingOrder {index:6;}">
          <Coords points="969,1425 971,1456 1069,1453 1067,1427 1024,1426 1018,1421 1002,1423 982,1421 975,1425"/>
          <TextEquiv>
            <Unicode>Him⸗</Unicode>
          </TextEquiv>
        </Word>
        <TextEquiv>
          <Unicode>ſchoͤpflich, als alle Wunder ſind, die Him⸗</Unicode>
        </TextEquiv>
      </TextLine>
      <TextLine id="region0002_line0023" custom="readingOrder {index:2;}">
        <Coords points="429,1484 401,1487 396,1490 355,1490 351,1493 333,1494 321,1498 309,1494 295,1497 288,1489 280,1489 269,1495 260,1497 203,1498 204,1541 283,1540 316,1535 322,1538 391,1534 397,1537 441,1537 626,1530 634,1535 646,1528 653,1530 669,1529 676,1534 686,1530 713,1531 719,1535 728,1535 735,1530 751,1529 752,1533 761,1536 773,1534 782,1526 799,1523 848,1527 866,1526 873,1523 887,1526 906,1521 948,1524 964,1520 981,1522 987,1519 1076,1518 1074,1473 988,1480 965,1477 958,1472 937,1476 920,1473 872,1474 863,1479 855,1475 845,1476 791,1486 781,1478 767,1477 755,1479 751,1484 730,1477 712,1483 685,1483 674,1479 661,1482 635,1481 631,1484 590,1489 589,1485 581,1482 570,1484 566,1489 537,1490 497,1488 490,1483 474,1485"/>
        <Word id="region0002_line0023_word0000" custom="readingOrder {index:0;}">
          <Coords points="214,1500 288,1498 289,1536 215,1538"/>
          <TextEquiv conf="0.6182347">
            <Unicode>mel</Unicode>
          </TextEquiv>
        </Word>
        <Word id="region0002_line0023_word0001" custom="readingOrder {index:1;}">
          <Coords points="317,1535 376,1534 375,1501 310,1503 310,1535 316,1535"/>
          <TextEquiv conf="0.96536475">
            <Unicode>und</Unicode>
          </TextEquiv>
        </Word>
        <Word id="region0002_line0023_word0002" custom="readingOrder {index:2;}">
          <Coords points="407,1496 541,1493 542,1533 408,1536"/>
          <TextEquiv conf="0.96751904">
            <Unicode>Welten</Unicode>
          </TextEquiv>
        </Word>
        <Word id="region0002_line0023_word0003" custom="readingOrder {index:3;}">
          <Coords points="571,1492 605,1491 606,1527 572,1528"/>
          <TextEquiv conf="0.9580904">
            <Unicode>in</Unicode>
          </TextEquiv>
        </Word>
        <Word id="region0002_line0023_word0004" custom="readingOrder {index:4;}">
          <Coords points="687,1530 687,1488 632,1490 633,1533 637,1532 646,1528 653,1530 669,1529 672,1531 683,1531 686,1530"/>
          <TextEquiv>
            <Unicode>ſich</Unicode>
          </TextEquiv>
        </Word>
        <Word id="region0002_line0023_word0005" custom="readingOrder {index:5;}">
          <Coords points="789,1484 718,1486 719,1534 730,1534 735,1530 751,1529 752,1533 752,1533 775,1533 782,1526 799,1523 837,1526 836,1483 803,1484 791,1486"/>
          <TextEquiv conf="0.9317897">
            <Unicode>faſſen!</Unicode>
          </TextEquiv>
        </Word>
        <Word id="region0002_line0023_word0006" custom="readingOrder {index:6;}">
          <Coords points="969,1521 968,1479 872,1482 873,1523 873,1523 877,1524 898,1523 906,1521 925,1522 959,1521 964,1520"/>
          <TextEquiv conf="0.90785825">
            <Unicode>Noch</Unicode>
          </TextEquiv>
        </Word>
        <Word id="region0002_line0023_word0007" custom="readingOrder {index:7;}">
          <Coords points="997,1487 1069,1485 1070,1512 998,1514"/>
          <TextEquiv conf="0.9636961">
            <Unicode>war</Unicode>
          </TextEquiv>
        </Word>
        <TextEquiv>
          <Unicode>mel und Welten in ſich faſſen! Noch war</Unicode>
        </TextEquiv>
      </TextLine>
      <TextLine id="region0002_line0024" custom="readingOrder {index:3;}">
        <Coords points="309,1536 300,1543 296,1540 284,1540 279,1543 205,1547 205,1590 236,1590 295,1585 302,1588 365,1585 419,1589 423,1586 454,1585 462,1576 469,1580 465,1591 505,1583 536,1584 552,1589 563,1583 580,1588 642,1580 655,1582 695,1578 707,1581 731,1575 768,1575 784,1579 831,1574 933,1574 946,1571 1027,1567 1033,1575 1040,1575 1052,1569 1077,1568 1076,1525 1011,1525 1003,1524 996,1519 987,1520 980,1524 967,1521 954,1525 937,1522 920,1525 914,1522 887,1527 873,1524 850,1530 799,1524 782,1527 773,1535 761,1537 753,1534 676,1535 669,1530 653,1531 646,1529 634,1536 626,1531 615,1531 610,1535 570,1539 489,1541 440,1538 421,1539 416,1536 397,1538 391,1535 380,1535 372,1543 324,1543 319,1537"/>
        <Word id="region0002_line0024_word0000" custom="readingOrder {index:0;}">
          <Coords points="224,1557 261,1556 262,1586 225,1587"/>
          <TextEquiv conf="0.9304987">
            <Unicode>es</Unicode>
          </TextEquiv>
        </Word>
        <Word id="region0002_line0024_word0001" custom="readingOrder {index:1;}">
          <Coords points="284,1546 333,1545 334,1582 285,1583"/>
          <TextEquiv conf="0.9271597">
            <Unicode>dir</Unicode>
          </TextEquiv>
        </Word>
        <Word id="region0002_line0024_word0002" custom="readingOrder {index:2;}">
          <Coords points="356,1545 439,1543 440,1583 357,1585"/>
          <TextEquiv conf="0.9243535">
            <Unicode>nicht</Unicode>
          </TextEquiv>
        </Word>
        <Word id="region0002_line0024_word0003" custom="readingOrder {index:3;}">
          <Coords points="566,1584 589,1583 588,1546 461,1550 462,1576 462,1576 469,1580 467,1587 489,1586 505,1583 536,1584 538,1585 561,1584 563,1583"/>
          <TextEquiv conf="0.9284408">
            <Unicode>genug,</Unicode>
          </TextEquiv>
        </Word>
        <Word id="region0002_line0024_word0004" custom="readingOrder {index:4;}">
          <Coords points="630,1533 616,1534 617,1575 680,1574 679,1534 676,1535 673,1533 638,1533 634,1536"/>
          <TextEquiv conf="0.9289618">
            <Unicode>dich</Unicode>
          </TextEquiv>
        </Word>
        <Word id="region0002_line0024_word0005" custom="readingOrder {index:5;}">
          <Coords points="756,1575 755,1543 701,1545 702,1580 703,1580 713,1580 731,1575"/>
          <TextEquiv conf="0.9228413">
            <Unicode>zur</Unicode>
          </TextEquiv>
        </Word>
        <Word id="region0002_line0024_word0006" custom="readingOrder {index:6;}">
          <Coords points="1011,1568 1010,1526 775,1533 775,1533 776,1575 1000,1568"/>
          <TextEquiv conf="0.92609096">
            <Unicode>Sterblichkeit</Unicode>
          </TextEquiv>
        </Word>
        <Word id="region0002_line0024_word0007" custom="readingOrder {index:7;}">
          <Coords points="1069,1568 1069,1533 1033,1534 1034,1570 1050,1569 1052,1569"/>
          <TextEquiv conf="0.9294415">
            <Unicode>zu</Unicode>
          </TextEquiv>
        </Word>
        <TextEquiv conf="0.92722356">
          <Unicode>es dir nicht genug, dich zur Sterblichkeit zu</Unicode>
        </TextEquiv>
      </TextLine>
      <TextLine id="region0002_line0025" custom="readingOrder {index:4;}">
        <Coords points="462,1577 454,1586 457,1590 372,1593 365,1586 353,1586 348,1592 330,1592 324,1588 312,1588 303,1594 300,1588 295,1586 281,1588 279,1594 206,1597 206,1636 206,1638 320,1634 348,1637 367,1628 373,1632 369,1641 372,1644 386,1641 391,1637 419,1636 429,1641 439,1641 445,1637 475,1636 501,1630 508,1633 525,1630 590,1632 608,1632 614,1629 667,1631 758,1626 800,1627 804,1632 811,1633 817,1632 821,1626 843,1630 848,1626 885,1623 891,1615 895,1615 901,1619 896,1629 901,1631 915,1628 918,1624 933,1625 944,1620 957,1619 1019,1618 1026,1625 1037,1619 1079,1618 1077,1573 1058,1574 1049,1571 1040,1576 1033,1576 1027,1568 1013,1569 1007,1573 997,1573 991,1570 970,1573 946,1572 903,1580 855,1580 846,1580 839,1575 807,1577 800,1582 789,1582 777,1577 741,1576 717,1577 707,1582 694,1579 681,1585 657,1585 652,1581 642,1581 635,1586 580,1589 565,1584 552,1590 485,1588 465,1592 468,1580"/>
        <Word id="region0002_line0025_word0000" custom="readingOrder {index:0;}">
          <Coords points="300,1589 280,1590 279,1594 224,1596 225,1637 320,1634 327,1634 354,1633 367,1628 373,1632 372,1633 446,1631 444,1590 372,1593 366,1587 351,1587 348,1592 330,1592 325,1588 310,1589 303,1594"/>
          <TextEquiv conf="0.9231876">
            <Unicode>erniedrigen,</Unicode>
          </TextEquiv>
        </Word>
        <Word id="region0002_line0025_word0001" custom="readingOrder {index:1;}">
          <Coords points="464,1578 465,1621 542,1619 541,1590 485,1588 465,1592 468,1580"/>
          <TextEquiv conf="0.9273952">
            <Unicode>dem</Unicode>
          </TextEquiv>
        </Word>
        <Word id="region0002_line0025_word0002" custom="readingOrder {index:2;}">
          <Coords points="554,1588 555,1622 701,1618 700,1580 694,1579 681,1585 657,1585 652,1581 642,1581 635,1586 580,1589 565,1584"/>
          <TextEquiv conf="0.92189944">
            <Unicode>irrenden</Unicode>
          </TextEquiv>
        </Word>
        <Word id="region0002_line0025_word0003" custom="readingOrder {index:3;}">
          <Coords points="777,1577 713,1578 712,1579 714,1626 886,1620 891,1615 895,1615 901,1619 900,1620 1072,1615 1070,1573 1058,1574 1049,1571 1040,1576 1033,1576 1027,1569 1011,1569 1007,1573 997,1573 991,1570 987,1570 970,1573 946,1572 903,1580 855,1580 846,1580 839,1575 835,1575 807,1577 800,1582 789,1582"/>
          <TextEquiv conf="0.92552185">
            <Unicode>Menſchengeſchlechte</Unicode>
          </TextEquiv>
        </Word>
        <TextEquiv conf="0.92450106">
          <Unicode>erniedrigen, dem irrenden Menſchengeſchlechte</Unicode>
        </TextEquiv>
      </TextLine>
      <TextLine id="region0002_line0026" custom="readingOrder {index:5;}">
        <Coords points="366,1629 348,1639 320,1635 292,1636 269,1641 262,1637 250,1637 242,1642 224,1640 220,1644 206,1644 207,1688 286,1689 346,1684 352,1691 363,1695 375,1692 378,1685 481,1684 485,1688 496,1690 505,1688 508,1684 560,1678 602,1680 628,1677 637,1680 667,1680 673,1684 681,1680 710,1679 722,1682 739,1675 821,1677 831,1682 842,1677 879,1676 887,1682 901,1680 906,1674 916,1673 974,1671 996,1667 1013,1669 1029,1665 1037,1665 1044,1669 1054,1669 1058,1666 1079,1667 1079,1624 1044,1622 1026,1626 1019,1619 944,1621 933,1626 903,1632 895,1629 900,1619 895,1616 891,1616 885,1624 868,1624 863,1630 811,1634 764,1634 758,1627 747,1628 741,1635 644,1636 640,1633 629,1634 623,1629 614,1630 604,1637 552,1638 531,1637 525,1631 508,1634 501,1631 439,1642 429,1642 419,1637 403,1638 400,1641 372,1645 368,1643 372,1632"/>
        <Word id="region0002_line0026_word0000" custom="readingOrder {index:0;}">
          <Coords points="216,1644 217,1680 278,1678 277,1641 221,1642 220,1644"/>
          <TextEquiv>
            <Unicode>die</Unicode>
          </TextEquiv>
        </Word>
        <Word id="region0002_line0026_word0001" custom="readingOrder {index:1;}">
          <Coords points="396,1684 396,1641 372,1645 368,1643 372,1632 366,1629 348,1639 320,1635 292,1636 290,1636 290,1688 346,1684 348,1687 377,1686 378,1685"/>
          <TextEquiv conf="0.9649781">
            <Unicode>Bahn</Unicode>
          </TextEquiv>
        </Word>
        <Word id="region0002_line0026_word0002" custom="readingOrder {index:2;}">
          <Coords points="426,1640 408,1641 409,1675 465,1674 464,1640 448,1640 439,1642 429,1642"/>
          <TextEquiv conf="0.9571997">
            <Unicode>des</Unicode>
          </TextEquiv>
        </Word>
        <Word id="region0002_line0026_word0003" custom="readingOrder {index:3;}">
          <Coords points="527,1633 478,1634 476,1635 477,1681 554,1678 560,1678 566,1678 642,1676 641,1633 640,1633 629,1634 624,1630 612,1630 604,1637 552,1638 531,1637"/>
          <TextEquiv conf="0.9591591">
            <Unicode>Himmels</Unicode>
          </TextEquiv>
        </Word>
        <Word id="region0002_line0026_word0004" custom="readingOrder {index:4;}">
          <Coords points="661,1638 696,1637 697,1672 662,1673"/>
          <TextEquiv conf="0.96511376">
            <Unicode>zu</Unicode>
          </TextEquiv>
        </Word>
        <Word id="region0002_line0026_word0005" custom="readingOrder {index:5;}">
          <Coords points="759,1628 747,1628 747,1628 741,1635 715,1635 716,1674 842,1670 841,1632 811,1634 764,1634"/>
          <TextEquiv>
            <Unicode>zeigen,</Unicode>
          </TextEquiv>
        </Word>
        <Word id="region0002_line0026_word0007" custom="readingOrder {index:6;}">
          <Coords points="868,1624 870,1671 935,1669 933,1626 933,1626 903,1632 895,1629 900,1619 895,1616 891,1616 885,1624"/>
          <TextEquiv conf="0.9327684">
            <Unicode>ihm</Unicode>
          </TextEquiv>
        </Word>
        <Word id="region0002_line0026_word0008" custom="readingOrder {index:7;}">
          <Coords points="1019,1619 950,1622 951,1665 1073,1661 1072,1623 1044,1622 1026,1626"/>
          <TextEquiv>
            <Unicode>Geſetze</Unicode>
          </TextEquiv>
        </Word>
        <TextEquiv>
          <Unicode>die Bahn des Himmels zu zeigen, ihm Geſetze</Unicode>
        </TextEquiv>
      </TextLine>
      <TextLine id="region0002_line0027" custom="readingOrder {index:6;}">
        <Coords points="332,1686 323,1689 321,1693 207,1694 207,1717 209,1741 222,1741 232,1745 249,1737 279,1735 291,1742 304,1744 325,1735 354,1734 359,1737 391,1737 393,1741 403,1743 411,1740 414,1736 462,1729 473,1733 493,1733 525,1729 536,1735 551,1733 570,1739 596,1737 612,1730 626,1732 632,1728 646,1731 660,1727 691,1736 699,1736 712,1728 733,1726 740,1730 770,1729 838,1724 848,1720 883,1723 886,1727 892,1726 900,1720 926,1721 934,1718 968,1720 1080,1717 1079,1671 1074,1667 1060,1667 1054,1670 1044,1670 1037,1666 1013,1670 996,1668 960,1672 949,1677 887,1683 831,1683 753,1675 739,1676 722,1683 710,1680 673,1685 667,1681 654,1680 646,1685 634,1685 628,1678 610,1682 572,1679 533,1682 518,1688 496,1691 435,1686 430,1690 376,1692 363,1696 351,1692 350,1687 346,1685"/>
        <Word id="region0002_line0027_word0000" custom="readingOrder {index:0;}">
          <Coords points="268,1735 268,1704 230,1705 231,1743 236,1742 249,1737"/>
          <TextEquiv conf="0.9605373">
            <Unicode>zu</Unicode>
          </TextEquiv>
        </Word>
        <Word id="region0002_line0027_word0001" custom="readingOrder {index:1;}">
          <Coords points="356,1694 292,1696 293,1742 310,1741 325,1735 354,1734 359,1737 391,1737 392,1739 412,1738 413,1737 411,1692 372,1693 363,1696"/>
          <TextEquiv conf="0.94804645">
            <Unicode>geben,</Unicode>
          </TextEquiv>
        </Word>
        <Word id="region0002_line0027_word0002" custom="readingOrder {index:2;}">
          <Coords points="463,1729 532,1727 531,1694 439,1697 440,1730 460,1729 462,1729"/>
          <TextEquiv conf="0.915953">
            <Unicode>deren</Unicode>
          </TextEquiv>
        </Word>
        <Word id="region0002_line0027_word0003" custom="readingOrder {index:3;}">
          <Coords points="706,1732 704,1685 554,1689 556,1735 560,1736 601,1735 612,1730 626,1732 632,1728 646,1731 660,1727 680,1733 705,1732"/>
          <TextEquiv>
            <Unicode>Jnhalt,</Unicode>
          </TextEquiv>
        </Word>
        <Word id="region0002_line0027_word0004" custom="readingOrder {index:4;}">
          <Coords points="815,1681 731,1684 733,1726 841,1722 848,1720 869,1721 896,1721 894,1682 887,1683 831,1683"/>
          <TextEquiv conf="0.7440599">
            <Unicode>Ordnung</Unicode>
          </TextEquiv>
        </Word>
        <Word id="region0002_line0027_word0005" custom="readingOrder {index:5;}">
          <Coords points="919,1685 981,1683 982,1714 920,1716"/>
          <TextEquiv conf="0.9654158">
            <Unicode>und</Unicode>
          </TextEquiv>
        </Word>
        <Word id="region0002_line0027_word0006" custom="readingOrder {index:6;}">
          <Coords points="1005,1678 1075,1676 1076,1713 1006,1715"/>
          <TextEquiv>
            <Unicode>Ab⸗</Unicode>
          </TextEquiv>
        </Word>
        <TextEquiv>
          <Unicode>zu geben, deren Jnhalt, Ordnung und Ab⸗</Unicode>
        </TextEquiv>
      </TextLine>
      <TextLine id="region0002_line0028" custom="readingOrder {index:7;}">
        <Coords points="456,1730 450,1733 437,1733 425,1740 403,1744 364,1741 354,1735 325,1736 304,1745 291,1743 279,1736 249,1738 232,1746 211,1743 210,1791 226,1791 235,1799 245,1798 251,1790 266,1791 272,1795 282,1794 287,1790 315,1789 322,1795 332,1795 338,1789 343,1788 349,1794 357,1794 365,1788 425,1786 432,1795 443,1794 449,1785 502,1784 513,1794 523,1793 527,1784 543,1784 548,1788 558,1788 564,1783 696,1779 718,1780 730,1789 741,1788 748,1780 764,1778 815,1777 824,1785 838,1785 850,1776 931,1772 935,1776 946,1777 960,1769 1082,1766 1081,1720 1013,1719 966,1726 950,1726 948,1721 934,1719 926,1722 901,1721 892,1727 869,1728 863,1721 848,1721 842,1724 840,1731 834,1732 741,1734 736,1728 726,1727 712,1729 699,1737 691,1737 669,1736 667,1731 660,1728 648,1731 645,1736 641,1736 639,1731 632,1729 626,1733 612,1731 603,1737 570,1740 551,1734 536,1736 525,1730 497,1734 492,1738 475,1739 470,1732"/>
        <Word id="region0002_line0028_word0000" custom="readingOrder {index:0;}">
          <Coords points="305,1789 305,1747 224,1749 224,1791 226,1791 231,1795 246,1795 251,1790 266,1791 271,1794 274,1794 282,1794 287,1790"/>
          <TextEquiv>
            <Unicode>ſicht</Unicode>
          </TextEquiv>
        </Word>
        <Word id="region0002_line0028_word0001" custom="readingOrder {index:1;}">
          <Coords points="410,1787 409,1745 317,1747 318,1792 318,1792 336,1791 338,1789 343,1788 346,1791 362,1791 365,1788"/>
          <TextEquiv conf="0.9172826">
            <Unicode>ſchon</Unicode>
          </TextEquiv>
        </Word>
        <Word id="region0002_line0028_word0002" custom="readingOrder {index:2;}">
          <Coords points="487,1784 487,1739 430,1741 431,1791 445,1790 449,1785"/>
          <TextEquiv>
            <Unicode>fuͤr</Unicode>
          </TextEquiv>
        </Word>
        <Word id="region0002_line0028_word0003" custom="readingOrder {index:3;}">
          <Coords points="565,1783 564,1740 498,1742 499,1784 502,1784 509,1791 524,1790 527,1784 543,1784 548,1788 558,1788 564,1783"/>
          <TextEquiv conf="0.93065745">
            <Unicode>ſich</Unicode>
          </TextEquiv>
        </Word>
        <Word id="region0002_line0028_word0004" custom="readingOrder {index:4;}">
          <Coords points="673,1736 592,1737 589,1738 590,1779 685,1776 684,1736"/>
          <TextEquiv conf="0.95595324">
            <Unicode>allein</Unicode>
          </TextEquiv>
        </Word>
        <Word id="region0002_line0028_word0005" custom="readingOrder {index:5;}">
          <Coords points="739,1731 709,1733 709,1779 718,1780 721,1782 746,1781 748,1780 764,1778 799,1777 799,1732 741,1734"/>
          <TextEquiv conf="0.9549903">
            <Unicode>ihren</Unicode>
          </TextEquiv>
        </Word>
        <Word id="region0002_line0028_word0006" custom="readingOrder {index:6;}">
          <Coords points="867,1725 841,1726 840,1731 834,1732 823,1732 824,1778 848,1777 850,1776 931,1772 934,1775 949,1775 960,1769 993,1768 993,1723 984,1723 966,1726 950,1726 949,1724 894,1725 892,1727 869,1728"/>
          <TextEquiv conf="0.9258922">
            <Unicode>goͤttlichen</Unicode>
          </TextEquiv>
        </Word>
        <Word id="region0002_line0028_word0007" custom="readingOrder {index:7;}">
          <Coords points="1014,1730 1076,1728 1077,1762 1015,1764"/>
          <TextEquiv>
            <Unicode>Ur⸗</Unicode>
          </TextEquiv>
        </Word>
        <TextEquiv>
          <Unicode>ſicht ſchon fuͤr ſich allein ihren goͤttlichen Ur⸗</Unicode>
        </TextEquiv>
      </TextLine>
      <TextLine id="region0002_line0029" custom="readingOrder {index:8;}">
        <Coords points="960,1770 946,1778 899,1780 896,1784 898,1815 912,1825 985,1824 991,1821 1034,1817 1046,1818 1050,1822 1083,1819 1082,1773 982,1776 976,1770"/>
        <Word id="region0002_line0029_word0000" custom="readingOrder {index:0;}">
          <Coords points="1074,1819 1074,1776 955,1780 956,1824 985,1824 991,1821 1034,1817 1046,1818 1049,1821 1052,1821"/>
          <TextEquiv conf="0.9124165">
            <Unicode>ſprung</Unicode>
          </TextEquiv>
        </Word>
        <TextEquiv conf="0.9124165">
          <Unicode>ſprung</Unicode>
        </TextEquiv>
      </TextLine>
      <TextEquiv>
        <Unicode>Gott — deſſen Wohlthaten ſo uner⸗
ſchoͤpflich, als alle Wunder ſind, die Him⸗
mel und Welten in ſich faſſen! Noch war
es dir nicht genug, dich zur Sterblichkeit zu
erniedrigen, dem irrenden Menſchengeſchlechte
die Bahn des Himmels zu zeigen, ihm Geſetze
zu geben, deren Jnhalt, Ordnung und Ab⸗
ſicht ſchon fuͤr ſich allein ihren goͤttlichen Ur⸗
ſprung</Unicode>
      </TextEquiv>
    </TextRegion>
    <TextRegion orientation="1.6667798" type="footnote" readingDirection="left-to-right" id="region0004" custom="readingOrder {index:2;} structure {type:footnote;}">
      <Coords points="272,1886 1083,1866 1084,1921 273,1941"/>
      <TextLine id="region0004_line0001" custom="readingOrder {index:0;}">
        <Coords points="283,1887 279,1891 272,1891 273,1920 273,1938 285,1939 687,1928 689,1931 693,1931 747,1926 784,1928 939,1925 965,1924 969,1919 999,1917 1004,1923 1004,1923 1016,1922 1020,1918 1026,1918 1029,1922 1084,1918 1084,1916 1082,1870 1026,1873 1012,1871 1009,1868 981,1872 967,1870 864,1872 846,1873 837,1879 803,1883 770,1881 638,1885 611,1878 600,1878 594,1882 565,1883 548,1880 479,1882 459,1888 443,1889 420,1887 412,1883"/>
        <Word id="region0004_line0001_word0000" custom="readingOrder {index:0;}">
          <Coords points="327,1937 327,1898 278,1900 278,1938 285,1939"/>
          <TextEquiv conf="0.9457977">
            <Unicode>(a)</Unicode>
          </TextEquiv>
        </Word>
        <Word id="region0004_line0001_word0001" custom="readingOrder {index:1;}">
          <Coords points="426,1935 426,1894 350,1897 350,1937"/>
          <TextEquiv conf="0.95695615">
            <Unicode>Joh.</Unicode>
          </TextEquiv>
        </Word>
        <Word id="region0004_line0001_word0002" custom="readingOrder {index:2;}">
          <Coords points="440,1906 466,1905 467,1928 441,1929"/>
          <TextEquiv>
            <Unicode>1.</Unicode>
          </TextEquiv>
        </Word>
        <Word id="region0004_line0001_word0003" custom="readingOrder {index:3;}">
          <Coords points="546,1931 546,1892 495,1893 495,1933"/>
          <TextEquiv>
            <Unicode>(b)</Unicode>
          </TextEquiv>
        </Word>
        <Word id="region0004_line0001_word0004" custom="readingOrder {index:4;}">
          <Coords points="568,1900 582,1900 583,1923 569,1923"/>
          <TextEquiv conf="0.8409757">
            <Unicode>1</Unicode>
          </TextEquiv>
        </Word>
        <Word id="region0004_line0001_word0005" custom="readingOrder {index:5;}">
          <Coords points="597,1890 664,1888 665,1924 598,1926"/>
          <TextEquiv>
            <Unicode>Cor.</Unicode>
          </TextEquiv>
        </Word>
        <Word id="region0004_line0001_word0006" custom="readingOrder {index:6;}">
          <Coords points="687,1929 707,1928 706,1896 679,1897 680,1928 687,1928"/>
          <TextEquiv conf="0.8371466">
            <Unicode>1,</Unicode>
          </TextEquiv>
        </Word>
        <Word id="region0004_line0001_word0007" custom="readingOrder {index:7;}">
          <Coords points="721,1895 746,1894 747,1917 722,1918"/>
          <TextEquiv conf="0.9096859">
            <Unicode>2.</Unicode>
          </TextEquiv>
        </Word>
        <Word id="region0004_line0001_word0008" custom="readingOrder {index:8;}">
          <Coords points="762,1894 810,1892 811,1924 763,1926"/>
          <TextEquiv conf="0.9298699">
            <Unicode>24.</Unicode>
          </TextEquiv>
        </Word>
        <Word id="region0004_line0001_word0009" custom="readingOrder {index:9;}">
          <Coords points="840,1884 888,1883 889,1921 841,1922"/>
          <TextEquiv conf="0.91980857">
            <Unicode>(c)</Unicode>
          </TextEquiv>
        </Word>
        <Word id="region0004_line0001_word0010" custom="readingOrder {index:10;}">
          <Coords points="978,1918 978,1879 906,1881 907,1922 967,1920 969,1919"/>
          <TextEquiv conf="0.91774935">
            <Unicode>Joh.</Unicode>
          </TextEquiv>
        </Word>
        <Word id="region0004_line0001_word0011" custom="readingOrder {index:11;}">
          <Coords points="1000,1918 1018,1918 1017,1880 987,1881 987,1917 999,1917"/>
          <TextEquiv conf="0.8588747">
            <Unicode>6,</Unicode>
          </TextEquiv>
        </Word>
        <Word id="region0004_line0001_word0012" custom="readingOrder {index:12;}">
          <Coords points="1031,1886 1079,1884 1080,1917 1032,1919"/>
          <TextEquiv>
            <Unicode>51.</Unicode>
          </TextEquiv>
        </Word>
        <TextEquiv>
          <Unicode>(a) Joh. 1. (b) 1 Cor. 1, 2. 24. (c) Joh. 6, 51.</Unicode>
        </TextEquiv>
      </TextLine>
      <TextEquiv>
        <Unicode>(a) Joh. 1. (b) 1 Cor. 1, 2. 24. (c) Joh. 6, 51.</Unicode>
      </TextEquiv>
    </TextRegion>
  </Page>
</PcGts>
