1580 2363
631 424 714 479 517

312 524 420 569 „Es
442 535 512 564 war
535 539 589 566 um
605 529 835 576 Mitternacht;
858 534 956 575 Jeder
973 535 1062 578 harr⸗

297 588 329 616 te
341 582 376 615 in
396 582 614 630 ſchauerlicher
630 587 729 627 Stille
747 588 805 624 mit
818 588 985 634 Ungeduld
1003 592 1067 636 auf

296 641 408 685 ſeinem
426 642 564 690 Poſten;
585 649 637 682 der
651 647 777 689 Mond,
803 654 855 685 der
879 651 970 693 durch
995 653 1063 687 eine

296 700 464 747 Oeffnung
496 704 539 739 in
539 705 617 741 das
645 705 770 747 Jnnere
803 706 973 753 geleuchtet
998 714 1062 747 und

295 757 398 796 Einen
436 769 489 795 um
531 764 588 797 den
623 764 749 800 Andern
785 764 842 800 mit
880 766 1061 812 zitterndem

293 818 472 862 Schimmer
499 820 679 867 uͤberflogen
706 824 813 867 hatte,
842 825 977 870 verbarg
1003 827 1060 871 ſich

293 876 425 915 wieder,
467 880 533 913 und
557 880 618 922 ließ
641 884 706 915 uns
731 883 773 917 im
801 883 961 929 Finſtern,
1003 886 1058 921 als

292 934 396 972 bebte
409 935 468 978 ſein
493 936 627 982 ſanftes
639 938 721 984 Licht
741 948 801 977 vor
823 942 915 986 dieſer
937 939 1057 988 graͤßli⸗

291 991 364 1035 chen
386 992 511 1037 Szene
522 993 676 1038 zuruͤck.“

320 1049 419 1093 „Er
442 1049 515 1089 kam
533 1054 594 1092 mit
621 1058 674 1091 der
695 1054 812 1092 kleinen
839 1057 1058 1104 flimmernden

288 1104 447 1154 Lampe,
466 1107 575 1155 deren
597 1111 714 1155 Strahl
736 1111 792 1157 ſich
825 1112 917 1150 kaum
950 1125 1055 1160 zween

286 1159 440 1211 Schritte
457 1156 532 1212 weit
545 1167 750 1205 verbreitete.
799 1171 869 1207 Wie
888 1172 937 1207 ein
954 1173 1054 1218 Fuchs

288 1224 366 1265 nach
379 1215 451 1267 der
474 1226 577 1270 Hoͤhle
616 1228 766 1273 ſchleicht,
817 1239 866 1266 wo
896 1240 929 1266 er
952 1234 1053 1278 ſeinen

287 1278 389 1316 Raub
414 1271 569 1325 verbarg,
594 1281 624 1323 ſo
647 1283 747 1327 ſchlich
773 1288 824 1319 der
842 1283 976 1324 Raͤuber
997 1293 1053 1326 des

287 1346 398 1374 armen
419 1341 544 1378 Volkes
569 1351 615 1377 an
638 1346 705 1378 uns
732 1343 868 1382 voruͤber
891 1349 956 1383 und
979 1349 1054 1391 Iuſt⸗

283 1399 443 1437 wandelte
465 1394 542 1435 nach
558 1394 660 1434 ſeinen
674 1394 840 1441 Schaͤtzen.
885 1411 932 1448 Er
950 1402 1052 1445 ſchritt

286 1467 351 1496 von
362 1459 449 1499 Sack
468 1472 505 1506 zu
522 1463 628 1505 Sack,
653 1475 717 1503 von
736 1467 850 1506 Gitter
867 1477 905 1511 zu
920 1469 1050 1512 Gitter,

284 1520 362 1560 hielt
374 1516 665 1569 Selbſtgeſpraͤche,
690 1521 811 1571 zaͤhlte,
837 1526 956 1569 machte
966 1528 1051 1577 Luft⸗

281 1577 427 1624 ſchloͤſſer
449 1585 515 1617 und
539 1582 664 1625 Plane,
712 1581 878 1627 belaͤchelte
909 1585 1049 1634 beifaͤllig

282 1640 341 1674 den
360 1635 587 1679 Mordbrand,
614 1639 738 1675 worinn
762 1650 793 1676 er
817 1642 913 1685 dieſen
936 1644 1048 1689 Schatz

280 1686 420 1724 erobert,
446 1701 510 1731 und
529 1702 587 1732 den
607 1691 753 1732 Betrug,
778 1698 889 1739 womit
905 1705 936 1740 er
953 1698 1048 1748 jenen

280 1754 348 1788 dem
369 1750 563 1797 Augenmerk
588 1758 640 1791 der
658 1757 782 1795 Nation
804 1764 953 1803 entzogen
978 1762 1048 1802 hat⸗

278 1817 332 1848 te.
369 1811 458 1855 Noch
479 1814 587 1859 zuletzt
606 1816 699 1858 brach
718 1828 751 1852 er
772 1819 803 1852 in
830 1818 935 1855 lautes
951 1822 1048 1867 Froh⸗

278 1867 377 1905 locken
406 1868 494 1905 uͤber
532 1872 610 1915 dieſe
646 1875 864 1920 ſchimmernde
899 1876 1047 1924 Geſteine

277 1934 363 1975 aus,
389 1929 436 1965 die
458 1928 513 1976 ihn
540 1936 573 1973 in
600 1939 658 1974 den
676 1938 794 1977 Stand
818 1939 943 1989 ſetzten,
967 1941 1053 1996 das
