2495 2987
630 524 729 570 466

1027 520 1246 577 Erklaͤrung
1246 520 1330 577 des
1330 520 1469 577 Briefs
1469 520 1557 577 St.
1557 520 1677 577 Pauli

1784 525 1890 585 Cap.
1890 525 2004 585 XIII.
2004 525 2044 585 v.
2044 525 2086 585 2.
2086 525 2170 585 3.

561 716 599 744 v.
610 713 648 745 2.

565 1844 600 1877 v.
609 1848 647 1882 3.

1022 598 1105 654 (ββ)
1115 609 1148 650 ſo
1158 606 1438 654 eingeſchrencket,
1449 605 1520 663 daß
1526 610 1563 646 es
1572 602 1660 651 nicht
1668 603 1761 650 mehr
1770 609 1919 652 vermag,
1936 608 1991 644 als
2007 612 2121 644 GOtt
2130 618 2185 649 zu⸗

1059 658 1160 701 laſſen
1172 658 1253 696 will.

809 707 866 756 (β)
881 703 979 746 Wer
987 706 1044 744 der
1054 697 1521 749 Obrigkeit
1241 688 1327 753 nicht
1345 697 1504 749 unterthan
1516 696 1579 757 iſt,
1592 700 1639 742 der
1653 699 1737 749 ſetzet
1746 695 1808 748 ſich
1821 683 1924 741 wider
1938 703 2083 744 GOtt,
2111 711 2182 738 und

855 756 941 795 wird
954 752 1122 801 ſtrafbar:
1153 754 1253 795 Wer
1261 750 1337 804 ſich
1347 761 1429 791 nun
1439 752 1563 792 wider
1570 753 1630 791 die
1640 751 1846 800 Obrigkeit
1857 756 1963 797 ſetzet,
1973 770 2028 807 der
2038 765 2179 807 wider⸗

856 805 991 856 ſtrebet
1001 806 1168 847 GOttes
1180 804 1393 854 Ordnung.
1403 803 1464 841 die
1475 802 1565 843 aber
1579 804 1872 855 widerſtreben,
1904 814 2060 840 werden
2083 814 2177 842 uͤber

858 858 937 908 ſich
948 860 1007 896 ein
1017 856 1167 905 Urtheil
1187 854 1410 906 empfahen.

858 914 914 958 (a)
926 921 964 949 er
974 908 1232 961 widerſtrebet
1241 910 1409 953 GOttes
1421 908 1635 956 Ordnung.
1659 916 1693 948 er
1702 906 1856 958 ſuͤndiget
1877 907 1970 961 nicht
1971 917 2034 946 nur
2052 920 2096 946 an
2114 913 2176 948 den

908 959 1102 1010 Menſchen,
1115 960 1253 1010 ſondern
1269 959 1313 1002 an
1341 955 1424 1012 GOtt
1440 957 1569 1012 ſelbſt.
1571 952 1639 998 und
1648 961 1864 1004 dannenhero

859 1013 920 1063 (b)
932 1014 1017 1056 wird
1027 1025 1061 1054 er
1068 1015 1119 1055 ein
1131 1015 1259 1059 Urtheil
1268 1013 1349 1055 uͤber
1359 1010 1420 1063 ſich
1433 1011 1623 1060 empfahen,
1634 1012 1714 1050 oder
1721 1016 1864 1060 geſtraft
1881 1014 2016 1050 werden

919 1065 981 1109 (*)
981 1069 1049 1112 von
1059 1071 1115 1111 der
1123 1065 1312 1117 Obrigkeit,
1323 1070 1378 1108 als
1386 1067 1506 1115 welche
1537 1061 1597 1118 das
1597 1062 1772 1114 Schwert
1789 1067 1877 1114 nicht
1894 1068 2043 1114 umſonſt
2072 1061 2177 1112 traͤgt.

917 1121 1001 1168 (**)
1001 1121 1070 1165 von
1081 1117 1194 1163 GOtt
1204 1108 1368 1170 ſelbſt,als
1377 1118 1512 1166 welcher
1523 1113 1715 1163 Gehorſam
1724 1122 1791 1157 von
1808 1120 1870 1156 den
1881 1118 2064 1164 Menſchen
2075 1122 2108 1154 in
2126 1116 2176 1155 al⸗

911 1176 963 1212 len
973 1171 1123 1219 Dingen
1136 1169 1270 1218 fordert,
1280 1171 1348 1211 und
1358 1168 1409 1209 die
1418 1166 1487 1216 ihm
1495 1167 1729 1215 ungehorſam,
1738 1175 1777 1213 zu
1787 1170 1889 1215 ſeiner
1903 1171 1978 1215 Zeit
1997 1173 2176 1216 ſchrecklich

916 1222 1160 1274 heimzuſuchen
1172 1222 1308 1273 pfleget.

803 1274 862 1325 (γ)
872 1272 953 1315 weil
953 1272 1025 1314 nun

858 1320 912 1365 (a)
922 1318 972 1357 die
979 1315 1159 1364 Obrigkeit
1168 1324 1236 1356 von
1246 1315 1363 1361 GOtt
1379 1313 1470 1366 ſelbft
1483 1314 1540 1369 iſt,
1546 1327 1604 1356 und

857 1382 920 1426 (b)
932 1378 981 1417 die
991 1377 1240 1424 Ungehorſame
1256 1375 1317 1426 ſich
1360 1386 1405 1416 an
1424 1376 1539 1418 GOtt
1554 1369 1776 1424 verſuͤndigen
1790 1375 1861 1415 und
1879 1371 1968 1423 nicht
1985 1372 2174 1420 ungeſtraft

910 1428 1048 1474 bleiben,
1061 1429 1092 1479 ſo
1106 1424 1203 1477 ſollen
1214 1425 1391 1477 Glaͤubige
1405 1429 1459 1469 der
1469 1423 1657 1474 Obrigkeit,
1675 1416 1895 1476 inſonderheit
1904 1425 1958 1477 die
1968 1423 2114 1469 Roͤmer,
2124 1427 2173 1473 ih⸗

910 1487 981 1522 rem
990 1475 1124 1524 Kayſer
1135 1476 1319 1522 unterthan
1337 1464 1424 1526 ſeyn.
1464 1474 1580 1519 Denn

909 1531 966 1570 (*)
976 1535 1045 1580 ſind
1056 1520 1113 1583 ſie
1127 1531 1213 1577 GOtt
1220 1531 1415 1586 Gehorſam
1426 1543 1459 1573 u.
1458 1528 1675 1580 Verehrung
1685 1514 1788 1589 ſeinen
1816 1522 1996 1587 Ordnungen
2021 1526 2177 1577 ſchuldig.

909 1580 990 1638 (**)
990 1580 1068 1629 ſind
1078 1590 1120 1631 ſie
1136 1587 1242 1635 Kraft
1258 1586 1319 1628 des
1334 1584 1538 1634 natuͤrlichen
1549 1587 1618 1627 und
1644 1576 1837 1639 Goͤttlichen
1865 1576 2010 1639 Geſetzes
2029 1585 2094 1626 auf
2107 1586 2177 1624 ihre

928 1614 1179 1673 Wohlfahrt
1188 1635 1221 1669 zu
1235 1622 1455 1669 dencken,
1398 1627 1457 1674 und
1467 1628 1574 1681 weder
1597 1625 1685 1681 Seel
1685 1627 1764 1680 noch
1782 1627 1865 1680 Leib
1882 1637 2084 1668 muthwillig
2101 1641 2173 1659 ver⸗

965 1687 1088 1726 derben
1095 1695 1132 1727 zu
1141 1686 1252 1734 laſſen,
1263 1685 1466 1725 verbunden.

910 1728 1013 1779 (***)
1025 1725 1133 1774 duͤrfte
1143 1726 1291 1778 ſonſt
1239 1728 1294 1780 der
1307 1706 1613 1780 Chriſten⸗Stand
1623 1728 1679 1768 als
1697 1705 1752 1765 ein
1748 1705 1902 1769 Stand,
1919 1731 1974 1764 der
1995 1736 2056 1762 alle
2078 1724 2193 1765 Ord⸗

962 1795 1058 1832 nung
1068 1781 1220 1832 aufhebe,
1230 1780 1397 1840 gelaͤſtert
1413 1786 1535 1826 werden.
1555 1783 1622 1825 vid.
1623 1782 1697 1837 inf.
1704 1796 1744 1833 v.
1753 1791 1824 1834 7.

697 1834 747 1875 II.
762 1823 880 1886 Folget
896 1826 961 1882 eine
970 1829 1290 1885 Beſchreibung
1239 1832 1299 1887 der
1304 1830 1495 1882 Obrigkeit,
1509 1831 1591 1872 oder
1602 1835 1664 1872 des
1678 1817 1861 1879 obrigkeitl.
1875 1833 2059 1873 Standes.
2088 1837 2175 1869 denn

752 1892 829 1931 weil
839 1896 894 1933 der
915 1880 1042 1943 Apoſtel
1062 1885 1177 1946 geſagt,
1187 1886 1256 1933 daß
1264 1889 1315 1932 die
1324 1885 1574 1939 Ungehorſame
1585 1884 1640 1942 ein
1656 1885 1794 1939 Urtheil
1808 1891 1889 1937 uͤber
1905 1892 1967 1935 ſich
1994 1891 2172 1931 empfahen

751 1933 903 1985 wuͤrden,
916 1938 1003 1986 nicht
1014 1950 1077 1982 nur
1085 1945 1153 1981 von
1165 1936 1291 1981 GOtt,
1303 1937 1442 1986 ſondern
1450 1935 1539 1983 auch
1548 1938 1617 1976 von
1632 1935 1690 1978 der
1688 1937 1890 1985 Obrigkeit;
1898 1945 1932 1982 ſo
1941 1944 2040 1980 zeiget
2050 1949 2093 1977 er,
2106 1943 2173 1980 daß

750 1991 794 2034 ſie
805 1997 884 2031 eden
897 1992 979 2037 dazu
997 1989 1142 2037 geſetzet,
1159 1996 1228 2030 und
1237 1990 1288 2036 ihr
1297 1988 1382 2036 Amt
1382 1990 1495 2035 dahin
1509 1988 1615 2037 gehe,
1649 1984 1771 2039 daß
1730 1985 1785 2043 ſie
1792 1988 1849 2033 diß
1877 1994 1946 2026 und
1970 1994 2170 2033 dergleichen

749 2035 819 2080 Boͤ
833 2042 871 2080 es
880 2036 1003 2089 ſtrafen
1012 2038 1081 2076 und
1089 2038 1231 2083 abthun,
1241 2042 1310 2076 und
1318 2041 1387 2086 alſo
1403 2042 1465 2077 das
1472 2033 1574 2078 Gute
1582 2036 1756 2081 befoͤrdern
1767 2036 1872 2082 helfen
1881 2041 1992 2079 ſollen.

757 2094 796 2140 1)
809 2094 847 2141 ſie
858 2096 954 2140 ſollen
985 2087 1040 2141 das
1055 2093 1125 2134 Gute
1142 2092 1247 2140 helfen
1256 2091 1448 2140 befoͤrdern:
1458 2092 1548 2134 Deñ
1570 2091 1633 2145 die
1620 2090 1873 2141 Gewaltigen
1882 2092 1966 2136 ſind
1981 2093 2088 2128 nicht
2098 2097 2171 2131 den

805 2156 925 2198 guten
956 2138 1135 2202 Wercken,
1150 2139 1293 2195 ſondern
1305 2152 1379 2190 den
1394 2138 1506 2198 boͤſen
1518 2140 1567 2195 zu
1582 2139 1773 2197 fuͤrchten.
1821 2138 1931 2190 Wilt
1944 2145 1997 2187 du
2019 2148 2105 2188 dich
2129 2159 2171 2185 a⸗

802 2184 871 2234 ber
880 2193 988 2234 nicht
995 2190 1172 2241 fuͤrchten
1179 2201 1255 2230 vor
1265 2194 1332 2233 der
1344 2193 1559 2243 Obrigkeit,
1564 2194 1601 2239 ſo
1631 2195 1703 2241 thue
1728 2193 1849 2245 Gutes,
1855 2195 1892 2235 ſo
1899 2198 2006 2238 wirſt
2014 2200 2067 2227 du
2076 2204 2170 2230 Lob

803 2262 887 2292 von
897 2252 1083 2294 derſelben
1092 2252 1230 2297 haben.
1241 2254 1356 2292 Denn
1366 2249 1415 2303 ſie
1424 2252 1468 2300 iſt
1478 2251 1650 2295 GOttes
1658 2247 1853 2290 Dienerin
1871 2248 1932 2287 dir
1947 2257 1993 2291 zu
2006 2262 2095 2298 gut.
2134 2258 2169 2287 in

803 2299 908 2346 dieſen
918 2296 1073 2340 Worten
1085 2299 1183 2347 ſtellet
1208 2281 1261 2350 der
1259 2293 1396 2346 Apoſtel
1412 2306 1474 2336 vor

803 2356 864 2405 [α]
877 2357 937 2396 den
947 2355 1071 2404 Zweck,
1079 2364 1213 2398 warum
1225 2352 1441 2406 Obrigkeiten
1449 2352 1576 2406 geſetzet
1607 2349 1660 2409 und
1662 2348 1823 2401 geordnet
1831 2350 1913 2404 ſind.
1950 2359 2018 2394 und
2027 2365 2118 2398 zwar

854 2407 907 2455 (a)
917 2406 1150 2450 verneinender
1166 2405 1315 2456 Weiſe.
1355 2408 1434 2448 Die
1457 2404 1713 2455 Gewaltigen
1733 2405 1817 2454 ſind
1834 2410 1942 2446 nicht
1962 2415 2033 2442 den
2049 2418 2170 2452 guten

906 2457 1109 2502 Wercken
1097 2456 1138 2510 zu
1160 2454 1347 2506 fuͤrchten.
1369 2451 1455 2506 Gall.
1478 2457 1528 2508 les
1531 2459 1684 2494 Princes
1693 2453 1738 2491 ne
1748 2462 1836 2514 ſont
1836 2472 1954 2517 point
1961 2465 1987 2513 â
1992 2465 2166 2512 craindre

909 2507 1106 2553 Carſq'on
1113 2526 1165 2552 ne
1179 2505 1244 2555 fait
1253 2528 1326 2552 que
1337 2515 1384 2554 de
1394 2513 1541 2554 bonnes
1548 2509 1699 2553 actions.
1709 2520 1793 2556 man
1799 2514 1860 2570 ſoll
1879 2515 1941 2562 ſich
1956 2517 2045 2561 nicht
2052 2520 2113 2551 vor
2123 2509 2166 2559 ſie

916 2563 1061 2618 uͤrchten,
1070 2573 1168 2611 wenn
1176 2559 1260 2610 man
1270 2562 1359 2617 recht
1375 2562 1464 2616 thut.

1983 2668 2166 2725 [*]recht
