2614 2985
445 509 554 562 Von
572 501 804 562 Erhoͤhung
811 512 889 553 der
891 501 1124 553 Gebuͤhren
1135 507 1200 547 der
1216 509 1403 555 Pfarrer
1414 512 1464 562 ꝛc.

1505 495 1608 567 441

307 618 371 658 und
389 609 511 671 Unſerer
523 612 846 661 Kirchen⸗Ordnung
863 611 1023 664 zuwider,
1048 613 1097 652 die
1116 609 1264 658 ſchwehre
1281 605 1593 654 unverantwortliche

309 671 382 723 Laſt
402 668 501 725 (weil
513 672 576 712 das
588 666 800 713 Sacrament
810 665 1017 716 verunehren,
1042 665 1126 708 nicht
1137 666 1228 706 allein
1241 666 1287 707 die
1304 668 1338 703 es
1350 660 1521 711 unwuͤrdig
1532 675 1593 706 em⸗

310 728 443 777 pfahen,
450 726 582 772 ſondern
591 727 684 775 auch,
702 728 752 768 die
757 733 793 770 es
801 727 860 767 mit
870 723 996 773 Unfleiß
1006 720 1178 773 unwuͤrdig
1187 719 1306 775 geben)
1322 719 1516 769 auſzulegen,
1535 724 1593 761 die⸗

311 782 443 830 jenigen,
452 776 484 827 ſo
495 779 526 819 in
538 777 646 827 dieſem
657 774 849 827 Geheimniß
859 772 1047 823 unberichtet
1057 774 1163 829 ſeynd,
1180 775 1254 816 oder
1263 774 1339 815 aber
1350 774 1382 815 in
1394 770 1479 815 ihren
1490 759 1593 818 Suͤn⸗

312 846 392 893 den,
419 843 501 890 nach
517 841 708 892 beſchehener
717 839 961 889 Beobachtung
976 839 1061 881 derer
1077 835 1265 891 graduum
1280 835 1593 883 admonitionum,

313 899 506 948 verharren,
524 898 716 948 zuzulaſſen;
742 894 868 946 jedoch,
887 904 989 938 wann
1000 901 1036 939 es
1044 896 1105 946 ſich
1116 893 1289 940 berichteter
1304 893 1422 943 maſſen
1440 891 1593 940 verhalten

311 952 412 1006 thaͤte,
426 952 477 1008 und
492 956 650 1001 hierinnen
660 960 724 995 aus
740 944 1005 1009 Privat-Affeƈt,
1014 955 1067 998 der
1076 949 1398 1002 Kirchen⸗Ordnung
1405 950 1472 990 und
1482 951 1593 1000 Syno-

305 1016 532 1057 dal-Decret
538 1026 574 1063 zu
584 1021 733 1060 entgegen
740 1011 905 1059 gehandelt
914 1008 1043 1067 wuͤrde,
1063 1011 1153 1057 Wir
1161 1008 1264 1054 darob
1273 1010 1321 1053 ein
1333 1009 1449 1060 ernſtes
1456 998 1593 1059 Mißfal⸗

309 1076 363 1117 len
374 1069 496 1120 truͤgen.
549 1071 724 1118 Begehren
735 1070 919 1117 derowegen
931 1067 1054 1118 hiermit
1065 1061 1234 1121 gnaͤdigſt:
1262 1066 1331 1116 Jhr
1340 1068 1448 1109 wollet
1462 1065 1593 1115 alſobal⸗

312 1132 373 1172 den
382 1134 475 1170 euren
485 1124 711 1175 untergebenen
721 1124 881 1168 Paſtoren
892 1125 958 1169 und
967 1125 1155 1168 Diaconen
1163 1124 1195 1165 in
1207 1119 1374 1175 Staͤdten,
1386 1120 1524 1171 Flecken,
1535 1120 1593 1162 und

313 1183 499 1236 Doͤrffern,
507 1184 659 1239 ernſtlich,
668 1186 733 1227 und
743 1183 802 1232 bey
810 1180 1041 1231 Vermeidung
1049 1176 1297 1228 unnachlaͤßiger
1305 1178 1461 1231 Straffe,
1471 1177 1593 1225 auferle⸗

312 1250 385 1295 gen,
406 1240 464 1293 ſich
475 1239 634 1289 hierinnen
641 1244 694 1282 der
703 1239 1025 1288 Kirchen⸗Ordnung
1035 1240 1099 1278 und
1106 1232 1418 1293 Synodal-Decret
1439 1227 1555 1282 gemaͤß
1565 1242 1593 1281 zu

312 1299 476 1349 bezeugen,
484 1301 550 1342 und
560 1300 641 1341 ohne
656 1293 853 1344 vorgehende
872 1287 1325 1348 Conſiſtorial-Anordnung,
1335 1288 1395 1342 auf
1404 1290 1593 1342 eingezogene

311 1354 512 1408 gruͤndliche,
537 1359 603 1398 und
617 1353 791 1406 gnugſame
799 1353 1052 1403 Erkundigung,
1075 1357 1139 1396 aus
1150 1349 1472 1401 Privat-Urſachen,
1495 1350 1593 1392 keinen

311 1416 466 1457 reuenden
476 1407 624 1457 Suͤnder
642 1419 722 1454 vom
732 1407 939 1462 Beichtſtuhl
951 1412 987 1465 zu
993 1405 1127 1458 weiſen,
1155 1409 1220 1449 und
1238 1409 1287 1452 die
1296 1406 1517 1448 Abſolution
1534 1403 1593 1444 und

313 1469 489 1520 Reichung
499 1470 556 1511 des
565 1468 657 1519 Heil.
667 1467 897 1516 Abendmahls
905 1478 944 1519 zu
953 1466 1110 1516 verſagen,
1123 1463 1174 1519 und
1188 1474 1223 1513 zu
1232 1465 1355 1513 fernern
1375 1465 1503 1513 Klagen,
1512 1462 1593 1508 noth⸗

313 1529 473 1577 wendiger
483 1523 714 1582 Inquiſition,
726 1529 793 1567 und
804 1524 947 1577 Straſſe
956 1528 1009 1568 der
1019 1525 1247 1572 Remotion,
1264 1525 1347 1567 nicht
1358 1522 1471 1567 Anlaß
1480 1518 1598 1571 geben;

314 1585 392 1631 euch
399 1587 491 1628 eures
506 1574 613 1640 Theils
620 1581 703 1628 auch
715 1579 839 1633 ſelbſten
856 1573 985 1636 darnach
1001 1566 1159 1635 achten.
1172 1576 1320 1621 Datum
1330 1574 1518 1630 Dreßden,
1542 1582 1593 1616 am

319 1653 382 1697 18.
393 1647 533 1695 Martii,
554 1645 676 1696 1657.

1610 613 1708 651 Welche
1730 612 1800 650 nicht

1611 662 1755 701 zuzulaſſen.

1609 954 1705 991 Jedoch
1712 952 1833 989 niemand

1593 998 1662 1024 aus
1674 995 1831 1024 Privat-Affe-

1593 1024 1663 1059 cten
1674 1024 1832 1065 abzuhal⸗

1611 1071 1663 1099 ten.

1609 1413 1656 1453 a.

1609 1530 1669 1565 Bey
1685 1527 1797 1565 Straffe.

347 1757 496 1810 Wider
510 1752 623 1804 derer
629 1748 815 1813 Pfarrer
832 1755 920 1801 und
930 1743 1320 1811 Schul⸗Bedienten
1334 1744 1574 1804 Erhoͤhung

756 1808 862 1883 ihrer
876 1803 1107 1870 Gebuͤhren
1125 1819 1175 1854 ꝛc.

521 1875 752 1944 Johann
774 1868 929 1954 Georg
961 1881 1019 1940 II.
1057 1882 1314 1949 Churfuͤrſt
1336 1894 1393 1938 ꝛc.

316 1956 417 2064 W

422 1963 478 2011 Jr
478 1962 617 2011 werden
617 1962 870 2012 glaubwuͤrdig
870 1962 1042 2014 berichtet:
1047 1959 1158 2014 Wie
1158 1958 1240 2014 daß
1240 1957 1348 2014 theils
1348 1956 1532 2014 Paſtore
1532 1956 1605 2014 und

444 2014 755 2080 Schul⸗Meiſtere,
755 2014 837 2076 bey
837 2014 1041 2075 Trauungen
1048 2014 1134 2070 derer
1134 2014 1420 2079 geſchwaͤngerten
1420 2014 1605 2078 Perſonen,

314 2085 382 2125 und
391 2080 568 2134 Tauffung
576 2078 759 2134 dererſelben
766 2078 904 2125 Kindere
919 2089 959 2122 2.
969 2078 1043 2121 oder
1059 2088 1098 2133 3.
1108 2076 1199 2124 mahl
1208 2075 1239 2126 ſo
1247 2078 1326 2129 viel,
1341 2078 1398 2119 als
1405 2079 1452 2116 die
1460 2077 1541 2123 ſonſt
1549 2083 1600 2119 ge⸗

313 2145 483 2183 wiedmete
491 2137 669 2189 Gebuͤhren
680 2138 792 2193 ſeynd,
810 2139 877 2181 und
886 2137 975 2185 wohl
984 2147 1043 2186 gar
1050 2134 1277 2188 abſonderliche
1285 2135 1447 2184 Straffe,
1464 2135 1603 2183 fordern,

315 2191 399 2234 auch
412 2199 449 2236 zu
463 2193 535 2233 dem
545 2193 639 2235 Ende
654 2191 858 2233 unterweilen
872 2189 922 2228 die
930 2188 1154 2234 Trauungen,
1182 2190 1249 2226 und
1266 2189 1314 2227 die
1327 2187 1448 2227 Kinder
1463 2191 1529 2224 von
1548 2184 1602 2225 der

315 2241 439 2301 Tauffe
457 2245 638 2295 aufhalten,
663 2245 814 2300 darneben
832 2246 920 2299 ihnen
928 2244 1018 2293 mehr
1027 2244 1209 2288 Gevattern
1217 2243 1369 2291 zulaſſen,
1396 2240 1462 2279 und
1471 2238 1606 2289 zugleich

315 2312 382 2347 von
392 2307 490 2346 denen
499 2297 635 2349 Pathen
645 2305 708 2344 das
717 2299 948 2354 Opffer⸗Geld
957 2300 1126 2350 begehren,
1142 2300 1205 2339 wie
1215 2299 1297 2342 nicht
1308 2295 1455 2346 weniger,
1473 2295 1536 2344 daß
1546 2296 1606 2343 bey

314 2359 481 2410 Ableſung
488 2360 572 2401 derer
578 2357 940 2402 Edictal-Citationen
948 2361 1014 2401 und
1023 2355 1143 2407 ſonſten
1150 2358 1198 2397 die
1206 2351 1383 2405 Gebuͤhren
1390 2350 1516 2405 erhoͤhet
1523 2360 1604 2395 wer⸗

314 2426 375 2467 den
383 2425 488 2475 ſollen,
498 2424 600 2465 darob
610 2421 698 2464 Wir
705 2425 753 2463 ein
763 2406 967 2471 ungnaͤdiges
978 2417 1156 2468 Mißfallen
1167 2423 1301 2471 tragen,
1328 2418 1403 2461 weil
1413 2417 1547 2465 ohnediß
1556 2418 1604 2456 die

314 2472 445 2538 meiſten
460 2469 615 2537 gedachter
624 2472 801 2532 Perfonen,
820 2470 859 2529 in
834 2474 1001 2528 Armuth
1007 2471 1187 2527 ſchweben,
1207 2479 1276 2519 von
1286 2473 1449 2519 iederman
1456 2469 1610 2519 verlaſſen

1615 1970 1738 2007 Mehrere
1754 1971 1838 2007 Abfe⸗

1612 2013 1713 2038 derung
1725 2015 1780 2037 vor

1613 2047 1777 2069 Trauungen

1614 2081 1672 2110 und
1682 2081 1805 2116 Tauffen.

1618 2358 1688 2395 Auch
1697 2358 1826 2397 Ableſung

1619 2402 1688 2434 derer
1694 2406 1799 2434 Edictal-

1619 2434 1799 2479 Citationen.

914 2537 1013 2580 Kkk

1462 2524 1612 2585 werden,
