<PcGts xmlns="http://schema.primaresearch.org/PAGE/gts/pagecontent/2019-07-15" xmlns:xsi="http://www.w3.org/2001/XMLSchema-instance" xsi:schemaLocation="http://schema.primaresearch.org/PAGE/gts/pagecontent/2019-07-15 http://schema.primaresearch.org/PAGE/gts/pagecontent/2019-07-15/pagecontent.xsd" pcGtsId="OCR-D-GT-FULLTEXT-REPAIR-368">
  <Metadata>
    <Creator>OCR-D DFG Phase III</Creator>
    <Created>2024-01-19T13:08:20Z</Created>
    <LastChange>2024-01-19T13:08:20Z</LastChange>
    <Comments>ODEM: OCR-D extension for mass digitization (2021-2024)</Comments>
    <MetadataItem type="processingStep" name="layout/segmentation/region" value="ocrd-segment-repair">
      <Labels externalModel="ocrd-tool" externalId="parameters">
        <Label value="False" type="sanitize"/>
        <Label value="5" type="sanitize_padding"/>
        <Label value="0" type="simplify"/>
        <Label value="False" type="plausibilize"/>
        <Label value="0.9" type="plausibilize_merge_min_overlap"/>
        <Label value="0" type="spread"/>
        <Label value="region" type="spread_level"/>
      </Labels>
      <Labels externalModel="ocrd-tool" externalId="version">
        <Label value="0.1.24" type="ocrd-segment-repair"/>
        <Label value="2.65.0" type="ocrd/core"/>
      </Labels>
    </MetadataItem>
  </Metadata>
  <Page imageFilename="https://opendata.uni-halle.de/retrieve/e0ff391a-c6cc-4ae9-9d05-b1bb1bcbec76/00000264.jpg" imageWidth="1721" imageHeight="2309" type="content" primaryLanguage="German">
    <Border>
      <Coords points="512,255 488,2224 1624,2216 1625,272"/>
    </Border>
    <ReadingOrder>
      <OrderedGroup id="ro_1652188819321" caption="Regions reading order">
        <RegionRefIndexed index="0" regionRef="region0001"/>
        <RegionRefIndexed index="1" regionRef="region0002"/>
        <RegionRefIndexed index="2" regionRef="region0003"/>
        <RegionRefIndexed index="3" regionRef="region0004"/>
        <RegionRefIndexed index="4" regionRef="region0007"/>
        <RegionRefIndexed index="5" regionRef="region0008"/>
        <RegionRefIndexed index="6" regionRef="region0009"/>
        <RegionRefIndexed index="7" regionRef="region0010"/>
        <RegionRefIndexed index="8" regionRef="region0011"/>
        <RegionRefIndexed index="9" regionRef="TextRegion_1650534095134_5851"/>
      </OrderedGroup>
    </ReadingOrder>
    <TextRegion id="region0001" custom="readingOrder {index:0;} structure {type:heading;}" orientation="0.19517986" type="heading" readingDirection="left-to-right">
      <Coords points="1102,491 1175,490 1175,534 1102,535"/>
      <TextLine id="region0001_line" custom="readingOrder {index:0;} structure {type:heading;}">
        <Coords points="1102,491 1175,490 1175,534 1102,535"/>
        <Word id="region0001_line_word0000" custom="readingOrder {index:0;}">
          <Coords points="1171,534 1171,509 1108,509 1108,534"/>
          <TextEquiv conf="0.7431714">
            <Unicode>93.</Unicode>
          </TextEquiv>
        </Word>
        <TextEquiv conf="0.7431714">
          <Unicode>93.</Unicode>
        </TextEquiv>
      </TextLine>
      <TextEquiv conf="0.7431714">
        <Unicode>93.</Unicode>
      </TextEquiv>
    </TextRegion>
    <TextRegion id="region0002" custom="readingOrder {index:1;}" orientation="0.19517986" readingDirection="left-to-right">
      <Coords points="678,553 1597,545 1599,720 680,728"/>
      <TextLine id="region0002_line0001" custom="readingOrder {index:0;}">
        <Coords points="1531,547 1524,558 1516,559 1439,561 1423,560 1416,552 1405,552 1400,556 1395,551 1386,551 1376,562 1370,557 1360,557 1353,552 1340,554 1335,562 1293,560 1284,553 1262,553 1257,558 1249,555 1231,555 1224,560 1178,565 1148,565 1109,557 1068,556 1042,559 1007,557 1001,562 993,556 975,556 968,561 958,561 954,564 946,557 927,557 920,563 914,558 906,558 896,566 886,557 878,557 868,565 834,565 829,561 817,559 808,559 804,562 679,560 680,599 718,599 719,613 724,618 773,621 799,619 813,614 827,619 849,618 856,613 866,613 871,617 928,613 931,619 937,619 948,612 972,610 984,610 990,614 1011,611 1017,617 1027,617 1050,610 1058,619 1092,609 1103,614 1121,610 1145,614 1213,614 1223,610 1236,618 1253,612 1279,615 1288,611 1339,612 1353,607 1368,611 1381,606 1389,606 1395,611 1403,606 1416,605 1428,611 1451,611 1456,608 1470,610 1488,605 1500,606 1508,600 1516,600 1532,607 1552,605 1566,600 1597,600 1597,564 1597,554 1581,554 1579,546 1549,546 1547,550 1543,547"/>
        <Word id="region0002_line0001_word0000" custom="readingOrder {index:0;}">
          <Coords points="734,565 851,565 852,613 735,613"/>
          <TextEquiv conf="0.9180358">
            <Unicode>Nicht</Unicode>
          </TextEquiv>
        </Word>
        <Word id="region0002_line0001_word0001" custom="readingOrder {index:1;}">
          <Coords points="893,563 873,563 874,611 967,610 972,610 984,610 984,610 1032,610 1031,562 956,562 954,564 952,562 920,563 920,563 920,563 900,563 896,566"/>
          <TextEquiv conf="0.92514664">
            <Unicode>leichtlich</Unicode>
          </TextEquiv>
        </Word>
        <Word id="region0002_line0001_word0002" custom="readingOrder {index:2;}">
          <Coords points="1099,612 1107,612 1106,563 1049,563 1050,610 1050,610 1052,612 1082,612 1092,609"/>
          <TextEquiv conf="0.9206778">
            <Unicode>ſoll</Unicode>
          </TextEquiv>
        </Word>
        <Word id="region0002_line0001_word0003" custom="readingOrder {index:3;}">
          <Coords points="1129,571 1211,571 1212,604 1130,604"/>
          <TextEquiv conf="0.91517496">
            <Unicode>man</Unicode>
          </TextEquiv>
        </Word>
        <Word id="region0002_line0001_word0004" custom="readingOrder {index:4;}">
          <Coords points="1288,611 1289,611 1288,561 1227,562 1228,612 1288,611 1288,611"/>
          <TextEquiv conf="0.9276712">
            <Unicode>ſich</Unicode>
          </TextEquiv>
        </Word>
        <Word id="region0002_line0001_word0005" custom="readingOrder {index:5;}">
          <Coords points="1314,561 1306,561 1307,604 1371,604 1370,561 1335,561 1335,562"/>
          <TextEquiv conf="0.92627627">
            <Unicode>mit</Unicode>
          </TextEquiv>
        </Word>
        <Word id="region0002_line0001_word0006" custom="readingOrder {index:6;}">
          <Coords points="1423,560 1384,560 1385,604 1478,604 1477,560 1439,561"/>
          <TextEquiv conf="0.9275016">
            <Unicode>einer</Unicode>
          </TextEquiv>
        </Word>
        <Word id="region0002_line0001_word0007" custom="readingOrder {index:7;}">
          <Coords points="1593,600 1593,555 1525,555 1524,558 1516,559 1496,559 1497,605 1501,604 1508,600 1516,600 1526,604 1553,604 1566,600"/>
          <TextEquiv conf="0.9271701">
            <Unicode>wich⸗</Unicode>
          </TextEquiv>
        </Word>
        <TextEquiv conf="0.9234568">
          <Unicode>Nicht leichtlich ſoll man ſich mit einer wich⸗</Unicode>
        </TextEquiv>
      </TextLine>
      <TextLine id="region0002_line0002" custom="readingOrder {index:1;}">
        <Coords points="1508,601 1500,607 1488,606 1470,611 1456,609 1451,612 1427,613 1416,606 1403,607 1395,612 1389,607 1381,607 1371,612 1353,608 1339,613 1294,613 1279,616 1242,615 1236,619 1223,611 1200,616 1156,616 1137,615 1130,611 1103,615 1092,610 1058,620 1050,611 1027,618 1017,618 1011,612 991,616 984,611 972,611 948,613 937,620 931,620 928,614 904,615 897,619 872,619 866,614 856,614 849,619 827,620 813,615 799,620 773,622 722,619 713,610 702,610 696,615 680,618 680,669 707,669 715,674 726,674 737,665 747,665 753,669 775,672 799,669 805,673 816,674 827,669 869,666 898,668 913,662 927,662 940,665 946,670 954,670 961,661 970,661 974,664 1002,661 1009,665 1035,660 1049,663 1094,664 1124,659 1134,664 1187,663 1194,669 1208,664 1336,665 1343,674 1353,675 1360,666 1387,664 1401,666 1410,674 1419,674 1423,671 1425,663 1491,663 1500,671 1509,671 1515,662 1598,654 1597,602 1566,601 1552,606 1532,608 1516,601"/>
        <Word id="region0002_line0002_word0000" custom="readingOrder {index:0;}">
          <Coords points="719,616 690,616 685,617 685,665 737,665 747,665 778,665 778,621 773,622 722,619"/>
          <TextEquiv>
            <Unicode>tigen</Unicode>
          </TextEquiv>
        </Word>
        <Word id="region0002_line0002_word0001" custom="readingOrder {index:1;}">
          <Coords points="815,615 810,615 799,620 795,620 795,665 906,664 913,662 927,662 937,664 958,664 961,661 970,661 974,664 1002,661 1007,664 1013,664 1028,661 1028,617 1027,618 1017,618 1014,615 995,615 991,616 989,615 944,615 937,620 931,620 928,615 903,615 897,619 872,619 868,615 853,615 849,619 827,620"/>
          <TextEquiv conf="0.91783124">
            <Unicode>Heimlichkeit</Unicode>
          </TextEquiv>
        </Word>
        <Word id="region0002_line0002_word0002" custom="readingOrder {index:2;}">
          <Coords points="1054,616 1044,616 1044,662 1049,663 1094,664 1124,659 1134,664 1187,663 1189,665 1205,665 1206,665 1206,616 1200,616 1156,616 1072,616 1058,620"/>
          <TextEquiv conf="0.92862314">
            <Unicode>beladen,</Unicode>
          </TextEquiv>
        </Word>
        <Word id="region0002_line0002_word0003" custom="readingOrder {index:3;}">
          <Coords points="1234,617 1222,618 1222,660 1318,659 1318,617 1237,617 1236,619"/>
          <TextEquiv conf="0.96569246">
            <Unicode>dann</Unicode>
          </TextEquiv>
        </Word>
        <Word id="region0002_line0002_word0004" custom="readingOrder {index:4;}">
          <Coords points="1427,613 1342,613 1342,668 1358,668 1360,666 1387,664 1401,666 1403,668 1423,668 1425,663 1466,663 1466,613"/>
          <TextEquiv conf="0.92693496">
            <Unicode>ſolches</Unicode>
          </TextEquiv>
        </Word>
        <Word id="region0002_line0002_word0005" custom="readingOrder {index:5;}">
          <Coords points="1524,661 1524,608 1485,608 1485,663 1491,663 1496,668 1511,668 1515,662"/>
          <TextEquiv>
            <Unicode>iſt</Unicode>
          </TextEquiv>
        </Word>
        <Word id="region0002_line0002_word0006" custom="readingOrder {index:6;}">
          <Coords points="1593,654 1593,610 1542,611 1542,656 1586,655"/>
          <TextEquiv conf="0.7968072">
            <Unicode>ein</Unicode>
          </TextEquiv>
        </Word>
        <TextEquiv>
          <Unicode>tigen Heimlichkeit beladen, dann ſolches iſt ein</Unicode>
        </TextEquiv>
      </TextLine>
      <TextLine id="region0002_line0003" custom="readingOrder {index:2;}">
        <Coords points="1117,660 1102,666 1088,667 1050,667 1043,661 1035,661 1027,666 1009,666 1002,662 994,662 984,667 975,667 970,662 961,662 954,671 946,671 932,664 913,663 898,669 838,670 816,675 802,672 759,672 747,666 737,666 726,675 707,672 680,673 680,727 742,727 745,723 781,723 786,727 794,727 806,726 813,723 846,721 930,725 934,725 937,723 973,718 1080,718 1088,715 1103,716 1110,724 1131,724 1133,717 1177,717 1183,723 1196,723 1206,717 1307,714 1312,709 1312,675 1304,669 1238,665 1206,666 1194,670 1187,664 1135,666 1130,662"/>
        <Word id="region0002_line0003_word0000" custom="readingOrder {index:0;}">
          <Coords points="759,672 729,672 726,675 707,672 685,672 685,725 743,725 745,723 781,723 783,725 808,725 813,723 846,721 887,722 887,672 829,672 816,675 802,672"/>
          <TextEquiv conf="0.9589389">
            <Unicode>gefangener</Unicode>
          </TextEquiv>
        </Word>
        <Word id="region0002_line0003_word0001" custom="readingOrder {index:1;}">
          <Coords points="1015,718 1015,674 907,675 907,723 930,725 934,725 937,723 973,718"/>
          <TextEquiv conf="0.95893115">
            <Unicode>Feind</Unicode>
          </TextEquiv>
        </Word>
        <Word id="region0002_line0003_word0002" custom="readingOrder {index:2;}">
          <Coords points="1033,674 1080,674 1080,717 1033,717"/>
          <TextEquiv conf="0.93060434">
            <Unicode>im</Unicode>
          </TextEquiv>
        </Word>
        <Word id="region0002_line0003_word0003" custom="readingOrder {index:3;}">
          <Coords points="1254,715 1254,673 1094,673 1094,715 1103,716 1110,724 1131,724 1133,717 1177,717 1183,723 1196,723 1206,717"/>
          <TextEquiv>
            <Unicode>Hertzen.</Unicode>
          </TextEquiv>
        </Word>
        <TextEquiv>
          <Unicode>gefangener Feind im Hertzen.</Unicode>
        </TextEquiv>
      </TextLine>
      <TextEquiv>
        <Unicode>Nicht leichtlich ſoll man ſich mit einer wich⸗
tigen Heimlichkeit beladen, dann ſolches iſt ein
gefangener Feind im Hertzen.</Unicode>
      </TextEquiv>
    </TextRegion>
    <TextRegion id="region0003" custom="readingOrder {index:2;} structure {type:heading;}" orientation="0.19517986" type="heading" readingDirection="left-to-right">
      <Coords points="1100,762 1174,761 1175,812 1101,813"/>
      <TextLine id="region0003_line" custom="readingOrder {index:0;} structure {type:heading;}">
        <Coords points="1100,762 1174,761 1175,812 1101,813"/>
        <Word id="region0003_line_word0000" custom="readingOrder {index:0;}">
          <Coords points="1170,812 1170,775 1106,775 1106,812"/>
          <TextEquiv>
            <Unicode>94.</Unicode>
          </TextEquiv>
        </Word>
        <TextEquiv>
          <Unicode>94.</Unicode>
        </TextEquiv>
      </TextLine>
      <TextEquiv>
        <Unicode>94.</Unicode>
      </TextEquiv>
    </TextRegion>
    <TextRegion id="region0004" custom="readingOrder {index:3;}" orientation="0.19517986" readingDirection="left-to-right">
      <Coords points="674,830 1595,822 1596,993 675,1001"/>
      <TextLine id="region0004_line0001" custom="readingOrder {index:0;}">
        <Coords points="1414,824 1384,827 1367,834 1334,836 1312,835 1305,826 1292,827 1286,836 1260,835 1246,828 1196,828 1163,830 1144,835 1128,834 1123,829 1112,829 1105,838 1094,837 1088,827 1073,828 1063,837 1038,835 1021,829 978,828 952,832 938,838 919,841 916,841 910,832 900,832 894,836 892,842 860,839 848,833 817,834 813,837 766,832 675,834 675,884 722,891 821,891 830,896 851,890 905,892 980,887 993,890 1006,884 1020,890 1027,883 1042,887 1069,885 1075,890 1096,886 1144,889 1150,892 1164,889 1187,889 1196,892 1215,887 1244,889 1276,885 1287,880 1304,884 1313,880 1328,879 1335,879 1341,884 1356,880 1363,885 1395,886 1407,890 1443,885 1453,879 1464,879 1473,885 1483,886 1498,876 1514,880 1535,878 1544,873 1558,875 1595,873 1595,827 1508,829 1502,824 1479,824 1476,827"/>
        <Word id="region0004_line0001_word0000" custom="readingOrder {index:0;}">
          <Coords points="735,844 792,844 792,888 735,888"/>
          <TextEquiv conf="0.9325531">
            <Unicode>Es</Unicode>
          </TextEquiv>
        </Word>
        <Word id="region0004_line0001_word0001" custom="readingOrder {index:1;}">
          <Coords points="854,890 854,844 816,844 816,891 821,891 824,893 840,893 851,890"/>
          <TextEquiv conf="0.92823">
            <Unicode>iſt</Unicode>
          </TextEquiv>
        </Word>
        <Word id="region0004_line0001_word0002" custom="readingOrder {index:2;}">
          <Coords points="881,843 951,843 951,886 881,886"/>
          <TextEquiv conf="0.93262815">
            <Unicode>eine</Unicode>
          </TextEquiv>
        </Word>
        <Word id="region0004_line0001_word0003" custom="readingOrder {index:3;}">
          <Coords points="1165,889 1165,840 969,840 969,887 980,887 993,890 1006,884 1020,890 1027,883 1042,887 1069,885 1075,890 1096,886 1144,889 1148,891 1154,891 1164,889"/>
          <TextEquiv conf="0.9233966">
            <Unicode>Thorheit,</Unicode>
          </TextEquiv>
        </Word>
        <Word id="region0004_line0001_word0004" custom="readingOrder {index:4;}">
          <Coords points="1251,888 1251,841 1189,841 1189,889 1190,890 1203,890 1215,887 1244,889"/>
          <TextEquiv conf="0.92695564">
            <Unicode>ſich</Unicode>
          </TextEquiv>
        </Word>
        <Word id="region0004_line0001_word0005" custom="readingOrder {index:5;}">
          <Coords points="1360,883 1381,883 1381,840 1275,840 1275,883 1280,883 1287,880 1299,883 1306,883 1313,880 1328,879 1335,879 1339,883 1344,883 1356,880"/>
          <TextEquiv conf="0.92464966">
            <Unicode>einem</Unicode>
          </TextEquiv>
        </Word>
        <Word id="region0004_line0001_word0006" custom="readingOrder {index:6;}">
          <Coords points="1542,874 1542,836 1398,836 1398,887 1407,890 1443,885 1453,879 1464,879 1473,885 1483,886 1498,876 1514,880 1535,878"/>
          <TextEquiv conf="0.92921996">
            <Unicode>Fuͤrſten</Unicode>
          </TextEquiv>
        </Word>
        <Word id="word_1650534203518_5892" custom="readingOrder {index:7;}">
          <Coords points="1552,831 1591,831 1591,869 1552,869"/>
          <TextEquiv>
            <Unicode>zu</Unicode>
          </TextEquiv>
        </Word>
        <TextEquiv>
          <Unicode>Es iſt eine Thorheit, ſich einem Fuͤrſten zu</Unicode>
        </TextEquiv>
      </TextLine>
      <TextLine id="region0004_line0002" custom="readingOrder {index:1;}">
        <Coords points="1544,874 1535,879 1515,881 1498,877 1483,887 1473,886 1464,880 1453,880 1443,886 1407,891 1395,887 1364,888 1356,881 1341,885 1335,880 1313,881 1304,885 1287,881 1276,886 1244,890 1205,889 1196,893 1187,890 1164,890 1159,893 1119,889 1075,891 1066,888 1042,888 1034,884 1027,884 1020,891 1006,885 993,891 858,891 835,897 801,893 680,891 675,892 675,940 694,944 703,940 748,940 766,936 774,941 813,940 837,944 875,945 886,952 894,952 900,946 946,942 997,941 1006,949 1016,949 1023,941 1056,940 1106,940 1110,943 1122,940 1206,940 1234,943 1274,940 1282,948 1292,948 1298,938 1314,937 1351,940 1359,947 1378,948 1385,940 1420,941 1513,933 1519,933 1528,940 1536,940 1546,932 1595,928 1595,874 1558,876"/>
        <Word id="region0004_line0002_word0000" custom="readingOrder {index:0;}">
          <Coords points="818,895 682,895 682,940 703,940 748,940 766,936 772,940 813,940 899,940 899,895 842,895 835,897"/>
          <TextEquiv conf="0.9156176">
            <Unicode>vertrauen,</Unicode>
          </TextEquiv>
        </Word>
        <Word id="region0004_line0002_word0001" custom="readingOrder {index:1;}">
          <Coords points="1014,888 998,888 993,891 938,891 938,940 1121,939 1121,889 1119,889 1075,891 1066,888 1022,888 1020,891"/>
          <TextEquiv conf="0.91670096">
            <Unicode>nachdeme</Unicode>
          </TextEquiv>
        </Word>
        <Word id="region0004_line0002_word0002" custom="readingOrder {index:2;}">
          <Coords points="1159,896 1244,896 1244,934 1159,934"/>
          <TextEquiv conf="0.89582">
            <Unicode>man</Unicode>
          </TextEquiv>
        </Word>
        <Word id="region0004_line0002_word0003" custom="readingOrder {index:3;}">
          <Coords points="1304,885 1278,885 1278,885 1278,940 1297,940 1298,938 1314,937 1351,940 1385,940 1422,940 1422,889 1407,891 1395,887 1364,888 1361,885 1341,885"/>
          <TextEquiv conf="0.9241888">
            <Unicode>ſelbigen</Unicode>
          </TextEquiv>
        </Word>
        <Word id="region0004_line0002_word0004" custom="readingOrder {index:4;}">
          <Coords points="1468,882 1452,883 1452,937 1468,936 1513,933 1519,933 1523,936 1540,936 1546,932 1590,925 1590,877 1489,882 1483,887 1473,886"/>
          <TextEquiv>
            <Unicode>beleydi⸗</Unicode>
          </TextEquiv>
        </Word>
        <TextEquiv>
          <Unicode>vertrauen, nachdeme man ſelbigen beleydi⸗</Unicode>
        </TextEquiv>
      </TextLine>
      <TextLine id="region0004_line0003" custom="readingOrder {index:2;}">
        <Coords points="758,937 746,942 733,939 675,945 675,1000 740,996 750,996 755,1000 772,1000 775,996 896,996 901,991 901,966 896,961 855,960 854,949 848,944 813,941 774,942 766,937"/>
        <Word id="region0004_line0003_word0000" custom="readingOrder {index:0;}">
          <Coords points="739,996 739,953 680,953 680,999"/>
          <TextEquiv conf="0.9290934">
            <Unicode>get</Unicode>
          </TextEquiv>
        </Word>
        <Word id="region0004_line0003_word0001" custom="readingOrder {index:1;}">
          <Coords points="827,996 827,949 753,949 753,998 755,1000 772,1000 775,996"/>
          <TextEquiv conf="0.92753106">
            <Unicode>hat.</Unicode>
          </TextEquiv>
        </Word>
        <TextEquiv conf="0.92831224">
          <Unicode>get hat.</Unicode>
        </TextEquiv>
      </TextLine>
      <TextEquiv>
        <Unicode>Es iſt eine Thorheit, ſich einem Fuͤrſten zu
vertrauen, nachdeme man ſelbigen beleydi⸗
get hat.</Unicode>
      </TextEquiv>
    </TextRegion>
    <TextRegion id="region0007" custom="readingOrder {index:4;} structure {type:heading;}" orientation="0.19517986" type="heading" readingDirection="left-to-right">
      <Coords points="1104,1031 1178,1030 1178,1080 1104,1081"/>
      <TextLine id="region0007_line" custom="readingOrder {index:0;} structure {type:heading;}">
        <Coords points="1104,1031 1178,1030 1178,1080 1104,1081"/>
        <Word id="region0007_line_word0000" custom="readingOrder {index:0;}">
          <Coords points="1174,1080 1174,1048 1110,1048 1110,1080"/>
          <TextEquiv>
            <Unicode>95.</Unicode>
          </TextEquiv>
        </Word>
        <TextEquiv>
          <Unicode>95.</Unicode>
        </TextEquiv>
      </TextLine>
      <TextEquiv>
        <Unicode>95.</Unicode>
      </TextEquiv>
    </TextRegion>
    <TextRegion id="region0008" custom="readingOrder {index:5;}" orientation="0.19517986" readingDirection="left-to-right">
      <Coords points="672,1094 1593,1086 1596,1407 675,1415"/>
      <TextLine id="region0008_line0001" custom="readingOrder {index:0;}">
        <Coords points="1512,1088 1496,1090 1475,1100 1459,1099 1447,1093 1405,1095 1396,1090 1384,1090 1377,1094 1330,1094 1292,1104 1269,1105 1259,1096 1249,1096 1242,1102 1232,1096 1152,1097 1142,1103 1121,1106 1067,1104 1061,1096 1049,1096 1030,1103 1022,1096 1005,1096 998,1104 984,1106 945,1100 892,1101 869,1105 852,1105 844,1100 834,1100 802,1106 760,1100 673,1104 673,1153 714,1157 728,1154 749,1161 809,1160 835,1166 843,1164 845,1160 888,1158 899,1153 927,1158 953,1154 999,1157 1021,1156 1038,1150 1046,1151 1050,1155 1065,1150 1073,1154 1118,1158 1157,1156 1169,1160 1207,1150 1227,1150 1231,1153 1245,1150 1253,1155 1299,1155 1321,1148 1325,1151 1340,1149 1349,1152 1353,1157 1363,1158 1373,1153 1403,1153 1411,1148 1417,1148 1425,1156 1440,1155 1450,1147 1493,1153 1513,1150 1518,1145 1541,1140 1590,1136 1593,1124 1593,1087"/>
        <Word id="region0008_line0001_word0000" custom="readingOrder {index:0;}">
          <Coords points="881,1158 881,1108 730,1108 730,1154 746,1160 809,1160 845,1160"/>
          <TextEquiv conf="0.92528397">
            <Unicode>Groſſen</Unicode>
          </TextEquiv>
        </Word>
        <Word id="region0008_line0001_word0001" custom="readingOrder {index:1;}">
          <Coords points="975,1104 906,1105 906,1154 910,1154 947,1154 953,1154 964,1154 1025,1154 1038,1150 1046,1151 1049,1154 1051,1154 1065,1150 1073,1154 1075,1154 1126,1154 1126,1105 1121,1106 1073,1104 993,1104 984,1106"/>
          <TextEquiv conf="0.9129599">
            <Unicode>Gemuͤthern</Unicode>
          </TextEquiv>
        </Word>
        <Word id="region0008_line0001_word0002" custom="readingOrder {index:2;}">
          <Coords points="1189,1154 1189,1105 1151,1105 1151,1155 1188,1155"/>
          <TextEquiv conf="0.92828727">
            <Unicode>iſt</Unicode>
          </TextEquiv>
        </Word>
        <Word id="region0008_line0001_word0003" custom="readingOrder {index:3;}">
          <Coords points="1268,1104 1213,1105 1213,1150 1301,1149 1301,1104 1289,1104 1269,1105"/>
          <TextEquiv conf="0.9252253">
            <Unicode>keine</Unicode>
          </TextEquiv>
        </Word>
        <Word id="region0008_line0001_word0004" custom="readingOrder {index:4;}">
          <Coords points="1499,1152 1499,1101 1323,1101 1323,1149 1325,1151 1340,1149 1349,1152 1351,1155 1369,1155 1373,1153 1403,1153 1411,1148 1417,1148 1424,1155 1440,1155 1450,1147 1493,1153"/>
          <TextEquiv conf="0.9102541">
            <Unicode>ſchaͤrffere</Unicode>
          </TextEquiv>
        </Word>
        <Word id="region0008_line0001_word0005" custom="readingOrder {index:5;}">
          <Coords points="1592,1133 1592,1094 1518,1100 1518,1145 1541,1140"/>
          <TextEquiv>
            <Unicode>An⸗</Unicode>
          </TextEquiv>
        </Word>
        <TextEquiv>
          <Unicode>Groſſen Gemuͤthern iſt keine ſchaͤrffere An⸗</Unicode>
        </TextEquiv>
      </TextLine>
      <TextLine id="region0008_line0002" custom="readingOrder {index:1;}">
        <Coords points="1588,1137 1541,1141 1518,1146 1512,1153 1490,1154 1450,1148 1440,1156 1425,1157 1417,1149 1411,1149 1400,1155 1369,1156 1363,1159 1353,1158 1349,1153 1340,1150 1325,1152 1321,1149 1309,1155 1299,1156 1253,1156 1245,1151 1235,1154 1227,1151 1207,1151 1169,1161 1157,1157 1118,1159 1073,1155 1065,1151 1050,1156 1046,1152 1038,1151 1021,1157 998,1159 968,1159 962,1155 927,1159 899,1154 888,1159 857,1161 835,1167 798,1161 749,1162 721,1155 712,1161 673,1162 674,1210 683,1206 703,1210 718,1205 740,1216 747,1216 760,1210 789,1205 797,1206 803,1213 810,1214 883,1201 892,1205 905,1204 914,1209 934,1206 947,1200 954,1201 963,1209 973,1206 984,1207 989,1203 1012,1203 1019,1207 1053,1209 1086,1208 1099,1201 1120,1201 1133,1207 1186,1206 1197,1210 1215,1211 1224,1206 1251,1202 1281,1205 1314,1204 1325,1208 1335,1202 1393,1205 1402,1199 1409,1199 1414,1205 1422,1205 1431,1201 1470,1203 1482,1197 1491,1197 1497,1205 1501,1205 1510,1201 1550,1199 1562,1194 1570,1176 1593,1176 1593,1137"/>
        <Word id="region0008_line0002_word0000" custom="readingOrder {index:0;}">
          <Coords points="680,1161 681,1203 852,1203 851,1162 835,1167 798,1161 749,1162 721,1155 712,1161"/>
          <TextEquiv conf="0.91773915">
            <Unicode>reitzung,</Unicode>
          </TextEquiv>
        </Word>
        <Word id="region0008_line0002_word0001" custom="readingOrder {index:1;}">
          <Coords points="871,1160 871,1197 926,1197 926,1158 899,1154 888,1159"/>
          <TextEquiv conf="0.96582675">
            <Unicode>als</Unicode>
          </TextEquiv>
        </Word>
        <Word id="region0008_line0002_word0002" custom="readingOrder {index:2;}">
          <Coords points="963,1155 953,1155 950,1156 951,1199 1011,1198 1010,1157 998,1159 968,1159"/>
          <TextEquiv conf="0.93189186">
            <Unicode>der</Unicode>
          </TextEquiv>
        </Word>
        <Word id="region0008_line0002_word0003" custom="readingOrder {index:3;}">
          <Coords points="1047,1153 1032,1153 1024,1155 1025,1205 1091,1205 1099,1201 1120,1201 1128,1205 1228,1205 1227,1153 1199,1153 1169,1161 1157,1157 1118,1159 1073,1155 1069,1153 1059,1153 1050,1156"/>
          <TextEquiv conf="0.913821">
            <Unicode>Vorwurff</Unicode>
          </TextEquiv>
        </Word>
        <Word id="region0008_line0002_word0004" custom="readingOrder {index:4;}">
          <Coords points="1251,1154 1237,1155 1238,1197 1298,1196 1297,1156 1253,1156"/>
          <TextEquiv conf="0.9328745">
            <Unicode>der</Unicode>
          </TextEquiv>
        </Word>
        <Word id="region0008_line0002_word0005" custom="readingOrder {index:5;}">
          <Coords points="1323,1151 1317,1151 1316,1151 1317,1202 1335,1202 1397,1202 1402,1199 1409,1199 1411,1202 1428,1202 1431,1201 1450,1202 1472,1202 1482,1197 1491,1197 1494,1202 1507,1202 1506,1153 1490,1154 1470,1151 1446,1151 1440,1156 1425,1157 1419,1151 1407,1151 1400,1155 1369,1156 1363,1159 1353,1158 1349,1153 1343,1151 1332,1151 1325,1152"/>
          <TextEquiv conf="0.64962023">
            <Unicode>Freyheit;</Unicode>
          </TextEquiv>
        </Word>
        <Word id="region0008_line0002_word0006" custom="readingOrder {index:6;}">
          <Coords points="1587,1144 1527,1147 1528,1199 1551,1198 1562,1194 1570,1176 1587,1176"/>
          <TextEquiv>
            <Unicode>Ja</Unicode>
          </TextEquiv>
        </Word>
        <TextEquiv>
          <Unicode>reitzung, als der Vorwurff der Freyheit; Ja</Unicode>
        </TextEquiv>
      </TextLine>
      <TextLine id="region0008_line0003" custom="readingOrder {index:2;}">
        <Coords points="1558,1196 1539,1202 1510,1202 1501,1206 1497,1206 1491,1198 1477,1199 1470,1204 1445,1202 1422,1206 1414,1206 1409,1200 1402,1200 1393,1206 1335,1203 1325,1209 1314,1205 1281,1206 1251,1203 1224,1207 1215,1212 1197,1211 1186,1207 1130,1208 1120,1202 1099,1202 1086,1209 1019,1208 1012,1204 989,1204 984,1208 963,1210 954,1202 947,1201 932,1208 914,1210 905,1205 892,1206 883,1202 810,1215 803,1214 797,1207 780,1206 770,1211 740,1217 718,1206 703,1211 681,1207 674,1211 674,1254 675,1260 687,1261 806,1259 814,1256 845,1258 866,1255 903,1258 929,1256 939,1261 949,1253 975,1256 995,1250 1002,1259 1016,1262 1026,1252 1037,1252 1043,1256 1064,1256 1069,1259 1079,1258 1084,1253 1101,1259 1116,1254 1121,1257 1242,1254 1262,1248 1273,1247 1280,1252 1294,1250 1314,1253 1347,1252 1356,1246 1367,1246 1381,1251 1393,1246 1403,1246 1409,1251 1430,1252 1444,1243 1450,1243 1456,1251 1493,1253 1510,1249 1518,1243 1531,1246 1551,1243 1594,1242 1588,1186"/>
        <Word id="region0008_line0003_word0000" custom="readingOrder {index:0;}">
          <Coords points="700,1210 680,1211 680,1255 737,1254 737,1215 726,1210 704,1210 703,1211"/>
          <TextEquiv conf="0.92762">
            <Unicode>die</Unicode>
          </TextEquiv>
        </Word>
        <Word id="region0008_line0003_word0001" custom="readingOrder {index:1;}">
          <Coords points="890,1205 863,1205 810,1215 803,1214 797,1207 780,1206 770,1211 754,1214 754,1259 806,1258 814,1256 845,1258 866,1255 903,1258 929,1256 933,1258 942,1258 949,1253 975,1256 978,1255 978,1208 963,1210 957,1205 938,1205 932,1208 914,1210 905,1205 900,1205 892,1206"/>
          <TextEquiv conf="0.9177662">
            <Unicode>allerbloͤdeſte</Unicode>
          </TextEquiv>
        </Word>
        <Word id="region0008_line0003_word0002" custom="readingOrder {index:2;}">
          <Coords points="1019,1208 988,1208 988,1252 995,1250 1002,1259 1019,1259 1026,1252 1037,1252 1043,1256 1064,1256 1069,1259 1079,1258 1084,1253 1101,1259 1116,1254 1121,1257 1159,1256 1159,1208 1130,1208 1087,1208 1086,1209"/>
          <TextEquiv conf="0.9240895">
            <Unicode>Tropffen</Unicode>
          </TextEquiv>
        </Word>
        <Word id="region0008_line0003_word0003" custom="readingOrder {index:3;}">
          <Coords points="1211,1212 1177,1212 1177,1252 1250,1251 1262,1248 1273,1247 1279,1251 1286,1251 1294,1250 1301,1251 1314,1251 1314,1211 1216,1212 1215,1212"/>
          <TextEquiv conf="0.9293205">
            <Unicode>werden</Unicode>
          </TextEquiv>
        </Word>
        <Word id="region0008_line0003_word0004" custom="readingOrder {index:4;}">
          <Coords points="1501,1251 1501,1208 1331,1208 1331,1252 1347,1252 1356,1246 1367,1246 1381,1251 1393,1246 1403,1246 1409,1251 1430,1252 1444,1243 1450,1243 1456,1251 1493,1253"/>
          <TextEquiv conf="0.9010522">
            <Unicode>dardurch</Unicode>
          </TextEquiv>
        </Word>
        <Word id="region0008_line0003_word0005" custom="readingOrder {index:5;}">
          <Coords points="1587,1218 1587,1187 1518,1211 1518,1243 1531,1246 1551,1243"/>
          <TextEquiv>
            <Unicode>auf⸗</Unicode>
          </TextEquiv>
        </Word>
        <TextEquiv>
          <Unicode>die allerbloͤdeſte Tropffen werden dardurch auf⸗</Unicode>
        </TextEquiv>
      </TextLine>
      <TextLine id="region0008_line0004" custom="readingOrder {index:3;}">
        <Coords points="1444,1244 1430,1253 1409,1252 1403,1247 1393,1247 1381,1252 1367,1247 1356,1247 1347,1253 1332,1254 1304,1254 1294,1251 1280,1253 1273,1248 1262,1249 1242,1255 1142,1258 1121,1258 1116,1255 1101,1260 1084,1254 1079,1259 1069,1260 1064,1257 1043,1257 1037,1253 1026,1253 1016,1263 1002,1260 995,1251 989,1251 975,1257 960,1258 949,1254 939,1262 930,1258 866,1256 845,1259 814,1257 806,1260 675,1264 675,1313 689,1314 717,1309 808,1307 819,1304 850,1306 881,1304 889,1300 948,1307 1021,1306 1031,1310 1043,1305 1079,1305 1093,1309 1106,1298 1145,1303 1254,1303 1265,1307 1274,1302 1300,1301 1308,1297 1323,1302 1328,1296 1344,1295 1352,1304 1385,1302 1401,1305 1418,1296 1441,1296 1445,1299 1463,1301 1504,1299 1513,1302 1517,1301 1523,1292 1538,1295 1594,1290 1594,1282 1590,1223 1551,1244 1538,1247 1518,1244 1510,1250 1493,1254 1456,1252 1450,1244"/>
        <Word id="region0008_line0004_word0000" custom="readingOrder {index:0;}">
          <Coords points="823,1304 877,1304 877,1262 713,1262 679,1263 679,1305 817,1304 819,1304"/>
          <TextEquiv conf="0.9190522">
            <Unicode>gemuntert</Unicode>
          </TextEquiv>
        </Word>
        <Word id="region0008_line0004_word0001" custom="readingOrder {index:1;}">
          <Coords points="934,1260 895,1260 895,1300 966,1300 966,1260 941,1260 939,1262"/>
          <TextEquiv conf="0.9330529">
            <Unicode>und</Unicode>
          </TextEquiv>
        </Word>
        <Word id="region0008_line0004_word0002" custom="readingOrder {index:2;}">
          <Coords points="996,1253 984,1253 983,1253 983,1305 1043,1305 1079,1305 1097,1305 1106,1298 1118,1299 1118,1256 1116,1255 1101,1260 1084,1254 1079,1259 1069,1260 1064,1257 1043,1257 1037,1253 1026,1253 1016,1263 1002,1260"/>
          <TextEquiv conf="0.9273385">
            <Unicode>behertzt</Unicode>
          </TextEquiv>
        </Word>
        <Word id="word_1650534286178_5932" custom="readingOrder {index:3;}">
          <Coords points="1326,1298 1326,1281 1297,1255 1242,1255 1142,1258 1142,1303 1145,1303 1274,1302 1297,1301 1300,1301 1308,1297 1316,1300 1325,1299 1326,1298"/>
          <TextEquiv>
            <Unicode>gemacht,</Unicode>
          </TextEquiv>
        </Word>
        <Word id="region0008_line0004_word0005" custom="readingOrder {index:4;}">
          <Coords points="1411,1299 1411,1255 1351,1255 1351,1302 1352,1304 1385,1302 1395,1304 1402,1304"/>
          <TextEquiv conf="0.92873865">
            <Unicode>ſich</Unicode>
          </TextEquiv>
        </Word>
        <Word id="region0008_line0004_word0006" custom="readingOrder {index:5;}">
          <Coords points="1437,1249 1437,1296 1441,1296 1445,1299 1463,1301 1504,1299 1513,1302 1517,1301 1523,1292 1538,1295 1585,1280 1585,1236 1557,1240 1551,1244 1538,1247 1527,1245 1512,1247 1510,1250 1493,1254 1456,1252 1453,1248"/>
          <TextEquiv>
            <Unicode>demjeni⸗</Unicode>
          </TextEquiv>
        </Word>
        <TextEquiv>
          <Unicode>gemuntert und behertzt gemacht, ſich demjeni⸗</Unicode>
        </TextEquiv>
      </TextLine>
      <TextLine id="region0008_line0005" custom="readingOrder {index:4;}">
        <Coords points="1523,1293 1518,1301 1513,1303 1504,1300 1447,1302 1441,1297 1418,1297 1401,1306 1385,1303 1352,1305 1346,1297 1339,1296 1328,1297 1323,1303 1308,1298 1300,1302 1274,1303 1265,1308 1254,1304 1218,1306 1145,1304 1135,1301 1127,1304 1106,1299 1093,1310 1079,1306 1045,1307 1031,1311 1021,1307 1004,1306 948,1308 899,1301 850,1307 819,1305 808,1308 717,1310 701,1313 699,1319 693,1321 686,1315 675,1314 675,1348 679,1345 698,1343 704,1345 710,1353 721,1351 728,1354 747,1354 750,1349 755,1348 779,1352 783,1356 795,1350 801,1350 808,1356 830,1349 844,1349 855,1355 862,1349 884,1351 891,1355 920,1350 927,1355 945,1359 977,1349 991,1349 999,1355 1032,1353 1037,1356 1045,1352 1055,1354 1060,1350 1072,1350 1077,1354 1088,1353 1099,1358 1124,1351 1130,1354 1208,1358 1215,1364 1224,1364 1230,1358 1283,1353 1329,1353 1339,1359 1348,1359 1353,1354 1429,1354 1435,1359 1446,1359 1452,1354 1478,1355 1541,1347 1595,1344 1595,1300 1594,1294 1535,1296"/>
        <Word id="region0008_line0005_word0000" custom="readingOrder {index:0;}">
          <Coords points="690,1319 677,1319 677,1346 679,1345 698,1343 704,1345 708,1351 746,1350 746,1318 699,1319 699,1319 693,1321"/>
          <TextEquiv>
            <Unicode>gen</Unicode>
          </TextEquiv>
        </Word>
        <Word id="region0008_line0005_word0001" custom="readingOrder {index:1;}">
          <Coords points="767,1313 868,1313 868,1349 767,1349"/>
          <TextEquiv conf="0.9612437">
            <Unicode>unter</Unicode>
          </TextEquiv>
        </Word>
        <Word id="region0008_line0005_word0002" custom="readingOrder {index:2;}">
          <Coords points="938,1307 885,1307 885,1352 891,1355 891,1355 920,1350 927,1355 960,1354 977,1349 991,1349 998,1354 1008,1354 1008,1306 1004,1306 1003,1306 948,1308"/>
          <TextEquiv conf="0.9592444">
            <Unicode>Augen</Unicode>
          </TextEquiv>
        </Word>
        <Word id="region0008_line0005_word0003" custom="readingOrder {index:3;}">
          <Coords points="1067,1350 1067,1317 1030,1317 1030,1353 1032,1353 1035,1355 1039,1355 1045,1352 1055,1354 1060,1350"/>
          <TextEquiv conf="0.96328247">
            <Unicode>zu</Unicode>
          </TextEquiv>
        </Word>
        <Word id="region0008_line0005_word0004" custom="readingOrder {index:4;}">
          <Coords points="1127,1304 1100,1304 1095,1308 1095,1356 1099,1358 1124,1351 1130,1354 1208,1358 1226,1358 1226,1305 1218,1306 1145,1304"/>
          <TextEquiv>
            <Unicode>ſtellen,</Unicode>
          </TextEquiv>
        </Word>
        <Word id="region0008_line0005_word0006" custom="readingOrder {index:5;}">
          <Coords points="1322,1303 1279,1303 1274,1303 1265,1308 1254,1304 1252,1304 1252,1355 1263,1355 1283,1353 1329,1353 1331,1354 1353,1354 1353,1354 1392,1354 1392,1304 1385,1303 1352,1305 1350,1302 1323,1302 1323,1303"/>
          <TextEquiv conf="0.9146559">
            <Unicode>welcher</Unicode>
          </TextEquiv>
        </Word>
        <Word id="region0008_line0005_word0007" custom="readingOrder {index:6;}">
          <Coords points="1477,1354 1477,1304 1416,1304 1416,1354 1429,1354 1430,1355 1450,1355 1452,1354"/>
          <TextEquiv conf="0.96998185">
            <Unicode>ihn</Unicode>
          </TextEquiv>
        </Word>
        <Word id="region0008_line0005_word0008" custom="readingOrder {index:7;}">
          <Coords points="1502,1302 1502,1348 1533,1348 1541,1347 1589,1335 1589,1294 1561,1295 1515,1301 1513,1303 1510,1302"/>
          <TextEquiv>
            <Unicode>einer</Unicode>
          </TextEquiv>
        </Word>
        <TextEquiv>
          <Unicode>gen unter Augen zu ſtellen, welcher ihn einer</Unicode>
        </TextEquiv>
      </TextLine>
      <TextLine id="region0008_line0006" custom="readingOrder {index:5;}">
        <Coords points="686,1344 675,1349 675,1413 722,1413 757,1409 795,1409 800,1413 827,1413 830,1409 886,1406 944,1408 947,1412 965,1412 967,1409 974,1408 977,1411 995,1411 997,1408 1098,1411 1119,1408 1209,1408 1214,1403 1214,1378 1211,1374 1172,1372 1171,1361 1166,1356 1118,1352 1099,1359 1090,1355 1077,1355 1072,1351 1060,1351 1055,1355 1045,1353 1037,1357 1032,1354 999,1356 991,1350 977,1350 945,1360 928,1357 920,1351 891,1356 871,1350 862,1350 855,1356 844,1350 830,1350 808,1357 801,1351 795,1351 783,1357 779,1353 755,1349 750,1350 747,1355 728,1355 721,1352 710,1354 702,1345"/>
        <Word id="region0008_line0006_word0000" custom="readingOrder {index:0;}">
          <Coords points="710,1354 680,1354 680,1413 722,1413 757,1409 795,1409 800,1413 827,1413 830,1409 886,1406 888,1406 888,1355 884,1354 857,1354 855,1356 851,1354 817,1354 808,1357 804,1354 789,1354 783,1357 780,1354 747,1354 747,1355 728,1355 725,1354"/>
          <TextEquiv conf="0.9218173">
            <Unicode>Bloͤdigkeit</Unicode>
          </TextEquiv>
        </Word>
        <Word id="region0008_line0006_word0001" custom="readingOrder {index:1;}">
          <Coords points="1142,1408 1142,1361 909,1362 909,1406 944,1408 947,1412 965,1412 967,1409 974,1408 977,1411 995,1411 997,1408 1098,1411 1119,1408"/>
          <TextEquiv conf="0.9178952">
            <Unicode>beſchuldiget.</Unicode>
          </TextEquiv>
        </Word>
        <TextEquiv conf="0.91985625">
          <Unicode>Bloͤdigkeit beſchuldiget.</Unicode>
        </TextEquiv>
      </TextLine>
      <TextEquiv>
        <Unicode>Groſſen Gemuͤthern iſt keine ſchaͤrffere An⸗
reitzung, als der Vorwurff der Freyheit; Ja
die allerbloͤdeſte Tropffen werden dardurch auf⸗
gemuntert und behertzt gemacht, ſich demjeni⸗
gen unter Augen zu ſtellen, welcher ihn einer
Bloͤdigkeit beſchuldiget.</Unicode>
      </TextEquiv>
    </TextRegion>
    <TextRegion id="region0009" custom="readingOrder {index:6;} structure {type:heading;}" orientation="0.19517986" type="heading" readingDirection="left-to-right">
      <Coords points="1100,1436 1173,1435 1174,1496 1101,1497"/>
      <TextLine id="region0009_line" custom="readingOrder {index:0;} structure {type:heading;}">
        <Coords points="1100,1436 1173,1435 1174,1496 1101,1497"/>
        <Word id="region0009_line_word0000" custom="readingOrder {index:0;}">
          <Coords points="1169,1496 1169,1449 1106,1449 1106,1496"/>
          <TextEquiv>
            <Unicode>96.</Unicode>
          </TextEquiv>
        </Word>
        <TextEquiv>
          <Unicode>96.</Unicode>
        </TextEquiv>
      </TextLine>
      <TextEquiv>
        <Unicode>96.</Unicode>
      </TextEquiv>
    </TextRegion>
    <TextRegion id="region0010" custom="readingOrder {index:7;}" orientation="0.19517986" readingDirection="left-to-right">
      <Coords points="673,1505 1593,1497 1594,1623 674,1631"/>
      <TextLine id="region0010_line0001" custom="readingOrder {index:0;}">
        <Coords points="1538,1499 1527,1505 1496,1507 1483,1511 1452,1509 1448,1512 1435,1513 1423,1510 1410,1515 1384,1511 1379,1514 1350,1513 1299,1521 1278,1521 1271,1513 1256,1513 1246,1520 1238,1520 1232,1512 1192,1514 1183,1521 1158,1524 1096,1522 1090,1515 1065,1513 1056,1513 1047,1522 1022,1522 1009,1514 997,1513 991,1518 982,1519 934,1516 888,1517 820,1526 799,1522 789,1517 674,1517 674,1554 692,1553 694,1572 698,1575 713,1576 744,1574 756,1578 768,1572 778,1571 794,1572 799,1576 823,1570 830,1575 858,1573 948,1576 977,1572 1007,1578 1016,1573 1083,1572 1098,1568 1105,1574 1137,1577 1157,1583 1167,1584 1170,1579 1181,1579 1188,1586 1197,1586 1204,1579 1211,1579 1219,1584 1229,1584 1235,1578 1254,1578 1261,1583 1270,1583 1277,1576 1291,1575 1378,1577 1442,1574 1448,1580 1458,1580 1464,1573 1471,1572 1593,1561 1593,1503 1556,1504 1551,1499"/>
        <Word id="region0010_line0001_word0000" custom="readingOrder {index:0;}">
          <Coords points="797,1521 728,1521 728,1567 806,1567 806,1523 799,1522"/>
          <TextEquiv conf="0.9278202">
            <Unicode>Die</Unicode>
          </TextEquiv>
        </Word>
        <Word id="region0010_line0001_word0001" custom="readingOrder {index:1;}">
          <Coords points="822,1525 822,1562 889,1562 889,1524 835,1524"/>
          <TextEquiv conf="0.9170259">
            <Unicode>aus</Unicode>
          </TextEquiv>
        </Word>
        <Word id="region0010_line0001_word0002" custom="readingOrder {index:2;}">
          <Coords points="947,1517 900,1517 900,1569 1097,1568 1098,1568 1098,1568 1129,1568 1129,1523 1096,1522 1091,1516 1053,1516 1047,1522 1022,1522 1013,1517 993,1517 991,1518 982,1519"/>
          <TextEquiv conf="0.9305085">
            <Unicode>Muthwillen</Unicode>
          </TextEquiv>
        </Word>
        <Word id="region0010_line0001_word0003" custom="readingOrder {index:3;}">
          <Coords points="1233,1513 1197,1513 1192,1514 1183,1521 1158,1524 1144,1523 1144,1571 1337,1570 1337,1515 1299,1521 1278,1521 1271,1513 1255,1513 1246,1520 1238,1520"/>
          <TextEquiv conf="0.91221124">
            <Unicode>geſchehene</Unicode>
          </TextEquiv>
        </Word>
        <Word id="region0010_line0001_word0004" custom="readingOrder {index:4;}">
          <Coords points="1346,1516 1432,1516 1432,1564 1346,1564"/>
          <TextEquiv conf="0.90101624">
            <Unicode>Ubel</Unicode>
          </TextEquiv>
        </Word>
        <Word id="region0010_line0001_word0005" custom="readingOrder {index:5;}">
          <Coords points="1515,1568 1515,1516 1447,1516 1447,1570 1493,1570"/>
          <TextEquiv conf="0.92521375">
            <Unicode>ſind</Unicode>
          </TextEquiv>
        </Word>
        <Word id="region0010_line0001_word0006" custom="readingOrder {index:6;}">
          <Coords points="1531,1509 1585,1507 1585,1555 1531,1557"/>
          <TextEquiv>
            <Unicode>kei⸗</Unicode>
          </TextEquiv>
        </Word>
        <TextEquiv>
          <Unicode>Die aus Muthwillen geſchehene Ubel ſind kei⸗</Unicode>
        </TextEquiv>
      </TextLine>
      <TextLine id="region0010_line0002" custom="readingOrder {index:1;}">
        <Coords points="1091,1569 1083,1573 1022,1575 1007,1579 983,1576 977,1573 964,1573 958,1577 840,1577 818,1571 799,1577 794,1573 778,1572 768,1573 756,1579 744,1575 681,1576 674,1577 674,1628 1123,1627 1162,1625 1166,1622 1167,1585 1137,1578 1105,1575 1098,1569"/>
        <Word id="region0010_line0002_word0000" custom="readingOrder {index:0;}">
          <Coords points="744,1627 744,1587 679,1588 679,1627"/>
          <TextEquiv conf="0.9046138">
            <Unicode>nes</Unicode>
          </TextEquiv>
        </Word>
        <Word id="region0010_line0002_word0001" custom="readingOrder {index:1;}">
          <Coords points="977,1627 977,1584 758,1584 758,1627"/>
          <TextEquiv conf="0.9213463">
            <Unicode>Erbarmens</Unicode>
          </TextEquiv>
        </Word>
        <Word id="region0010_line0002_word0002" custom="readingOrder {index:2;}">
          <Coords points="1007,1579 997,1579 997,1627 1122,1627 1122,1579"/>
          <TextEquiv conf="0.9262971">
            <Unicode>werth.</Unicode>
          </TextEquiv>
        </Word>
        <TextEquiv conf="0.9174191">
          <Unicode>nes Erbarmens werth.</Unicode>
        </TextEquiv>
      </TextLine>
      <TextEquiv>
        <Unicode>Die aus Muthwillen geſchehene Ubel ſind kei⸗
nes Erbarmens werth.</Unicode>
      </TextEquiv>
    </TextRegion>
    <TextRegion id="region0011" custom="readingOrder {index:8;} structure {type:heading;}" orientation="0.19517986" type="heading" readingDirection="left-to-right">
      <Coords points="1105,1665 1181,1664 1182,1716 1106,1717"/>
      <TextLine id="region0011_line" custom="readingOrder {index:0;}">
        <Coords points="1105,1665 1181,1664 1182,1716 1106,1717"/>
        <Word id="region0011_line_word0000" custom="readingOrder {index:0;}">
          <Coords points="1177,1716 1177,1686 1111,1686 1111,1716"/>
          <TextEquiv>
            <Unicode>97.</Unicode>
          </TextEquiv>
        </Word>
        <TextEquiv>
          <Unicode>97.</Unicode>
        </TextEquiv>
      </TextLine>
      <TextEquiv>
        <Unicode>97.</Unicode>
      </TextEquiv>
    </TextRegion>
    <TextRegion id="TextRegion_1650534095134_5851" custom="readingOrder {index:9;}" orientation="0.19517986" readingDirection="left-to-right">
      <Coords points="670,1722 1595,1714 1597,1946 1610,1995 688,2003 672,1954"/>
      <TextLine id="region0012_line0001" custom="readingOrder {index:0;}">
        <Coords points="1526,1716 1518,1727 1510,1728 1451,1725 1373,1731 1330,1739 1310,1738 1303,1731 1291,1731 1283,1737 1235,1738 1228,1741 1207,1741 1200,1732 1184,1733 1176,1741 1144,1741 1137,1733 1126,1734 1117,1741 1109,1740 1102,1732 1091,1732 1086,1736 1044,1733 1001,1741 991,1741 983,1731 974,1732 967,1738 953,1739 947,1733 927,1732 921,1738 913,1731 901,1731 893,1734 888,1740 868,1742 842,1742 795,1733 671,1734 671,1772 697,1772 698,1789 703,1793 779,1796 893,1792 927,1793 932,1796 975,1793 984,1796 996,1796 1015,1794 1026,1788 1050,1793 1059,1790 1135,1793 1144,1787 1152,1787 1159,1794 1168,1791 1190,1795 1203,1792 1232,1792 1261,1797 1274,1791 1304,1789 1341,1791 1356,1789 1362,1785 1367,1785 1375,1792 1381,1784 1400,1785 1410,1789 1434,1786 1440,1781 1454,1787 1470,1778 1512,1780 1548,1775 1595,1774 1595,1719 1572,1719 1570,1715 1545,1716 1542,1719 1538,1716"/>
        <Word id="region0012_line0001_word0000" custom="readingOrder {index:0;}">
          <Coords points="815,1737 730,1737 730,1783 831,1783 831,1739"/>
          <TextEquiv conf="0.9046565">
            <Unicode>Wer</Unicode>
          </TextEquiv>
        </Word>
        <Word id="region0012_line0001_word0001" custom="readingOrder {index:1;}">
          <Coords points="914,1732 896,1732 893,1734 888,1740 868,1742 855,1742 855,1785 1022,1784 1022,1737 1001,1741 991,1741 983,1732 973,1732 967,1738 953,1739 947,1733 937,1732 926,1732 921,1738"/>
          <TextEquiv conf="0.9075107">
            <Unicode>maͤchtige</Unicode>
          </TextEquiv>
        </Word>
        <Word id="region0012_line0001_word0002" custom="readingOrder {index:2;}">
          <Coords points="1102,1733 1089,1733 1086,1736 1044,1733 1038,1734 1038,1784 1167,1784 1167,1741 1144,1741 1137,1733 1126,1734 1117,1741 1109,1740"/>
          <TextEquiv conf="0.92367464">
            <Unicode>Feinde</Unicode>
          </TextEquiv>
        </Word>
        <Word id="region0012_line0001_word0003" custom="readingOrder {index:3;}">
          <Coords points="1200,1733 1184,1733 1183,1734 1183,1785 1270,1785 1270,1737 1235,1738 1228,1741 1207,1741"/>
          <TextEquiv conf="0.9174281">
            <Unicode>hat,</Unicode>
          </TextEquiv>
        </Word>
        <Word id="region0012_line0001_word0004" custom="readingOrder {index:4;}">
          <Coords points="1305,1733 1288,1733 1285,1735 1285,1777 1351,1777 1351,1735 1330,1739 1310,1738"/>
          <TextEquiv conf="0.9275628">
            <Unicode>der</Unicode>
          </TextEquiv>
        </Word>
        <Word id="region0012_line0001_word0005" custom="readingOrder {index:5;}">
          <Coords points="1400,1785 1424,1785 1424,1736 1366,1736 1366,1785 1367,1785 1380,1785 1381,1784"/>
          <TextEquiv conf="0.879478">
            <Unicode>ſoll</Unicode>
          </TextEquiv>
        </Word>
        <Word id="region0012_line0001_word0006" custom="readingOrder {index:6;}">
          <Coords points="1487,1778 1487,1734 1445,1734 1445,1783 1461,1783 1470,1778"/>
          <TextEquiv conf="0.879478">
            <Unicode>ſie</Unicode>
          </TextEquiv>
        </Word>
        <Word id="region0012_line0001_word0007" custom="readingOrder {index:7;}">
          <Coords points="1589,1772 1589,1723 1518,1725 1518,1727 1510,1728 1501,1727 1501,1777 1537,1776 1548,1775"/>
          <TextEquiv>
            <Unicode>nicht</Unicode>
          </TextEquiv>
        </Word>
        <TextEquiv>
          <Unicode>Wer maͤchtige Feinde hat, der ſoll ſie nicht</Unicode>
        </TextEquiv>
      </TextLine>
      <TextLine id="region0012_line0002" custom="readingOrder {index:1;}">
        <Coords points="1548,1776 1512,1781 1470,1779 1454,1788 1440,1782 1434,1787 1410,1790 1400,1786 1381,1785 1375,1793 1367,1786 1362,1786 1354,1791 1305,1790 1274,1792 1261,1798 1232,1793 1159,1795 1152,1788 1144,1788 1135,1794 1075,1794 1072,1791 1050,1794 1026,1789 1015,1795 996,1797 978,1795 948,1794 932,1797 927,1794 870,1793 779,1797 678,1792 671,1794 671,1838 672,1841 690,1838 696,1841 742,1841 749,1837 760,1837 771,1841 816,1843 833,1842 844,1837 884,1843 905,1837 916,1843 950,1842 967,1847 1016,1840 1035,1846 1057,1847 1064,1842 1084,1843 1094,1837 1108,1837 1112,1846 1120,1846 1146,1837 1168,1842 1223,1841 1233,1844 1242,1841 1306,1840 1317,1835 1327,1835 1335,1841 1344,1841 1353,1835 1372,1834 1379,1843 1401,1837 1434,1837 1461,1834 1467,1830 1488,1832 1511,1829 1522,1827 1530,1821 1543,1824 1561,1816 1572,1820 1595,1818 1595,1777"/>
        <Word id="region0012_line0002_word0000" custom="readingOrder {index:0;}">
          <Coords points="679,1797 749,1796 749,1832 679,1833"/>
          <TextEquiv conf="0.928779">
            <Unicode>von</Unicode>
          </TextEquiv>
        </Word>
        <Word id="region0012_line0002_word0001" custom="readingOrder {index:1;}">
          <Coords points="766,1796 766,1831 898,1831 898,1796 801,1796 779,1797"/>
          <TextEquiv conf="0.9248204">
            <Unicode>vornen</Unicode>
          </TextEquiv>
        </Word>
        <Word id="region0012_line0002_word0002" custom="readingOrder {index:2;}">
          <Coords points="1108,1837 1126,1837 1126,1794 1075,1794 1072,1791 1050,1794 1026,1789 1015,1795 996,1797 978,1795 948,1794 932,1797 927,1794 915,1794 915,1838 1094,1837 1094,1837 1108,1837"/>
          <TextEquiv conf="0.9184801">
            <Unicode>angreiffen,</Unicode>
          </TextEquiv>
        </Word>
        <Word id="region0012_line0002_word0003" custom="readingOrder {index:3;}">
          <Coords points="1152,1788 1144,1788 1143,1788 1143,1832 1237,1832 1237,1793 1232,1793 1159,1795"/>
          <TextEquiv conf="0.9236667">
            <Unicode>dann</Unicode>
          </TextEquiv>
        </Word>
        <Word id="region0012_line0002_word0004" custom="readingOrder {index:4;}">
          <Coords points="1262,1797 1262,1833 1345,1832 1345,1795 1265,1795"/>
          <TextEquiv conf="0.9278389">
            <Unicode>man</Unicode>
          </TextEquiv>
        </Word>
        <Word id="region0012_line0002_word0005" custom="readingOrder {index:5;}">
          <Coords points="1369,1788 1360,1788 1360,1834 1372,1834 1373,1836 1399,1836 1399,1788 1378,1788 1375,1793"/>
          <TextEquiv conf="0.9284378">
            <Unicode>iſt</Unicode>
          </TextEquiv>
        </Word>
        <Word id="region0012_line0002_word0006" custom="readingOrder {index:6;}">
          <Coords points="1449,1786 1435,1786 1434,1787 1414,1789 1414,1833 1462,1833 1467,1830 1488,1832 1505,1829 1505,1786 1457,1786 1454,1788"/>
          <TextEquiv conf="0.9235041">
            <Unicode>nicht</Unicode>
          </TextEquiv>
        </Word>
        <Word id="region0012_line0002_word0007" custom="readingOrder {index:7;}">
          <Coords points="1587,1806 1587,1778 1519,1789 1519,1823 1527,1823 1530,1821 1538,1823 1545,1823"/>
          <TextEquiv>
            <Unicode>ver⸗</Unicode>
          </TextEquiv>
        </Word>
        <TextEquiv>
          <Unicode>von vornen angreiffen, dann man iſt nicht ver⸗</Unicode>
        </TextEquiv>
      </TextLine>
      <TextLine id="region0012_line0003" custom="readingOrder {index:2;}">
        <Coords points="1561,1817 1543,1825 1530,1822 1522,1828 1511,1830 1488,1833 1467,1831 1461,1835 1403,1838 1379,1844 1372,1835 1357,1835 1344,1842 1335,1842 1327,1836 1317,1836 1306,1841 1251,1842 1233,1845 1162,1843 1153,1838 1146,1838 1120,1847 1112,1847 1108,1838 1094,1838 1084,1844 1063,1844 1057,1848 1035,1847 1016,1841 967,1848 958,1845 913,1844 905,1838 884,1844 868,1844 857,1838 844,1838 832,1844 765,1842 760,1838 749,1838 742,1842 696,1842 690,1839 676,1840 672,1842 672,1892 803,1892 813,1897 829,1892 841,1896 861,1891 888,1891 898,1896 910,1887 920,1887 930,1892 949,1888 957,1894 1008,1891 1022,1887 1041,1892 1049,1886 1054,1886 1063,1890 1080,1889 1089,1896 1096,1896 1103,1888 1119,1885 1134,1891 1139,1887 1149,1886 1171,1892 1216,1892 1226,1896 1238,1896 1245,1892 1293,1889 1319,1893 1332,1889 1346,1889 1354,1893 1362,1884 1369,1883 1375,1884 1378,1888 1420,1888 1432,1879 1451,1883 1541,1877 1553,1869 1564,1867 1571,1867 1579,1873 1596,1871 1595,1820 1572,1821"/>
        <Word id="region0012_line0003_word0000" custom="readingOrder {index:0;}">
          <Coords points="677,1839 677,1882 825,1881 825,1843 765,1842 760,1838 749,1838 742,1842 696,1842 690,1839"/>
          <TextEquiv conf="0.92693067">
            <Unicode>bunden,</Unicode>
          </TextEquiv>
        </Word>
        <Word id="region0012_line0003_word0001" custom="readingOrder {index:1;}">
          <Coords points="836,1842 836,1879 877,1879 877,1844 868,1844 857,1838 844,1838"/>
          <TextEquiv conf="0.9240093">
            <Unicode>ſie</Unicode>
          </TextEquiv>
        </Word>
        <Word id="region0012_line0003_word0002" custom="readingOrder {index:2;}">
          <Coords points="891,1842 891,1880 1017,1879 1017,1841 1016,1841 967,1848 958,1845 913,1844 905,1838"/>
          <TextEquiv conf="0.9283944">
            <Unicode>heraus</Unicode>
          </TextEquiv>
        </Word>
        <Word id="region0012_line0003_word0003" custom="readingOrder {index:3;}">
          <Coords points="1033,1846 1033,1878 1070,1878 1070,1844 1063,1844 1057,1848 1035,1847"/>
          <TextEquiv conf="0.9283944">
            <Unicode>zu</Unicode>
          </TextEquiv>
        </Word>
        <Word id="region0012_line0003_word0004" custom="readingOrder {index:4;}">
          <Coords points="1088,1841 1088,1881 1242,1881 1242,1843 1233,1845 1162,1843 1153,1838 1146,1838 1120,1847 1112,1847 1108,1838 1094,1838"/>
          <TextEquiv conf="0.92044157">
            <Unicode>fordern,</Unicode>
          </TextEquiv>
        </Word>
        <Word id="region0012_line0003_word0005" custom="readingOrder {index:5;}">
          <Coords points="1251,1842 1251,1878 1334,1877 1334,1841 1327,1836 1317,1836 1306,1841"/>
          <TextEquiv conf="0.9317022">
            <Unicode>noch</Unicode>
          </TextEquiv>
        </Word>
        <Word id="region0012_line0003_word0006" custom="readingOrder {index:6;}">
          <Coords points="1351,1838 1351,1880 1392,1880 1392,1840 1379,1844 1372,1835 1357,1835"/>
          <TextEquiv conf="0.9211927">
            <Unicode>ſie</Unicode>
          </TextEquiv>
        </Word>
        <Word id="region0012_line0003_word0007" custom="readingOrder {index:7;}">
          <Coords points="1409,1840 1448,1840 1448,1879 1409,1879"/>
          <TextEquiv conf="0.9304161">
            <Unicode>zu</Unicode>
          </TextEquiv>
        </Word>
        <Word id="region0012_line0003_word0008" custom="readingOrder {index:8;}">
          <Coords points="1531,1822 1529,1822 1522,1828 1511,1830 1488,1833 1467,1831 1466,1831 1466,1871 1551,1870 1553,1869 1564,1867 1571,1867 1588,1869 1588,1824 1549,1822 1543,1825"/>
          <TextEquiv>
            <Unicode>berich⸗</Unicode>
          </TextEquiv>
        </Word>
        <TextEquiv>
          <Unicode>bunden, ſie heraus zu fordern, noch ſie zu berich⸗</Unicode>
        </TextEquiv>
      </TextLine>
      <TextLine id="region0012_line0004" custom="readingOrder {index:3;}">
        <Coords points="1564,1868 1547,1873 1538,1885 1491,1881 1446,1884 1432,1880 1420,1889 1378,1889 1373,1884 1362,1885 1354,1894 1346,1890 1332,1890 1321,1894 1293,1890 1245,1893 1238,1897 1226,1897 1212,1893 1165,1893 1163,1890 1149,1887 1139,1888 1134,1892 1119,1886 1103,1889 1096,1897 1089,1897 1078,1890 1063,1891 1054,1887 1049,1887 1041,1893 1022,1888 1008,1892 974,1895 957,1895 949,1889 930,1893 920,1888 910,1888 898,1897 888,1892 861,1892 841,1897 830,1893 813,1898 804,1894 697,1894 687,1891 672,1895 672,1942 737,1943 742,1947 753,1947 758,1943 805,1941 960,1941 1040,1944 1100,1942 1105,1946 1139,1943 1146,1948 1158,1948 1163,1944 1186,1944 1249,1949 1357,1942 1361,1948 1365,1948 1378,1947 1382,1942 1456,1936 1506,1935 1519,1938 1524,1935 1596,1930 1596,1884 1576,1884 1578,1873"/>
        <Word id="region0012_line0004_word0000" custom="readingOrder {index:0;}">
          <Coords points="676,1893 676,1931 756,1930 756,1894 697,1894 687,1891"/>
          <TextEquiv conf="0.94870394">
            <Unicode>ten,</Unicode>
          </TextEquiv>
        </Word>
        <Word id="region0012_line0004_word0001" custom="readingOrder {index:1;}">
          <Coords points="880,1892 861,1892 841,1897 830,1893 813,1898 804,1894 776,1894 776,1924 880,1924"/>
          <TextEquiv conf="0.9698412">
            <Unicode>wann</Unicode>
          </TextEquiv>
        </Word>
        <Word id="region0012_line0004_word0002" custom="readingOrder {index:2;}">
          <Coords points="903,1893 903,1925 991,1924 991,1893 974,1895 957,1895 949,1889 930,1893 920,1888 910,1888"/>
          <TextEquiv conf="0.96363443">
            <Unicode>keine</Unicode>
          </TextEquiv>
        </Word>
        <Word id="region0012_line0004_word0003" custom="readingOrder {index:3;}">
          <Coords points="1014,1890 1014,1934 1276,1933 1276,1891 1245,1893 1238,1897 1226,1897 1212,1893 1165,1893 1163,1890 1149,1887 1139,1888 1134,1892 1119,1886 1103,1889 1096,1897 1089,1897 1078,1890 1063,1891 1054,1887 1049,1887 1041,1893 1022,1888"/>
          <TextEquiv conf="0.8793024">
            <Unicode>Verſicherung</Unicode>
          </TextEquiv>
        </Word>
        <Word id="region0012_line0004_word0004" custom="readingOrder {index:4;}">
          <Coords points="1294,1890 1294,1933 1524,1933 1524,1883 1491,1881 1446,1884 1432,1880 1420,1889 1378,1889 1373,1884 1362,1885 1354,1894 1346,1890 1332,1890 1321,1894"/>
          <TextEquiv conf="0.58168036">
            <Unicode>vorhanden,</Unicode>
          </TextEquiv>
        </Word>
        <Word id="region0012_line0004_word0005" custom="readingOrder {index:5;}">
          <Coords points="1560,1869 1547,1873 1547,1923 1595,1920 1595,1884 1576,1884 1578,1873 1566,1869"/>
          <TextEquiv>
            <Unicode>ſie</Unicode>
          </TextEquiv>
        </Word>
        <TextEquiv>
          <Unicode>ten, wann keine Verſicherung vorhanden, ſie</Unicode>
        </TextEquiv>
      </TextLine>
      <TextLine id="region0013_line0001" custom="readingOrder {index:4;}">
        <Coords points="1033,1940 989,1943 931,1942 912,1937 882,1936 825,1936 794,1940 777,1940 774,1936 729,1936 727,1940 721,1941 674,1945 674,1960 685,1996 721,1996 728,2002 737,2002 743,1996 769,1995 851,1999 933,1996 971,1998 974,2000 994,2000 998,1998 1023,1997 1028,1997 1031,2000 1048,1999 1051,1997 1076,1996 1080,1999 1108,1999 1111,1996 1243,1997 1248,1992 1247,1961 1243,1958 1220,1957 1218,1949 1214,1946 1124,1941 1112,1934 1088,1934 1083,1939 1065,1939 1058,1934 1038,1934"/>
        <Word id="region0013_line0001_word0000" custom="readingOrder {index:0;}">
          <Coords points="747,1995 747,1950 679,1951 679,1996 721,1996 728,2002 737,2002 743,1996"/>
          <TextEquiv conf="0.9097495">
            <Unicode>auf</Unicode>
          </TextEquiv>
        </Word>
        <Word id="region0013_line0001_word0001" custom="readingOrder {index:1;}">
          <Coords points="823,1997 823,1951 759,1951 759,1995 769,1995"/>
          <TextEquiv conf="0.9200946">
            <Unicode>den</Unicode>
          </TextEquiv>
        </Word>
        <Word id="region0013_line0001_word0002" custom="readingOrder {index:2;}">
          <Coords points="966,1997 966,1951 832,1951 832,1998 851,1999 933,1996"/>
          <TextEquiv conf="0.91234636">
            <Unicode>Boden</Unicode>
          </TextEquiv>
        </Word>
        <Word id="region0013_line0001_word0003" custom="readingOrder {index:3;}">
          <Coords points="1019,1997 1019,1959 979,1960 979,2004 990,2003 998,1998"/>
          <TextEquiv conf="0.9272791">
            <Unicode>zu</Unicode>
          </TextEquiv>
        </Word>
        <Word id="region0013_line0001_word0004" custom="readingOrder {index:4;}">
          <Coords points="1161,1996 1161,1949 1036,1949 1036,2003 1045,2003 1051,1997 1076,1996 1084,2003 1105,2003 1111,1996"/>
          <TextEquiv conf="0.92668444">
            <Unicode>ſtoſſen.</Unicode>
          </TextEquiv>
        </Word>
        <TextEquiv conf="0.9192308">
          <Unicode>auf den Boden zu ſtoſſen.</Unicode>
        </TextEquiv>
      </TextLine>
      <TextEquiv>
        <Unicode>Wer maͤchtige Feinde hat, der ſoll ſie nicht
von vornen angreiffen, dann man iſt nicht ver⸗
bunden, ſie heraus zu fordern, noch ſie zu berich⸗
ten, wann keine Verſicherung vorhanden, ſie
auf den Boden zu ſtoſſen.</Unicode>
      </TextEquiv>
    </TextRegion>
  </Page>
</PcGts>
