1876 2786
230 476 306 522 Laßt
327 475 378 513 die
397 473 517 521 großen
532 468 705 520 Auftritte,
729 469 779 507 die
789 468 840 507 ihr
848 468 929 516 ſeht,
956 463 1222 511 Empfindungen

233 530 266 568 in
284 529 355 574 euch
369 537 506 576 erregen,
535 526 587 562 die
601 525 693 575 ihnen
709 522 904 571 angemeſſen
922 521 999 567 ſind.
1056 518 1131 565 Laßt
1149 516 1224 563 euch

235 586 327 629 durch
343 586 381 630 ſie
397 575 458 621 aus
476 586 546 620 dem
563 579 821 629 erniedrigenden
845 575 970 623 Rauſch
992 578 1045 613 der
1068 575 1223 619 Schwel⸗

234 656 328 693 gerey
349 646 522 694 aufwecken
545 654 583 690 zu
613 645 735 682 edleren
759 640 936 690 Gefuͤhlen.
1016 636 1123 683 Jeder
1154 637 1222 675 Ge⸗

234 704 384 750 genſtand
407 705 439 740 in
460 705 514 740 der
536 701 670 746 Natur,
719 700 778 735 den
808 696 858 744 ihr
881 694 961 743 ſeht,
1005 703 1036 729 er
1065 692 1112 738 ſey
1143 690 1222 737 groß

236 763 311 798 oder
346 759 444 804 klein,
487 755 523 802 iſt
560 764 597 801 zu
634 764 723 793 eurer
759 750 955 802 Belehrung
993 750 1046 785 da.
1139 735 1223 787 Das

236 818 368 863 Geſtirn
408 819 471 853 und
515 818 569 851 der
609 811 751 857 Wurm,
788 809 838 846 die
878 805 1000 854 feurige
1034 801 1226 850 Lufterſchei⸗

238 885 326 918 nung
352 878 414 912 und
438 875 488 912 die
513 872 642 913 Blume
668 875 724 909 des
742 866 942 915 Fruͤhlings,
982 866 1044 901 das
1065 861 1229 908 gruͤnende

238 926 404 975 Saatfeld
427 928 492 964 und
520 927 582 961 das
612 921 765 972 erhabene
788 919 950 966 Gebirge,
991 918 1072 954 alles
1105 914 1230 962 beweiſt

241 987 293 1024 ein
324 984 458 1034 hoͤchſtes
488 983 623 1030 Weſen,
664 992 723 1018 vor
750 981 822 1016 dem
854 977 905 1025 ihr
934 977 1048 1022 zittern
1079 974 1146 1011 und
1171 984 1230 1011 an⸗

242 1036 334 1075 beten
357 1036 474 1082 ſolltet;
512 1034 592 1071 alles
613 1034 755 1078 predigt,
783 1032 863 1066 alles
886 1031 1012 1065 erweckt
1036 1029 1233 1064 Gottesver⸗

242 1103 363 1151 ehrung
393 1104 459 1139 und
488 1101 561 1146 tiefe
586 1096 769 1149 Ehrfurcht.
843 1093 950 1143 Seht
973 1090 1046 1142 alſo
1069 1088 1139 1141 auf
1159 1093 1233 1132 das

241 1156 359 1203 Werk
379 1159 443 1198 des
461 1151 602 1206 Herrn,
639 1155 704 1191 und
731 1150 800 1195 laßt
825 1148 919 1195 durch
941 1149 991 1185 die
1014 1144 1234 1193 Empfindun⸗

241 1224 303 1261 gen
338 1217 392 1251 der
425 1211 597 1258 Anbetung
637 1213 700 1248 und
736 1213 790 1247 der
820 1205 1063 1254 Dankbarkeit,
1112 1201 1234 1240 worein

244 1269 296 1319 ihr
328 1269 468 1306 alsdann
500 1264 620 1313 verſetzt
648 1265 784 1311 werdet,
831 1261 925 1307 ſolche
947 1259 1174 1306 Geſinnungen
1199 1254 1234 1292 in

245 1336 338 1366 euren
355 1324 482 1366 Seelen
506 1321 746 1372 entſtehen:—
780 1317 912 1365 „Herr,
941 1314 1058 1360 moͤchte
1081 1314 1125 1360 ich
1150 1311 1237 1358 doch,

245 1393 323 1427 „wo
348 1381 392 1427 ich
415 1380 490 1426 auch
513 1380 578 1426 ſey,
616 1381 680 1415 und
704 1382 775 1415 was
802 1374 846 1421 ich
870 1373 946 1418 auch
967 1371 1059 1420 thue,
1093 1369 1238 1408 niemals

245 1440 358 1489 „dich,
389 1443 448 1478 den
463 1438 604 1488 Urheber
622 1442 674 1476 der
690 1437 806 1477 Natur
827 1433 1003 1481 vergeſſen!
1035 1430 1169 1478 Moͤchte
1190 1429 1237 1477 ich

246 1497 326 1544 „nie
356 1496 532 1543 vergeſſen,
582 1495 646 1540 daß
686 1494 731 1540 ich
762 1492 835 1530 dein
865 1488 1025 1539 Geſchoͤpf
1056 1491 1122 1526 und
1161 1486 1236 1524 dein

249 1553 456 1605 „Unterthan
498 1552 572 1592 bin!
627 1551 758 1597 Moͤchte
794 1548 839 1594 ich
873 1546 906 1584 in
948 1549 1020 1583 dem
1057 1540 1239 1589 praͤchtigen

249 1610 412 1659 „Tempel
445 1611 501 1648 der
522 1606 737 1656 Schoͤpfung,
778 1605 812 1641 in
842 1601 973 1648 welchen
1001 1603 1044 1639 du
1081 1598 1162 1646 mich
1186 1608 1242 1643 ge⸗

252 1652 372 1710 „ſtellt
381 1659 470 1709 haſt,
491 1658 569 1705 ſtets
598 1659 672 1697 dein
695 1662 800 1694 treuer
819 1652 962 1694 Anbeter
985 1652 1076 1700 ſeyn!
1123 1649 1242 1697 Moͤch⸗

252 1729 333 1772 „ten
354 1720 591 1770 Ehrerbietung
614 1721 679 1763 und
699 1714 817 1764 Furcht
837 1725 897 1754 vor
918 1713 1022 1760 Gott,
1057 1712 1171 1750 immer
1188 1711 1240 1748 die

253 1771 378 1821 „erſten
400 1767 661 1817 Empfindungen
684 1766 807 1803 meines
830 1766 975 1813 Herzens
1000 1762 1168 1803 bleiben!“
1186 1777 1242 1791 —

254 1831 337 1873 Das
359 1830 423 1876 ſind
445 1828 495 1865 die
517 1815 694 1867 Gedanken
715 1835 759 1861 an
783 1821 890 1866 Gott,
916 1829 954 1865 zu
978 1822 1077 1855 denen
1103 1819 1146 1861 ich
1168 1819 1240 1863 euch

257 1895 321 1942 jetzt
343 1890 476 1938 abrufen
499 1890 602 1929 wollte
619 1901 682 1927 von
703 1889 774 1926 dem
792 1883 908 1930 Wein
924 1886 987 1926 und
1011 1886 1083 1921 dem
1100 1877 1238 1931 Wohl⸗

260 1946 376 1995 leben;
420 1943 461 1989 ſie
483 1942 547 1996 ſind
572 1941 640 1991 ſehr
661 1937 818 1987 geſchickt,
848 1941 908 1975 den
927 1932 1026 1990 Geiſt
1042 1923 1102 1986 des
1133 1934 1243 1979 Leicht⸗

259 2004 346 2050 ſinns
373 2001 439 2038 und
458 1988 514 2036 der
535 1995 690 2046 Thorheit
719 1994 765 2030 im
796 1991 903 2039 Zaum
938 2000 978 2035 zu
1006 1990 1133 2037 halten,
1175 1991 1243 2024 und

258 2057 335 2103 ſtatt
361 2055 446 2092 einer
468 2051 642 2100 ſtrafbaren
662 2048 892 2095 Zerſtreuung,
926 2046 1121 2089 maͤnnliche,
1154 2046 1244 2083 eines

261 2110 483 2165 vernuͤnftigen
496 2109 634 2160 Weſens
650 2106 791 2159 wuͤrdige
797 2105 1024 2154 Geſinnungen
1038 2102 1247 2152 einzufloͤßen.

264 2178 358 2228 Doch
378 2176 456 2216 aber
477 2175 560 2215 kann
