1411 2204
189 391 248 413 ward
259 386 283 408 zu
290 379 352 406 ihnen
366 378 449 406 geſagt,
464 378 503 403 daß
515 378 541 402 ſie
550 377 611 400 ruhe⸗

192 418 228 440 ten
236 412 285 433 noch
292 413 336 431 eine
345 408 411 433 kleine
420 410 472 435 zeit;
480 408 512 430 bis
519 407 557 432 daß
565 405 612 429 vol⸗

194 442 241 464 lend
264 441 314 465 dazu
334 436 404 461 kaͤmen
425 437 468 464 ihre
490 436 611 459 mitknechte

193 470 236 490 und
248 465 336 488 bruͤder,
349 467 381 489 die
394 466 442 487 auch
449 463 515 489 ſolten
523 463 569 484 noch
581 467 611 485 er⸗

194 496 262 527 toͤdtet
267 498 367 520 werden,
375 491 478 518 gleichwie
483 487 527 513 ſie.
532 485 610 513 *c.3,5.

221 524 252 548 12.
266 520 312 548 Und
322 520 350 537 ich
358 514 415 537 ſahe,
423 513 462 534 daß
471 513 493 532 es
500 510 537 531 das
544 505 614 534 ſechſte

194 549 257 580 ſiegel
270 546 376 576 aufthaͤt:
388 549 429 570 und
443 546 511 572 ſiehe,
530 548 548 566 da
565 547 613 563 ward

196 577 229 598 ein
240 575 318 602 groſſes
328 572 440 600 erdbeben,
455 573 496 595 und
510 573 542 593 die
555 570 613 593 ſonne

194 607 253 625 ward
273 602 362 629 ſchwarttz
378 604 418 622 wie
440 599 471 623 ein
491 597 552 623 haͤrin
566 597 612 624 ſack,

195 634 239 654 und
249 633 284 651 der
291 631 354 651 mond
361 630 419 650 ward
427 632 466 650 wie
474 626 527 648 blut.

222 660 252 689 13.
260 656 307 679 Und
315 656 347 670 die
355 653 420 672 ſterne
429 649 465 668 des
472 644 568 673 himmels
577 643 613 669 fie⸗

196 685 230 707 len
241 685 280 707 auf
293 684 324 702 die
337 683 395 703 erde:
411 678 514 707 gleichwie
528 683 560 701 ein
575 678 615 699 fei⸗

197 713 297 736 genbaum
305 708 357 731 ſeine
365 706 433 737 feigen
442 704 540 732 abwirft,
549 707 610 726 wenn

198 745 221 758 er
230 742 279 757 vom
292 735 372 761 groſſen
379 734 447 755 winde
455 732 546 756 beweget
553 728 616 753 wird.

224 769 259 792 14.
274 764 319 786 Und
327 764 361 786 der
368 760 564 788 himmel*entwich,
576 758 615 782 wie

198 796 230 816 ein
239 790 375 816 eingewickelt
383 790 445 815 buch:
458 792 500 811 und
508 790 544 811 alle
554 788 614 809 berge

197 824 239 841 und
255 818 320 843 inſeln
336 817 422 840 wurden
438 814 516 842 bewegt
530 814 569 835 aus
584 814 615 838 ih⸗

197 853 234 872 ren
245 847 325 870 oͤrtern.
353 845 493 871 *Pſ.102,27.
510 844 581 865 Ebr.I,
588 848 615 863 II.

227 881 254 905 15.
269 875 315 899 Und
324 872 356 898 die
363 868 436 901 koͤnige
446 873 484 898 auf
491 873 559 895 erden,
574 871 616 891 und

197 905 230 926 die
245 901 352 925 oberſten,
366 900 406 922 und
421 897 453 922 die
467 897 560 924 reichen,
574 898 616 917 und

199 934 231 951 die
238 929 373 957 hauptleute,
389 929 430 950 und
444 924 475 950 die
484 922 616 953 gewaltigen,

198 962 241 983 und
261 960 299 981 alle
319 956 414 984 knechte,
435 960 472 981 und
484 953 530 978 alle
543 955 616 979 freyen

198 989 315 1013 verbargen
334 984 371 1010 ſich
387 983 410 1006 in
427 984 467 1007 den
481 981 563 1010 kluͤften
576 981 618 1004 und

198 1018 262 1049 felſen
270 1024 295 1038 an
304 1021 342 1036 den
350 1018 442 1040 bergen;

225 1041 260 1058 16.
278 1038 308 1057 Und
327 1035 447 1062 *ſprachen
453 1026 476 1064 zu
491 1031 530 1053 den
543 1029 617 1057 bergen

198 1069 242 1092 und
250 1065 323 1093 felſen:
337 1065 405 1094 Fallet
422 1069 454 1088 auf
466 1064 511 1087 uns,
520 1065 562 1082 und
571 1062 619 1078 ver⸗

200 1095 271 1121 berget
286 1092 329 1114 uns
342 1096 382 1115 vor
396 1093 441 1114 dem
459 1089 559 1115 angeſicht
572 1090 618 1110 des,

201 1125 235 1144 der
245 1121 281 1145 auf
291 1121 327 1141 dem
342 1117 395 1146 ſtuhl
404 1117 459 1146 ſitzt,
472 1118 514 1138 und
527 1122 566 1139 vor
575 1117 620 1137 dem

202 1158 253 1184 zorn
261 1155 296 1175 des
306 1151 388 1173 lamms.
444 1146 544 1167 *Luc.23,
554 1146 619 1168 30.ꝛc.

228 1178 259 1200 17.
269 1173 335 1195 Denn
345 1173 366 1194 es
376 1169 401 1198 iſt
409 1161 502 1193 kommen
510 1170 545 1190 der
553 1165 620 1194 groſſe

201 1205 237 1226 tag
246 1202 313 1228 ſeines
327 1201 404 1227 zorns,
419 1201 461 1222 und
475 1203 517 1223 wer
526 1199 578 1222 kann
587 1197 621 1221 be⸗

202 1238 290 1268 ſtehen?

288 1260 351 1296 Das
377 1259 398 1296 7
416 1253 535 1298 Capitel.

220 1305 298 1333 Troſt
307 1308 345 1326 der
358 1304 443 1327 kirchen
464 1299 487 1317 in
501 1292 572 1319 ihrem
586 1291 622 1315 be⸗

202 1337 294 1362 truͤbten
310 1336 418 1357 zuſtande.

202 1364 221 1413 1.
221 1363 261 1412 U

263 1360 304 1386 Nd
309 1356 398 1383 darnach
405 1350 450 1379 ſahe
463 1347 493 1372 ich
501 1345 548 1368 vier
562 1341 623 1372 engel

276 1388 342 1413 ſtehen
357 1384 395 1410 auf
409 1385 448 1407 den
462 1382 507 1406 vier
522 1382 575 1406 ecken
584 1385 619 1401 der

202 1424 279 1445 erden,
292 1416 324 1436 die
332 1412 409 1440 hielten
415 1410 447 1434 die
455 1414 501 1436 vier
509 1410 576 1434 winde
586 1411 621 1430 der

203 1447 280 1464 erden:
294 1442 334 1466 auf
346 1440 384 1466 daß
398 1437 442 1462 kein
457 1437 513 1461 wind
527 1434 576 1460 uͤber
590 1434 621 1459 die

203 1473 251 1492 erde
261 1468 329 1492 blieſe,
337 1469 388 1493 noch
396 1464 447 1489 uͤber
452 1466 491 1489 das
500 1468 563 1490 meer,
571 1462 621 1489 noch

203 1502 254 1529 uͤber
261 1502 343 1530 einigen
352 1503 419 1525 baum.

228 1530 309 1558 (Epiſt.
319 1530 358 1551 am
359 1530 414 1552 tage
423 1521 479 1545 aller
480 1519 597 1545 heiligen.)

198 1565 219 1586 2.
224 1565 260 1613 U

267 1556 301 1583 Nd
317 1554 352 1579 ich
365 1551 412 1576 ſahe
423 1548 483 1573 einen
497 1545 571 1569 andern
583 1543 623 1566 en⸗

267 1585 308 1610 gel
320 1579 431 1605 aufſteigen
444 1573 488 1597 von
499 1571 539 1596 der
546 1566 620 1593 ſonnen

201 1618 321 1639 aufgang:
338 1609 379 1634 der
385 1607 446 1627 hatte
455 1603 496 1626 das
509 1599 570 1623 ſiegel
583 1596 621 1618 des

202 1643 325 1664 lebendigen
339 1636 443 1655 GOttes,
462 1628 500 1651 und
511 1627 567 1649 ſchrie
580 1625 625 1645 mit

203 1668 290 1697 groſſer
294 1663 377 1688 ſtimme
387 1663 419 1688 zu
426 1658 465 1680 den
477 1655 527 1681 vier
540 1650 624 1682 engeln,

205 1701 297 1722 welchen
309 1695 403 1718 gegeben
412 1686 443 1714 iſt
452 1686 476 1710 zu
486 1681 620 1707 beſchaͤdigen

205 1724 238 1747 die
247 1724 294 1746 erde
306 1714 343 1746 und
353 1714 390 1744 das
401 1717 461 1741 meer.

232 1749 251 1776 3.
263 1748 310 1776 Und
319 1746 342 1775 er
347 1739 430 1763 ſprach:
442 1730 582 1761 Beſchaͤdiget
590 1729 622 1753 die

206 1777 253 1791 erde
263 1779 330 1791 nicht,
342 1769 392 1793 noch
400 1766 437 1787 das
446 1767 514 1789 meer,
528 1764 577 1788 noch
591 1763 624 1785 die

206 1803 293 1822 baͤume,
306 1800 338 1818 bis
346 1796 402 1821 *daß
415 1792 455 1816 wir
466 1793 579 1818 verſiegeln
592 1791 624 1810 die

204 1832 284 1849 knechte
291 1826 363 1847 unſers
371 1821 462 1847 GOttes
477 1824 502 1843 an
509 1814 571 1842 ihren
579 1818 627 1842 ſtir⸗

206 1861 265 1893 nen.
317 1855 346 1875 *2
354 1849 483 1882 Moſ.12,23.
495 1847 590 1872 Ezech.
573 1843 591 1868 9,
599 1850 623 1868 4.

206 1882 265 1918 4.
273 1882 320 1907 und
330 1878 358 1903 ich
373 1874 445 1904 hoͤrete
458 1872 491 1897 die
498 1871 542 1901 zahl
557 1873 624 1895 derer,

207 1909 240 1930 die
247 1906 356 1936 verſiegelt
370 1905 469 1927 wurden:
483 1903 573 1930 hundert
582 1903 624 1923 und

205 1941 252 1956 vier
259 1938 300 1956 und
307 1932 389 1958 viertzig
397 1928 496 1955 tauſend,
511 1927 543 1950 die
550 1925 625 1952 verſie⸗

208 1969 252 1987 gelt
270 1963 341 1982 waren
361 1962 403 1981 von
423 1958 475 1981 allen
490 1954 623 1986 geſchlechten

207 2000 243 2024 der
251 1997 323 2021 kinder
330 1992 409 2021 Jſrael.

214 2022 255 2055 5.
267 2019 322 2035 Von
330 2017 374 2033 dem
374 2002 489 2042 geſchlecht
508 2004 554 2035 Juda
563 1998 629 2035 zwoͤlf

637 370 720 394 tauſend
734 365 862 393 verſiegelt:
890 369 931 388 von
956 366 1000 387 dem
1022 364 1059 389 ge⸗

637 394 718 421 ſchlecht
726 392 803 415 Ruben
817 389 882 418 zwoͤlf
888 390 971 416 tauſend
978 385 1056 413 verſie⸗

637 425 692 448 gelt:
707 425 748 442 von
764 421 807 442 dem
821 417 935 443 geſchlecht
945 414 982 449 Gad
993 414 1058 445 zwoͤlf

637 454 721 479 tauſend
735 450 855 477 verſiegelt:

665 477 688 503 6.
701 475 760 500 Von
760 475 812 497 dem
806 459 923 498 geſchlecht
936 463 981 490 Aſer
992 459 1058 492 zwoͤlf

638 505 720 526 tauſend
745 491 876 527 verſiegelt:
899 501 941 520 von
963 499 1007 518 dem
1021 500 1057 522 ge⸗

638 532 719 554 ſchlecht
742 526 861 554 Naphthali
884 524 948 549 zwoͤlf
971 523 1056 545 tauſend

638 558 763 584 verſiegelt:
779 553 821 572 von
831 550 875 570 dem
885 539 990 574 geſchlecht
998 545 1055 570 Ma⸗

640 584 693 611 naſſe
707 584 771 609 zwoͤlf
779 583 860 609 tauſend
869 581 992 607 verſiegelt:

661 620 687 638 7.
710 611 765 628 Von
781 609 824 625 dem
838 594 946 627 geſchlecht
958 599 1057 625 Simeon

639 631 704 669 zwoͤlf
715 638 798 661 tauſend
813 634 936 666 verſiegelt:
952 640 994 656 von
1009 636 1055 653 dem

641 665 749 690 geſchlecht
761 663 809 684 Levi
821 660 880 687 zwoͤlf
892 661 973 684 tauſend
981 657 1057 682 verſie⸗

641 696 701 720 gelt:
725 696 767 713 von
781 691 826 713 dem
840 687 948 715 geſchlecht
960 686 1056 715 Jſaſchar

642 720 703 754 zwoͤlf
714 721 794 744 tauſend
807 719 927 745 verſiegelt.

665 749 686 779 8.
700 747 753 773 Von
771 745 816 769 dem
836 731 943 763 geſchlecht
961 732 1058 763 Zabulon

642 771 707 801 zwoͤlf
720 773 803 793 tauſend
817 769 944 795 verſiegelt:
957 773 998 789 von
1012 770 1057 787 dem

641 799 749 820 geſchlecht
764 795 836 820 Joſeph
846 792 910 819 zwoͤlf
921 784 1004 818 tauſend
1011 793 1059 813 ver⸗

640 829 728 854 ſiegelt:
738 828 782 846 von
795 826 840 846 dem
854 821 961 848 geſchlecht
975 821 1061 848 Benja⸗

642 857 685 881 min
693 853 756 884 zwoͤlf
765 855 841 883 tauſend
853 853 968 880 verſiegelt.

670 891 692 917 9.
696 880 805 900 Darnach
807 878 862 904 ſahe
862 875 902 903 ich,
912 872 952 894 und
961 869 1020 898 ſiehe,
1030 868 1059 891 ei⸗

643 913 668 928 ne
677 910 742 932 groſſe
748 907 822 930 ſchaar,
830 903 903 925 welche
911 902 1007 926 niemend
1016 900 1060 927 zeh⸗

644 942 677 957 len
688 944 757 957 konte,
766 935 803 953 aus
813 932 864 952 allen
872 929 961 958 heiden,
961 930 1005 954 und
1012 925 1060 950 voͤl⸗

645 969 715 985 ckern,
728 964 770 981 und
783 958 893 984 ſprachen,
906 961 944 981 vor
953 959 998 979 dem
1005 955 1059 981 ſtuhl

645 994 749 1017 ſtehende,
764 990 805 1010 und
812 992 848 1010 vor
859 989 903 1009 dem
913 986 992 1009 lamm,
997 988 1061 1006 ange⸗

644 1025 694 1040 than
702 1021 757 1035 mit*
765 1015 844 1040 weiſſen
853 1011 951 1038 kleidern,
967 1011 1009 1032 und
1017 1004 1063 1035 pal⸗

644 1058 691 1075 men
698 1051 719 1073 in
728 1051 786 1074 ihren
793 1049 882 1075 haͤnden,
965 1040 1024 1060 *c.6,
1033 1041 1063 1059 11.

672 1078 709 1102 10.
725 1072 821 1089 Schrien
838 1070 877 1086 mit
891 1063 968 1091 groſſer
984 1062 1061 1088 ſtimme

646 1111 688 1131 und
702 1105 816 1132 ſprachen:
840 1097 889 1122 Heil
902 1092 937 1119 ſey
951 1097 1010 1117 dem,
1026 1094 1062 1111 der

648 1132 687 1153 auf
699 1129 744 1146 dem
756 1124 809 1146 ſtuhl
823 1119 878 1151 ſitzt,
893 1115 974 1148 unſerm
994 1119 1063 1145 GOtt

647 1165 689 1186 und
697 1163 742 1184 dem
751 1159 821 1182 lamm.

676 1186 707 1208 11.
720 1183 767 1210 Und
775 1172 884 1203 alle*engel
893 1170 977 1199 ſtunden
984 1175 1018 1194 um
1026 1170 1065 1194 den

649 1211 717 1245 ſtuhl,
731 1210 773 1238 und
782 1210 819 1237 um
828 1208 860 1230 die
861 1202 967 1234 aͤlteſten,
981 1186 1022 1217 und
1030 1198 1066 1217 um

648 1244 681 1257 die
695 1242 740 1257 vier
756 1237 835 1258 thiere;
851 1234 892 1254 und
900 1231 961 1259 fielen
973 1235 1009 1252 vor
1021 1230 1065 1250 dem

649 1269 704 1289 ſtuhl
714 1266 753 1287 auf
766 1265 796 1287 ihr
807 1258 921 1288 angeſicht,
935 1261 976 1281 und
985 1256 1064 1279 beteten

649 1302 717 1325 GOtt
725 1300 766 1321 an,
977 1287 1065 1305 *c.5,II.

676 1334 706 1349 12.
720 1320 768 1337 Und
781 1310 895 1339 ſprachen:
911 1310 994 1338 Amen,
1013 1311 1067 1332 *lob

648 1349 691 1376 und
700 1348 761 1373 ehre,
774 1345 815 1360 und
829 1339 939 1363 weisheit,
949 1337 991 1358 und
999 1335 1065 1358 danck,

649 1379 690 1392 und
705 1373 778 1394 preis,
791 1370 828 1391 und
844 1369 912 1393 kraft,
928 1368 969 1390 und
985 1362 1065 1388 ſtaͤrcke,

649 1405 681 1425 ſey
688 1402 770 1424 unſerm
779 1398 861 1423 GOtt,
874 1400 916 1419 von
931 1393 1026 1422 ewigkeit
1040 1397 1064 1418 zu

650 1436 752 1464 ewigkeit.
766 1433 843 1458 Amen.
977 1427 1030 1438 *c.5,
1036 1425 1064 1440 12.

675 1463 705 1490 13.
720 1461 767 1482 Und
775 1458 798 1481 es
804 1450 929 1473 antwortete
939 1447 973 1468 der
982 1442 1068 1468 aͤlteſten

648 1490 721 1513 einer,
736 1485 776 1512 und
786 1481 853 1504 ſprach
863 1481 885 1502 zu
892 1480 944 1499 mir:
958 1475 1009 1498 Wer
1020 1473 1065 1499 ſind

648 1516 700 1531 dieſe
708 1514 746 1527 mit
754 1510 836 1532 weiſſen
845 1504 933 1526 kleidern
945 1500 1066 1529 angethan?

647 1543 688 1558 und
698 1539 767 1557 woher
775 1536 818 1560 ſind
824 1534 851 1559 ſie
859 1532 972 1555 kommen?

674 1568 710 1583 14.
724 1564 772 1577 Und
786 1562 815 1579 ich
829 1556 898 1581 ſprach
905 1558 929 1578 zu
936 1552 991 1578 ihm:
1000 1550 1066 1578 Herr,

649 1593 707 1613 *Du
721 1587 827 1612 weiſſeſts.
856 1585 903 1609 Und
922 1589 943 1606 er
959 1583 1026 1609 ſprach
1040 1585 1066 1607 zu

649 1620 702 1638 mir:
717 1616 782 1639 Dieſe
797 1613 869 1641 ſinds,
882 1614 913 1634 die
922 1610 1013 1634 kommen
1022 1609 1066 1630 ſind

649 1650 688 1664 aus
697 1644 783 1667 groſſem
791 1640 884 1667 truͤbſal;
896 1640 938 1662 und
951 1638 1013 1660 haben
1022 1636 1067 1658 ihre

649 1676 725 1691 kleider
739 1669 868 1693 gewaſchen,
886 1667 929 1686 und
941 1662 1004 1688 haben
1021 1660 1066 1684 ihre

650 1701 725 1721 kleider
737 1698 787 1721 helle
801 1695 890 1723 gemacht
908 1696 916 1721 †
930 1694 958 1718 im
973 1695 1018 1714 blut
1029 1694 1067 1716 des

650 1728 732 1750 lamms.
774 1726 838 1754 *Joh.
850 1730 910 1752 21,15.
926 1717 997 1749 †Ebr.
1004 1719 1024 1744 9,
1029 1724 1066 1745 14.

676 1760 705 1779 15.
718 1749 805 1774 Darum
813 1749 856 1777 ſind
872 1748 898 1775 ſie
910 1752 949 1772 vor
963 1750 1006 1770 dem
1014 1745 1069 1771 ſtuhl

651 1779 758 1805 GOttes,
777 1783 818 1802 und
834 1781 906 1801 dienen
920 1777 962 1800 ihm
976 1780 1010 1799 tag
1026 1778 1068 1794 und

651 1813 709 1831 nacht
729 1809 750 1828 in
770 1808 844 1832 ſeinem
861 1798 946 1830 tempel.
973 1805 1021 1825 Und
1034 1805 1070 1822 der

649 1840 687 1860 auf
692 1838 738 1863 dem
747 1838 799 1864 ſtuhl
805 1834 873 1867 ſitzt,
875 1832 929 1856 wird
941 1829 991 1855 uͤber
1005 1831 1069 1855 ihnen

651 1871 748 1896 wohnen.

678 1895 711 1907 16.
726 1881 839 1913 Sie*wird
848 1880 903 1905 nicht
910 1877 968 1908 mehr
968 1877 1067 1907 hungern

652 1921 703 1939 noch
716 1916 814 1939 duͤrſten:
827 1914 850 1935 es
860 1915 915 1935 wird
930 1914 941 1940 †
953 1911 1001 1935 auch
1012 1911 1067 1933 nicht

651 1951 690 1972 auf
693 1947 726 1976 ſie
734 1946 796 1970 fallen
805 1942 837 1965 die
845 1941 922 1968 ſonne,
937 1943 986 1964 oder
994 1939 1068 1966 irgend

652 1970 697 1997 eine
706 1957 762 2001 hitze.
795 1967 934 1997 *Eſ.49,10.
945 1965 1068 1995 †Pſ.121,6.
