1649 2446
531 481 647 534 „ſen/
653 485 733 536 doch
750 488 830 529 aber
850 487 910 538 bey
928 492 1004 531 dem
1023 490 1129 532 lieben
1147 491 1260 537 GOtt
1278 492 1312 535 in
1323 491 1479 537 Gnaden

531 540 736 590 „befindet/
744 545 822 586 weil
842 546 890 589 Er
908 546 979 593 ihm
995 545 1133 588 albereit
1148 548 1233 597 ſeine
1251 554 1319 589 von
1329 546 1478 597 Jugend

532 593 626 642 „auf
643 593 836 643 begangene
855 596 991 638 bekante
1015 599 1085 640 und
1105 598 1291 643 unbekante
1310 598 1477 647 Suͤnden

530 643 791 699 „gegenwaͤrtig
817 650 888 690 und
913 649 949 691 in
974 649 1094 701 dieſem
1108 649 1214 695 Leben
1235 658 1334 695 unter
1349 649 1476 699 Augen

529 702 696 751 „geſtellet
716 704 794 753 hat:
824 703 971 754 dadurch
997 706 1067 749 ihm
1083 704 1148 754 ſein
1168 706 1342 758 Gewiſſen
1360 705 1476 755 aufge⸗

529 749 677 795 „wecket
691 749 852 796 worden/
868 753 935 804 daß
952 764 987 795 er
1003 752 1066 806 ſich
1084 754 1266 803 erinnert/
1276 756 1342 798 wie
1360 765 1394 797 er
1411 763 1474 798 vor

529 803 739 858 „ohngefehr
748 810 827 852 drey
834 806 977 856 Jahren
986 809 1076 851 einer
1087 808 1195 860 hohen
1206 811 1474 860 Standes⸗per⸗

528 859 615 911 „ſon
633 860 700 910 auf
710 862 783 904 eine
802 861 1004 911 ſonderbare
1022 865 1090 909 Art
1106 867 1175 908 und
1186 865 1320 918 Weyſe
1335 865 1474 917 unrecht

527 909 711 958 „gethan/
720 914 789 955 und
810 919 922 956 etwas
940 914 1130 958 entwendet
1148 914 1227 965 hat;
1246 916 1290 959 ob
1307 915 1387 960 aber
1405 916 1473 960 die⸗

525 966 581 1016 „ſe
599 966 866 1019 Muthmaſſung
883 963 1013 1019 gewiß/
1022 970 1092 1012 und
1109 969 1261 1015 wieviel/
1269 970 1335 1015 kan
1345 969 1472 1021 eigent⸗

527 1020 614 1071 „lich
635 1020 706 1066 hier
724 1022 812 1072 nicht
831 1023 985 1074 berichtet
1007 1026 1156 1070 werden.

576 1072 713 1120 „Weil
730 1086 801 1118 nun
818 1074 921 1127 dieſes
937 1075 1111 1126 gedachter
1127 1075 1263 1130 Perſon
1279 1071 1367 1129 nicht
1369 1078 1472 1130 wohl

525 1125 618 1172 „kan
630 1127 778 1178 erſtattet
793 1127 951 1176 werden/
962 1127 994 1182 ſo
1002 1129 1089 1173 wird
1105 1124 1205 1184 hiemit
1229 1125 1471 1188 dienſtfreund⸗

526 1178 615 1231 „lich
642 1181 802 1232 gebeten/
825 1183 953 1227 meiner
983 1183 1019 1228 in
1044 1185 1152 1236 ihrem
1169 1186 1285 1233 Gebet
1310 1196 1374 1230 vor
1392 1189 1469 1233 dem

526 1233 723 1287 „gnaͤdigen
732 1240 802 1281 und
812 1236 1072 1291 barmhertzigen
1082 1240 1198 1287 GOtt
1211 1251 1250 1290 zu
1267 1240 1475 1292 gedencken/

525 1291 620 1341 „daß
638 1301 672 1332 er
691 1294 758 1335 mir
776 1293 858 1342 dieſe
876 1293 1014 1344 ſchwere
1026 1293 1164 1341 Suͤnde
1182 1307 1242 1339 um
1257 1297 1385 1348 Chriſti
1395 1299 1471 1342 wil⸗

522 1342 606 1386 „len
623 1340 822 1393 vergeben/
825 1346 894 1387 und
914 1345 980 1387 mir
1000 1347 1065 1389 mit
1088 1345 1192 1398 ſeiner
1207 1346 1340 1391 Gnade
1358 1346 1467 1399 ferner

521 1394 753 1449 „beyſtehen/
760 1399 829 1440 und
847 1398 932 1449 mich
949 1400 1010 1448 bey
1030 1400 1132 1453 ſeiner
1146 1399 1345 1452 vaͤterlichen
1354 1402 1468 1455 Hand

521 1449 647 1495 „leiten
666 1452 735 1494 und
756 1447 876 1501 fuͤhren
893 1451 1033 1500 wolle/
1030 1451 1162 1502 aufdaß
1186 1453 1234 1502 ich
1260 1454 1348 1505 nicht
1372 1458 1468 1505 mehr

522 1504 629 1553 „falle
647 1506 760 1546 weder
777 1517 833 1554 zur
850 1505 975 1549 lincken
991 1506 1076 1556 noch
1093 1517 1150 1558 zur
1165 1507 1328 1557 rechten/
1328 1511 1400 1551 und
1410 1511 1468 1552 bis

522 1565 595 1598 „an
615 1556 706 1598 mein
730 1558 825 1601 Ende
850 1558 902 1600 ein
926 1554 1039 1601 reines
1061 1560 1131 1600 und
1155 1561 1368 1612 unverletztes
1390 1560 1467 1608 Ge⸗

521 1610 662 1662 „wiſſen
682 1609 838 1660 behalten
853 1610 973 1659 moͤge/
983 1610 1128 1657 Amen.

635 1661 761 1706 „Dem
787 1664 934 1710 groſſen
957 1663 1089 1704 GOtt
1115 1661 1234 1706 allein

636 1714 766 1763 „Soll
787 1713 863 1757 alle
881 1715 996 1763 Ehre
1012 1707 1107 1767 ſeyn.

970 1782 1026 1818 14.

573 1823 759 1878 Deſſelben
776 1823 901 1873 Tages
918 1822 1032 1875 ſandte
1050 1825 1103 1868 ein
1122 1824 1259 1878 hieſiger
1268 1826 1467 1880 Wohlthaͤ⸗

522 1885 570 1920 ter
588 1880 742 1932 funfzig
760 1873 941 1932 Thaler/
959 1878 1100 1933 nachdem
1113 1881 1281 1937 Derſelbe
1299 1885 1370 1929 eine
1382 1886 1469 1930 Erb⸗

523 1937 625 1991 ſchaft
643 1934 781 1988 gehabt.

577 1982 670 2027 Den
695 1992 747 2029 14.
779 1977 947 2031 verehrete
975 1982 1028 2031 ein
1052 1981 1278 2039 Kaufmann/
1303 1987 1360 2028 der
1383 1983 1469 2039 ſeine

522 2038 661 2090 Soͤhne
677 2038 741 2090 bey
760 2039 905 2094 hieſigen
912 2039 1094 2095 Anſtalten
1110 2040 1255 2094 erziehen
1272 2046 1343 2087 und
1353 2050 1468 2087 unter⸗
