1643 2446
363 568 545 623 Dritter
573 566 801 631 Abſchnitt.

217 662 569 723 Mediciniſche
596 657 982 719 Nachrichten.

573 787 606 824 I.

413 845 758 905 Kopenhagen.

171 937 238 988 Da
253 933 461 985 nachgeholte
472 928 703 982 Neuigkeiten,
718 930 808 972 keine
820 926 1003 978 Neuigkei⸗

222 996 279 1028 ten
292 987 383 1035 mehr
399 984 488 1032 ſind,
513 982 548 1030 ſo
567 984 684 1023 wollen
698 982 778 1022 wir
772 975 862 1032 ſtatt
880 976 1005 1030 deſſen,

223 1043 301 1075 was
317 1035 351 1073 in
369 1019 565 1083 Beziehung
587 1024 652 1078 auf
674 1021 723 1067 die
738 1025 1006 1075 Arztneywiſſen⸗

224 1094 327 1150 ſchaft
343 1093 389 1131 im
398 1089 513 1141 Jahre
534 1100 627 1139 1772
645 1090 680 1130 in
695 1083 917 1130 Daͤnnemark
930 1093 1008 1125 vor⸗

176 1146 380 1200 gefallen,
405 1143 578 1196 folgendes
602 1139 816 1192 Verzeichnis
844 1137 1006 1190 herſetzen,

224 1196 360 1243 welches
382 1202 443 1238 den
469 1192 664 1245 Liebhabern
689 1197 748 1232 der
767 1189 1008 1239 mediciniſchen

224 1251 401 1304 Litteratur
413 1248 501 1296 nicht
510 1257 597 1299 ganz
609 1245 817 1299 gleichguͤltig
817 1244 900 1296 ſeyn
910 1243 1010 1286 wird.

177 1309 417 1381 Verzeichnis
431 1309 521 1366 aller
530 1315 677 1375 Aerzte,
700 1325 759 1363 die
781 1312 839 1376 auf
855 1331 917 1361 der
945 1324 1011 1365 ho⸗

241 1390 311 1452 hen
338 1379 476 1457 Schule
498 1383 548 1453 zu
558 1381 824 1449 Kopenhagen
836 1390 895 1438 die
919 1377 1011 1438 Do⸗

181 1452 447 1508 ctorwuͤrde
455 1453 625 1513 erhalten
642 1452 773 1511 haben.

182 1556 276 1657 D

276 1584 308 1609 ie
330 1573 414 1621 hohe
435 1552 580 1618 Schule
594 1553 691 1617 ſelbſt
714 1568 758 1616 iſt
790 1554 862 1604 von
895 1571 1014 1611 Koͤnig

307 1629 501 1673 Chriſtian
516 1643 586 1671 dem
598 1629 721 1673 Erſten
727 1634 782 1671 im
790 1637 894 1671 Jahre
908 1635 1010 1676 1478

183 1686 364 1734 gegruͤndet
378 1684 528 1733 worden.
528 1681 615 1731 Jn
625 1688 698 1722 dem
715 1683 817 1728 erſten
827 1679 1016 1728 Jahrhun⸗

184 1738 273 1780 derte
294 1727 454 1782 derſelben
474 1727 555 1787 ſind,
577 1734 640 1772 wie
659 1731 753 1775 leicht
783 1738 821 1775 zu
854 1728 1016 1775 erachten,

183 1780 321 1829 manche
335 1782 558 1831 Nachrichten
570 1781 719 1818 verloren
736 1783 917 1824 gegangen.
940 1769 1016 1818 Die

186 1837 361 1889 folgenden
387 1839 455 1887 hat
471 1839 528 1877 der
526 1826 687 1883 gelehrte
720 1832 813 1881 Herr
840 1829 1019 1883 Profeſſor

185 1876 285 1935 Kall
299 1881 387 1929 nicht
398 1880 469 1938 ohne
498 1882 601 1933 große
615 1879 729 1933 Muͤhe
753 1877 937 1926 zuſammen
963 1889 1018 1925 ge⸗

186 1943 312 1991 bracht,
321 1944 396 1983 und
411 1941 447 1980 in
461 1941 515 1979 die
518 1932 846 1986 Einladungsſchrift
860 1942 897 1981 zu
906 1933 1017 1982 Herrn

188 2000 246 2046 D.
259 1992 436 2045 Muͤllers
448 1989 657 2046 Promotion
677 1999 769 2041 1771
788 1987 999 2039 eingeruͤckt.
