1847 2769
1030 404 1134 459 329

186 495 224 536 O
238 495 293 546 nun
314 498 396 546 nur,
416 499 481 533 von
498 491 607 540 dieſem
628 500 728 529 eurem
734 485 1070 538 Konfirmationstage
1085 501 1143 535 an,

186 554 281 595 bleibt
295 555 360 600 ihm
379 553 467 591 treu!
488 551 580 591 bleibt
596 550 644 588 bei
657 550 741 597 ihm!
769 548 836 589 Bei
854 557 936 587 wem
959 547 1069 588 denn?
1090 569 1143 592 —

189 615 278 664 Ach,
308 614 353 652 bei
377 611 477 659 Jeſu,
505 619 610 650 eurem
634 609 782 656 geliebten
805 608 948 658 Erloͤſer,
985 608 1018 645 in
1032 608 1144 652 deſſen

190 669 370 718 Nachfolge
385 673 433 713 ihr
448 666 520 712 euch
536 669 624 712 heute
640 677 702 705 von
716 675 828 704 neuem
844 664 976 709 begebet.
1032 664 1068 704 O
1078 674 1142 703 wer

188 731 292 770 wollte
312 735 393 767 denn
410 725 490 771 nicht
508 735 583 773 gern
599 724 646 764 bei
661 729 731 763 dem
746 723 876 769 bleiben,
904 730 954 760 wo
969 730 1047 760 man
1063 728 1096 760 es
1113 716 1144 770 ſo

190 796 260 833 gut,
291 795 372 831 ewig
386 785 416 834 ſo
433 794 489 830 gut
505 787 606 832 haben
622 784 726 826 kann!
748 809 798 815 —
825 788 892 820 und
908 791 980 831 wo,
1005 780 1142 828 Kinder,

190 858 243 887 wo
258 845 383 887 koͤnntet
399 843 479 895 ihr's
495 845 558 886 wol
580 844 611 892 ſo
629 853 686 890 gut
701 842 822 891 haben,
850 843 901 880 als
925 842 971 881 bei
988 839 1084 890 Jeſu,
1110 838 1145 878 in

190 906 286 958 ſeiner
303 904 496 954 Nachfolge,
523 915 619 942 wenn
634 904 680 948 ihr
699 901 776 951 ſeine
795 901 951 950 Freunde,
970 898 1145 950 rechtſchaf⸗

191 966 263 1012 fene
285 966 415 1015 Juͤnger
442 972 504 1002 und
509 962 752 1012 Juͤngerinnen
775 960 860 1010 ſeid?
893 958 959 1007 Ja,
989 956 1056 1007 ſagt
1073 968 1148 1006 nur,

194 1019 232 1055 ob
248 1021 294 1067 ihr
311 1029 344 1056 es
364 1015 445 1062 nicht
461 1016 493 1063 ſo
509 1024 565 1060 gut
581 1014 682 1060 haben
696 1013 823 1052 wollet?
851 1035 901 1044 —
942 1020 965 1067 O
988 1018 1034 1059 ja,
1061 1016 1148 1059 Herr

192 1075 287 1127 Jeſu,
316 1078 394 1126 dieſe
407 1076 482 1115 liebe
505 1075 629 1117 Kinder
644 1079 766 1113 werden
790 1072 839 1110 dir
853 1071 955 1119 gewiß
971 1073 1056 1119 nicht
1075 1074 1147 1109 wie⸗

193 1142 245 1179 der
263 1151 379 1180 untreu
396 1142 539 1182 werden;
571 1138 612 1183 ſie
626 1138 736 1177 wollen
756 1136 803 1176 bei
820 1138 868 1174 dir
891 1140 958 1172 und
984 1138 1053 1172 dem
1071 1134 1148 1176 Gu⸗

196 1205 248 1244 ten
266 1202 404 1241 bleiben;
431 1204 488 1236 das
508 1197 606 1244 haben
621 1198 661 1244 ſie
676 1197 723 1236 dir
738 1198 770 1247 ja
790 1194 836 1241 oft
855 1194 913 1232 mit
923 1188 1074 1242 Thraͤnen
1088 1189 1154 1241 auf

196 1253 284 1302 ihren
307 1254 433 1295 Knieen
465 1250 679 1302 verſprochen,
702 1274 751 1282 —
779 1247 971 1298 verſprechen
991 1246 1068 1288 dir's
1094 1248 1152 1296 jezt

195 1317 359 1364 nochmals
383 1315 537 1363 feierlich,
558 1331 607 1338 —
632 1314 698 1360 ich,
726 1313 795 1352 dein
820 1309 958 1359 Knecht,
985 1307 1153 1360 verſpreche

197 1382 231 1412 es
255 1375 303 1412 dir
327 1375 362 1412 in
385 1373 450 1419 ihre
474 1369 619 1412 Seelen!
673 1368 780 1418 Herr,
816 1367 923 1414 wohin
949 1366 1055 1414 ſollten
1077 1366 1154 1416 dieſe

197 1442 284 1473 arme
299 1430 423 1474 Kinder
440 1429 553 1477 gehen,
582 1431 623 1465 da
639 1425 707 1475 ſie's
724 1427 754 1479 ſo
770 1433 845 1475 gut,
875 1426 924 1462 als
940 1425 988 1463 bei
1007 1427 1075 1472 dir,
1098 1423 1154 1469 ha⸗

199 1491 257 1533 ben
273 1490 434 1537 koͤnnten?
462 1489 529 1538 Ja,
555 1484 721 1537 Kindlein,
741 1478 843 1535 bleibt
860 1486 904 1529 bei
921 1484 1005 1532 ihm!
1033 1484 1155 1529 Wenn

198 1548 247 1587 die
257 1538 412 1595 Worte,
439 1545 488 1585 die
503 1540 685 1590 herzlichen,
715 1538 944 1589 wehmuͤthigen
959 1538 1076 1581 Bitten
1103 1549 1154 1578 eu⸗

199 1615 251 1646 res
272 1606 460 1656 Freundes,
488 1608 542 1645 der
569 1604 642 1650 euch
665 1603 755 1651 liebt,
783 1607 873 1640 eures
897 1600 1033 1650 Lehrers,
1067 1604 1158 1638 eures

201 1661 357 1713 Fuͤhrers,
385 1667 475 1701 eures
492 1659 720 1707 nunmehrigen
737 1656 959 1706 Beichtvaters
974 1661 1078 1695 etwas
1092 1663 1160 1697 ver⸗

202 1720 338 1770 moͤgen,
363 1736 421 1746 —
445 1727 541 1757 wenn
563 1718 670 1758 meine
688 1714 829 1765 Thraͤnen
850 1720 952 1754 etwas
974 1712 1162 1762 vermoͤgen:

202 1796 253 1807 —
269 1785 288 1829 o
305 1779 410 1819 meine
418 1776 597 1828 Kindlein,
624 1776 657 1829 ſo
673 1775 785 1817 bleibet
798 1775 847 1816 bei
863 1774 951 1822 ihm!
976 1792 1027 1803 —

288 1876 366 1916 Und
393 1881 467 1914 was
487 1872 577 1922 heißt
605 1873 689 1912 denn
716 1873 799 1912 das:
839 1868 965 1913 bleibet
996 1869 1047 1910 bei
1070 1868 1161 1917 ihm?

202 1930 291 1972 Das
304 1931 368 1969 will
386 1928 446 1968 viel
460 1925 572 1986 ſagen,
595 1922 741 1969 Kinder!
762 1924 849 1967 Das
871 1921 956 1973 heißt
971 1922 1087 1972 zuerſt:

293 2009 429 2045 Bleibet
461 2013 498 2040 in
532 2018 594 2044 der
625 2003 792 2051 heilſamen
823 2005 1056 2048 Erkaͤnntniß
1079 2013 1165 2054 Jeſu

205 2066 346 2119 Chriſti,
374 2066 408 2103 in
433 2069 491 2105 dem
509 2070 571 2103 und
590 2064 644 2104 bei
660 2066 752 2112 dem,
777 2064 842 2101 das
863 2061 913 2107 ihr
934 2068 1000 2099 von
1023 2058 1091 2108 ihm
1112 2067 1164 2104 ge⸗

207 2128 287 2168 lernt
302 2126 391 2174 habt,
417 2137 439 2165 2
458 2123 600 2169 Timoth.
617 2132 654 2170 3,
671 2132 726 2170 14.
747 2131 804 2166 15.
860 2120 978 2161 Denkt
990 2130 1055 2160 nur
1070 2116 1166 2169 nicht,

194 2186 281 2230 liebe
304 2182 452 2234 Kinder,
478 2180 550 2220 weil
573 2182 623 2228 ihr
644 2191 716 2218 nun
737 2187 802 2218 aus
824 2181 877 2218 der
901 2177 1033 2226 Schule
1054 2173 1168 2230 kaͤmet,

207 2235 239 2283 ſo
256 2234 341 2274 waͤre
357 2250 427 2280 eure
437 2227 663 2282 Chriſtenlehre
678 2242 744 2276 und
753 2227 983 2278 Katechismus
999 2253 1069 2277 nun
1083 2243 1168 2284 nicht

683 2301 732 2356 X
732 2301 767 2356 5

1081 2303 1174 2348 mehr
