1520 2343
125 338 165 360 11.
184 329 225 360 Es
238 332 296 360 mag
306 327 381 356 drum
390 324 462 359 ſeyn,
471 328 499 353 es
509 319 596 357 waͤhre

105 370 185 403 gleich
193 375 260 399 mein
268 368 372 399 Creutz,
389 368 415 400 ſo
430 367 494 397 lang
507 366 544 397 ich
561 365 595 393 le⸗

101 404 151 440 be;
179 405 215 437 ich
235 404 286 438 hab
304 408 391 437 genug
408 408 450 431 am
471 399 597 434 Himmel⸗

102 443 187 475 reich,
214 442 296 473 dahin
327 439 363 469 ich
383 437 479 472 taͤglich
500 437 597 469 ſtrebe:

105 479 173 513 Haͤlt
191 478 253 510 mich
272 478 315 506 die
323 477 398 506 Welt
408 475 488 507 gleich
501 475 542 502 als
556 479 598 501 ein

101 510 196 546 Thier,
205 514 245 544 ey,
256 508 315 542 lebſt
317 506 363 536 du
365 503 456 544 GOtt,
466 507 526 540 doch
535 499 597 536 uͤber

102 553 163 585 mir,
171 551 207 578 du
215 548 261 582 biſt
269 547 338 578 mein
346 547 402 578 Ehr
411 548 466 576 und
473 546 571 575 Crone.

122 588 161 610 12.
180 580 232 610 Du
249 579 340 612 heileſt
361 580 460 607 meines
481 576 596 611 Herzens

101 619 184 653 Stich
195 622 240 648 mit
254 614 321 653 deiner
350 614 431 650 ſuͤſſen
449 614 530 647 Liebe,
544 615 598 642 und

103 654 193 689 wehrſt
211 653 269 683 dem
289 649 413 686 Ungluͤck,
429 650 479 683 daß
495 654 523 678 es
537 646 597 679 mich

105 691 175 723 nicht
193 688 324 723 allzuhoch
348 684 471 716 betruͤbe:
491 687 541 717 Du
554 685 597 712 lei⸗

104 725 152 759 teſt
175 724 238 753 mich
258 722 307 751 mit
329 721 418 751 deiner
440 720 529 753 Hand,
545 718 599 747 und

103 761 172 794 wirſt
190 759 253 792 mich
270 758 369 791 endlich
389 763 417 786 in
436 757 486 786 den
505 754 602 788 Stand

104 801 149 834 der
157 803 258 835 rechten
266 802 336 833 Ehre
344 801 428 832 ſetzen.

131 836 172 860 13.
193 832 286 857 Wann
295 830 334 857 ich
346 831 398 853 nur
410 822 475 857 dich,
486 829 502 854 o
513 820 603 855 ſtarker

110 869 194 905 Held!
220 869 311 904 behalr
331 868 359 896 in
377 871 487 896 meinem
509 865 601 897 Leide,

109 907 138 939 ſo
155 905 211 935 acht
230 905 284 936 ichs
306 901 388 935 nicht,
408 903 442 931 ob
459 897 539 932 gleich
552 905 602 931 zer⸗

111 942 172 975 faͤllt
190 943 239 971 das
259 939 340 976 groſſe
361 933 604 969 Welt ⸗ Gebaͤude:

108 978 159 1012 Du
178 978 223 1012 biſt
245 976 314 1006 mein
335 974 459 1007 Himmel,
477 975 531 1005 und
546 974 605 1000 dem

107 1014 222 1050 Schooß
238 1014 320 1043 bleibt
335 1011 421 1045 allzeit
433 1009 516 1041 meine
526 1010 605 1041 Burg

111 1053 166 1084 und
182 1048 297 1086 Schloß,
314 1055 392 1081 wann
403 1047 467 1084 dieſe
483 1048 538 1080 Erd
549 1053 604 1078 ent⸗

109 1091 223 1124 weichet.

131 1127 170 1154 14.
190 1119 282 1151 Wann
307 1117 356 1149 wir
375 1116 456 1152 gleich
474 1116 532 1150 Leib
552 1117 607 1147 und

111 1156 183 1193 Seel
197 1156 365 1192 verſchmacht
384 1156 411 1189 ſo
429 1156 478 1185 kan
496 1155 532 1186 ich
546 1153 606 1185 doch

110 1197 181 1231 nicht
205 1195 314 1229 ſterben,
338 1194 408 1223 denn
427 1196 463 1223 du
484 1192 529 1221 biſt
546 1192 604 1220 mei⸗

113 1234 161 1261 nes
171 1229 272 1264 Lebens
286 1230 402 1262 Macht,
412 1230 467 1257 und
477 1226 534 1258 laͤßt
546 1226 607 1256 mich

111 1264 184 1299 nicht
205 1264 357 1295 verderben.
387 1262 455 1293 Was
486 1260 546 1294 frag
572 1259 609 1292 ich

113 1303 176 1336 nach
193 1303 244 1333 den
261 1301 317 1332 Erb
329 1300 383 1329 und
397 1289 459 1329 Teil
471 1298 520 1329 auf
532 1296 610 1327 dieſer

114 1336 203 1368 Welt!
220 1336 267 1366 du,
284 1334 319 1363 du
337 1331 405 1362 mein
424 1331 495 1366 Heil,
517 1332 553 1360 du
565 1329 609 1364 biſt

116 1373 186 1404 mein
191 1371 273 1406 Theil
281 1371 335 1399 und
343 1368 422 1400 Erbe.

136 1409 176 1437 15.
197 1402 262 1433 Das
275 1400 323 1430 kan
332 1400 372 1429 die
380 1394 610 1434 Gotts⸗vergeßne

116 1441 194 1476 Rott
201 1441 248 1471 mit
257 1438 399 1476 Wahrheit
406 1443 515 1469 nimmer
524 1438 612 1473 ſagen;

97 1483 149 1515 ſie
168 1480 259 1515 weicht
279 1486 331 1510 von
351 1478 402 1512 dir,
421 1479 476 1508 und
497 1478 562 1507 wird
581 1481 612 1510 zu

115 1518 221 1554 Spott,
229 1515 344 1550 verdirbt
353 1516 380 1547 in
389 1512 488 1549 groſſen
495 1513 614 1549 Plagen,

116 1555 167 1585 mir
178 1554 239 1585 aber
250 1553 314 1588 iſts,
326 1553 375 1584 wie
393 1550 433 1581 dir
450 1550 555 1583 bewuſt,
572 1550 598 1580 die

117 1592 210 1627 groͤßte
224 1594 311 1628 Freud
323 1593 377 1622 und
386 1591 481 1628 hoͤchſte
488 1591 555 1625 Luſt,
564 1591 614 1624 daß

119 1630 156 1663 ich
164 1631 227 1662 mich
236 1636 267 1663 zu
276 1631 312 1658 dir
325 1623 405 1659 halte.

143 1659 180 1691 16.
198 1658 226 1697 So
245 1657 300 1687 will
307 1656 344 1691 ich
353 1662 411 1687 nun
419 1654 459 1685 die
467 1653 600 1689 Zuverſicht

118 1702 166 1735 auf
178 1700 232 1735 dich
247 1694 377 1733 beſtaͤndig
389 1696 483 1731 ſetzen,
501 1698 529 1726 es
548 1702 601 1724 wer⸗

118 1733 150 1765 de
167 1738 230 1769 mich
247 1736 308 1766 dein
319 1732 460 1766 Angeſicht
472 1738 503 1766 zu
515 1732 600 1763 rechter

118 1769 181 1804 Zeit
204 1769 335 1806 ergoͤtzen:
356 1770 484 1802 Jndeſſen
504 1770 558 1798 will
579 1768 615 1798 ich

120 1804 183 1839 ſtille
191 1807 272 1839 ruhn,
280 1805 336 1836 und
341 1801 430 1834 deiner
440 1801 532 1836 weiſen
541 1797 604 1837 Haͤn⸗

120 1840 152 1873 de
166 1842 250 1879 Thun
259 1841 307 1871 mit
317 1846 426 1872 meinem
434 1841 541 1872 Munde
547 1839 604 1874 prei⸗

119 1878 173 1912 ſen.
526 1878 564 1908 P.
579 1877 606 1905 G

152 1912 221 1944 Mel.
234 1912 324 1944 HErr,
334 1909 404 1944 nicht
411 1909 497 1947 ſchicke
504 1909 587 1940 deine.

120 1975 222 2009 601
240 1971 306 2009 S

312 1949 346 1974 olt
366 1949 392 1973 es
418 1948 499 1971 gleich
511 1943 616 1970 biswei⸗

306 1977 393 2009 len
405 1973 539 2014 ſcheinen,
572 1976 618 2015 als

118 2019 196 2048 wenn
214 2018 301 2049 GOtt
318 2015 413 2049 verließ
433 2015 474 2044 die
493 2013 621 2047 Seinen;

119 2053 154 2084 o!
185 2055 211 2088 ſo
234 2053 314 2090 glaͤub
338 2051 395 2085 und
413 2053 481 2087 weiß
498 2053 535 2088 ich
555 2052 617 2082 diß;

119 2090 207 2126 GOtt
236 2090 300 2127 hilſt
325 2088 424 2127 endlich
444 2088 508 2123 noch
525 2085 614 2122 gewiß.

623 322 717 359 Huͤlfe,
743 325 785 354 die
809 329 836 351 er
852 319 1049 356 aufgeſchoben,
1071 318 1123 354 hat

636 371 648 391 er
660 367 736 393 drum
749 364 818 395 nicht
836 357 1015 395 aufgehoben;
1016 360 1083 393 hilft
1092 366 1120 389 er

623 396 698 427 nicht
707 394 736 431 zu
753 400 820 430 jeder
839 398 914 432 Friſt,
934 397 996 433 hilft
1007 403 1034 427 er
1045 395 1119 429 doch,

622 438 714 464 wenns
724 430 818 466 noͤthig
827 430 863 461 iſt.

637 475 661 494 2.
678 463 768 496 Gleich
778 471 826 493 wie
835 461 923 497 Vaͤter
931 462 1001 497 nicht
1009 461 1069 491 bald
1077 465 1119 494 ge⸗

624 507 680 535 ben,
694 505 813 533 wornach
832 507 887 535 ihre
900 504 1000 532 Kinder
1009 499 1120 534 ſtreben,

624 546 647 569 ſo
673 537 730 572 haͤlt
754 540 840 568 GOtt
872 543 934 568 auch
957 535 1043 567 Maaß
1063 536 1127 564 und

621 571 689 604 Ziel,
710 578 735 600 er
754 574 836 605 giebt,
854 577 920 599 wem
936 571 990 598 und
1003 575 1081 599 wenn
1094 574 1122 596 er

621 612 674 641 will
702 610 805 641 Seiner
823 608 889 639 kann
907 610 944 640 ich
958 609 1021 639 mich
1032 603 1121 640 getroͤ⸗

623 649 680 677 ſten,
699 650 775 675 wenn
789 645 829 675 die
843 644 921 677 Noth
931 649 971 672 am
980 638 1121 676 allergroͤß⸗

620 686 683 713 ten;
711 682 751 713 Er
775 682 803 715 iſt
829 686 911 716 gegen
934 679 1028 714 ſeinem
1049 678 1122 709 Kind

631 721 705 751 mehr,
716 720 757 749 als
767 721 907 752 vaͤterlich,
918 717 1030 751 geſinnt.

643 757 666 783 3.
686 752 762 786 Trotz
784 753 840 780 dem
863 748 965 783 Teufel,
990 750 1052 782 trotz
1065 746 1122 776 dem

626 789 764 822 Drachen!
777 789 822 820 ich
822 789 890 819 kann
900 788 956 817 ihre
965 787 1056 819 Macht
1066 791 1124 815 ver⸗

622 826 729 860 lachen:
742 828 817 860 Trotz
831 831 887 859 dem
900 829 1023 861 ſchweren
1037 826 1124 856 Creu⸗

627 860 674 891 tzes
683 858 772 893 Joch!
770 845 872 889 GOtt,
883 858 948 893 mein
948 856 1045 891 Vater,
1056 853 1125 883 lebet

637 903 699 933 noch.
714 901 789 934 Trotz
799 901 843 929 des
851 900 952 929 bittern
960 898 1049 929 Todes
1055 894 1123 931 Zaͤh⸗

635 941 693 968 nen!
705 940 781 972 Trotz
794 941 838 967 der
851 938 925 969 Welt
937 938 990 966 und
1001 936 1069 965 allen
1082 937 1124 961 de⸗

627 979 690 1005 nen,
704 973 745 1003 die
753 980 802 1003 mir
810 971 864 1006 ſind
872 971 924 1005 ohn
932 971 1025 1004 Urſach
1036 969 1124 1003 feind!

629 1011 714 1044 GOtt
725 1009 759 1040 im
771 1010 885 1043 Himmel
894 1009 921 1042 iſt
929 1008 999 1038 mein
1007 1004 1126 1039 Freund.

644 1052 669 1078 4.
687 1041 737 1077 Laß
758 1046 800 1075 die
820 1043 896 1076 Welt
908 1048 959 1072 nur
969 1040 1059 1070 immer
1071 1045 1126 1068 nei⸗

629 1082 689 1115 den,
707 1079 761 1111 will
771 1081 804 1114 ſie
819 1083 882 1112 mich
895 1072 962 1110 nicht
975 1071 1061 1110 laͤnger
1079 1076 1127 1107 lei⸗

630 1118 695 1148 den:
715 1116 775 1150 Ey!
797 1117 823 1147 ſo
842 1116 902 1147 frag
922 1115 958 1147 ich
971 1115 1056 1146 nichts
1067 1111 1128 1140 dar⸗

629 1152 707 1183 nach:
715 1152 786 1183 Gott
798 1147 826 1184 iſt
836 1151 934 1183 Richter
944 1147 1044 1179 meiner
1044 1147 1128 1177 Sach.

630 1187 697 1219 Will
716 1187 749 1220 ſie
770 1186 832 1217 mich
851 1185 930 1219 gleich
943 1190 995 1213 von
1006 1183 1051 1216 ſich
1064 1182 1128 1211 trei⸗

631 1221 690 1252 ben,
717 1219 778 1252 muß
797 1225 845 1248 nur
867 1220 927 1251 doch
949 1219 993 1247 der
1014 1215 1131 1252 Himmel

633 1258 750 1288 bleiben;
768 1257 857 1289 Wann
877 1258 913 1286 ich
927 1261 978 1286 nur
993 1254 1042 1283 den
1052 1252 1143 1286 Him⸗

633 1294 683 1324 mel
691 1291 769 1325 krieg,
778 1291 827 1324 hab
837 1292 872 1321 ich
884 1284 946 1323 alles
965 1283 1009 1322 zur
1009 1286 1119 1321 Genuͤg.

653 1338 676 1363 5.
697 1330 748 1362 Jch
766 1330 821 1358 will
833 1327 873 1361 ihr
885 1333 932 1359 gar
943 1332 1021 1360 gerne
1038 1324 1131 1357 laſſen,

634 1369 690 1396 was
713 1366 748 1397 ich
768 1364 867 1397 ſonſten
889 1362 955 1398 pfleg
975 1368 1007 1395 zu
1027 1361 1131 1395 haſſen;

637 1404 670 1434 ſie
694 1404 735 1434 hab
751 1397 829 1434 ihren
827 1402 916 1433 Erden
931 1400 1015 1431 Koth,
1029 1402 1075 1430 und
1088 1398 1133 1429 laß

636 1446 684 1469 mir
693 1446 745 1469 nur
754 1444 855 1469 meinen
865 1438 958 1469 GOtt.
971 1436 1024 1470 Ach
1033 1436 1133 1468 HErr!

636 1481 715 1505 wann
734 1480 770 1504 ich
791 1475 844 1508 dich
866 1481 919 1503 nur
944 1472 1019 1507 habe,
1038 1471 1083 1506 ſag
1094 1469 1132 1502 ich

635 1510 711 1542 allem
730 1511 830 1540 andern
848 1510 912 1540 ade;
929 1508 985 1543 legt
997 1513 1057 1538 man
1068 1505 1134 1541 mich

636 1549 715 1582 gleich
728 1556 757 1579 in
769 1550 817 1578 das
831 1548 917 1579 Grab,
936 1551 1019 1579 gnug,
1039 1543 1133 1579 HErr,

636 1592 715 1617 wann
724 1584 760 1618 ich
768 1586 822 1614 dich
832 1591 882 1611 nur
893 1583 950 1613 hab.
1062 1582 1136 1613 C.
1106 1577 1139 1614 T.

664 1622 796 1650 Matth.6.
806 1620 874 1650 Mel.
885 1622 930 1650 Jn
939 1619 992 1650 dich
1002 1618 1051 1650 hab
1060 1616 1105 1649 ich.

639 1681 748 1713 602
765 1653 820 1713 V

820 1658 913 1684 erzage
933 1657 1009 1682 nicht
1027 1658 1040 1678 o
1054 1651 1131 1686 from⸗

820 1686 902 1713 mer
902 1686 1013 1713 Chriſt!
1027 1686 1090 1713 der
1090 1686 1136 1713 du

638 1733 690 1757 von
699 1727 785 1756 GOtt
798 1724 934 1759 erſchaffen
948 1724 1003 1756 biſt,
1020 1720 1136 1756 obgleich

638 1763 678 1793 die
698 1759 759 1797 Zeit
778 1762 807 1792 iſt
827 1760 947 1795 ſchwere,
967 1762 1074 1789 vertrau
1099 1758 1136 1787 du

639 1799 738 1830 deinem
751 1798 836 1828 lieben
853 1797 949 1831 GOtt,
962 1803 989 1825 er
998 1797 1064 1825 wird
1080 1794 1138 1829 dich

637 1837 691 1860 wol
701 1832 839 1860 ernaͤhren.

657 1874 682 1894 2.
704 1863 762 1898 Hat
776 1872 802 1893 er
809 1865 864 1899 dich
873 1863 933 1896 doch
944 1869 975 1898 zu
983 1860 1065 1894 ſeiner
1077 1860 1138 1896 Zeit

639 1907 673 1938 im
691 1906 851 1941 Augenblick
859 1905 918 1936 dein
928 1906 997 1936 Seel
1005 1905 1059 1934 und
1066 1901 1137 1934 Leib,

639 1945 702 1977 auch
719 1943 767 1972 das
785 1942 915 1975 natuͤrlich
931 1942 1023 1973 Leben,
1037 1940 1089 1975 ohn
1103 1939 1139 1969 all

639 1981 701 2010 dein
721 1977 805 2012 Muͤh,
819 1979 899 2012 Sorg
915 1979 971 2008 und
983 1977 1087 2010 Arbeit,
1103 1982 1140 2007 im

640 2016 805 2048 Mutterleib
814 2015 935 2049 gegeben.

652 2052 676 2083 3.
687 2047 761 2082 Auch
769 2042 851 2081 naͤhrt
863 2046 924 2080 doch
934 2045 1021 2078 GOtt
1029 2044 1072 2077 die
1078 2041 1140 2077 Voͤ⸗
