3425 4913
935 429 1044 499 438

1795 431 2022 503 Espine.
2022 431 2234 503 Eſſars.

942 532 1030 566 ſtellt.
1068 534 1157 568 Siehe
1171 534 1211 564 die
1224 534 1340 565 Vorrede
1355 536 1398 564 des
1413 534 1570 570 Montagne
1582 540 1613 570 zu
1631 534 1710 570 ſeiner
1722 536 1798 567 Welt
1817 537 1853 567 im
1867 535 1988 570 Monde,

945 575 1011 604 1656
1026 572 1054 603 in
1066 579 1080 604 8
1094 580 1124 609 zu
1136 572 1237 603 Rouan
1250 572 1371 610 gedruckt.
1408 574 1451 606 Es
1463 576 1494 613 iſt
1511 578 1551 606 die
1563 573 1740 612 Ueberſetzung
1759 578 1829 604 eines
1850 573 1988 612 engliſchen

946 610 1065 644 Buches.

984 643 1047 674 Wir
1061 642 1156 672 wollen
1168 642 1230 678 dieſe
1243 642 1415 679 Anmerkung
1427 643 1469 673 ein
1480 642 1567 679 wenig
1579 640 1747 680 verlaͤngern,
1757 644 1796 674 die
1811 645 1839 675 in
1852 647 1895 677 der
1906 645 1987 683 erſten

944 675 1070 713 Ausgabe
1083 676 1205 712 allzukurz
1219 677 1339 713 geweſen.
1376 679 1454 706 Sorel
1470 678 1503 706 de
1518 679 1542 705 la
1556 680 1715 708 Perfection
1726 681 1761 707 de
1772 681 1927 712 l'Homme,
1941 688 1986 714 pa⸗

944 723 1004 756 riſer
1017 722 1142 757 Ausgabe
1157 726 1225 755 1655,
1238 731 1286 757 249
1295 723 1336 755 S.
1375 724 1435 760 Jm
1450 727 1505 758 1623
1518 724 1620 760 Jahre
1633 725 1670 760 iſt
1683 725 1728 755 ein
1740 725 1830 757 Buch
1843 735 1878 760 zu
1891 725 1986 763 Paris

944 754 1080 792 gedruckt
1093 761 1226 791 worden,
1236 757 1418 786 Enchiridion
1431 758 1554 795 phyſicae
1567 757 1705 788 reſtitutae
1720 757 1837 795 betitelt,
1850 758 1985 793 welches,

944 795 1003 826 wie
1020 804 1090 828 man
1102 798 1251 833 erfahren,
1265 798 1311 829 ein
1323 799 1417 831 Werk
1433 804 1486 830 des
1500 798 1601 834 Herrn
1613 799 1742 836 Johann
1752 807 1811 830 von
1825 800 1984 840 Eſpagnet,

943 828 1318 871 Parlementspraͤſidenten
1331 842 1366 868 zu
1379 834 1567 871 Bourdeaux
1580 833 1629 870 iſt,
1638 835 1766 868 welches
1781 834 1871 874 einige
1883 835 1986 874 Perſo⸗

944 878 1012 903 nen,
1045 870 1090 901 die
1104 880 1165 901 von
1176 871 1265 907 ſeiner
1279 871 1507 908 Bekanntſchaft
1522 871 1664 911 geweſen,
1700 873 1855 910 verſichert
1873 875 1984 910 haben,

943 909 1007 936 und
1022 906 1149 939 welches
1163 915 1234 938 man
1246 909 1319 940 auch
1333 912 1449 938 daraus
1460 909 1697 946 gemuthmaßet,
1716 909 1788 940 weil
1799 918 1836 945 zu
1847 910 1986 948 Anfange

943 949 998 977 des
1013 947 1122 979 Buchs
1136 948 1225 983 dieſer
1247 947 1447 986 Wahlſpruch
1466 948 1553 985 ſteht,
1566 951 1630 979 Spes
1644 958 1706 978 mea
1719 950 1756 978 eſt
1769 949 1798 977 in
1811 957 1901 985 agno,
1920 954 1983 981 und

944 990 1003 1012 vor
1025 986 1076 1014 der
1088 982 1295 1020 Abhandlung
1316 987 1367 1016 der
1381 977 1611 1021 Scheidekunſt,
1635 987 1718 1014 Penes
1736 994 1786 1014 nos
1805 984 1878 1016 vnda
1890 985 1984 1022 Tagi,

942 1021 1070 1055 welches
1089 1031 1186 1057 zween
1197 1022 1509 1060 Buchſtabenwechſel
1527 1025 1615 1061 ſeines
1628 1024 1771 1057 Namens
1790 1024 1859 1061 ſind.
1895 1025 1984 1059 Man

943 1060 1018 1092 kann
1032 1059 1130 1097 ſagen,
1145 1063 1206 1099 daß
1218 1062 1307 1098 dieſes
1319 1066 1376 1093 das
1388 1063 1460 1097 erſte
1473 1063 1563 1096 Buch
1578 1062 1622 1099 iſt,
1635 1067 1693 1094 das
1705 1064 1736 1094 in
1749 1063 1924 1101 Frankreich
1938 1074 1982 1095 er⸗

944 1099 1083 1132 ſchienen,
1097 1099 1253 1129 worinnen
1266 1100 1322 1135 ſich
1338 1100 1397 1130 eine
1411 1100 1605 1137 vollſtaͤndige
1617 1101 1805 1138 Naturlehre
1817 1101 1923 1139 findet,
1937 1103 1984 1133 die

943 1139 997 1165 des
1012 1135 1189 1170 Ariſtoteles
1206 1136 1294 1173 ſeiner
1308 1138 1442 1172 zuwider
1455 1138 1501 1174 iſt.
1555 1138 1739 1176 Unterdeſſen
1751 1138 1830 1177 giebt
1843 1142 1895 1171 der
1908 1142 1984 1173 Ver⸗

942 1175 1030 1210 faſſer
1041 1182 1115 1208 vor,
1148 1176 1208 1209 daß
1223 1184 1253 1205 es
1268 1175 1364 1208 nichts
1376 1180 1503 1209 anders,
1525 1176 1575 1208 als
1588 1177 1635 1209 die
1649 1179 1680 1208 in
1692 1177 1758 1212 ihre
1768 1178 1877 1211 Rechte
1889 1177 1986 1216 herge⸗

942 1214 1033 1248 ſtellte
1051 1215 1110 1246 alte
1125 1214 1351 1249 Weltweisheit
1370 1215 1423 1256 ſey.
1478 1214 1674 1252 Gleichwohl
1695 1216 1748 1252 hat
1767 1225 1798 1247 er
1815 1216 1875 1248 viel
1886 1217 1987 1255 Dinge

942 1260 1003 1282 von
1017 1252 1106 1286 ſeiner
1119 1252 1306 1288 Erfindung,
1321 1252 1418 1286 hinein
1431 1252 1529 1292 geſetzt.
1592 1255 1642 1287 Er
1655 1253 1823 1292 widerleget
1836 1255 1882 1287 die
1895 1255 1988 1298 Mey⸗

942 1290 1023 1318 nung
1045 1292 1105 1314 von
1124 1287 1177 1314 der
1191 1285 1282 1319 erſten
1293 1284 1445 1319 Materie,
1470 1284 1580 1318 welche
1599 1292 1670 1316 man
1689 1286 1844 1328 geglaubt,
1869 1288 1929 1324 daß
1950 1280 1997 1318 ſie

941 1322 1059 1356 uͤberall
1078 1322 1263 1361 ausgedehnt
1283 1321 1381 1359 waͤre,
1408 1325 1484 1360 ohne
1498 1326 1535 1362 ſie
1548 1332 1586 1356 an
1608 1326 1700 1356 einem
1712 1326 1838 1365 einzigen
1850 1325 1929 1359 Orte
1943 1333 1989 1365 ge⸗

942 1362 1034 1397 wahr
1047 1372 1081 1398 zu
1096 1359 1226 1398 werden,
1239 1368 1292 1395 und
1308 1365 1369 1400 daß
1382 1365 1420 1401 ſie
1432 1364 1645 1402 unaufhoͤrlich
1658 1367 1703 1396 die
1714 1366 1919 1404 Vereinigung
1934 1368 1989 1397 der

941 1399 1072 1436 Formen
1080 1399 1226 1438 verlange,
1233 1399 1309 1435 ohne
1323 1400 1383 1431 eine
1396 1401 1501 1438 einzige
1515 1410 1551 1436 zu
1558 1401 1660 1437 haben,
1667 1402 1764 1434 indem
1770 1403 1807 1441 ſie
1814 1407 1866 1435 der
1872 1401 1987 1436 Grund

942 1441 1002 1468 und
1011 1440 1055 1470 die
1056 1438 1217 1471 Unterlage
1225 1443 1277 1469 der
1284 1438 1672 1478 widereinanderlaufenden
1686 1438 1775 1483 Dinge,
1785 1441 1830 1480 das
1848 1440 1928 1479 heißt
1942 1445 1989 1472 der

939 1474 1094 1507 Elemente
1100 1474 1145 1509 iſt,
1163 1467 1268 1514 welche,
1278 1471 1347 1516 ſaget
1369 1476 1432 1513 man,
1444 1484 1492 1505 von
1500 1476 1645 1513 derſelben
1650 1475 1901 1516 hervorgebracht
1906 1486 1988 1508 wor⸗

939 1518 1005 1545 den.
1062 1517 1112 1548 Er
1129 1516 1264 1550 beweiſt,
1290 1517 1350 1552 daß
1370 1517 1458 1554 dieſer
1470 1518 1585 1548 Grund
1600 1522 1652 1549 der
1664 1517 1774 1550 Natur
1788 1518 1930 1551 erdichtet
1941 1518 1987 1554 iſt,

939 1554 1001 1586 daß
1021 1553 1052 1584 in
1072 1556 1127 1584 den
1141 1552 1315 1584 Elementen
1335 1553 1415 1585 nicht
1436 1554 1495 1584 eine
1520 1554 1625 1592 einzige
1642 1550 1920 1593 Widerwaͤrtigkeit
1935 1555 1986 1594 ſey,

940 1593 1001 1619 und
1016 1589 1077 1624 daß
1091 1589 1236 1627 diejenige,
1252 1590 1297 1619 die
1312 1597 1383 1621 man
1396 1590 1540 1621 darinnen
1555 1591 1659 1628 ſpuͤret,
1673 1600 1730 1622 nur
1743 1600 1804 1622 von
1817 1595 1870 1624 der
1878 1592 1986 1625 Ueber⸗

938 1631 1027 1665 maße
1043 1629 1127 1662 ihrer
1136 1630 1359 1665 Eigenſchaften
1372 1629 1546 1665 herkomme,
1555 1633 1617 1661 und
1626 1632 1686 1667 daß
1693 1631 1724 1668 ſo
1731 1632 1803 1663 bald
1811 1632 1847 1669 ſie
1854 1628 1985 1671 gemaͤßi⸗

937 1671 986 1700 get
999 1666 1070 1700 ſind,
1086 1667 1142 1702 ſich
1151 1667 1224 1696 keine
1232 1663 1509 1704 Widerwaͤrtigkeit
1524 1669 1608 1701 mehr
1625 1665 1757 1704 darinnen
1772 1664 1859 1708 finde.
1866 1670 1984 1700 Nichts

936 1702 1018 1735 deſto
1030 1702 1162 1739 weniger
1168 1702 1290 1740 glaubet
1304 1711 1342 1738 er,
1350 1705 1411 1738 daß
1424 1713 1457 1733 es
1470 1704 1530 1734 eine
1550 1699 1631 1740 erſte
1647 1705 1758 1737 Materie
1769 1705 1848 1741 gebe,
1854 1711 1985 1736 woraus

938 1739 986 1769 die
993 1739 1148 1772 Elemente
1162 1738 1350 1777 entſpringen,
1358 1743 1421 1770 und
1434 1742 1481 1771 die
1494 1745 1585 1772 andre
1590 1741 1730 1773 Materie
1736 1745 1789 1772 der
1796 1741 1896 1781 Dinge
1907 1751 1984 1773 wer⸗

936 1779 999 1808 den,
1007 1776 1133 1810 welches
1141 1781 1199 1808 das
1207 1779 1325 1815 Waſſer
1340 1782 1391 1809 und
1406 1780 1457 1810 die
1464 1780 1550 1812 Erde
1561 1779 1598 1814 iſt;
1608 1783 1697 1814 denn
1708 1779 1754 1811 die
1760 1780 1837 1817 Luft
1849 1782 1911 1812 und
1924 1784 1983 1811 das

935 1812 1029 1848 Feuer
1043 1810 1106 1850 haͤlt
1121 1824 1151 1845 er
1163 1814 1215 1851 fuͤr
1227 1816 1303 1846 keine
1316 1815 1477 1848 Elemente.
1545 1817 1605 1850 Die
1618 1816 1772 1850 Elemente
1792 1816 1984 1849 verwandeln

936 1848 1002 1886 ſich,
1023 1848 1088 1886 nach
1097 1854 1184 1887 ſeiner
1196 1854 1366 1892 Meynung,
1380 1854 1458 1886 nicht
1471 1854 1548 1885 eines
1562 1856 1593 1886 in
1611 1859 1669 1886 das
1681 1859 1803 1888 andere;
1823 1859 1881 1888 das
1895 1858 1983 1894 Waſ⸗

936 1891 979 1921 ſer
992 1890 1077 1921 allein
1091 1891 1174 1925 ſteigt
1205 1886 1234 1925 in
1233 1891 1368 1925 Duͤnſten
1382 1892 1412 1921 in
1426 1893 1472 1922 die
1483 1891 1581 1928 Hoͤhe,
1596 1898 1658 1923 und
1673 1895 1720 1924 die
1733 1893 1850 1929 Duͤnſte
1863 1897 1984 1925 werden

936 1929 1029 1959 durch
1052 1932 1106 1959 den
1121 1928 1286 1965 Kreislauf
1301 1938 1337 1964 zu
1350 1931 1476 1967 Waſſer.
1513 1930 1584 1962 Das
1599 1931 1704 1966 wahre
1716 1930 1813 1966 Feuer
1832 1935 1885 1963 der
1898 1932 1984 1964 Welt

939 1966 1109 2000 betreffend,
1119 1966 1148 1998 ſo
1162 1966 1239 2003 ſetzet
1246 1975 1277 1997 er
1284 1966 1406 2002 daſſelbe
1433 1963 1463 1996 in
1459 1969 1504 1999 die
1515 1968 1669 2000 Sonne*,
1686 1967 1795 2000 welche
1805 1977 1837 1998 er
1850 1967 1928 2000 nicht
1939 1970 1982 2001 al⸗

936 2001 995 2032 lein
1001 2001 1052 2037 fuͤr
1058 2005 1115 2031 das
1121 2001 1205 2039 Auge
1219 2004 1272 2031 des
1284 2008 1394 2038 ganzen
1399 1999 1642 2041 Weltgebaͤudes,
1647 2002 1770 2039 ſondern
1781 2004 1855 2036 auch
1862 2003 1915 2041 fuͤr
1922 2008 1982 2035 das

936 2038 1022 2078 Auge
1038 2044 1092 2070 des
1105 2039 1279 2077 Schoͤpfers
1298 2040 1389 2073 dieſes
1401 2036 1634 2081 Weltgebaͤudes
1653 2040 1781 2078 anſieht,
1804 2040 1980 2079 vermittelſt

933 2076 1024 2112 deſſen
1046 2083 1078 2105 er
1095 2077 1152 2112 auf
1168 2076 1226 2106 eine
1248 2076 1383 2113 ſinnliche
1400 2078 1461 2109 Art
1480 2077 1550 2108 ſeine
1570 2077 1727 2113 ſinnlichen
1745 2079 1909 2111 Creaturen
1928 2087 1978 2110 an⸗

933 2114 1020 2150 ſieht,
1037 2117 1098 2145 und
1112 2116 1220 2148 welche
1232 2117 1277 2147 die
1291 2116 1362 2150 erſte
1377 2117 1585 2150 Wirkſamkeit
1598 2121 1650 2148 der
1664 2117 1750 2149 Welt
1762 2118 1810 2154 iſt.
1844 2118 1893 2157 Jn
1911 2123 1978 2150 dem

933 2156 1043 2187 ganzen
1062 2150 1187 2189 uͤbrigen
1208 2153 1309 2185 Theile
1325 2153 1416 2190 ſeines
1435 2153 1560 2185 Buches
1578 2153 1676 2190 finden
1695 2155 1752 2190 ſich
1777 2156 1851 2191 viele
1877 2155 1978 2192 hoͤchſt

933 2185 1155 2225 merkwuͤrdige
1168 2185 1327 2222 Umſtaͤnde
1340 2196 1401 2217 von
1421 2192 1488 2218 dem
1501 2188 1671 2226 Urſprunge
1684 2192 1736 2219 der
1750 2190 1864 2226 Dinge,
1893 2190 1978 2224 ihrer

933 2224 1093 2259 Subſtanz
1105 2230 1167 2255 und
1182 2225 1264 2258 ihrer
1275 2226 1491 2259 verſchiedenen
1501 2224 1765 2261 Veraͤnderungen,
1778 2227 1908 2259 welches
1920 2228 1978 2263 ſich

930 2262 996 2298 ſehr
1010 2272 1047 2298 zu
1062 2267 1113 2294 der
1119 2265 1241 2298 Abſicht
1254 2263 1372 2299 ſchicket,
1389 2265 1427 2295 die
1448 2259 1536 2295 dieſer
1535 2273 1605 2296 neue
1612 2264 1779 2302 Philoſoph
1792 2266 1982 2302 gehabt,
1934 2265 1985 2300 von

933 2298 1111 2336 chymiſchen
1125 2300 1250 2331 Sachen
1264 2307 1299 2333 zu
1310 2301 1405 2334 reden.
1461 2301 1512 2332 Er
1525 2298 1579 2335 hat
1597 2302 1671 2333 auch
1691 2302 1764 2333 nach
1785 2301 1888 2336 dieſem
1900 2302 1980 2332 einen

933 2336 1057 2367 Tractat
1078 2335 1278 2372 geſchrieben,
1311 2338 1365 2367 den
1385 2345 1416 2367 er
1435 2338 1577 2366 Arcanum
1599 2339 1772 2367 Hermeticae
1790 2338 1980 2376 Philoſophiae

933 2381 1003 2407 opus
1017 2378 1139 2409 nennet;
1171 2373 1202 2403 in
1215 2372 1355 2405 welchem
1375 2381 1405 2402 er
1423 2381 1484 2404 von
1504 2378 1556 2405 der
1569 2373 1709 2407 Materie
1727 2378 1781 2405 des
1800 2374 1981 2414 philoſophi⸗

931 2411 1010 2448 ſchen
1018 2409 1146 2443 Steines
1161 2414 1221 2442 und
1230 2410 1320 2448 ſeinen
1326 2410 1565 2450 Zubereitungen,
1575 2420 1636 2443 von
1649 2415 1716 2443 dem
1722 2414 1831 2445 Grade
1845 2417 1898 2444 des
1906 2407 1979 2451 Feu⸗

930 2455 996 2481 ers,
1016 2456 1076 2479 von
1092 2451 1144 2479 der
1159 2448 1256 2487 Figur
1272 2452 1324 2480 der
1338 2447 1455 2488 Gefaͤſſe
1468 2454 1529 2481 und
1541 2453 1594 2482 des
1609 2450 1715 2488 Ofens,
1733 2449 1905 2489 imgleichen
1919 2459 1980 2483 von

932 2492 985 2518 der
999 2486 1285 2526 Zuſammenſetzung
1306 2492 1359 2517 des
1374 2490 1509 2524 Elixiers
1529 2494 1590 2521 und
1608 2491 1698 2524 ſeiner
1710 2489 1922 2532 Vermehrung
1936 2499 1980 2521 re⸗

933 2529 991 2555 det.
1031 2534 1135 2550 ⸗ ⸗ ⸗
1175 2527 1271 2561 Dieſes
1290 2527 1370 2559 Buch
1388 2528 1417 2558 iſt
1433 2535 1479 2557 vor
1502 2527 1602 2561 einigen
1619 2526 1728 2563 Jahren
1749 2533 1793 2558 ins
1810 2528 1981 2564 Franzoͤſiſche

932 2560 1051 2599 uͤberſetzt
1064 2563 1185 2597 worden,
1216 2567 1293 2593 unter
1305 2565 1363 2594 dem
1377 2563 1491 2595 Namen
1505 2564 1546 2592 La
1558 2562 1737 2602 Philoſophie
1746 2563 1793 2593 des
1805 2563 1921 2595 Anciens
1934 2574 1978 2594 re-

932 2602 1027 2632 ſtablie
1043 2609 1077 2630 en
1092 2602 1117 2630 ſa
1131 2600 1237 2638 pureté.

969 2654 1017 2689 (*)
1036 2652 1113 2683 Man
1127 2651 1224 2685 merke,
1248 2652 1297 2688 daß
1311 2659 1338 2682 er
1350 2651 1463 2689 glaubet,
1470 2657 1499 2683 es
1511 2653 1549 2690 ſey
1562 2655 1610 2684 das
1623 2652 1689 2690 Licht
1703 2656 1746 2684 der
1758 2653 1860 2687 Sonne
1873 2655 1926 2684 und
1939 2654 1977 2686 al⸗

933 2689 971 2720 les
985 2692 1063 2719 andre
1079 2689 1145 2726 Licht
1166 2690 1267 2727 geiſtig,
1292 2691 1345 2721 und
1365 2691 1438 2728 unſer
1458 2689 1654 2729 materialiſches
1669 2691 1750 2729 Feuer
1769 2690 1979 2729 einigermaaßen

933 2728 995 2763 auch
1008 2727 1102 2766 geiſtig.
1142 2729 1265 2767 Ebendaſ.
1273 2740 1322 2764 250
1335 2730 1377 2764 S.

969 2778 1036 2810 Das
1050 2777 1189 2806 Arcanum
1201 2777 1378 2808 Hermeticae
1391 2778 1602 2816 Philoſophiae,
1619 2784 1715 2808 wovon
1731 2780 1782 2810 das
1794 2779 1979 2811 Enchiridion

931 2818 1057 2854 Phyſicae
1073 2816 1215 2847 reſtitutae
1230 2825 1282 2848 nur
1295 2826 1349 2851 eine
1361 2818 1517 2856 Einleitung
1532 2819 1586 2857 iſt;
1619 2818 1727 2857 obgleich
1739 2820 1799 2858 dieſe
1811 2822 1905 2859 beyden
1913 2821 1976 2853 Buͤ⸗

2038 541 2093 578 cher
2105 541 2154 579 faſt
2166 549 2219 572 von
2233 543 2336 580 gleicher
2347 542 2441 579 Groͤße
2453 544 2522 579 ſind,
2545 544 2609 574 wird
2621 551 2673 574 von
2687 544 2857 581 demjenigen,
2881 545 2919 576 die
2932 547 2980 577 den
2994 545 3085 577 Stein

2040 586 2084 613 der
2098 581 2202 616 Weiſen
2215 589 2245 619 zu
2258 581 2354 618 ſuchen,
2362 583 2408 618 ſich
2421 583 2552 620 beſtreben,
2566 582 2608 618 fuͤr
2620 585 2674 614 eine
2684 584 2772 621 ſichere
2786 585 2848 615 aber
2859 584 3003 622 raͤtzelhafte
3015 585 3087 616 Aus⸗

2038 616 2129 654 uͤbung
2144 621 2188 649 des
2202 619 2297 656 großen
2310 619 2420 656 Werks,
2438 624 2492 650 und
2506 623 2548 650 der
2560 620 2689 658 Verfaſſer
2703 621 2821 658 Johann
2833 628 2887 651 von
2896 618 3030 660 Eſpagnet
3042 620 3087 657 fuͤr

2037 657 2113 687 einen
2119 656 2241 694 Adeptus
2253 655 2379 692 gehalten.
2416 656 2472 694 Jch
2488 657 2577 694 muͤßte
2590 660 2652 694 mich
2664 657 2716 695 ſehr
2730 667 2809 692 irren,
2824 666 2904 689 wenn
2916 661 2944 691 in
2954 664 2999 692 der
3013 661 3085 692 Vor⸗

2037 696 2094 723 rede
2105 697 2149 725 der
2162 693 2335 732 franzoͤſiſchen
2346 695 2523 733 Ueberſetzung
2538 699 2581 726 der
2593 697 2685 734 Briefe
2696 700 2744 727 des
2756 698 2945 734 Coſmopolites
2957 698 3024 733 nicht
3038 697 3087 733 auf

2037 733 2098 763 dieſe
2115 733 2169 764 Art
2186 741 2238 763 von
2255 732 2309 769 ihm
2323 734 2423 773 geredet
2442 735 2516 765 wird.
2554 734 2645 767 Wenn
2657 734 2722 768 mich
2736 733 2859 772 uͤbrigens
2872 742 2943 766 mein
2956 735 3085 771 Gedaͤcht⸗

2037 769 2082 804 niß
2095 769 2163 806 nicht
2178 767 2287 806 truͤget:
2321 778 2345 799 ſo
2360 769 2470 807 verſteht
2483 771 2554 807 Herr
2568 770 2696 808 Eſpagnet
2708 773 2784 808 durch
2798 774 2838 803 die
2850 776 2903 803 alte
2916 772 3084 810 Philoſophie

2037 807 2121 841 nichts
2139 810 2248 842 anders,
2266 809 2308 837 als
2322 810 2360 839 die
2375 803 2537 845 Grundſaͤtze
2552 804 2597 842 der
2605 808 2777 847 hermetiſchen
2790 809 2967 848 Philoſophie.
3004 810 3084 842 Crit.

2036 844 2237 884 Anmerkung.
2273 846 2406 877 Biblioth.
2413 849 2559 887 Françoiſe
2569 849 2659 880 Tom.
2666 849 2766 886 XXIX,
2779 850 2853 878 Part.
2860 849 2898 883 Il,
2906 857 2933 885 p.
2945 851 3002 884 198,
3012 856 3066 883 199.

2074 908 2137 944 (B)
2156 908 2206 939 Er
2217 907 2270 941 hat
2282 907 2325 938 ein
2338 906 2414 940 altes
2425 906 2622 946 Manuſcript
2634 907 2887 945 herausgegeben,
2907 912 2961 941 der
2973 910 3085 947 Roſen⸗

2035 944 2131 982 zweig
2144 950 2195 977 der
2202 946 2312 983 Kriege
2326 946 2468 983 betitelt.]
2504 948 2582 980 Man
2591 951 2663 984 hatte
2669 953 2697 979 es
2705 955 2735 985 zu
2741 948 2832 980 Nerac
2845 956 2873 978 in
2885 951 2943 980 dem
2952 949 3085 987 geheimen

2035 982 2152 1018 Zimmer
2158 985 2202 1013 des
2209 981 2325 1020 Koͤniges
2339 983 2469 1020 gefunden,
2483 978 2598 1022 Eſpagnet
2609 982 2655 1019 hat
2661 983 2810 1021 geglaubt,
2788 985 2825 1022 es
2825 985 2899 1015 waͤre
2906 985 2971 1020 ſeine
2979 985 3084 1022 Ausga⸗

2035 1022 2065 1052 be
2071 1024 2110 1052 die
2118 1022 2179 1054 erſte
2186 1024 2240 1052 und
2247 1023 2350 1059 Ludwig
2357 1024 2398 1052 XI
2404 1021 2475 1054 waͤre
2483 1023 2616 1060 Verfaſſer
2622 1025 2700 1059 dieſes
2707 1024 2802 1061 Buchs;
2808 1025 2899 1057 allein
2905 1032 2934 1056 er
2941 1024 2987 1062 hat
2992 1020 3085 1063 ſich
3051 1026 3090 1061 be⸗

2035 1063 2133 1092 trogen.
2140 1060 2212 1093 Dieß
2219 1060 2297 1092 Buch
2312 1068 2368 1091 war
2377 1060 2446 1095 ſchon
2455 1062 2492 1091 im
2501 1069 2556 1094 1523
2563 1060 2687 1098 Jahre
2661 1056 2691 1097 in
2694 1061 2767 1098 Folio
2779 1062 2894 1098 gedruckt
2900 1065 3023 1095 worden;
3031 1064 3086 1093 und

2035 1097 2095 1130 dieſe
2100 1094 2227 1131 Ausgabe
2233 1096 2262 1132 iſt
2268 1096 2316 1126 viel
2325 1091 2510 1132 weitlaͤuftiger,
2518 1094 2556 1134 als
2565 1099 2604 1127 die
2610 1104 2672 1127 vom
2684 1100 2748 1127 1616
2755 1098 2851 1134 Jahre.
2888 1098 2930 1129 Es
2936 1099 2983 1136 hat
2991 1107 3018 1129 in
3027 1100 3085 1128 dem

2036 1134 2223 1170 Manuſcripte
2230 1142 2281 1164 von
2287 1134 2377 1166 Nerac
2385 1137 2426 1166 der
2432 1141 2511 1172 ganze
2519 1138 2603 1167 andre
2609 1136 2686 1173 Theil
2694 1138 2747 1167 und
2761 1139 2798 1168 die
2813 1139 2871 1173 drey
2886 1136 2973 1174 letzten
2980 1137 3085 1174 Capitel

2039 1176 2084 1205 des
2091 1174 2171 1208 erſten
2181 1174 2282 1209 gefehlt.
2291 1174 2378 1209 Siehe
2389 1178 2438 1207 den
2445 1174 2547 1207 Naude
2563 1176 2591 1205 in
2607 1176 2655 1205 den
2662 1172 2780 1212 Zuſaͤtzen
2792 1183 2823 1213 zu
2837 1178 2880 1206 der
2887 1176 3000 1214 Hiſtorie
3008 1177 3085 1209 Lude⸗

2039 1211 2107 1246 wigs
2116 1213 2161 1241 des
2167 1211 2215 1244 XI,
2223 1211 2271 1244 auf
2281 1213 2323 1243 der
2341 1208 2370 1245 72
2382 1210 2410 1245 S.
2418 1214 2471 1243 und
2480 1220 2507 1242 in
2515 1213 2652 1249 Syntagm.
2661 1212 2694 1242 de
2701 1212 2789 1242 ſtudio
2797 1211 2922 1247 militari,
2930 1219 2988 1250 pag.
2997 1221 3034 1240 m.
3042 1220 3084 1248 73.

2039 1248 2099 1280 Der
2106 1247 2230 1287 Eingang
2237 1248 2313 1279 allein
2327 1250 2356 1285 iſt
2362 1247 2524 1285 vermoͤgend,
2539 1254 2593 1280 uns
2606 1257 2638 1287 zu
2651 1246 2813 1287 uͤberzeugen,
2820 1251 2870 1286 daß
2877 1250 2980 1290 Ludwig
2992 1254 3037 1282 der
3044 1253 3086 1282 XI

2039 1285 2108 1319 nicht
2118 1284 2234 1318 Urheber
2244 1294 2296 1316 von
2308 1289 2365 1317 dem
2378 1287 2471 1318 Werke
2483 1288 2522 1323 iſt,
2551 1288 2603 1318 wie
2622 1294 2689 1319 man
2708 1288 2758 1324 auf
2774 1290 2833 1318 dem
2844 1288 2917 1320 Titel
2936 1287 3085 1325 verſichert:

2039 1324 2139 1359 Nichts
2154 1324 2331 1360 deſtoweniger
2345 1324 2374 1361 iſt
2386 1333 2412 1356 er
2424 1330 2469 1359 es,
2486 1327 2528 1356 der
2539 1328 2573 1356 da
2586 1327 2673 1359 redet,
2692 1332 2739 1356 um
2755 1329 2811 1356 dem
2824 1325 2968 1364 Dauphin,
2988 1327 3084 1362 ſeinem

2040 1362 2156 1396 Sohne,
2176 1362 2404 1398 Unterweiſungen
2416 1370 2447 1399 zu
2460 1364 2546 1399 geben.
2598 1365 2679 1396 Man
2691 1365 2743 1402 ſehe
2757 1366 2795 1396 die
2807 1365 2967 1403 auserleſene
2978 1366 3087 1398 Biblio⸗

2040 1401 2096 1431 thek
2113 1403 2157 1432 des
2171 1401 2304 1433 Colomies
2317 1402 2365 1439 auf
2374 1403 2418 1433 der
2430 1410 2455 1435 15
2474 1401 2504 1434 S.
2512 1401 2565 1434 und
2572 1402 2611 1433 die
2618 1401 2790 1442 Anmerkung
2800 1403 2844 1438 (Z)
2861 1403 2906 1438 bey
2920 1405 2977 1435 dem
2984 1403 3086 1436 Artikel

2039 1438 2182 1477 Ludwig
2197 1443 2250 1472 der
2262 1441 2310 1473 XI.

2075 1502 2138 1536 (C)
2155 1500 2230 1532 Von
2241 1499 2307 1536 ihm
2326 1502 2406 1531 redet
2423 1503 2479 1532 der
2489 1502 2525 1538 P.
2539 1500 2659 1534 Abram
2670 1501 2702 1533 in
2714 1501 2805 1539 ſeiner
2817 1500 2996 1541 Auslegung
3007 1500 3086 1535 uͤber

2038 1537 2086 1568 die
2097 1538 2201 1570 Reden
2217 1542 2272 1569 des
2286 1537 2419 1572 Cicero.]
2456 1538 2512 1575 Jch
2531 1539 2618 1575 mache
2631 1540 2691 1576 dieſe
2703 1540 2875 1578 Anmerkung
2888 1540 2945 1575 bloß
2958 1544 3039 1571 denen
3052 1547 3085 1577 zu

2039 1570 2174 1606 Gefallen,
2187 1571 2276 1606 welche
2290 1571 2335 1608 ſich
2348 1570 2393 1609 bey
2404 1562 2501 1609 Leſung
2514 1573 2589 1609 dieſer
2595 1568 2691 1606 Worte
2702 1573 2771 1609 nicht
2781 1575 2871 1611 finden
2884 1573 3013 1607 moͤchten:
3034 1576 3084 1603 At-

2035 1619 2092 1648 que
2104 1611 2189 1641 etiam
2205 1621 2280 1640 nunc
2291 1621 2393 1649 pueros
2406 1622 2423 1642 a
2437 1612 2507 1650 ſagis
2520 1613 2582 1650 rapi
2590 1613 2694 1651 ſolere,
2708 1620 2736 1643 et
2747 1614 2928 1645 daemonibus
2935 1614 3085 1649 deuoueri,

2033 1649 2149 1679 teſtatur
2170 1650 2319 1685 Spagnetus
2341 1650 2372 1678 in
2393 1650 2440 1679 ſua
2469 1651 2644 1686 praefationo
2676 1651 2710 1681 ad
2736 1654 2849 1682 Petrum
2873 1652 3084 1681 Anchoranum.

2033 1690 2137 1717 Abram
2151 1691 2181 1718 in
2189 1691 2278 1719 Cicer.
2286 1692 2365 1719 Orat.
2375 1691 2466 1721 Tom.
2477 1691 2500 1723 I,
2514 1698 2574 1724 pag.
2582 1698 2644 1724 294,
2656 1689 2740 1720 col.2.
2778 1693 2852 1728 Dieß
2865 1693 2919 1722 will
2933 1692 3017 1729 ſagen,
3030 1694 3083 1728 daß

2033 1727 2078 1756 der
2084 1725 2286 1762 Praͤſident
2250 1722 2294 1758 von
2298 1726 2428 1763 Eſpagnet
2445 1728 2472 1757 in
2487 1730 2529 1757 der
2541 1728 2666 1762 Vorrede,
2674 1729 2712 1758 die
2724 1736 2750 1758 er
2763 1735 2809 1759 vor
2822 1737 2864 1759 ein
2880 1729 2961 1763 Buch
2979 1729 3082 1766 Peters

2033 1769 2086 1792 von
2093 1762 2194 1798 Lancre,
2201 1762 2451 1801 Parlementsraths
2462 1772 2492 1801 zu
2499 1765 2667 1799 Bourdeaux,
2675 1762 2765 1802 geſetzt,
2772 1764 2898 1803 bezeuget,
2910 1766 2963 1804 daß
2976 1768 3014 1797 die
3026 1765 3083 1804 He⸗

2035 1807 2082 1835 ren
2089 1800 2189 1833 Kinder
2203 1801 2296 1839 ſtehlen
2310 1804 2363 1832 und
2376 1802 2409 1840 ſie
2434 1805 2491 1833 dem
2503 1803 2595 1840 Teufel
2613 1798 2736 1835 widmen.

2071 1863 2117 1898 (D)
2153 1863 2205 1895 Er
2218 1862 2271 1897 hat
2283 1863 2358 1894 auch
2372 1863 2418 1894 die
2430 1862 2697 1902 Rechtſchreibung
2705 1863 2779 1900 auf
2795 1866 2855 1895 das
2872 1863 3084 1902 allergenauſte

2034 1896 2231 1935 beybehalten.
2267 1898 2328 1929 Die
2340 1906 2401 1927 von
2415 1897 2481 1932 ihm
2500 1901 2658 1935 deswegen
2677 1895 2857 1936 angegebene
2868 1899 2992 1936 Urſache
3005 1900 3083 1931 kann

2034 1936 2095 1967 eine
2109 1934 2297 1975 Anmerkung
2309 1934 2497 1975 bekraͤftigen,
2511 1939 2557 1968 die
2570 1938 2615 1970 ich
2628 1937 2702 1970 uͤber
2717 1938 2763 1969 die
2776 1946 2848 1969 neue
2860 1937 3005 1977 Ausgabe
3018 1947 3084 1971 von

2032 1979 2090 2006 den
2101 1977 2230 2010 Briefen
2241 1981 2295 2008 des
2310 1977 2476 2009 Cardinals
2487 1987 2550 2008 von
2560 1978 2649 2015 Oſſat
2660 1978 2798 2016 gemacht
2811 1978 2934 2015 habe.]
2964 1980 3084 2015 „Dieſer

2030 2009 2131 2043 „kleine
2143 2011 2255 2042 Tractat
2266 2013 2310 2046 du
2325 2011 2437 2045 Rozier,
2446 2012 2514 2048 ſaget
2528 2020 2553 2041 er
2568 2020 2594 2042 in
2608 2013 2700 2047 ſeinem
2712 2014 2880 2048 Vorberichte
2893 2022 2928 2043 an
2941 2017 2991 2044 den
3004 2014 3082 2049 Leſer,

2028 2044 2098 2081 „hat
2109 2049 2161 2077 mir
2174 2048 2198 2082 ſo
2212 2047 2282 2081 ſchoͤn
2296 2049 2452 2084 geſchienen,
2465 2050 2514 2083 daß
2530 2050 2564 2084 ich
2580 2050 2627 2085 ihn
2642 2053 2727 2080 weder
2742 2051 2880 2086 ſchminken
2895 2052 2956 2085 noch
2972 2052 3084 2082 umklei⸗

2027 2084 2097 2117 „den
2110 2082 2211 2118 wollen,
2224 2084 2331 2117 ſondern
2345 2086 2381 2119 ich
2396 2084 2457 2121 habe
2470 2086 2516 2122 ihn
2532 2087 2560 2116 in
2569 2085 2649 2120 ſeiner
2662 2085 2867 2117 vollkommenen
2881 2086 2988 2122 Einfalt
3000 2087 3083 2123 gelaſ⸗

2026 2119 2107 2156 „ſen:
2136 2125 2190 2153 und
2206 2123 2312 2158 obgleich
2325 2122 2389 2158 ſeine
2401 2122 2525 2160 Sprache
2537 2124 2605 2161 nicht
2618 2125 2680 2161 nach
2694 2127 2751 2156 dem
2765 2125 2920 2161 Gebrauche
2933 2125 3008 2161 dieſer
3021 2127 3083 2157 Zeit

2027 2157 2094 2195 „iſt,
2108 2158 2133 2190 ſo
2148 2161 2214 2191 wird
2226 2161 2259 2195 ſie
2274 2160 2320 2195 ſich
2334 2160 2392 2195 doch
2403 2160 2473 2197 wohl
2488 2160 2652 2199 verſtaͤndlich
2664 2161 2778 2197 machen,
2793 2164 2825 2191 da
2839 2162 2871 2198 ſie
2885 2163 2932 2199 bey
2945 2162 3013 2199 ihrer
3020 2158 3081 2194 Un⸗

2027 2196 2202 2229 „deutlichkeit
2213 2198 2238 2228 ſo
2253 2198 2331 2228 voller
2342 2197 2474 2233 Verſtand
2486 2199 2540 2226 und
2553 2202 2629 2233 gutes
2643 2198 2747 2233 Saftes
2762 2199 2801 2234 iſt,
2813 2199 2864 2234 daß
2876 2199 2908 2234 ſie
2921 2200 2961 2230 die
2974 2198 3080 2236 kuͤnſtli⸗

2028 2231 2110 2266 „chen
2122 2233 2265 2266 Sprachen
2284 2236 2333 2263 des
2342 2234 2429 2268 Hofes
2446 2237 2500 2264 und
2520 2237 2565 2264 des
2575 2235 2699 2272 Pallaſts
2715 2242 2776 2271 zum
2786 2235 2948 2270 Schweigen
2969 2235 3081 2272 bringen

2029 2269 2125 2303 „wird.
2165 2271 2219 2304 Jch
2231 2271 2294 2301 habe
2306 2272 2371 2305 auch
2383 2273 2421 2303 die
2434 2272 2662 2309 Rechtſchreibung
2675 2269 2806 2309 ſorgfaͤltig
2819 2267 3000 2310 beybehalten,
3018 2269 3081 2306 weil

2028 2311 2116 2340 „man
2131 2307 2206 2341 durch
2219 2306 2422 2344 Wegnehmung
2442 2309 2499 2338 oder
2516 2308 2652 2345 Zuſetzung
2671 2313 2742 2339 eines
2767 2309 2949 2345 Buchſtabens
2969 2310 3021 2346 ſehr
3039 2312 3082 2346 oft

2031 2342 2099 2375 „das
2116 2341 2198 2372 Wort
2211 2339 2364 2373 veraͤndert,
2377 2344 2432 2372 und
2444 2346 2495 2371 aus
2509 2350 2591 2372 einem
2604 2342 2676 2372 alten
2689 2349 2729 2372 ein
2742 2348 2823 2373 neues
2837 2343 2944 2378 machet.
2983 2344 3081 2380 Durch

2031 2379 2129 2415 „dieſes
2138 2381 2236 2412 Mittel
2250 2380 2295 2417 hat
2311 2387 2384 2413 man,
2396 2380 2460 2416 nach
2475 2382 2587 2411 meinem
2601 2381 2724 2419 Urtheile,
2732 2385 2770 2413 die
2778 2382 2901 2419 Sprache
2915 2384 2958 2413 des
2965 2382 3081 2420 Philipp

2030 2420 2105 2450 „von
2112 2415 2237 2448 Comines
2251 2425 2278 2447 in
2292 2416 2371 2452 ſeiner
2378 2417 2490 2453 Hiſtorie
2501 2418 2647 2453 verderbet;
2683 2420 2768 2450 indem
2781 2426 2845 2450 man
2858 2421 2896 2451 die
2910 2419 3083 2457 Rechtſchrei⸗

2029 2452 2122 2490 „bung
2135 2461 2165 2491 zu
2177 2455 2315 2492 verbeſſern
2330 2459 2382 2486 und
2396 2457 2433 2488 die
2445 2456 2519 2488 Rede
2533 2463 2562 2492 zu
2579 2455 2678 2491 poliren
2701 2458 2818 2494 gedacht:
2845 2457 2870 2493 ſo
2887 2457 2933 2495 hat
2954 2464 3018 2488 man
3037 2461 3080 2488 die

2030 2494 2221 2528 „Merkmaale
2236 2498 2280 2526 des
2293 2494 2463 2531 Alterthums
2477 2494 2652 2531 weggeriſſen;
2676 2495 2701 2531 ſo
2712 2498 2762 2532 daß
2777 2499 2815 2527 die
2829 2496 2985 2531 Schreibart
2998 2497 3085 2531 ſeines

2028 2528 2148 2566 „Buchs
2160 2531 2229 2565 nicht
2239 2534 2279 2561 die
2293 2531 2451 2567 Schreibart
2464 2532 2541 2568 ſeiner
2552 2533 2611 2569 Zeit
2623 2532 2664 2569 iſt,
2675 2539 2725 2564 wie
2738 2540 2788 2564 wir
2804 2532 2898 2576 ſowohl
2911 2533 2986 2569 durch
2999 2535 3079 2570 dieſes

2026 2565 2129 2603 „kleine
2142 2567 2330 2604 Manuſcript,
2357 2569 2399 2598 als
2413 2569 2489 2603 durch
2501 2568 2667 2605 verſchiedene
2681 2571 2775 2599 andere
2787 2576 2840 2599 von
2853 2569 2972 2607 gleichem
2984 2569 3078 2605 Alter,

2027 2604 2087 2641 „die
2100 2604 2145 2641 ſich
2160 2607 2187 2638 in
2201 2604 2351 2642 beruͤhmten
2359 2604 2535 2643 Buͤcherſaͤlen
2551 2608 2648 2645 finden,
2655 2608 2813 2645 namentlich
2825 2608 2885 2639 aber
2899 2608 2973 2646 durch
2981 2609 3034 2648 die
3039 2609 3079 2651 Hi⸗

2026 2643 2122 2680 „ſtorie
2135 2644 2223 2680 Koͤnig
2235 2646 2317 2678 Carls
2329 2649 2375 2677 des
2382 2647 2421 2676 VI
2436 2646 2562 2682 urtheilen
2576 2645 2684 2681 koͤnnen,
2697 2649 2737 2678 die
2750 2653 2802 2677 von
2817 2649 2875 2677 dem
2887 2645 3005 2684 Johann
3018 2647 3079 2684 Ju⸗

2026 2680 2125 2715 „venal
2139 2681 2217 2717 Urſin
2230 2681 2361 2717 gemacht,
2379 2683 2432 2713 und
2445 2682 2503 2717 kurz
2516 2681 2612 2718 darauf
2630 2690 2681 2714 von
2694 2685 2753 2713 dem
2765 2684 2857 2719 Herrn
2870 2690 2923 2714 von
2936 2683 3081 2723 Godofroy

2027 2723 2100 2753 „ans
2114 2719 2181 2754 Licht
2193 2720 2301 2755 gegeben
2316 2722 2430 2750 worden.
2485 2721 2540 2757 Jch
2554 2721 2674 2756 urtheile,
2690 2723 2739 2759 daß
2752 2722 2826 2761 dieſer
2838 2722 2948 2758 Schade
2961 2730 3014 2753 von
3031 2725 3078 2753 der

2028 2753 2216 2793 „Unfaͤhigkeit
2224 2751 2271 2788 der
2285 2755 2522 2793 Druckverbeſſerer
2537 2757 2689 2794 herkoͤmmt,
2702 2758 2808 2795 welche,
2821 2760 2854 2789 da
2868 2758 2900 2795 ſie
2913 2759 2953 2790 die
2965 2759 3080 2797 Schrift

2027 2795 2188 2830 „verbeſſern
2206 2797 2318 2833 wollen,
2344 2797 2445 2835 dieſelbe
2457 2795 2589 2837 verfaͤlſcht
2603 2799 2656 2830 und
2668 2796 2716 2837 ſich
2725 2804 2758 2835 zu
2774 2798 2903 2837 gelehrten
2914 2798 3021 2832 Dieben
3032 2806 3078 2837 ge⸗

2027 2832 2135 2870 „macht
2163 2832 2285 2872 haben.„

1016 2897 1175 2953 Espine
1203 2902 1356 2951 (Johann
1376 2902 1459 2949 von)
1480 2903 1629 2949 Prediger
1644 2904 1695 2941 der
1714 2904 1903 2950 reformirten
1918 2903 2040 2951 Kirche.
2083 2904 2188 2953 Siehe
2210 2905 2343 2952 Spina.

1017 2985 1160 3044 Eſſars
1189 2982 1390 3038 (Charlotte)
1412 2990 1517 3037 Koͤnig
1538 2992 1698 3038 Heinrichs
1719 2995 1773 3031 des
1786 2994 1842 3036 IV,
1860 2995 1923 3031 und
1942 2995 2025 3031 dann
2045 2997 2100 3031 des
2120 3006 2288 3046 Cardinals
2299 3016 2360 3046 von
2373 3006 2470 3056 Guiſe
2483 3007 2769 3057 Beyſchlaͤferinnᵃ,
2790 3015 2843 3046 hat
2862 3009 2917 3057 ſich
2937 3010 2995 3049 mit
3007 3011 3079 3050 dem

933 3045 1119 3087 Marſchalle
1136 3051 1196 3080 von
1209 3039 1346 3089 Hoſpital
1366 3039 1525 3090 vermaͤhlt,
1546 3045 1603 3082 wie
1620 3046 1662 3089 ich
1676 3047 1834 3082 anderswo
1856 3044 1969 3091 geſaget
1989 3045 2117 3093 habeᵇ;
2161 3054 2249 3090 allein
2269 3054 2331 3107 hier
2350 3054 2425 3100 muß
2447 3055 2491 3106 ich
2512 3054 2597 3091 einen
2614 3055 2722 3101 Fehler
2740 3048 2920 3102 verbeſſern,
2946 3058 2998 3095 der
3015 3057 3078 3095 mir

933 3086 1080 3132 entwiſcht
1100 3085 1135 3130 iſt
1148 3086 1224 3132 (A),
1244 3088 1305 3123 und
1320 3087 1394 3131 dazu
1413 3084 1508 3134 ſetzen,
1530 3088 1590 3132 daß
1603 3088 1658 3134 ſich
1670 3088 1743 3135 dieſe
1761 3086 1871 3129 Dame
1891 3100 1925 3137 zu
1939 3092 1999 3137 ſehr
2013 3093 2045 3131 in
2058 3095 2149 3142 große
2160 3093 2396 3141 Staatshaͤndel
2411 3093 2546 3142 gemiſcht
2560 3097 2613 3143 hat
2632 3096 2698 3142 (B).

1136 3159 1176 3195 a)
1200 3157 1287 3193 Siehe
1302 3159 1340 3190 die
1352 3158 1522 3197 Anmerkung
1534 3158 1582 3197 (B)
1596 3158 1640 3199 bey
1652 3163 1710 3193 dem
1721 3159 1819 3193 Artikel
1832 3159 1915 3199 Guiſe
1927 3160 2044 3200 (Ludwig
2055 3167 2108 3192 von
2120 3159 2288 3201 Lothringen,
2302 3159 2446 3195 Cardinals
2456 3165 2525 3201 von)
2561 3163 2589 3199 b)
2607 3161 2654 3200 Jn
2666 3165 2709 3195 der
2720 3163 2891 3201 Anmerkung
2900 3165 2961 3203 (B)
2972 3171 3003 3202 zu
3016 3170 3077 3197 dem

1038 3199 1139 3233 Artikel
1153 3200 1228 3233 dieſes
1243 3199 1413 3234 Marſchalls.

970 3267 1020 3302 (A)
1038 3266 1100 3304 Jch
1112 3266 1188 3302 muß
1200 3264 1266 3300 hier
1279 3265 1359 3298 einen
1371 3265 1479 3301 Fehler
1498 3267 1675 3306 verbeſſern,
1694 3270 1747 3300 der
1759 3264 1820 3299 mir
1830 3264 1980 3306 entwiſcht

933 3302 1001 3339 iſt.]
1023 3303 1077 3340 Jch
1091 3302 1153 3339 habe
1166 3303 1231 3339 mich
1244 3303 1292 3339 auf
1304 3307 1351 3336 den
1364 3303 1404 3341 P.
1417 3304 1524 3340 Anſelm
1536 3303 1658 3341 verlaſſen
1671 3307 1725 3335 und
1737 3304 1866 3343 geglaubt,
1879 3307 1927 3342 daß
1935 3306 1980 3342 ſich

934 3336 977 3362 der
988 3320 1140 3372 Marſchall
1159 3338 1210 3360 von
1223 3335 1345 3368 Hoſpital
1363 3341 1421 3366 zum
1440 3339 1606 3362 andernmale
1626 3342 1663 3361 im
1686 3341 1740 3366 1633
1758 3336 1848 3368 Jahre
1869 3345 1919 3363 mit
1937 3345 1980 3363 der

931 3380 1069 3413 Franciſca
1082 3381 1200 3413 Mignot
1211 3379 1356 3417 vermaͤhlt,
1374 3386 1483 3411 woraus
1501 3382 1537 3416 ich
1547 3381 1704 3418 geſchloſſen,
1722 3384 1773 3419 daß
1790 3390 1818 3411 er
1836 3383 1900 3418 ſeine
1917 3384 1980 3419 erſte

934 3415 1102 3451 Gemahlinn
1115 3416 1269 3452 Charlotten
1283 3424 1335 3448 von
1345 3417 1436 3453 Eſſars
1449 3417 1580 3454 verſtoßen
1594 3417 1673 3454 haͤtte,
1690 3419 1744 3448 und
1757 3425 1838 3455 einige
1852 3419 1980 3456 Betrach⸗

935 3457 1033 3488 tungen
1046 3453 1108 3484 uͤber
1127 3455 1186 3490 dieſe
1206 3454 1326 3486 Materie
1346 3455 1461 3488 gemacht
1473 3455 1543 3491 habe.
1597 3456 1653 3493 Jch
1672 3456 1735 3492 habe
1757 3452 1816 3491 dieſe
1833 3455 1979 3494 Folgerung

935 3491 1034 3519 daraus
1047 3496 1168 3525 gezogen,
1186 3490 1245 3521 weil
1259 3493 1300 3521 der
1313 3492 1353 3528 P.
1368 3492 1475 3526 Anſelm
1489 3494 1536 3522 den
1550 3491 1607 3524 Tod
1621 3494 1662 3522 der
1674 3492 1810 3529 Charlotte
1828 3500 1880 3524 von
1888 3493 1980 3529 Eſſars

935 3530 979 3557 ins
996 3533 1046 3562 1651
1062 3529 1138 3565 Jahr
1151 3529 1249 3565 geſetzet
1264 3530 1343 3564 hatte.
1382 3531 1436 3566 Jch
1452 3531 1515 3564 habe
1529 3533 1572 3566 ſeit
1589 3533 1633 3561 der
1650 3534 1749 3562 andern
1768 3532 1892 3569 Ausgabe
1905 3533 1980 3569 dieſes

935 3562 1122 3600 Woͤrterbuchs
1142 3557 1275 3599 erfahren,
1295 3564 1344 3599 daß
1363 3566 1402 3595 die
1423 3567 1514 3596 andere
1540 3564 1653 3602 Heirath
1672 3567 1748 3601 dieſes
1768 3566 1928 3603 Marſchalls
1942 3574 1980 3598 im

935 3608 992 3637 1653
1006 3604 1095 3641 Jahre
1109 3606 1239 3641 vollzogen
1251 3610 1364 3637 worden.
1404 3608 1490 3641 Siehe
1501 3609 1541 3639 die
1559 3607 1727 3644 Druckfehler
1740 3611 1784 3639 des
1797 3608 1837 3643 P.
1850 3609 1979 3645 Anſelms.

935 3645 1015 3674 Man
1027 3642 1088 3678 darf
1104 3643 1155 3676 alſo
1167 3643 1236 3677 nicht
1250 3643 1383 3680 vorgeben,
1396 3645 1446 3679 daß
1460 3647 1498 3675 die
1513 3646 1573 3680 erſte
1586 3643 1629 3681 fuͤr
1648 3645 1740 3681 nichtig
1760 3645 1854 3678 erklaͤrt
1865 3649 1980 3676 worden.

935 3677 991 3712 Jch
1003 3679 1076 3708 hatte
1089 3675 1237 3710 beſchlossen,
1250 3680 1332 3709 meine
1346 3679 1557 3710 Betrachtungen
1571 3686 1781 3712 auszuſtreichen;
1803 3683 1879 3716 allein
1892 3680 1927 3718 es
1938 3683 1978 3713 ha⸗

932 3713 978 3742 ben
999 3718 1047 3739 mir
1057 3710 1142 3748 Leute,
1158 3719 1234 3749 gegen
1245 3719 1333 3754 welche
1353 3713 1385 3746 ich
1398 3713 1448 3746 viel
1478 3716 1675 3754 Ehrerbiethung
1692 3713 1761 3755 habe,
1785 3722 1910 3755 gerathen,
1930 3719 1979 3751 die⸗

936 3752 1015 3789 ſelben
1029 3762 1058 3791 zu
1073 3747 1164 3788 laſſen,
1187 3752 1216 3788 wo
1227 3754 1258 3789 ſie
1273 3751 1371 3784 waͤren.
1411 3754 1468 3787 Sie
1482 3754 1564 3791 haben
1580 3761 1631 3786 mir
1643 3755 1806 3792 vorgeſtellet,
1820 3756 1869 3791 daß
1876 3756 1907 3791 ſie
1914 3757 1980 3792 nicht

936 3794 1031 3822 anders
1052 3792 1123 3828 falſch
1136 3791 1234 3825 waͤren,
1248 3792 1289 3822 als
1306 3802 1332 3823 in
1348 3796 1390 3823 der
1402 3794 1537 3829 beſondern
1550 3793 1725 3830 Anwendung
1739 3794 1787 3831 auf
1799 3796 1835 3824 die
1847 3794 1980 3832 Charlotte

938 3836 980 3859 von
998 3824 1097 3864 Eſſars,
1112 3833 1165 3860 und
1181 3832 1237 3864 daß,
1251 3838 1328 3860 wenn
1345 3831 1380 3866 ich
1395 3839 1478 3862 meine
1492 3830 1558 3868 Leſer
1571 3838 1621 3862 nur
1634 3833 1767 3865 erinnerte,
1789 3834 1837 3868 daß
1849 3833 1881 3868 ſie
1894 3841 1920 3865 in
1931 3834 1980 3864 die⸗

938 3867 988 3901 ſem
1003 3865 1105 3899 Stuͤcke
1119 3867 1251 3902 verbeſſert
1271 3869 1374 3898 werden
1394 3867 1516 3904 muͤßten,
1536 3876 1599 3899 man
1613 3869 1664 3899 mir
1679 3874 1707 3898 es
1721 3871 1787 3905 nicht
1800 3868 1857 3902 uͤbel
1871 3871 1980 3903 nehmen

936 3903 1033 3940 wuͤrde,
1048 3906 1097 3941 daß
1111 3906 1145 3938 ich
1160 3915 1215 3936 eine
1229 3906 1320 3939 Stelle
1331 3905 1445 3943 erhalten
1459 3905 1539 3943 haͤtte,
1560 3909 1597 3939 die
1611 3914 1674 3937 man
1687 3907 1732 3945 bey
1746 3908 1829 3939 vielen
1839 3907 1980 3946 Vorfaͤllen

937 3939 1027 3976 richtig
1041 3944 1183 3971 anwenden
1204 3940 1306 3972 koͤnnte.

971 3977 1019 4013 (B)
1041 3976 1102 4007 Sie
1117 3974 1169 4009 hat
1182 3975 1239 4013 ſich
1253 3983 1289 4010 zu
1298 3974 1360 4014 ſehr
1380 3976 1411 4006 in
1422 3971 1652 4010 Staatshaͤndel
1665 3971 1838 4020 gemiſcht.]
1851 3977 1906 4015 Jch
1924 3976 1980 4011 will

934 4025 986 4048 nur
1000 4027 1041 4049 ein
1056 4019 1176 4054 Beyſpiel
1190 4021 1273 4048 davon
1290 4018 1426 4054 anfuͤhren.
1466 4018 1523 4052 Sie
1537 4020 1607 4056 hatte
1620 4028 1693 4051 einen
1709 4020 1795 4056 Sohn
1811 4031 1837 4053 in
1852 4020 1980 4059 Dienſten

935 4058 980 4085 des
995 4057 1112 4092 Herzogs
1126 4063 1177 4085 von
1192 4056 1361 4092 Lothringen;
1380 4064 1452 4087 einen
1466 4058 1562 4092 Sohn,
1575 4059 1629 4092 ſage
1642 4058 1686 4091 ich,
1707 4059 1810 4094 welcher
1824 4059 1916 4091 Ritter
1928 4067 1980 4090 von

935 4093 1114 4124 Remorantin
1131 4092 1200 4128 hieß,
1219 4096 1272 4123 und
1292 4096 1338 4124 den
1360 4094 1393 4129 ſie
1413 4099 1462 4125 mit
1483 4096 1539 4124 dem
1556 4094 1694 4126 Cardinale
1710 4102 1760 4125 von
1775 4095 1857 4130 Guiſe
1876 4099 1980 4132 gezeugt

934 4131 1011 4164 hatte.
1070 4133 1126 4164 Sie
1140 4132 1184 4164 hat
1197 4132 1332 4167 geglaubt,
1355 4138 1383 4164 es
1402 4134 1440 4169 ſey
1459 4137 1507 4164 das
1532 4136 1595 4169 beſte
1613 4135 1720 4166 Mittel,
1734 4134 1779 4164 ihn
1793 4142 1823 4171 zu
1839 4133 1978 4171 befoͤrdern,

933 4174 1010 4199 wenn
1025 4169 1056 4205 ſie
1073 4171 1129 4199 dem
1138 4169 1251 4205 Herzoge
1264 4177 1314 4200 von
1321 4169 1475 4206 Lothringen
1491 4172 1566 4201 durch
1580 4175 1617 4202 die
1631 4170 1804 4208 Verſoͤhnung
1819 4175 1869 4202 mit
1883 4171 1979 4207 Frank⸗

930 4206 996 4237 reich
1009 4206 1064 4236 und
1077 4208 1115 4235 die
1133 4205 1390 4241 Wiederherſtellung
1409 4215 1437 4236 in
1456 4206 1521 4241 ſeine
1547 4201 1680 4243 Staaten,
1696 4214 1801 4242 einigen
1822 4207 1920 4244 Dienſt
1940 4217 1977 4239 er⸗

930 4244 1011 4277 wieſe.
1053 4245 1110 4276 Sie
1125 4246 1169 4280 hat
1182 4246 1232 4276 alſo
1247 4249 1293 4276 den
1302 4246 1353 4276 Du
1366 4246 1469 4276 Hallier
1484 4245 1554 4281 ihren
1569 4246 1696 4280 Gemahl,
1714 4248 1756 4275 der
1775 4255 1802 4276 in
1822 4246 1977 4283 Lothringen

930 4282 1127 4315 commandirte,
1142 4283 1277 4317 vermocht,
1298 4285 1355 4313 dem
1369 4283 1437 4320 Hofe
1450 4292 1502 4314 von
1516 4284 1663 4320 Frankreich
1675 4285 1840 4320 anzurathen,
1853 4290 1903 4315 mit
1918 4288 1975 4317 dem

928 4315 1046 4355 Herzoge
1059 4322 1089 4354 zu
1103 4316 1299 4355 unterhandeln,
1314 4319 1368 4348 und
1383 4308 1415 4355 zu
1428 4316 1530 4357 gleicher
1543 4317 1599 4357 Zeit
1612 4318 1658 4357 hat
1666 4319 1697 4357 ſie
1711 4322 1747 4352 die
1754 4318 1916 4359 Prinzeßinn
1923 4326 1975 4353 von

2027 3262 2179 3305 Cantecroix
2190 3268 2293 3307 erſucht,
2302 3270 2395 3307 welche
2405 3271 2481 3308 dieſer
2493 3266 2597 3308 Herzog
2607 3268 2763 3317 geheirathet
2774 3271 2857 3309 hatte,
2866 3273 2901 3303 ob
2913 3281 2941 3303 er
2953 3274 3030 3312 gleich
3036 3276 3077 3305 be⸗

2028 3313 2092 3343 reits
2105 3311 2236 3348 vermaͤhlt
2247 3321 2314 3348 war,
2327 3315 2376 3351 daß
2389 3314 2423 3351 ſie
2434 3315 2484 3345 alle
2499 3316 2552 3352 ihre
2559 3315 2766 3353 Geſchicklichkeit
2778 3318 2923 3347 anwenden
2936 3317 3013 3355 ſollte,
3028 3319 3076 3353 ihn

2028 3356 2059 3383 zu
2072 3349 2162 3383 dieſem
2175 3350 2325 3387 Vergleiche
2337 3358 2367 3387 zu
2381 3349 2526 3383 uͤberreden.
2542 3351 2692 3381 Memoires
2703 3353 2737 3380 de
2748 3353 2888 3384 Beauvau,
2906 3360 2966 3387 pag.
2980 3361 3023 3384 70,
3036 3362 3078 3384 71.

2028 3387 2086 3419 Die
2096 3386 2316 3424 Unterhandlung
2328 3390 2402 3418 ward
2414 3395 2467 3417 von
2481 3389 2577 3424 beyden
2587 3388 2704 3425 Theilen
2723 3395 2931 3424 angenommen,
2952 3395 3006 3420 und
3024 3394 3074 3424 hat

2029 3426 2076 3459 ſich
2090 3426 2128 3457 im
2143 3429 2202 3460 1641
2216 3425 2308 3463 Jahre
2318 3429 2396 3464 durch
2406 3430 2456 3458 den
2468 3428 2585 3465 Vertrag
2597 3436 2627 3465 zu
2641 3429 2695 3462 St.
2708 3429 2843 3461 Germain
2860 3430 3000 3468 geendiget.
3024 3431 3076 3462 Al⸗

2030 3463 2081 3494 lein
2096 3465 2129 3494 da
2141 3465 2184 3494 der
2191 3463 2294 3501 Herzog
2307 3462 2398 3497 ſeinem
2406 3464 2577 3501 Verſprechen
2590 3465 2655 3501 nicht
2668 3464 2731 3501 nach
2737 3466 2796 3496 kam
2810 3468 2864 3496 und
2877 3466 2922 3502 ſich
2936 3468 2998 3501 auch
3004 3468 3077 3502 nicht

2029 3501 2067 3531 im
2081 3500 2194 3533 Stande
2208 3501 2260 3536 ſah,
2272 3501 2319 3535 ſich
2333 3508 2363 3536 zu
2375 3500 2507 3538 erhalten:
2525 3503 2549 3538 ſo
2563 3502 2607 3537 hat
2626 3510 2653 3532 er
2665 3501 2711 3539 ſich
2730 3508 2781 3533 mit
2800 3503 2894 3538 ſeinem
2907 3503 3079 3540 Kriegsvolke

2030 3539 2058 3568 in
2070 3538 2154 3571 ſeinen
2166 3538 2240 3569 alten
2253 3539 2352 3575 Poſten
2362 3539 2479 3576 zwiſchen
2498 3543 2535 3571 die
2547 3540 2670 3573 Sambre
2683 3543 2738 3571 und
2753 3541 2845 3578 Maaß
2858 3540 2945 3577 zuruͤck
2958 3547 3076 3577 gezogen.

2028 3572 2140 3610 „Seine
2155 3573 2358 3612 Zuruͤckziehung
2372 3574 2527 3612 wenigſtens
2539 3584 2569 3613 zu
2583 3575 2751 3614 beſchoͤnigen,
2771 3577 2817 3613 hat
2837 3584 2864 3607 er
2882 3585 2917 3608 an
2937 3580 2986 3608 den
3007 3581 3074 3610 Car⸗

2029 3612 2121 3648 „dinal
2135 3621 2187 3644 von
2199 3613 2340 3649 Richellieu
2352 3623 2425 3646 einen
2435 3608 2546 3651 Bothen
2557 3615 2729 3654 abgefertiget,
2744 3618 2798 3645 und
2811 3616 2865 3652 ihm
2879 3616 2953 3654 durch
2966 3616 3075 3654 ſelbigen

2027 3651 2189 3685 „gemeldet:
2226 3653 2277 3687 daß
2300 3652 2346 3689 ihn
2362 3653 2432 3688 nicht
2448 3656 2497 3683 das
2509 3653 2664 3689 Vorhaben,
2683 3654 2765 3689 ſeinen
2776 3654 2893 3689 Vertrag
2913 3661 2944 3691 zu
2957 3655 3072 3690 brechen,

2029 3687 2208 3725 „genoͤthiget,
2219 3690 2267 3725 ſich
2278 3689 2366 3726 zuruͤck
2378 3698 2409 3726 zu
2422 3690 2523 3726 ziehen;
2541 3691 2645 3726 ſondern
2668 3691 2719 3727 daß
2739 3694 2778 3722 die
2796 3689 2905 3729 Furcht,
2924 3692 3014 3728 welche
3032 3694 3074 3723 die

2028 3725 2123 3762 „Frau
2134 3730 2168 3758 du
2181 3728 2283 3762 Hallier
2302 3729 2347 3765 bey
2359 3727 2413 3765 ihm
2426 3733 2520 3765 erregt,
2539 3727 2586 3766 daß
2598 3737 2625 3760 er
2639 3730 2742 3761 willens
2756 3728 2834 3766 waͤre,
2849 3731 2894 3767 ihn
2908 3732 2934 3761 in
2950 3726 3076 3769 Verhaft

2027 3762 2162 3799 „nehmen
2176 3772 2208 3799 zu
2223 3765 2308 3800 laſſen,
2328 3766 2366 3795 die
2379 3766 2472 3802 einzige
2489 3765 2593 3801 Urſache
2608 3768 2693 3798 davon
2707 3765 2785 3797 waͤre.
2843 3767 2896 3804 Zur
2916 3767 3074 3803 Rechtferti⸗

2029 3807 2121 3837 „gung
2134 3803 2183 3834 daß
2196 3803 2256 3837 dieſe
2270 3803 2364 3839 Furcht
2376 3803 2443 3837 nicht
2455 3803 2633 3841 ungegruͤndet
2643 3804 2691 3841 ſey,
2703 3804 2752 3841 hat
2768 3814 2794 3836 er
2807 3805 2862 3843 ihm
2876 3808 2917 3837 ein
2930 3806 3073 3843 Briefchen

2029 3833 2207 3874 „uͤberſchickt,
2225 3838 2334 3874 welches
2351 3845 2403 3869 von
2424 3841 2467 3869 der
2487 3839 2568 3875 Hand
2583 3841 2657 3875 dieſer
2669 3840 2762 3872 Dame
2775 3848 2811 3871 an
2822 3842 2862 3871 die
2875 3841 3005 3878 Priorinn
3027 3844 3073 3872 der

2029 3873 2193 3913 „Jungfern
2205 3883 2258 3907 von
2271 3879 2313 3907 der
2327 3876 2519 3915 Congregation
2550 3874 2583 3917 zu
2575 3878 2683 3914 Nanei,
2703 3879 2832 3910 Namens
2850 3880 2988 3915 Angelica,
3007 3879 3074 3915 ſeine

2028 3913 2128 3948 „große
2135 3911 2283 3944 Vertraute
2294 3912 2454 3953 geſchrieben,
2464 3914 2598 3944 worinnen
2614 3913 2645 3951 ſie
2656 3914 2756 3951 dieſelbe
2770 3915 2879 3951 erſucht,
2897 3913 2950 3951 ihm
2963 3923 2994 3952 zu
3007 3917 3072 3946 mel⸗

2029 3952 2110 3986 „den,
2123 3951 2174 3986 daß
2186 3954 2229 3983 der
2241 3953 2387 3990 Argwohn,
2400 3957 2449 3985 den
2459 3953 2524 3988 ſeine
2537 3953 2708 3993 Auffuͤhrung
2723 3962 2758 3984 an
2771 3957 2829 3986 dem
2840 3954 2994 3993 koͤniglichen
3000 3956 3073 3994 Hofe

2029 3990 2212 4025 „verurſachte,
2225 3991 2315 4026 Anlaß
2331 3990 2402 4029 gaͤbe,
2415 3993 2464 4030 auf
2475 3991 2572 4025 Mittel
2587 3998 2617 4030 zu
2631 3993 2733 4027 denken,
2755 3994 2801 4032 ſich
2821 3994 2897 4031 ſeiner
2916 3993 3020 4032 Perſon
3040 4001 3073 4031 zu

2028 4029 2194 4066 „verſichern.
2230 4030 2291 4062 Der
2305 4029 2429 4062 Cardinal
2442 4033 2529 4061 wurde
2543 4032 2616 4067 durch
2633 4033 2671 4062 die
2684 4030 2829 4069 Kuͤhnheit,
2847 4031 2934 4067 welche
2949 4035 2988 4063 die
2998 4031 3072 4069 Frau

2029 4065 2085 4098 „du
2098 4064 2202 4100 Hallier
2215 4067 2316 4102 gehabt,
2331 4068 2389 4102 dieſe
2396 4066 2536 4101 Nachricht
2547 4075 2576 4103 zu
2588 4068 2675 4103 geben,
2688 4068 2825 4103 dermaßen
2843 4075 2901 4104 zum
2920 4068 3005 4107 Zorne
3030 4077 3074 4104 ge⸗

2029 4102 2119 4134 „reizt,
2134 4101 2183 4135 daß
2198 4095 2238 4133 ihr
2251 4101 2377 4137 Gemahl,
2389 4100 2492 4136 welcher
2505 4103 2609 4132 damals
2624 4103 2674 4132 mit
2686 4104 2729 4132 der
2750 4103 3012 4139 Wiedergewinnung
3027 4103 3074 4132 der

2028 4140 2149 4176 „kleinen
2162 4140 2253 4178 Plaͤtze
2267 4142 2295 4173 in
2310 4141 2472 4179 Lothringen,
2487 4146 2541 4173 und
2555 4146 2596 4174 der
2608 4144 2780 4180 Belagerung
2793 4151 2842 4174 von
2856 4142 2941 4180 Chate
2958 4144 3072 4184 beſchaͤff⸗

2025 4183 2113 4216 „tiget
2124 4186 2192 4214 war,
2211 4182 2286 4216 durch
2299 4183 2372 4212 einen
2386 4180 2590 4219 ausdruͤcklichen
2603 4184 2715 4221 Bothen
2730 4184 2825 4222 Befehl
2840 4192 2902 4215 vom
2916 4183 3018 4221 Koͤnige
3032 4185 3072 4216 be⸗

2026 4215 2115 4250 „kam,
2129 4217 2193 4253 ſeine
2206 4217 2372 4251 Gemahlinn
2387 4219 2414 4249 in
2436 4221 2506 4248 eines
2523 4225 2574 4247 von
2596 4218 2679 4254 ſeinen
2696 4218 2816 4255 Haͤuſern
2835 4227 2866 4257 zu
2877 4219 2996 4256 ſchicken;
3021 4222 3072 4251 den

2026 4254 2149 4289 „Major
2169 4261 2221 4285 von
2239 4257 2281 4284 der
2300 4255 2448 4292 Beſatzung
2467 4257 2495 4286 in
2513 4255 2608 4288 Nanei
2629 4264 2659 4292 zu
2679 4251 2836 4290 veraͤndern,
2858 4260 2913 4288 und
2932 4265 2966 4288 an
2989 4257 3071 4294 deſſen

2025 4291 2138 4328 „Stelle
2152 4300 2226 4323 einen
2246 4292 2499 4331 gewiſſenBelcaſtel
2521 4301 2550 4331 zu
2565 4294 2654 4330 ſetzen,
2675 4297 2715 4325 der
2735 4295 2804 4329 nicht
2812 4295 2862 4330 ſein
2883 4295 2987 4333 Freund
3006 4302 3073 4331 war,

2025 4331 2100 4366 „und
2113 4331 2192 4371 gleich
2205 4332 2268 4372 nach
2283 4332 2551 4372 Wiedergewinnung
2563 4340 2614 4366 von
2630 4333 2711 4373 Chate
2732 4331 2805 4378 nach
2823 4334 2880 4374 Hofe
2899 4342 2930 4374 zu
2943 4336 3072 4369 kommen,

3011 4380 3078 4411 und
