2356 2848
1565 460 1654 502 207

301 532 395 581 133.
444 527 576 572 Wann
596 535 675 574 aber
697 536 762 574 das
782 538 910 585 pactum
927 538 1029 584 dahin
1050 539 1171 588 gehet:
1195 533 1302 599 Daß
1320 545 1389 591 der
1412 530 1634 601 Debitor

307 600 460 652 binnen
478 606 584 653 einer
603 605 785 669 gewiſſen
803 608 894 669 Zeit
912 621 955 656 v.
979 623 1056 672 gr.
1077 613 1286 671 innerhalb
1308 640 1343 675 3.
1365 618 1533 683 Jahren
1554 627 1634 676 das

305 661 459 731 Pfand
478 669 586 728 nicht
604 667 770 736 einloͤſen
789 676 905 736 ſolle/
929 683 991 724 kan
1007 686 1064 726 der
1083 687 1231 726 Creditor
1248 697 1310 731 vor
1326 688 1556 742 Verflieſſung
1575 693 1633 734 der

304 723 505 774 beſtimmten
526 729 599 776 Zeit
619 731 667 771 die
685 731 886 783 Bezahlung
908 734 1012 777 wider
1026 739 1130 787 ſeinen
1147 740 1282 786 Willen
1307 741 1528 794 anzunehmen
1549 741 1634 811 nicht

304 776 496 831 gedrungen
504 784 669 827 werden/
695 786 800 828 damit
818 790 906 832 nicht
921 790 1022 838 deſſen
1039 794 1180 834 intereſſe
1196 799 1320 834 ratione
1337 797 1514 837 futurarum
1532 798 1632 837 uſura-

304 838 377 869 rum
387 829 440 865 vel
454 830 615 870 fructuum
625 845 658 869 ex
672 845 702 867 re
711 838 929 883 oppignorata
941 841 1222 889 pertipiendorum
1241 843 1341 892 durch
1357 847 1407 887 die
1423 843 1634 897 allzufruͤhzei⸗

302 876 366 925 tige
374 876 561 929 Einloͤſung
568 883 627 924 des
637 883 783 933 Pfands
793 889 991 930 intervertirt
1001 886 1124 933 werde/

427 942 466 979 L.
491 952 568 981 122.
584 941 638 996 pr.
647 937 700 1001 ff.
720 946 763 986 de
789 952 824 988 V.
824 952 873 989 O.
895 948 911 987 I.
934 963 977 998 43.
987 955 1014 1001 §
1027 963 1060 988 2.
1068 944 1109 1008 ff.
1123 953 1160 992 de
1168 951 1282 1005 legat.
1289 969 1324 995 2.
1333 958 1498 1008 Carpzov.
1513 960 1646 1014 Jprud.

411 991 553 1045 forenſ.
569 1002 602 1047 p.
619 1008 653 1041 2.
667 1000 703 1034 C.
722 1004 779 1042 28.
798 997 873 1049 def.
886 1014 954 1049 12.
975 1004 1124 1045 Lauterb.
1141 1006 1286 1058 Diſſert.
1302 1009 1343 1047 de
1352 1014 1434 1059 jure
1448 1011 1652 1063 antichreſ.

420 1037 474 1085 th.
486 1046 547 1083 62.

306 1108 382 1145 134.
429 1103 466 1143 es
470 1094 562 1150 waͤre
578 1096 682 1151 dann/
690 1104 783 1157 daß
766 1101 807 1157 zu
815 1106 1137 1161 Wiedereinloͤſung
1148 1118 1208 1157 des
1225 1117 1373 1163 Pfands
1385 1128 1450 1164 gar
1466 1121 1554 1165 keine
1569 1122 1646 1173 Zeit

302 1148 522 1193 anberaumet
531 1152 684 1195 worden.
731 1156 849 1201 Dann
860 1158 1022 1206 gleichwie
1035 1163 1069 1203 in
1091 1166 1196 1210 dieſen
1211 1167 1272 1209 fall
1288 1170 1362 1209 dem
1379 1172 1546 1208 Creditori
1558 1173 1644 1215 nach

300 1199 406 1244 ſeinen
421 1201 587 1246 Belieben
608 1204 659 1243 die
677 1205 820 1254 Schuld
834 1208 1176 1257 wiedereinzucaſſiren
1198 1213 1267 1259 frey
1283 1215 1415 1260 ſtehet/
1437 1219 1548 1266 jedoch
1569 1221 1641 1270 daß

300 1253 337 1286 er
344 1244 546 1296 wenigſtens
558 1252 632 1293 dem
649 1253 801 1292 Debitori
817 1256 849 1304 ſo
864 1256 925 1298 viel
938 1257 1013 1307 Zeit
1028 1258 1132 1306 laſſe/
1157 1262 1212 1301 als
1230 1267 1266 1297 er
1281 1266 1347 1306 das
1367 1258 1540 1306 Creditum
1565 1281 1642 1317 pro-

300 1298 445 1338 babiliter
457 1300 491 1342 in
500 1300 605 1350 ſeinen
612 1301 744 1353 Nutzen
753 1305 812 1354 hat
821 1310 1018 1351 verwenden
1030 1309 1183 1354 koͤnnen:
1204 1309 1285 1356 Alſo
1302 1311 1363 1353 kan
1385 1316 1543 1367 hingegen
1557 1319 1639 1368 auch

301 1338 359 1392 der
371 1343 542 1398 Debitor,
564 1355 670 1391 wann
671 1350 716 1399 es
705 1350 810 1401 ihme
819 1353 982 1409 gefaͤllig/
1002 1355 1065 1405 ſich
1070 1354 1127 1412 zur
1138 1362 1342 1416 Bezahlung
1359 1364 1541 1412 offeriren/
1567 1372 1639 1414 und

301 1400 367 1442 das
378 1398 501 1452 Pfand
510 1403 630 1445 wieder
643 1412 688 1447 an
707 1404 766 1456 ſich
784 1405 905 1459 loͤſen/
929 1409 1076 1461 woferne
1092 1413 1209 1463 ſolches
1225 1426 1291 1458 nur
1306 1417 1391 1464 nicht
1410 1420 1569 1470 ebenfalls
1586 1428 1642 1461 in-

297 1444 489 1493 tempeſtive
502 1446 705 1499 geſchiehet/
731 1454 787 1495 als
796 1460 917 1496 wann
925 1464 996 1505 zum
1004 1449 1177 1508 Exempel/
1190 1463 1246 1505 der
1256 1465 1391 1503 Debitor
1406 1475 1443 1513 zu
1458 1467 1517 1506 der
1530 1467 1636 1517 Zeit/

301 1504 341 1543 da
354 1505 412 1546 der
421 1505 577 1545 Creditor
595 1500 682 1559 durch
696 1502 794 1559 ſeine
784 1508 920 1558 Muͤh/
944 1515 1038 1563 Fleiß
1056 1517 1126 1558 und
1142 1516 1380 1565 aufgewandte
1393 1522 1555 1569 Unkoſten
1570 1530 1637 1569 den

296 1545 439 1587 fundum
439 1549 697 1593 antichreticum
707 1553 769 1605 auf
773 1555 839 1600 das
848 1556 1009 1607 allerbeſte
1019 1559 1157 1610 gebauet
1166 1564 1235 1603 und
1242 1563 1455 1615 zugerichtet/
1466 1569 1635 1619 denſelben

297 1604 361 1633 una
373 1609 448 1644 cum
456 1598 614 1641 fructibus
622 1603 725 1642 adhuc
740 1607 945 1654 pendentibus
961 1606 1096 1661 reluiren
1103 1612 1172 1653 und
1181 1611 1298 1663 mithin
1309 1627 1384 1653 cum
1392 1618 1519 1656 alterius
1540 1622 1637 1659 dam-

292 1659 330 1687 no
343 1652 413 1694 das
420 1653 544 1693 lucrum
554 1650 664 1705 davon
669 1656 820 1706 einheben
841 1662 960 1705 wollte.

385 1711 479 1758 arg.
501 1706 527 1750 l.
544 1711 608 1760 65:
620 1708 654 1769 §.
670 1725 701 1761 5.
715 1710 767 1766 ff.
771 1724 838 1763 pro
844 1718 920 1765 ſoc.
939 1729 1003 1768 arg.
1027 1717 1052 1758 I.
1079 1730 1131 1768 17.
1154 1725 1181 1767 §.
1211 1736 1244 1769 3.
1245 1721 1297 1777 ff.
1304 1726 1472 1772 commod.
1489 1725 1580 1765 Mev.
1591 1728 1633 1763 in

409 1757 541 1798 Dicuſſ.
548 1757 684 1807 levam.
698 1769 790 1805 inap.
805 1763 918 1811 debit.
939 1774 1015 1806 cap.
1033 1790 1067 1814 4.
1077 1768 1169 1809 ſect.
1189 1782 1246 1809 II.
1263 1783 1300 1807 n.
1317 1771 1379 1808 36.
1395 1769 1543 1812 Lauterb.
1560 1784 1627 1818 cit.

404 1815 549 1867 Diſſert.
554 1815 608 1859 th.
617 1824 673 1868 63.

293 1878 378 1918 135.
427 1872 636 1926 Belangend
645 1881 716 1940 aber
731 1881 815 1929 dieſe
826 1881 1042 1929 Clauſulam:
1064 1878 1172 1945 Daß
1182 1889 1250 1935 der
1269 1880 1497 1939 Debitor
1516 1887 1627 1950 nicht

293 1941 445 2005 Macht
454 1944 584 2005 haben
598 1950 727 2011 ſolle/
757 1958 818 2003 die
830 1953 997 2014 Schuld
1006 1969 1052 2018 zu
1066 1959 1335 2022 repetiren/
1354 1957 1392 2023 ſo
1392 1957 1520 2028 lange
1527 1962 1615 2028 Jh⸗

286 2016 356 2056 me
364 2012 433 2059 der
443 2005 638 2063 fundus
652 2011 1031 2077 antichreticus
1047 2026 1088 2072 in
1103 2023 1278 2081 Handen
1289 2026 1454 2089 gelaſſen
1475 2035 1614 2082 wird/

285 2081 386 2129 oder
396 2078 432 2140 ſo
444 2083 541 2148 lang
550 2089 622 2138 der
632 2079 858 2139 Debitor
868 2096 935 2142 die
947 2087 1187 2157 ſtipulirte
1205 2094 1342 2158 Zinnß
1364 2097 1614 2159 entrichtet/

289 2142 443 2192 andeſſen
454 2146 640 2200 Guͤltigkeit
650 2148 686 2196 iſt
694 2158 752 2191 um
760 2151 792 2199 ſo
801 2151 946 2201 weniger
956 2163 993 2202 zu
1000 2155 1176 2206 zweifeln/
1200 2163 1254 2201 als
1264 2161 1384 2210 ſolches
1397 2163 1526 2212 pactum
1545 2163 1613 2205 nir⸗

282 2190 392 2239 gends
392 2192 560 2243 reprobirt
570 2207 607 2247 zu
614 2196 759 2247 finden/
784 2200 865 2246 auch
873 2202 962 2247 keine
965 2206 1143 2245 ſufficiente
1161 2209 1267 2246 ration
1285 2208 1531 2262 beyzubringen
1539 2210 1607 2261 iſt/

279 2238 412 2284 worinn
423 2242 520 2291 dieſer
529 2255 735 2284 convention
744 2246 829 2293 nicht
837 2249 1044 2301 nachgelebet
1056 2253 1188 2298 werden
1203 2255 1287 2306 ſolle.

377 2289 482 2332 Faber,
490 2293 532 2329 in
543 2292 616 2341 Cod.
630 2290 691 2333 lib.
702 2304 736 2336 8.
745 2297 807 2334 tit.
818 2307 880 2340 22.
889 2296 963 2353 def.
974 2302 1009 2337 6.
1018 2311 1054 2350 7.
1069 2310 1106 2344 8.
1131 2302 1224 2351 Mev.
1249 2303 1285 2343 d.
1301 2313 1378 2357 cap.
1399 2321 1422 2356 4
1432 2304 1530 2359 ſect.
1548 2315 1606 2355 11.

371 2352 472 2381 num.
475 2357 537 2391 37.
547 2346 694 2389 Lauterb.
701 2347 769 2391 c.l.

279 2390 370 2433 136.
410 2388 564 2440 Zuweiln
580 2392 749 2447 geſchiehet
761 2400 831 2449 es/
855 2397 929 2450 daß
937 2400 1023 2446 einer
1032 2402 1107 2447 dem
1119 2404 1249 2450 andern
1258 2416 1293 2457 zu
1315 2402 1496 2463 Abfuͤhrung
1511 2410 1599 2452 derer

1615 2425 1644 2457 in
1661 2428 1793 2464 Handen

1642 533 1696 566 De
1697 531 1833 575 Clau-

1636 577 1731 611 ſula:
1742 580 1831 611 Daß

1642 617 1691 665 der
1702 623 1800 646 Debi-

1640 664 1686 697 tor
1697 657 1728 695 in
1744 664 1827 704 einer

1643 686 1778 741 gewiſſen

1652 736 1717 777 Zeit
1727 741 1789 777 das

1652 777 1788 814 Pfand

1648 816 1718 855 nicht
1731 808 1823 857 einloͤ⸗

1648 857 1694 897 ſen
1709 855 1821 896 ſolle.

1634 1894 1672 1950 De
1684 1906 1770 1938 Clau-

1626 1953 1710 1989 ſula:
1705 1951 1796 1998 Die

1625 1989 1746 2030 Schuld

1626 2039 1706 2073 nicht
1715 2040 1753 2068 zu
1753 2040 1813 2066 re-

1615 2077 1743 2114 petiren/
1752 2079 1785 2113 ſo

1619 2110 1697 2149 lang
1710 2112 1761 2145 der

1620 2152 1777 2185 Debitor

1620 2185 1665 2221 die
1673 2185 1777 2225 Zinnß

1617 2227 1784 2262 entrichtet.

1615 2271 1686 2303 oder
1693 2274 1751 2305 den

1615 2305 1738 2346 fundum

1615 2345 1759 2383 antichret.

1615 2388 1666 2410 den
1690 2390 1785 2414 Credit.

1541 2453 1704 2508 auflaͤſſet.
