2677 3950
1108 500 1242 545 Allein
1262 503 1307 544 es
1322 496 1415 552 ſolte
1425 500 1497 549 der
1507 497 1767 559 Gegenſetzer
1782 502 1903 558 allhie
1925 499 2093 561 zuruͤcke
2129 510 2175 555 in
2201 512 2277 560 den
2288 510 2428 557 Aƈten

996 552 1066 608 ſich
1075 555 1208 610 haben
1232 555 1411 611 erſehen/
1422 560 1473 621 ſo
1480 553 1638 615 wuͤrde
1655 571 1702 610 er
1720 561 1928 618 befunden
1938 566 2096 621 haben/
2115 567 2194 621 daß
2207 574 2278 618 der
2290 571 2434 625 Graff

994 610 1066 661 ſich
1077 613 1173 664 auff
1174 610 1378 669 zwiefache
1394 605 1671 664 inveſtituram
1681 608 1853 678 berufft/
1864 619 2032 673 nemlich
2044 623 2117 669 des
2134 617 2428 680 hochſeeligſten

996 674 1146 723 Herrn
1169 670 1515 718 Adminiſtratorn
1533 678 1625 722 und
1645 667 1961 736 Ehrwuͤrdigen
1991 680 2336 742 Dom⸗Capitels
2352 688 2427 737 des

996 728 1216 782 Ertzſtiffts
1233 727 1541 788 Magdeburg/
1572 731 1687 783 Nun
1685 729 1811 797 ſeynd
1835 733 1932 783 aber
1959 735 2007 785 in
2021 736 2277 797 Saͤchſiſchen
2291 732 2429 797 Lehn⸗

994 785 1155 840 “Recht
1172 799 1247 841 cap.
1253 800 1310 835 32.
1328 785 1610 844 nachfolgende
1624 789 1756 852 Wort
1764 783 1972 851 eigentlich
1982 805 2031 850 zu
2041 798 2154 851 leſen.
2211 800 2358 850 Wenn
2373 800 2427 854 ſie

993 842 1092 894 “ſich
1111 847 1210 890 aber
1227 844 1398 895 theilen/
1416 844 1459 896 ſo
1477 844 1552 900 hat
1562 842 1628 910 ihr
1636 850 1772 897 keiner
1789 846 1868 896 kein
1909 842 2025 903 Recht
2039 852 2161 909 mehr
2177 864 2235 903 an
2250 857 2324 905 des
2350 864 2427 903 an⸗

992 899 1124 949 “dern
1136 894 1277 946 Theil/
1289 895 1339 937 ob
1350 897 1422 939 der
1434 897 1564 944 ander
1575 894 1746 956 ſtirbet/
1767 899 1880 954 ihme
1897 899 1959 957 ſey
1974 903 2082 949 denn
2092 906 2327 955 anderweit
2341 901 2424 959 das

976 947 1213 1001 “Gedinge
1226 955 1311 1011 und
1330 951 1611 1008 Anwartung
1621 959 1758 1004 daran
1772 944 1973 1014 geliehen/
1984 968 2035 1006 ꝛc.
2062 962 2139 1015 daß
2152 962 2231 1020 alſo
2243 965 2301 1016 die
2316 955 2425 1012 neue

989 1007 1270 1065 Verleihung
1291 1008 1488 1071 vermoͤge
1514 1016 1583 1061 der
1618 1014 1976 1074 Sachſen⸗Rechte
2003 1020 2209 1080 geſchehen
2242 1024 2425 1077 koͤnnen/

981 1076 1119 1115 prout
1140 1067 1226 1102 ſatis
1250 1066 1410 1118 prolixe
1435 1078 1485 1108 de
1504 1072 1584 1110 hoc
1599 1081 1730 1123 capite
1747 1062 1938 1115 diſſerunt
1981 1076 2136 1119 Hartm.
2155 1078 2283 1132 Piſtor.
2303 1077 2367 1120 lib.
2385 1089 2423 1117 2.

991 1125 1109 1174 quæſt.
1118 1132 1167 1162 19.
1178 1133 1220 1167 p.
1226 1134 1260 1180 p.
1271 1142 1310 1173 n.
1312 1142 1369 1183 53.
1375 1134 1439 1169 54.
1452 1139 1486 1180 &
1500 1126 1582 1179 ſeq.
1639 1135 1728 1168 Item
1745 1125 1863 1181 quæſt.
1886 1129 1937 1166 20.
1952 1142 1992 1172 n.
2004 1144 2064 1176 34.
2088 1130 2122 1172 &
2137 1134 2288 1189 Modeſt.
2298 1136 2422 1188 Piſtor.

993 1182 1193 1231 Conſil.40.
1210 1190 1303 1230 n.35.
1362 1183 1460 1223 Und
1473 1182 1631 1232 dahero
1642 1183 1716 1224 der
1724 1181 1850 1238 Herr
1856 1179 1986 1237 Graf
1986 1175 2069 1239 zur
2069 1175 2327 1243 Revocation
2338 1184 2424 1231 feu-

974 1232 1031 1270 di
1048 1240 1100 1284 zu
1111 1232 1362 1285 verſtatten/
1389 1237 1555 1287 Fachſius
1576 1233 1620 1276 d.
1637 1237 1663 1280 l.
1677 1249 1720 1279 n.
1735 1250 1805 1281 1.2.
1818 1237 1865 1280 &
1878 1245 1930 1289 3.
1950 1251 2100 1282 verum
2115 1242 2249 1288 refuſo
2272 1235 2423 1302 pretio,

980 1284 1184 1336 quoniam
1205 1292 1314 1346 binæ
1332 1294 1409 1338 illæ
1422 1296 1681 1341 Inveſtituræ
1695 1301 1775 1346 pro
1793 1289 1914 1334 nudis
1932 1286 2056 1352 novis,
2076 1303 2184 1349 atque
2203 1310 2258 1339 ex
2265 1302 2419 1352 gratio-

988 1350 1029 1400 ſa
1029 1349 1336 1405 condonatione
1355 1353 1389 1393 &
1408 1348 1697 1395 convenientia
1711 1347 1812 1391 ortis
1827 1343 2042 1393 habentur.
2072 1351 2236 1405 Fachſius
2257 1356 2297 1400 d.
2322 1368 2418 1400 conſ.

992 1417 1058 1450 10.
1111 1409 1259 1457 Atque
1272 1409 1356 1448 Dd.
1364 1409 1492 1450 noſtri
1505 1406 1712 1464 tradunt;
1754 1409 1796 1454 Si
1805 1408 1856 1453 de
1865 1422 1981 1455 nouo
1997 1412 2210 1460 Dominus
2225 1429 2249 1458 a
2261 1418 2418 1463 Vaſallo

984 1458 1220 1502 fidelitatem
1229 1467 1412 1513 recipiat,
1423 1475 1610 1515 eumque
1628 1463 1827 1513 inveſtiat,
1845 1461 2020 1511 feudum
2036 1467 2127 1514 fieri
2145 1482 2308 1514 novum
2319 1483 2421 1526 quo-

980 1517 1032 1556 ad
1048 1517 1140 1559 hos,
1152 1520 1228 1574 qui
1251 1517 1443 1578 feloniam
1470 1522 1786 1584 commiſerunt,
1830 1516 1957 1575 Zaſius
1971 1526 2010 1567 in
2023 1528 2137 1571 traƈt.
2145 1530 2258 1583 feud.
2276 1530 2312 1580 §.
2332 1542 2344 1577 3
2373 1542 2418 1574 n.

979 1583 1011 1614 1.
1047 1572 1206 1615 Schrad.
1223 1574 1338 1619 traƈt.
1341 1574 1462 1631 feud.
1467 1586 1754 1631 p.2.c.3.n.34.
1811 1581 1980 1637 Roſenth.
2006 1584 2048 1625 in
2057 1586 2135 1627 eod.
2150 1586 2266 1630 traƈt.
2283 1596 2365 1642 cap.
2381 1597 2417 1635 2.

979 1634 1134 1680 concluſ.
1149 1639 1197 1677 17.
1206 1640 1248 1682 &
1269 1637 1321 1676 18.
1391 1632 1545 1689 Neque
1557 1634 1680 1677 ullam
1700 1636 1879 1692 antiquæ
1894 1636 2144 1684 ſimultaneæ
2169 1642 2422 1689 inveſtituræ

978 1692 1140 1740 ſapiunt
1157 1691 1372 1734 naturam,
1399 1691 1582 1746 alioquin
1603 1694 1839 1739 Generoſus
1854 1696 2064 1741 Dominus
2082 1700 2240 1743 Comes
2249 1701 2417 1743 univer-

978 1749 1043 1785 ſos
1070 1751 1112 1784 &
1132 1747 1316 1800 ſingulos
1327 1747 1478 1796 caſus,
1506 1748 1794 1805 cujuscunque
1826 1754 2065 1800 mutationis
2096 1758 2181 1802 ſive
2211 1771 2264 1802 ex
2281 1770 2418 1804 morte

978 1807 1066 1838 tam
1083 1806 1369 1843 Dominorum
1387 1813 1518 1856 quam
1535 1806 1815 1856 Vaſallorum,
1838 1804 1922 1850 ſive
1955 1821 2007 1852 ex
2032 1811 2246 1861 diviſione,
2262 1811 2344 1855 ſive
2363 1826 2417 1857 ex

977 1861 1302 1912 permutatione,
1320 1861 1405 1902 ſive
1418 1862 1589 1905 aliunde
1607 1856 1845 1914 extiterint,
1873 1864 2055 1921 legitima
2073 1869 2170 1912 ſerie
2187 1868 2359 1926 allegare
2373 1873 2418 1916 &

972 1916 1160 1965 quolibet
1169 1917 1258 1960 caſu
1273 1917 1541 1960 coniunƈtam
1553 1928 1730 1968 manum
1747 1919 1890 1965 ſartam
1911 1923 2064 1968 teƈtam
2088 1924 2315 1978 ſervatam,
2344 1940 2418 1969 ne-

979 1966 1063 2022 que
1075 1971 1265 2026 unquam
1279 1979 1460 2033 ruptam,
1469 1985 1516 2017 ut
1549 1977 1571 2019 &
1593 1972 1881 2023 ſimultaneam
1898 1980 2176 2026 inveſtituram
2197 1995 2429 2039 nunquam

979 2021 1214 2078 negleƈtam
1219 2027 1323 2077 eſſe,
1330 2019 1507 2086 legitime
1529 2033 1563 2091 &
1585 2024 1826 2091 ſufficienter
1848 2033 2016 2091 probare
2030 2046 2194 2083 renetur
2205 2039 2244 2083 d.
2260 2045 2345 2082 Art.
2355 2055 2417 2090 32.

977 2079 1134 2138 Conſtit.
1149 2079 1270 2128 Eleƈt.
1277 2086 1354 2134 44.
1361 2090 1399 2137 §.
1411 2085 1604 2139 Gleicher
1609 2082 1769 2143 geſtalt/
1782 2081 1836 2143 ꝛc.
1860 2086 1998 2141 Hartm.
2011 2097 2096 2148 Piſt.
2106 2097 2158 2138 lib
2184 2105 2359 2151 2.p.p.q.
2369 2109 2419 2144 19.

977 2137 1082 2179 n.58.
1096 2132 1122 2172 &
1147 2121 1247 2184 ſeqq.
1264 2130 1411 2188 Modeſt.
1419 2133 1504 2189 Piſt.
1513 2134 1646 2192 conſ.5.
1657 2138 1752 2188 n.II.
1752 2138 1855 2198 cum
1855 2137 1963 2199 ſeqq.
1982 2145 2029 2187 &
2042 2140 2165 2196 conſil.
2173 2158 2241 2191 40.
2250 2154 2354 2194 n.34.
2366 2151 2415 2193 &

971 2184 1023 2235 36.
1032 2191 1110 2226 vol.
1121 2201 1151 2226 2.
1174 2192 1329 2232 Hartm.
1335 2188 1475 2242 Piſtor.
1491 2190 1533 2232 d.
1547 2188 1626 2234 lib.
1624 2195 1655 2238 2.
1681 2205 1720 2245 q.
1733 2205 1786 2231 20.
1799 2203 1840 2244 p.
1859 2195 1900 2244 p.
1912 2208 1935 2233 n.
1970 2211 2027 2243 23.
2086 2196 2285 2253 Weſenbec.
2300 2204 2416 2260 conſil.

974 2264 1033 2290 41.
1052 2252 1171 2288 n.166.
1199 2244 1341 2289 Schrad.
1356 2241 1467 2304 traƈt.
1473 2247 1577 2304 feud.
1591 2260 1672 2303 cap.
1688 2266 1715 2293 1.
1724 2261 1766 2304 p.
1775 2254 1805 2290 6.
1819 2265 1861 2295 n.
1877 2265 1913 2302 7.

1081 2305 1194 2363 Und
1218 2306 1325 2361 irret
1338 2301 1467 2359 nicht/
1481 2299 1562 2347 daß
1573 2309 1767 2352 Fachſius
1775 2304 1813 2350 d.
1822 2314 1891 2347 loc.
1904 2310 2014 2343 num.
2031 2304 2088 2348 13.
2108 2295 2311 2358 ſchreibet/
2320 2316 2415 2349 cum

971 2375 1074 2413 ergo
1092 2369 1132 2408 in
1139 2365 1238 2402 caſu
1255 2365 1408 2414 noſtro,
1435 2364 1539 2407 Otth.
1548 2366 1631 2414 aL.
1653 2363 1892 2413 ſimultanee
1911 2367 2038 2416 fuerit
2056 2373 2099 2415 in
2115 2371 2296 2427 veſtitus,
2310 2375 2333 2418 &
2359 2376 2415 2420 ita

967 2420 1180 2476 mediante
1201 2422 1446 2479 inveſtitura
1464 2425 1520 2480 ſit
1519 2422 1652 2476 faƈtus
1668 2423 1864 2471 ſucceſſor
1878 2430 1922 2473 in
1936 2425 2078 2476 feudo,
2094 2430 2241 2483 utique
2246 2426 2294 2480 in
2308 2445 2414 2486 præ-

967 2472 1170 2516 indicium
1181 2474 1276 2517 eius
1278 2470 1478 2526 feudum
1478 2475 1653 2528 alienari
1653 2477 1746 2529 non
1746 2475 1921 2532 poterit,
1928 2481 1970 2528 &
1970 2481 2312 2539 quandocunque
2324 2490 2414 2530 iure

970 2523 1237 2567 ſuccesſionis
1255 2523 1310 2565 ad
1322 2527 1425 2567 eum
1444 2518 1691 2584 devolvitur,
1710 2521 1859 2585 poterit
1871 2533 2068 2576 revocare
2079 2546 2133 2576 ex
2151 2537 2241 2576 iure
2249 2535 2318 2580 ſibi
2335 2550 2412 2595 per

966 2581 1252 2628 inveſtituram
1271 2574 1453 2635 quæſito,
1470 2575 1591 2626 nullo
1591 2577 1694 2628 dato
1710 2586 1853 2633 precio
1864 2587 1954 2632 &c.

1081 2638 1219 2684 Denn
1250 2635 1296 2680 in
1316 2630 1658 2693 gegenwaͤrtigen
1673 2635 1766 2694 Fall
1782 2632 1850 2687 ein
1864 2639 2240 2702 Handgreifflicher
2266 2650 2409 2699 merck⸗

965 2694 1084 2743 licher
1094 2692 1356 2745 Unterſcheid
1376 2687 1440 2748 iſt/
1460 2690 1557 2740 weil
1572 2706 1627 2738 ex
1644 2694 1743 2740 aƈtis
1756 2695 1847 2744 und
1857 2697 1932 2744 der
1942 2698 2423 2762 Pfandverſchreibung

965 2753 1073 2799 auch
1073 2752 1364 2803 angefuͤhrten
1379 2747 1594 2793 conſenſen
1608 2754 1771 2796 notorie
1786 2743 1865 2799 vor
1872 2752 2042 2808 Augen/
2052 2752 2131 2811 daß
2141 2760 2200 2807 die
2211 2760 2410 2810 Seebur⸗

970 2812 1088 2861 giſche
1100 2804 1567 2873 Pfandverſchreibung
1584 2812 1641 2865 (a)
1649 2812 1742 2873 und
1750 2807 1925 2868 darauff
1935 2812 2104 2875 erfolgte
2120 2819 2288 2867 conſens
2310 2820 2445 2871 weit

2338 2879 2412 2922 ehe

963 2922 1022 2978 (a)
1054 2932 1152 2968 Daß
1176 2936 1232 2960 der
1243 2922 1339 2974 uͤber
1349 2920 1416 2972 das
1434 2918 1543 2970 Ambt
1573 2914 1749 2960 Seeburg
1774 2922 1880 2949 Anno
1895 2922 1992 2965 1574.
2008 2920 2161 2967 zwiſchen
2186 2920 2289 2971 Graf
2308 2922 2411 2967 Chri⸗

1071 2977 1164 3019 ſtoph
1181 2978 1220 3019 zu
1236 2969 1429 3022 Manßfeld
1429 2975 1513 3024 und
1530 2975 1632 3015 Cuno
1648 2977 1761 3028 Hahn
1787 2976 2030 3027 auffgerichtete
2061 2983 2227 3024 Contraƈt
2253 2983 2340 3029 nicht
2354 2986 2411 3027 ein

1066 3024 1278 3060 Contraƈtus
1288 3025 1538 3072 pignoratitius,
1549 3024 1688 3075 ſondern
1698 3028 1747 3067 ein
1758 3026 2122 3081 Wieder⸗Kauff⸗und
2150 3037 2271 3083 wahrer
2286 3026 2408 3089 Kauff⸗

1065 3075 1234 3118 Contraƈt
1250 3076 1318 3131 ſey/
1333 3076 1456 3134 ſolches
1472 3078 1513 3134 iſt
1530 3083 1564 3124 in
1586 3080 1713 3126 Libello
1727 3085 1957 3134 gravaminum
1973 3087 2007 3131 d.
2027 3097 2071 3136 11,
2084 3088 2207 3141 Aprilis
2223 3099 2324 3137 1709.
2346 3106 2405 3133 ex-

2292 3136 2402 3181 hibito
