1659 2303
188 460 344 504 Glocken
369 456 560 512 geſchehen.
637 460 722 503 Wo
751 466 789 500 es
816 463 884 501 das
911 460 1005 502 Land
1032 460 1103 500 und

188 509 337 553 Wetter
358 504 516 557 zulaͤſſet,
543 505 666 556 moͤgen
688 509 730 557 ſie
752 509 787 548 in
806 511 874 551 das
896 508 995 552 weite
1012 507 1100 557 Feld

186 558 345 605 verſetzet,
384 553 422 601 es
416 557 497 601 muß
520 557 602 601 aber
624 559 674 599 die
693 559 783 604 Erde
806 558 904 608 wohl
920 557 1102 609 gebeſſert,

186 609 259 648 und
278 606 381 649 darzu
398 604 539 648 bereitet
557 607 709 647 werden.

235 661 295 708 Jn
303 651 367 707 der
377 653 532 709 Gegend
548 659 668 711 Paris
683 658 829 708 verſetzet
844 670 928 701 man
951 660 1103 710 dieſelbi⸗

184 722 239 758 ge,
252 715 316 756 wie
333 714 461 765 folget:

237 770 339 816 Man
357 768 453 820 hebet
473 770 524 812 die
538 768 686 820 Pflanze
704 772 796 816 aus,
816 766 942 815 ſammt
959 770 1017 810 der
1038 770 1102 810 da⸗

186 829 254 862 ran
274 818 479 868 hangenden
496 816 609 870 Erde,
628 819 662 868 ſo
682 819 747 861 viel
769 831 851 862 man
870 821 955 869 kan,
974 821 1007 861 in
1026 822 1102 861 dem

185 873 308 923 Beet,
335 882 392 916 wo
417 883 501 916 man
522 873 565 922 ſie
585 866 656 917 will
678 869 787 923 geſetzt
810 872 942 922 haben,
970 872 1103 920 machet

186 931 274 964 man
292 925 345 967 ein
358 923 458 974 Loch,
476 922 510 969 ſo
532 924 618 974 groß
644 930 683 966 es
691 921 915 973 vonnoͤthen,
941 935 1001 964 um
1023 923 1103 973 fuͤg⸗

187 972 253 1019 lich
280 973 332 1017 die
375 964 602 1023 ausgehobene
639 964 798 1023 Pflanzen
835 975 904 1014 und
933 973 1105 1023 Erdſcholl

184 1019 310 1072 darein
328 1029 365 1060 zu
382 1018 502 1070 legen,
526 1017 620 1067 fuͤllet
638 1024 705 1063 das
724 1018 843 1079 uͤbrige
861 1018 942 1069 Loch
959 1019 1022 1060 mit
1044 1021 1104 1061 der

187 1058 306 1109 Erden
333 1064 401 1119 des
426 1068 548 1115 Beets
580 1064 649 1115 ſatt
673 1075 725 1115 zu.
789 1066 926 1115 Jedoch
957 1066 1018 1114 bey
1045 1078 1104 1105 12.

179 1095 303 1165 Schuh
327 1111 429 1161 breit
445 1113 516 1151 eine
533 1117 601 1150 von
616 1115 675 1150 der
690 1115 835 1150 andern.

238 1175 498 1223 Siebendens:
519 1177 632 1232 Dieſe
647 1176 861 1228 Verſetzung
878 1175 954 1225 ſolle
975 1176 1105 1227 geſche⸗

188 1218 255 1269 hen
278 1217 341 1271 bey
363 1223 502 1273 ſchoͤnen
522 1225 597 1263 und
620 1231 777 1264 warmen
799 1227 967 1266 Wetter,
989 1227 1101 1271 jedoch

190 1275 282 1328 nicht
305 1277 339 1319 in
360 1274 565 1328 waͤhrender
584 1276 706 1326 Hitze,
730 1279 825 1319 dann
848 1287 886 1320 es
910 1273 1030 1320 wuͤrde
1053 1278 1105 1320 die

189 1325 293 1378 junge
306 1328 456 1381 Pflanze
472 1322 681 1379 ſchwaͤchen,
703 1327 844 1377 ſondern
867 1339 950 1372 man
974 1329 1041 1372 kan
1065 1335 1103 1371 es

187 1380 375 1431 verrichten
396 1381 448 1426 ein
472 1388 564 1428 paar
579 1370 716 1426 Stund
734 1388 796 1425 vor
817 1380 1026 1430 Untergang
1043 1380 1102 1421 der

188 1427 367 1476 Sonnen.

239 1491 415 1540 Achtens:
436 1492 547 1542 Sehr
557 1492 775 1541 erforderlich
791 1494 849 1542 iſt,
865 1493 934 1542 daß
950 1502 1053 1542 man,
1071 1491 1105 1539 ſo

188 1534 273 1580 bald
293 1538 344 1583 die
358 1538 531 1593 Pflanzen
550 1534 697 1586 verſetzet
717 1536 836 1585 ſeynd,
856 1539 1001 1586 zugleich
1019 1538 1105 1585 ſelbe

188 1591 253 1633 mit
267 1594 370 1634 denen
385 1590 540 1637 Glocken
555 1591 702 1641 zudecke,
718 1592 786 1633 und
801 1592 912 1633 damit
926 1591 977 1633 die
990 1591 1103 1636 Son⸗

189 1649 232 1683 ne
246 1643 287 1689 ſie
297 1642 385 1685 nicht
395 1641 550 1696 allzufaſt
560 1641 656 1693 koche
669 1643 739 1685 und
749 1640 1007 1691 ausſauge,kan
1018 1651 1102 1683 man

187 1684 273 1733 uͤber
283 1681 491 1737 dieGlocken
504 1687 610 1738 einige
620 1685 875 1738 Strohwaͤnde
885 1688 1102 1737 vorſchuͤtzen.

188 1735 289 1784 Das
302 1737 550 1789 bequemlichſte
560 1738 619 1789 iſt,
635 1748 735 1781 wenn
745 1736 828 1787 dieſe
839 1739 1104 1788 Stroh⸗Bret⸗

189 1796 253 1839 ter,
274 1793 326 1836 wie
342 1796 395 1837 ein
405 1793 517 1842 Dach
537 1794 606 1844 auf
614 1794 685 1839 vier
695 1792 868 1847 Pfaͤhlen,
882 1792 1031 1837 daruͤber
1045 1803 1104 1843 ge⸗

191 1834 296 1880 bauet
305 1841 465 1888 werden;
474 1838 570 1879 dann
582 1840 756 1887 gleichwie
767 1848 851 1880 man
861 1842 913 1880 die
917 1841 1102 1889 Pflanzen,

184 1882 222 1937 ſo
235 1887 330 1941 wohl
350 1895 413 1934 vor
422 1885 518 1942 Hitze
538 1889 597 1932 als
611 1888 717 1935 Kaͤlte
734 1891 918 1939 bewahren
936 1894 1019 1939 will,
1031 1892 1103 1935 alſo
