1799 2609
369 192 516 247 Stan

928 179 1087 228 Stan

1196 181 1288 232 277

196 296 409 336 Stankeiten,
427 291 509 336 ſiehe
529 291 719 335 Schwilpen
735 288 800 329 und
819 288 982 330 Stankus.

196 348 366 392 Stanken,
393 343 441 389 ein
442 340 663 384 Erbfreidorf
682 338 769 374 unter
788 334 857 371 dem
880 336 968 369 Amte
983 318 1208 366 Georgenburg
1233 299 1285 357 im

243 391 513 440 Jnſterburgſchen
524 386 654 437 Kreiſe,
659 386 761 428 hatte
774 386 812 421 A.
823 387 886 426 83.
906 394 927 427 9
943 384 1071 426 Feuerſt.

198 444 406 487 Stankowo,
427 442 473 478 ein
487 436 600 483 koͤnigl.
612 432 711 475 Dorf
725 431 762 472 im
790 432 979 462 Koſtenſchen
995 432 1115 461 Kreiſe,
1133 415 1245 459 hatte
1242 416 1277 458 A.

209 498 301 537 97.
317 499 372 529 10
398 492 535 532 Rauchf.

203 544 235 582 1.
265 538 419 581 Stankas
432 548 580 573 Budwig,
613 541 686 565 oder
703 525 912 565 Stankeiten,
945 528 993 551 ein
1017 515 1183 556 koͤlmiſches
1198 522 1285 553 Dorf

250 590 341 613 unter
362 586 430 612 dem
466 580 552 617 Amte
578 569 719 625 Proͤckuls
736 575 781 617 im
803 569 1072 616 Jnſterburgſchen
1088 569 1214 610 Kreiſe,
1241 576 1284 603 an

209 636 302 670 der
313 630 508 675 Wewirsze,
520 627 610 673 hatte
637 624 669 676 A.
676 626 728 673 83
747 631 783 675 7
796 624 980 670 Feuerſt.

204 685 251 725 2.
268 677 415 721 Stankus
433 675 600 717 Schmidt,
626 673 700 713 oder
716 666 945 709 Stankarren,
969 658 1017 681 ein
1032 642 1145 687 koͤnigl.
1162 653 1285 680 Bauer⸗

203 729 323 754 dorf
348 730 436 753 unter
468 725 535 749 dem
558 722 650 750 Amte
668 711 930 755 Klemmenhof
914 711 957 756 im
982 714 1154 751 genannten
1176 705 1288 748 Kreiſe,

203 783 339 824 hatte
357 790 379 822 3
394 779 527 822 Feuerſt.

204 833 471 886 Stannaitſchen,
483 828 533 853 ein
535 817 647 851 koͤnigl.
662 811 847 853 Bauerdorf
847 810 891 851 im
916 803 1168 844 Jnſterburgſchen
1183 800 1290 842 Kreiſe,

247 868 302 913 an
302 866 369 912 der
393 863 483 914 Piſſa,
518 861 602 912 hatte
627 864 662 900 A.
680 864 735 901 83.
762 865 777 889 1
796 852 972 897 Ziegelei,
982 856 1014 896 35
1036 847 1195 895 Feuerſt.,
1209 849 1288 888 und

203 925 291 968 iſt
312 928 364 960 der
390 926 458 967 Sitz
471 926 556 959 des
561 907 809 944 Domaͤnenamts
826 899 952 939 gleiches
975 897 1153 937 Namens,
1167 894 1292 935 welches

207 978 342 1011 unter
366 973 425 1007 das
437 958 512 1001 erſte
531 955 701 995 Juſtizamt
720 951 893 993 Gumbinnen
912 944 1037 988 gehoͤrt;
1059 949 1092 979 es
1108 943 1249 986 enthielt
1253 937 1292 982 im

235 1007 428 1043 genannten
434 1004 541 1047 Jahre
541 1003 571 1046 2
577 1001 748 1040 Vorwerke
756 1002 819 1035 und
842 1009 877 1040 29
881 998 1006 1040 Doͤrfer
1018 997 1072 1031 mit
1089 1004 1139 1036 421
1149 994 1291 1035 Feuerſt.,

247 1054 323 1101 and
336 1044 459 1098 gehoͤrte
470 1058 505 1090 zu
523 1053 590 1083 dem
601 1049 729 1082 Kanton
745 1047 799 1080 des
818 1037 1169 1086 Jnfanterieregiments
1184 1036 1233 1082 Nr.
1246 1047 1293 1077 11.

202 1096 320 1150 Jm
335 1102 460 1148 Bezirke
478 1101 539 1151 des
542 1097 638 1151 Amts
654 1094 718 1144 ſind
719 1095 759 1143 2
759 1090 858 1151 kleine
874 1087 985 1139 Seen.

207 1149 444 1199 Stannathen,
461 1141 550 1197 ſieht
565 1139 673 1192 Nickel
673 1137 784 1190 I.

212 1199 389 1248 Stannen,
420 1199 470 1239 ein
486 1203 613 1231 melirt.
624 1195 707 1229 Dorf
720 1178 785 1210 und
800 1165 1104 1227 Schweigerkolonie
1123 1173 1221 1217 unter
1227 1167 1296 1210 dem

245 1245 351 1287 Amte
365 1243 559 1281 Dinglaufen
576 1241 628 1280 im
645 1230 910 1279 Jnſterburgſchen
923 1226 1045 1265 Kreiſe,
1072 1216 1109 1260 an
1126 1224 1185 1273 der
1203 1212 1301 1274 Ange⸗

259 1306 339 1339 rav,
353 1304 443 1334 hatte
454 1303 494 1333 A.
512 1302 558 1325 83.
580 1302 601 1328 5
616 1289 752 1327 Feuerſt.

210 1357 420 1383 Stanomin,
451 1352 502 1374 ein
512 1350 574 1372 abl.
590 1345 673 1367 Dorf
697 1342 758 1370 und
778 1336 925 1367 Vorwerk
940 1333 978 1360 im
1009 1322 1298 1358 Jnowraclawſchen

264 1403 379 1430 Kreiſe,
401 1401 488 1427 hatte
504 1397 528 1427 1
542 1392 758 1422 Windmuͤhle,
787 1386 815 1419 7
833 1385 978 1416 Feuerſt.,
1003 1382 1078 1408 und
1087 1376 1216 1404 gehoͤrte
1227 1374 1296 1394 dem

254 1444 303 1485 v.
302 1436 486 1485 Wolski.

209 1484 530 1527 Stanomskawola,
545 1486 600 1516 ein
601 1487 672 1515 adl.
694 1480 819 1512 Vorwerk
845 1472 888 1500 im
902 1465 1074 1503 genannten
1082 1461 1194 1499 Kreiſe,
1209 1456 1302 1497 hatte

269 1541 287 1567 8
308 1532 438 1570 Feuerſt.
460 1526 525 1566 und
536 1522 654 1571 gehoͤrte
672 1512 865 1568 demſelben.

212 1597 257 1627 1.
270 1581 469 1627 Stanowiz,
483 1583 537 1614 ein
550 1570 640 1618 Dorf
651 1569 695 1609 im
712 1566 833 1608 Olauer
838 1565 958 1604 Kreiſe,
976 1563 1012 1609 ½
1015 1559 1125 1596 Meile
1130 1559 1187 1597 von
1208 1553 1301 1593 Olau,

270 1628 352 1673 hatte
381 1628 395 1659 A.
414 1630 483 1657 82.
513 1628 548 1659 13
564 1620 716 1659 Bauern,
755 1626 791 1656 19
803 1609 970 1655 Gaͤrtner,
998 1607 1028 1649 6
1042 1613 1207 1657 Haͤusler,
1221 1617 1299 1650 259

279 1675 479 1714 Einwohner,
502 1675 581 1708 und
608 1676 730 1708 gehoͤrte
761 1674 826 1699 dem
858 1657 1067 1693 Vincenzſtifte
1089 1661 1127 1692 zu
1150 1651 1301 1686 Breslau.

269 1731 362 1762 Man
362 1715 462 1761 graͤbt
476 1715 543 1761 hier
561 1706 655 1760 Torf,
674 1711 733 1759 und
750 1709 795 1746 die
805 1705 994 1749 Einwohner
1008 1708 1107 1741 bauen
1123 1693 1225 1751 Roͤthe
1243 1704 1302 1745 und

269 1776 413 1805 Toback.

205 1815 263 1861 2.
270 1813 482 1863 Stanowiz,
496 1810 544 1839 ein
565 1807 635 1853 adl.
658 1806 699 1850 Gut
714 1804 776 1841 und
795 1799 875 1840 Dorf
898 1799 937 1848 im
955 1797 1185 1843 Rattiborſchen
1193 1795 1305 1838 Kreiſe,

272 1867 356 1892 hatte
380 1864 415 1882 A.
441 1866 495 1888 83.
519 1861 565 1881 ein
581 1850 769 1888 herrſchaftl.
790 1848 1004 1886 Wohnhaus,
1035 1854 1049 1881 1
1065 1831 1238 1881 Vorwerk,
1265 1849 1304 1873 10

275 1914 425 1948 Bauern,
467 1912 506 1949 12
515 1905 717 1945 Gaͤrtner,
705 1905 726 1946 4
737 1898 889 1945 Haͤusler,
925 1905 999 1935 122
1002 1892 1211 1935 Einwohner,
1243 1893 1305 1927 und

275 1960 383 1992 gehoͤrt
406 1960 474 1982 dem
503 1954 625 1984 Grafen
652 1954 680 1980 v.
706 1949 804 1985 Arco.
838 1947 889 1978 der
914 1948 947 1978 es
969 1944 1005 1976 A.
1025 1946 1079 1984 96.
1110 1939 1162 1977 fuͤr
1180 1947 1306 1978 20,000

256 2001 385 2044 Rthlr.
395 2004 519 2043 kaufte.
524 2002 586 2038 (A.
594 2000 698 2041 1793.
720 1995 807 2040 wurde
827 1995 858 2026 es
867 1988 919 2027 fuͤr
941 1988 1062 2038 40,000
1074 1982 1123 2037 Fl.
1140 1985 1308 2028 verkauft.)

231 2060 262 2106 3.
284 2049 485 2090 Stanowiz,
509 2050 559 2077 ein
575 2047 668 2081 Dorf
668 2047 726 2079 im
741 2039 933 2081 Striegauer
952 2037 1071 2077 Kreiſe,
1094 2038 1120 2080 ½
1138 2037 1233 2075 Meile
1248 2044 1310 2069 von

279 2096 455 2133 Striegau,
475 2100 535 2125 das
554 2098 618 2127 aus
635 2101 646 2126 4
663 2090 827 2137 Antheilen
844 2084 997 2134 beſteht.
1020 2088 1052 2131 a)
1074 2084 1311 2125 Ober⸗Stano⸗

264 2150 345 2191 wiz
345 2143 450 2190 hatte
458 2143 504 2190 A.
526 2145 589 2189 84.
612 2146 621 2173 1
630 2136 817 2176 Vorwerk,
867 2139 902 2173 18
927 2133 1085 2172 Gaͤrtner,
1127 2131 1156 2174 5
1156 2130 1312 2173 Haͤusler,

284 2199 348 2224 168
368 2193 576 2229 Einwohner,
597 2189 659 2231 und
679 2184 807 2225 gehoͤrte
828 2185 881 2216 der
905 2179 1056 2217 Baronne
1071 2186 1101 2213 v.
1118 2175 1314 2218 Richthofen.

1132 2227 1188 2268 b)
1188 2227 1322 2268 Mittel⸗
