1415 2133
71 427 168 480 wuſt/
178 439 251 471 was
251 439 293 471 es
305 425 436 475 geſaget
450 428 498 470 ſey.
564 428 663 471 Unſer
689 431 778 471 Hey⸗

71 471 139 521 land
155 477 328 528 befeſtiget
340 483 411 532 noch
428 480 551 517 allezeit
566 479 670 518 ſeiner
685 487 781 527 glau⸗

72 527 164 576 bigen
180 535 325 580 Hertzen
348 534 426 580 alſo/
448 531 534 575 daß/
564 534 735 572 nachdem
735 542 777 569 er

74 595 127 635 mit
142 582 248 640 ſeinen
264 590 407 640 Frieden
420 592 488 631 und
514 594 698 630 troͤſtlicher
707 597 783 642 Zu⸗

71 630 197 686 ſpruch/
216 652 277 681 mit
288 642 521 684 Darzeigung
530 642 647 689 ſeiner
664 642 775 689 Wun⸗

72 693 127 739 den
175 704 244 742 und
272 698 509 745 Mittheilung
509 699 690 744 kraͤfftiger
719 703 783 735 Er⸗

74 750 283 801 quickungen/
309 755 352 788 da
372 761 404 787 er
423 755 520 787 ihnen
546 759 580 784 zu
604 749 777 799 ſchmecken

71 811 210 861 giebet/
209 800 277 852 wie
295 808 476 860 freundlich
498 818 529 848 er
555 807 631 847 ſey/
659 819 698 856 ſie
731 814 784 842 ge⸗

74 858 234 911 ſtaͤrcket;
252 863 337 907 daß/
354 864 429 913 ſage
447 865 515 902 ich/
538 870 574 902 er
574 865 685 901 ihnen
703 856 785 899 uͤber

74 907 135 957 das
153 919 238 958 alles
271 919 365 956 dann
394 919 479 954 auch
517 918 583 953 wol
626 915 786 953 diejenige

74 959 229 1017 Worte/
237 982 274 1013 zu
300 973 481 1011 Gemuͤthe
506 966 642 1012 fuͤhret/
664 970 784 1005 welche

73 1012 165 1066 ihnen
174 1023 298 1066 vorher
308 1028 443 1065 dunckel
454 1018 522 1060 und
535 1022 780 1071 unbegreifflich

72 1078 255 1132 geweſen.
283 1083 376 1130 Zum
407 1081 589 1130 Exempel:
612 1085 659 1118 da
699 1092 768 1119 einer

72 1135 192 1183 vorhin
212 1137 298 1186 auch
316 1136 388 1177 wol
418 1128 548 1186 moͤchte
565 1126 700 1184 gehoͤret
727 1136 788 1175 ha⸗

71 1177 135 1225 ben
153 1191 223 1228 aus
238 1189 317 1227 dem
341 1186 511 1228 Johanne
533 1180 591 1221 IV.
615 1201 661 1227 14.
690 1197 791 1237 Wer

72 1239 143 1286 des
160 1234 348 1298 Waſſers
368 1241 541 1285 trincken
559 1245 694 1289 wird/
712 1247 791 1281 das

74 1289 130 1336 ich
143 1295 226 1339 ihm
239 1295 354 1350 gebe/
381 1301 458 1335 den
476 1304 578 1335 wird
605 1300 789 1337 ewiglich

74 1354 180 1398 nicht
196 1350 377 1411 duͤrſten/
392 1355 556 1406 ſondern
576 1359 652 1395 das
673 1349 789 1401 Waſ⸗

76 1395 144 1449 ſer/
163 1406 241 1444 das
255 1409 317 1444 ich
335 1409 421 1443 ihm
444 1413 571 1464 gebe/
589 1426 667 1454 das
687 1423 791 1453 wird

76 1454 113 1496 in
123 1459 205 1502 ihm
227 1471 288 1499 ein
299 1461 499 1502 Brunnen
517 1468 588 1500 des
608 1466 793 1508 Waſſers

77 1515 257 1569 werden/
275 1517 342 1555 der
354 1522 393 1555 in
409 1524 486 1554 das
515 1528 639 1564 ewige
665 1522 794 1552 Leben

76 1570 238 1624 quillet;
290 1572 373 1616 aber
395 1574 498 1618 ſolche
523 1577 635 1629 Rede
635 1589 692 1631 zu
715 1582 791 1627 An⸗

76 1609 177 1673 fangs
188 1622 276 1670 nicht
284 1629 498 1682 verſtanden/
520 1631 562 1691 ſo
562 1635 745 1690 geſchiehet
753 1647 792 1684 es
