1749 2538
164 334 330 381 „Jmmer
361 336 453 377 bleibt
476 337 545 377 Sie
577 337 637 373 mir
664 329 893 375 unvergeßlich,
923 330 1010 376 Sie,
1039 332 1087 368 die

150 385 276 446 „beim
294 396 386 443 erſten
400 397 508 436 Blicke
528 394 625 442 ſchon,
650 404 710 433 von
729 394 902 438 Freunden,
914 418 960 423 —
986 395 1013 439 ſo
1031 396 1088 432 wie

150 472 256 518 „von
289 459 422 512 Armen
417 474 466 512 —
506 460 643 508 geſegnet
672 463 760 499 wird.
811 462 921 506 Durch
947 464 982 508 ſie
1006 464 1086 511 fuͤhle

162 529 260 574 „ich,
286 538 353 567 was
375 528 492 576 Liebe,
531 537 599 566 was
623 529 752 574 Tugend
777 529 824 574 iſt.
876 531 970 568 Mein
1000 530 1088 574 Auge

151 594 299 649 „ſpricht
328 595 482 639 Wonne,
517 596 579 631 und
618 595 753 632 dankend
782 595 866 631 wallt
895 595 976 630 mein
1005 592 1088 640 Herz

164 669 300 705 „empor
326 670 362 705 zu
386 662 459 705 dir,
484 662 623 699 Vater!
664 663 714 698 der
749 663 788 696 du
819 660 890 706 aufs
918 671 991 697 neue
1025 661 1088 704 dich

164 721 376 771 „wohlthaͤtig
426 722 531 767 zeigeſt
569 728 626 760 den
667 723 914 769 verſchwiſterten
954 723 1086 761 Seelen.

164 791 278 839 „Ja,
318 792 575 843 Unerſchaffner,
615 796 655 831 du
689 793 772 840 liebſt
804 794 894 838 Sie,
915 814 964 821 —
1011 793 1088 839 ohne

163 858 301 903 „deinen
335 857 499 904 ſegnenden
533 857 656 907 Strahl
691 856 773 894 waͤre
818 857 856 904 ſie
878 856 961 902 ſchon
997 859 1086 901 lange

163 923 312 970 „dahin,
343 923 453 960 wieder
478 924 512 960 in
535 926 601 960 den
628 920 765 966 Staub,
790 943 840 950 —
880 927 943 959 und
976 922 1020 965 ich
1052 925 1084 961 in

161 984 349 1037 „Jammer
358 977 488 1032 gehuͤllt!
508 980 713 1028 Allſehender!
734 981 800 1028 ſieh'
815 979 899 1024 unſre
910 978 1025 1026 Zaͤhre,
1036 1001 1085 1019 —

162 1054 251 1102 „ſieh
272 1052 380 1098 unſern
398 1053 516 1099 Dank,
541 1057 593 1089 der
607 1062 680 1089 vom
699 1053 771 1099 Aug
787 1060 844 1090 aus
868 1054 987 1098 unſerm
1003 1051 1084 1098 Her⸗

161 1128 244 1171 „zen
264 1117 413 1159 fließt...
436 1098 517 1153 Von
533 1114 620 1158 Dir,
646 1111 807 1151 Geliebte!
834 1112 988 1155 entfernt;
1021 1122 1083 1147 von

164 1191 300 1238 „Euch,
329 1189 397 1240 Jhr
424 1188 598 1237 Juͤngern!
623 1195 781 1235 getrennt,
806 1190 879 1237 gehe
903 1191 945 1235 ich
977 1192 1085 1236 dieſem

162 1254 398 1293 „wonnevollen
424 1253 509 1299 Tage
530 1253 588 1290 mit
612 1253 729 1301 frohem
759 1254 901 1300 Geſange
927 1258 1083 1296 entgegen.

163 1321 264 1367 „Ein
293 1320 449 1370 fuͤhlendes
466 1320 548 1367 Herz
575 1321 625 1366 ſoll
647 1322 698 1368 ihn
720 1321 778 1358 mit
804 1323 863 1358 mir
885 1322 1000 1366 feiern;
1027 1322 1085 1359 wir

162 1383 301 1430 „wollen
328 1387 388 1418 uns
412 1381 540 1425 lagern,
565 1384 627 1421 und
654 1382 740 1421 Euer
769 1381 902 1426 denken,
927 1380 996 1428 Jhr
1020 1380 1084 1421 Lie⸗

164 1445 273 1490 „ben!
300 1444 375 1492 Heil
385 1446 476 1490 euch!
504 1448 569 1493 ſeyd
585 1447 674 1492 Troſt
690 1458 773 1483 eurer
790 1445 973 1489 Geliebten,
1000 1457 1084 1482 eurer

165 1510 374 1552 „Fuͤhrerin,
401 1507 521 1548 unſerer
553 1492 666 1542 aͤlteren
699 1503 903 1549 Schweſter,
928 1505 976 1541 die
1003 1504 1087 1541 Gott

166 1578 314 1624 „gnaͤdig
327 1581 387 1617 uns
403 1571 542 1613 ſchenkte.
590 1567 699 1617 Wenn
715 1570 758 1611 ich
776 1571 857 1613 ferne
875 1579 935 1606 von
952 1568 1038 1611 Euch
1055 1572 1086 1606 in

166 1651 248 1691 „der
277 1647 466 1694 Einſamkeit
488 1647 567 1696 irre,
591 1650 660 1682 oder
687 1648 736 1683 als
754 1645 933 1693 Fremdling
959 1647 1002 1682 im
1029 1646 1087 1684 laͤr⸗

168 1715 326 1750 „menden
337 1709 507 1756 Geraͤuſche
530 1710 607 1754 mich
629 1709 765 1755 befinde,
792 1713 860 1746 oder
883 1709 913 1744 in
934 1709 1088 1754 reizenden

168 1778 369 1824 „Gegenden
399 1787 460 1814 von
482 1778 648 1822 Redlichen
677 1777 844 1822 begleitet,
882 1777 911 1822 ſo
934 1778 997 1824 ſollt
1018 1776 1088 1825 Jhr

167 1840 309 1882 „immer
343 1839 551 1888 unvergeßlich
582 1840 642 1877 mir
674 1839 764 1885 ſeyn;
784 1863 826 1870 —
852 1839 937 1879 Eure
957 1841 1088 1879 Namen
