2494 2988
757 950 819 987 (B)

728 977 768 1024 Ꝟ.
788 980 840 1001 69.

671 1022 738 1057 Und
764 1021 834 1062 ſatzte
845 1021 896 1064 ſich

667 1067 722 1114 bey
735 1081 780 1112 die
794 1077 896 1113 Knech⸗

672 1113 724 1152 te,
724 1112 786 1151 daß
793 1118 822 1152 er
830 1113 893 1148 ſehe,

674 1152 730 1197 wo
730 1152 777 1197 es
793 1152 897 1195 hinaus

672 1199 769 1238 wolte.
792 1197 895 1238 Petrus

672 1238 743 1281 aber
745 1238 805 1284 ſaß
805 1238 895 1279 drauſ⸗

674 1283 720 1325 ſen
731 1286 774 1319 im
784 1282 894 1326 Pallaſt.

678 2076 749 2108 Eine
755 2072 902 2108 Schwie⸗

673 2111 781 2150 rigkeit
781 2112 839 2156 aus
839 2112 902 2157 dem

670 2148 827 2193 Johanne.

905 626 1095 668 wenigen,
1113 616 1182 670 daß
1197 615 1269 661 wir
1284 616 1467 669 glauben:
1499 615 1571 670 daß
1586 615 1703 669 dieſer
1718 618 1863 664 andere
1872 612 2045 672 Juͤnger
2055 619 2151 660 einer
2167 629 2246 662 von

907 674 1021 717 denen
1036 668 1241 726 heimlichen
1258 672 1334 716 und
1356 668 1598 726 verborgenen
1616 667 1843 724 Anhaͤngern
1859 675 1975 725 JEſu
1991 679 2165 726 geweſen,
2181 681 2236 717 die

908 738 1007 780 zwar
1021 741 1066 782 zu
1085 731 1146 774 der
1158 730 1262 786 Zeit,
1276 732 1344 775 wie
1353 732 1484 776 andere
1498 728 1599 785 mehr
1613 727 1766 785 thaten,
1782 737 1820 787 an
1835 729 2027 785 Chriſtum
2047 737 2234 784 glaͤubten,

910 780 996 827 aber
1014 796 1077 827 um
1092 785 1151 827 der
1167 781 1366 839 Phariſaͤer
1381 782 1501 831 willen
1520 789 1558 828 es
1569 783 1667 839 nicht
1680 782 1869 829 bekanten,
1891 790 2006 828 damit
2020 792 2064 837 ſie
2084 796 2180 839 nicht
2194 798 2232 828 in

909 843 978 886 den
997 842 1119 886 Bann
1135 839 1266 893 gethan
1283 840 1452 889 wuͤrden,
1470 844 1568 886 dann
1585 841 1629 897 ſie
1644 841 1768 894 hatten
1791 841 1896 884 lieber
1912 845 1965 884 die
1978 849 2077 896 Ehre
2087 851 2149 897 bey
2165 855 2232 887 den

910 897 1151 954 Menſchen,
1157 898 1216 941 als
1231 899 1282 942 die
1291 900 1389 950 Ehre
1406 899 1468 953 bey
1478 900 1625 947 GOtt,
1642 901 1731 953 Joh.
1746 910 1808 940 12.
1820 902 1863 939 Ꝟ.
1875 909 1948 948 42.
1973 904 1998 924 *

1029 955 1105 1004 So
1120 955 1202 1001 bald
1220 958 1368 1011 Petrus
1386 958 1424 1002 in
1440 959 1506 1001 den
1525 957 1672 1011 Pallaſt
1687 957 1809 1010 hinein
1820 958 1971 1010 gelaſſen
1989 970 2085 1001 war,
2099 965 2235 1013 machte

911 1021 947 1054 er
958 1005 1024 1070 ſich
1033 1014 1180 1057 mitten
1192 1018 1311 1057 unter
1325 1015 1384 1058 die
1397 1013 1584 1066 gottloſen
1601 1015 1759 1058 Diener
1775 1021 1850 1056 und
1859 1016 2027 1061 Knechte
2044 1021 2112 1058 des
2126 1018 2237 1067 groſ⸗

907 1075 972 1125 ſen
992 1068 1208 1128 Juͤdiſchen
1229 1066 1406 1128 Raths,
1421 1072 1457 1127 ja
1465 1076 1506 1128 er
1555 1072 1651 1125 ſetzte
1677 1071 1745 1125 ſich
1761 1080 1838 1125 gar
1859 1076 1931 1123 bey
1951 1078 2068 1127 ihnen
2085 1078 2235 1120 nieder.

908 1117 1035 1190 Dann
1065 1131 1194 1190 ſpricht
1221 1130 1328 1190 unſer
1358 1131 1569 1190 Evangeliſt
1591 1128 1630 1179 ꝟ.
1656 1138 1722 1187 69.
1785 1132 1978 1191 Petrus
2009 1139 2126 1184 aber
2149 1141 2234 1193 ſaß

908 1205 1135 1273 drauſſen
1157 1210 1224 1268 im
1236 1210 1462 1277 Pallaſt,
1478 1218 1512 1263 d.
1524 1217 1549 1264 i.
1568 1216 1618 1263 im
1634 1213 1810 1275 Vorhofe
1827 1217 1888 1262 des
1904 1215 2087 1274 Pallaſts.
2115 1217 2235 1267 Mar⸗

908 1279 978 1320 cus
1005 1270 1085 1328 ſagt
1105 1270 1175 1329 Cap.
1192 1287 1254 1330 14.
1268 1278 1312 1319 ꝟ.
1325 1280 1393 1320 66.
1424 1274 1594 1332 Petrus
1599 1269 1692 1335 aber
1716 1273 1784 1330 ſaß
1794 1275 2080 1324 drunten,oder
2095 1281 2236 1321 darnie⸗

907 1329 978 1374 den
994 1318 1045 1373 im
1055 1328 1223 1384 Pallaſt,
1245 1330 1283 1375 in
1308 1326 1509 1382 Anſehung
1528 1331 1678 1383 nemlich
1694 1332 1755 1371 der
1768 1332 1924 1381 hoͤheren
1938 1337 2098 1376 Oerter,
2122 1343 2236 1373 allwo

909 1396 973 1441 der
990 1386 1173 1448 Juͤdiſche
1165 1393 1273 1447 Rath
1287 1392 1451 1449 geſeſſen.
1482 1394 1593 1439 Man
1609 1390 1698 1445 muß
1716 1390 1781 1447 ſich
1792 1394 1891 1437 dann
1906 1394 1975 1437 das
1983 1394 2114 1446 Hauß
2128 1399 2237 1441 Cai⸗

906 1443 993 1505 phaͤ
1008 1448 1082 1504 alſo
1096 1449 1303 1504 vorſtellen,
1334 1448 1404 1501 daß
1418 1453 1458 1494 es
1471 1442 1590 1494 etwas
1606 1445 1785 1501 erhoͤhet,
1807 1449 1891 1493 oder
1912 1452 2065 1500 erhaben
2081 1458 2236 1504 geweſen

910 1502 985 1558 ſey,
1003 1500 1205 1555 weßwegen
1221 1515 1310 1547 man
1327 1504 1438 1557 durch
1453 1505 1566 1558 einige
1579 1503 1774 1554 Stuffen,
1791 1506 1867 1548 und
1882 1508 2051 1559 vielleicht
2065 1507 2237 1559 ſteinerne

912 1562 1090 1616 Trappen
1106 1560 1194 1615 habe
1213 1561 1254 1605 in
1273 1563 1327 1607 die
1341 1560 1452 1617 Hoͤhe
1468 1560 1596 1616 ſteigen
1614 1557 1777 1613 muͤſſen,
1777 1557 1842 1612 ehe
1853 1571 1941 1604 man
1959 1564 1994 1622 in
2010 1566 2155 1617 ſelbiges
2164 1570 2238 1605 ein⸗

910 1618 1023 1672 gehen
1038 1617 1196 1663 koͤnnen.
1256 1616 1467 1672 Jnwendig
1481 1616 1566 1662 aber
1580 1617 1744 1674 zwiſchen
1766 1618 1833 1661 den
1847 1618 2036 1672 aͤuſſerſten
2059 1622 2238 1666 Mauren

911 1677 1001 1732 habe
1018 1664 1125 1732 dieſe
1125 1663 1329 1729 Wohnung
1345 1673 1448 1720 einen
1464 1673 1661 1732 ziemlichen
1669 1671 1860 1730 Vorhoff
1866 1674 2016 1728 gehabt,
2031 1685 2092 1719 der
2105 1689 2240 1722 etwas

909 1738 1110 1796 niedriger
1123 1735 1182 1784 als
1198 1737 1266 1784 das
1284 1735 1405 1795 Hauß
1418 1735 1515 1797 ſelbſt
1527 1735 1687 1794 gelegen,
1703 1736 1780 1784 und
1790 1735 1824 1794 ſo
1838 1732 1940 1785 konte
1948 1737 2048 1787 dann
2064 1739 2240 1786 Marcus

910 1811 982 1849 mit
996 1809 1114 1857 Recht
1124 1807 1256 1859 ſagen:
1276 1807 1445 1860 Petrus
1459 1810 1555 1857 aber
1570 1804 1637 1863 ſaß
1652 1797 1889 1861 danieden
1906 1812 1967 1856 im
1976 1807 2153 1863 Pallaſt,
2163 1812 2199 1854 d.
2209 1810 2238 1855 i.

911 1865 958 1908 im
973 1862 1163 1917 Vorhoffe
1184 1865 1246 1909 des
1254 1853 1457 1919 Pallaſtes.
1520 1865 1654 1910 Lucas,
1673 1863 1751 1907 und
1768 1860 1976 1915 Johannes
1989 1864 2101 1916 fuͤgen
2116 1866 2238 1917 hinzu,

913 1922 977 1964 der
993 1915 1137 1971 erſtere
1157 1914 1221 1972 Cap.
1232 1931 1302 1964 22.
1318 1921 1360 1961 Ꝟ.
1376 1931 1446 1968 55.
1457 1922 1507 1968 56
1523 1920 1616 1963 und
1631 1920 1698 1970 der
1698 1921 1826 1970 zweyte
1834 1917 1934 1972 Cap.
1974 1923 2065 1964 18.Ꝟ.
2093 1931 2147 1971 17.
2173 1928 2240 1973 daß

911 1987 958 2023 er
973 1976 1091 2027 beym
1107 1974 1348 2028 Kohlfeuer,
1365 1974 1514 2029 welches
1528 1976 1582 2018 die
1589 1974 1747 2029 Knechte
1762 1972 1942 2030 gemacht,
1959 1977 2136 2029 geſeſſen,
2151 1991 2238 2023 und

912 2032 984 2088 ſich
1006 2036 1088 2078 mit
1105 2029 1224 2083 ihnen
1243 2031 1316 2085 bey
1337 2031 1519 2087 ſelbigem
1540 2026 1763 2084 gewaͤrmet
1781 2026 1912 2087 habe,
1941 2037 2092 2079 dieweil
2107 2047 2151 2080 es
2166 2047 2253 2079 da⸗

912 2087 1054 2146 mahls
1068 2088 1151 2134 kalt
1166 2088 1354 2144 geweſen.
1403 2083 1506 2146 Hier
1521 2082 1603 2145 faͤllt
1617 2089 1670 2135 die
1678 2086 1964 2146 Schwierigkeit
1977 2104 2060 2149 vor,
2094 2099 2162 2134 wie
2176 2100 2239 2135 der

908 2134 1127 2200 Evangeliſt
1156 2134 1331 2199 Johannes
1352 2142 1455 2199 ſagen
1475 2140 1642 2192 koͤnnen,
1659 2137 1729 2196 daß
1748 2145 1792 2190 es
1807 2146 1888 2194 kalt
1900 2154 2074 2199 geweſen,
2092 2156 2137 2188 da
2152 2155 2240 2197 doch

913 2209 973 2254 der
1006 2204 1147 2255 Winter
1156 2201 1326 2256 damahls
1335 2202 1491 2255 vorbey
1499 2204 1576 2249 und
1585 2203 1644 2249 der
1652 2200 1985 2253 Vor⸗Sommer
1994 2212 2095 2258 ſchon
2107 2211 2238 2251 wuͤrck⸗

912 2261 979 2314 lich
995 2260 1123 2314 ſeinen
1133 2257 1305 2313 Anfang
1314 2268 1530 2311 genommen
1538 2257 1665 2314 hatte?
1679 2269 1721 2312 zu
1734 2263 1812 2305 dem
1824 2269 1931 2315 dieſes
1939 2273 2075 2306 alles
2055 2273 2094 2319 in
2086 2273 2240 2307 Orient

909 2318 1113 2377 geſchehen,
1132 2318 1178 2366 da
1193 2320 1232 2365 es
1248 2317 1325 2366 viel
1342 2313 1544 2369 waͤrmer,
1563 2315 1624 2365 als
1637 2316 1676 2368 in
1694 2322 1826 2377 unſern
1835 2324 2165 2367 Abend ⸗ Laͤndern
2182 2340 2240 2370 ge⸗

2095 2384 2240 2446 weſen?

998 2466 1150 2507 *Siehe
1157 2459 1282 2505 hieruͤber
1292 2458 1499 2505 weitlaͤufftiger
1509 2464 1689 2497 Gerhardum
1702 2469 1734 2493 in
1741 2474 1840 2497 Harm.
1856 2472 1925 2494 Paſſ.
1934 2473 2004 2503 Cap.
2014 2481 2038 2498 1.
2049 2481 2115 2501 pag.
2151 2477 2239 2496 216.
2219 2487 2240 2509 -

909 2509 982 2545 item
1001 2502 1029 2549 D.
1040 2509 1183 2553 Sagittarii
1192 2511 1291 2541 Harm.
1300 2510 1328 2539 P.
1336 2514 1409 2550 part.
1418 2514 1447 2539 a.
1457 2514 1546 2549 pag.
1527 2518 1602 2556 438.
1623 2515 1640 2538 &
1653 2519 1699 2548 39.
1716 2516 1735 2546 §.
1757 2521 1796 2547 75.
1807 2519 1859 2547 77.
1872 2519 1930 2543 &c.
