1608 2288
485 229 568 269 von
586 223 800 277 Potagen.

1030 233 1074 273 17

180 300 338 340 worden/
363 297 483 347 ſolches
511 302 591 338 alles
614 296 716 345 ſtoſſet
740 305 822 335 man
843 293 1027 343 zuſammen
1041 296 1081 336 in

179 346 333 399 Moͤrſel/
348 351 439 401 laͤſſet
456 345 495 395 es
512 350 645 392 darauf
648 345 690 398 in
702 353 802 399 guten
824 349 886 398 Jus
899 351 970 389 und
980 348 1082 392 Bruͤ⸗

180 404 219 452 he
235 406 355 453 gelinde
374 404 409 444 in
426 404 510 444 einer
533 403 698 452 Caſſerole
724 401 870 449 kochen/
892 402 965 442 und
988 400 1022 449 ſo
1046 406 1085 443 es

177 454 268 494 einen
284 459 388 503 guten
418 452 616 502 Geſchmack
629 451 715 501 hat/
733 453 766 501 ſo
792 449 933 501 ſchlaͤget
950 455 1036 493 man
1036 455 1081 492 es

178 507 278 553 durch
307 509 355 547 ein
375 501 616 552 Haar⸗Tuch/
636 506 708 545 und
726 501 856 556 ſchuͤttet
881 514 914 543 es
937 503 1084 545 alsdenn

179 559 261 600 uͤber
276 560 325 600 die
349 558 501 609 Potage.
553 557 654 599 Man
679 557 742 599 kan
767 554 881 605 ſelbige
897 555 980 600 auch
997 555 1085 603 nach

179 610 252 651 dem
270 608 307 655 ſie
323 610 448 657 gelinde
463 605 593 658 gekocht
608 606 705 656 hat/
706 607 767 649 mit
787 605 883 647 einen
902 611 1005 655 guten
1020 607 1084 653 Jus

177 661 246 701 auf
257 661 505 701 Marmor⸗Art
522 656 652 701 faͤrben.

261 713 400 761 Potage
415 713 459 749 de
469 711 600 750 Cailles
617 709 724 749 farcis
742 719 778 748 et
796 708 1011 749 Perdreaux.

228 759 386 814 Potage
399 768 480 803 von
496 758 684 810 gefuͤllten
702 757 949 813 Wachteln/
956 758 1037 800 und

481 816 759 866 Rebhuͤhnern.

179 865 249 949 N

249 865 379 917 Ehmet
401 867 452 909 die
462 865 654 912 Wachteln
677 863 874 911 aus/bieget
889 862 931 912 ſie
945 860 1086 912 gehoͤrig

249 911 324 963 ein/
346 918 440 970 fuͤllet
462 918 621 964 dieſelben
639 917 702 957 mit
722 918 804 958 einer
820 905 946 959 kleinen
964 912 1089 961 Fuͤlle/

180 970 298 1018 welche
318 978 385 1011 von
403 970 460 1010 der
473 968 588 1019 Bruſt
610 969 701 1011 eines
710 965 928 1018 Capaunen/
936 963 1087 1009 Kinder⸗

181 1016 325 1066 Marck/
335 1021 408 1062 und
418 1022 481 1061 den
497 1018 613 1069 gelben
625 1026 695 1060 von
707 1019 806 1065 rohen
815 1017 927 1065 Eyern
939 1017 1091 1069 bereitet/

181 1077 254 1116 und
272 1071 332 1117 mit
354 1070 480 1124 Saltz/
490 1073 793 1123 Mußcaten⸗Nuß
813 1075 885 1114 und
904 1071 952 1112 ein
972 1070 1085 1118 wenig

176 1118 308 1176 weiſſen
320 1117 438 1176 Pfeffer
454 1120 623 1173 gewuͤrtzet
640 1123 792 1172 worden/
805 1123 912 1169 kochet
927 1121 1088 1169 dieſelben

181 1175 313 1220 darauf
326 1175 361 1215 in
379 1174 470 1214 einen
484 1173 666 1214 irrdenen/
688 1173 765 1213 oder
782 1175 908 1212 andern
920 1169 1030 1221 Topfe
1051 1172 1088 1212 in

181 1235 277 1276 guter
299 1220 412 1277 Bruͤhe
431 1222 528 1275 gar/
541 1227 611 1267 und
628 1228 703 1274 thut
719 1229 770 1268 ein
782 1222 965 1274 Buͤndgen
985 1224 1088 1271 feiner

181 1275 335 1324 Kraͤuter
357 1280 475 1328 dazu;
505 1277 635 1323 Wenn
651 1277 693 1327 ſie
709 1287 774 1325 gar
791 1275 886 1325 ſind/
905 1277 938 1324 ſo
955 1275 1089 1323 nehmet

182 1337 249 1372 den
269 1334 372 1381 Topf
392 1343 459 1374 von
478 1329 608 1381 Feuer/
622 1332 705 1381 ſetzet
723 1331 890 1379 denſelben
908 1330 974 1379 auf
994 1330 1089 1381 heiſſe

180 1379 353 1430 Aſchen/
364 1381 473 1423 damit
498 1386 536 1420 es
557 1387 669 1422 warm
696 1379 833 1431 bleibe/
851 1380 925 1420 und
954 1380 1091 1420 bereitet

182 1422 316 1479 darauf
327 1430 499 1481 folgendes
518 1432 665 1478 Coulis;
679 1429 838 1480 Nehmet
860 1437 948 1478 zwey
957 1429 1088 1479 Pfund

183 1485 398 1538 Kalbfleiſch/
411 1490 483 1530 und
501 1488 553 1530 ein
563 1486 683 1531 Stuͤck
694 1485 916 1537 Schincken/
930 1486 1090 1535 ſchneidet

183 1542 304 1590 ſolches
320 1543 355 1583 in
382 1536 591 1590 Scheiben/
602 1539 726 1588 beleget
741 1540 851 1581 damit
874 1540 936 1580 den
955 1537 1090 1583 Boden

186 1593 274 1634 einer
290 1591 492 1643 Caſſerole/
498 1592 571 1633 und
591 1593 667 1640 thut
685 1589 758 1632 eine
782 1588 883 1639 groſſe
905 1591 939 1632 in
954 1589 1090 1640 Schei⸗

189 1642 249 1683 ben
268 1640 486 1691 geſchnittene
502 1639 682 1693 Zwiebel/
694 1641 757 1681 wie
777 1643 859 1680 auch
880 1638 986 1684 einige
1002 1639 1093 1684 gelbe

185 1694 351 1742 Ruͤben/
357 1697 429 1739 und
445 1694 674 1745 Paſtinachen
691 1693 800 1745 dazu/
818 1693 924 1736 decket
941 1694 992 1735 die
1003 1691 1092 1743 Caſ⸗

187 1750 284 1792 ſerole
309 1745 378 1798 zu/
394 1746 484 1798 laſſet
504 1752 542 1789 es
558 1747 758 1797 ſchwitzen/
771 1748 843 1788 und
859 1746 922 1787 wie
944 1748 1005 1794 Jus
1023 1753 1093 1786 von

186 1787 384 1847 Kalbfleiſch
409 1790 618 1847 anhaͤngen/
633 1795 703 1834 und
728 1794 787 1844 ſich
808 1793 871 1843 fein
890 1790 1038 1840 faͤrben;
1061 1792 1094 1840 ſo

188 1851 323 1902 ſeibiges
340 1849 507 1901 erfolget/
514 1851 549 1900 ſo
566 1853 702 1900 benetzet
720 1857 757 1893 es
773 1852 835 1893 mit
852 1850 932 1898 halb
949 1847 1098 1899 Bruͤhe/

188 1905 260 1948 und
277 1908 357 1949 halb
375 1906 459 1949 Jus,
477 1902 553 1949 thut
571 1904 677 1950 einige
685 1900 1030 1949 Semmel⸗Rinden/
1039 1910 1095 1949 ge⸗

617 1969 664 2005 B

985 1961 1096 2009 hackte
