2666 3033
225 605 303 643 nun
312 600 416 652 dieſes
432 605 503 663 auf
515 608 591 656 eine
608 609 776 665 geiſtliche
797 610 970 661 Materie
992 619 1075 659 oder
1101 610 1477 674 Glaubens ⸗ Articul
1491 613 1681 675 appliciret

223 667 364 711 werden
370 665 486 719 muß/
495 660 522 723 ſo
532 671 677 713 werden
684 671 773 720 dazu
781 666 954 723 zuweilen
963 668 1067 726 ſolche
1077 671 1235 721 Worte/
1263 675 1316 718 die
1326 675 1411 728 ſonſt
1419 676 1511 725 beyn
1520 676 1678 730 Rechts⸗

222 709 412 772 Proceſſen
421 715 754 775 uͤblich/vonnoͤthen
763 720 858 770 ſeyn.
910 721 997 769 Ein
1008 728 1229 778 Theologus
1241 732 1310 781 kan
1319 742 1361 796 zu
1369 735 1596 798 gruͤndlicher
1605 738 1682 793 Er⸗

224 771 373 833 klaͤrung
391 783 450 824 der
460 778 610 835 heiligen
620 776 789 835 Schrifft
796 784 876 840 und
884 779 1276 845 Glaubens⸗Articuln
1285 795 1346 846 der
1356 799 1493 845 andern
1511 798 1681 850 Facultæ-

220 835 279 880 ten
286 831 381 899 nicht
388 833 556 902 gaͤntzlich
565 838 777 896 entbehren/
784 846 860 887 und
870 843 962 898 muß
970 843 1034 900 ſich
1045 845 1140 901 ihres
1156 848 1374 903 Vorſchubs
1392 867 1466 901 und
1477 854 1607 905 Huͤlffe
1621 864 1683 903 zu⸗

218 886 342 948 weilen
357 901 578 950 bedienen;
619 896 679 961 Jſt
679 896 765 956 aber
781 901 943 959 hingegen
961 903 1072 953 bereit
1091 908 1151 967 alle
1168 910 1250 960 ſeine
1261 908 1528 965 Wiſſenſchafft
1545 930 1682 967 andern

219 948 449 1008 Facultaͤten/
455 962 490 1014 ja
501 955 596 1002 allen
605 953 813 1011 Menſchen
821 956 974 1012 hertzlich
983 968 1091 1014 gerne
1099 969 1376 1016 mitzutheilen/
1397 975 1474 1025 und
1490 973 1683 1018 wuͤnſchet/

220 1012 284 1066 wie
285 1012 376 1072 dort
385 1014 539 1079 Moſes:
552 1015 692 1080 Wolte
698 1015 867 1078 GOtt/
874 1022 953 1082 daß
960 1027 1063 1078 alles
1071 1023 1204 1079 Volck
1217 1031 1288 1079 des
1297 1028 1469 1089 HErrn
1487 1032 1682 1089 weiſſage⸗

221 1073 279 1124 te/
287 1079 358 1129 daß
360 1073 441 1134 alle
445 1070 651 1138 Menſchen
659 1077 763 1131 heute
778 1076 972 1137 Theologi
985 1082 1131 1129 waͤren!
1168 1090 1298 1135 (Num.
1315 1091 1471 1146 XI,29.)
1505 1094 1538 1135 ſo
1556 1092 1679 1131 wuͤrde

216 1128 280 1178 den
289 1132 492 1189 Gelehrten
500 1136 586 1189 deſto
596 1126 702 1189 beſſer
711 1136 881 1191 predigen
891 1136 986 1189 ſeyn.

372 1204 444 1252 So
462 1204 573 1258 findet
588 1205 652 1258 ſich
671 1212 766 1253 denn
775 1204 949 1261 Anfangs
967 1207 1057 1263 nach
1067 1207 1271 1266 Anleitung
1281 1210 1346 1259 S.
1354 1209 1473 1266 Pauli
1488 1215 1527 1258 in
1535 1214 1681 1265 unſerm

219 1240 398 1306 Spruch/
401 1249 544 1308 welcher
556 1255 617 1298 der
624 1249 1080 1309 Principal⸗Macht⸗und
1089 1259 1412 1313 Haupt⸗Spruch
1423 1270 1463 1319 in
1472 1271 1578 1334 dieſer
1578 1268 1680 1332 Ma⸗

216 1310 297 1360 terie
319 1319 371 1365 iſt/

937 1383 966 1429 I.

314 1486 340 1535 1.
371 1493 487 1541 Reus,
515 1496 575 1539 der
583 1488 815 1549 Delinqvent
825 1488 901 1549 oder
917 1490 975 1550 der
983 1491 1233 1552 Angeklagte.
1291 1495 1384 1546 Das
1401 1497 1475 1553 ſind
1481 1495 1563 1556 wir
1549 1497 1680 1553 allzu⸗

215 1536 339 1591 mahl/
348 1542 405 1592 wie
417 1547 476 1590 wir
499 1545 580 1604 nach
590 1552 673 1602 dem
681 1545 871 1598 gemeinen
880 1546 990 1596 Lauff
993 1551 1054 1591 der
1063 1552 1199 1605 Natur
1206 1570 1278 1601 von
1289 1563 1413 1611 Adam
1407 1557 1680 1609 herſtammen/

212 1600 289 1644 und
287 1596 341 1663 iſt
344 1603 425 1660 hier
433 1605 513 1651 kein
524 1602 804 1666 Unterſcheid/
817 1606 913 1653 keine
921 1609 1071 1657 Nation,
1082 1610 1177 1653 keine
1187 1612 1340 1667 Perſon
1358 1615 1420 1662 hat
1435 1616 1512 1663 hier
1524 1630 1605 1665 was
1624 1623 1682 1664 be⸗

217 1648 377 1714 ſonders/
386 1657 435 1721 ſie
443 1660 530 1714 ſind
540 1661 766 1718 allzumahl
778 1663 981 1719 Suͤnder.
1042 1667 1156 1717 Zwar
1173 1675 1257 1715 was
1272 1672 1445 1716 malitiam
1473 1674 1682 1724 ſuperaddi-

218 1718 288 1755 tam
297 1719 351 1770 die
360 1718 571 1780 Boßheit/
578 1724 611 1774 ſo
621 1723 833 1778 nachmahls
842 1730 931 1778 dazu
942 1728 1097 1776 kommt/
1102 1729 1301 1779 anbetrifft/
1301 1739 1350 1789 da
1362 1733 1400 1783 iſt
1417 1731 1502 1782 noch
1520 1734 1614 1781 wohl
1625 1736 1682 1775 ein

212 1752 456 1837 Unterſcheid/
455 1781 566 1838 theils
569 1781 739 1848 zwiſchen
754 1787 821 1841 den
847 1787 1105 1844 unmuͤndigen
1128 1791 1295 1847 Kindern
1304 1798 1380 1844 und
1396 1792 1686 1858 Erwachſenen/

216 1822 306 1876 denn
312 1834 389 1884 jene
397 1836 552 1891 begehen
568 1839 648 1896 zwar
671 1840 901 1903 wůͤrckliche/
909 1854 993 1898 doch
1006 1850 1101 1901 keine
1112 1858 1216 1901 ſolche
1226 1853 1448 1912 wiſſentliche
1458 1858 1533 1902 und
1543 1856 1683 1913 vorſetz⸗

213 1879 307 1951 liche
307 1892 475 1953 Suͤnden
497 1909 546 1950 als
553 1901 673 1962 dieſe:
674 1900 803 1969 Theils
816 1905 984 1965 zwiſchen
995 1915 1059 1958 den
1070 1908 1337 1971 Erwachſenen
1348 1913 1486 1967 ſelbſt/
1516 1917 1611 1962 denn
1625 1917 1685 1966 ein

212 1943 371 2008 Menſch
382 1957 464 2005 thut
474 1958 680 2009 gleichwohl
690 1963 785 2009 nicht
801 1965 833 2010 ſo
845 1966 913 2012 viel
924 1971 1000 2020 und
1009 1969 1043 2025 ſo
1050 1969 1158 2029 groſſe
1170 1976 1247 2027 und
1255 1972 1363 2031 grobe
1375 1972 1551 2034 Suͤnde/
1551 1974 1607 2032 als
1625 1975 1685 2027 der

192 2002 362 2064 ander;
386 2014 509 2071 Allein
518 2021 601 2069 was
611 2021 827 2068 pravitatem
845 2029 1085 2070 congenitam
1099 2031 1159 2087 die
1171 2033 1420 2096 angebohrne
1432 2033 1598 2089 Unart/
1603 2030 1681 2088 und

214 2064 268 2111 die
278 2068 424 2118 Suͤnde
424 2081 482 2132 an
498 2092 575 2128 und
583 2078 643 2133 fuͤr
655 2079 717 2134 ſich
717 2081 884 2138 betrifft/
887 2089 928 2135 da
944 2087 981 2149 iſt
997 2086 1073 2143 kein
1091 2089 1357 2150 Unterſcheid/
1369 2092 1502 2141 πάντες
1517 2089 1683 2147 ἥμαρτεν,

192 2116 252 2170 ſie
267 2122 352 2177 ſind
362 2132 586 2187 allzumahl
597 2139 809 2199 Suͤnder/
818 2146 861 2198 ſie
870 2139 984 2201 haben
999 2148 1067 2200 alle
1074 2151 1299 2211 geſuͤndiget/
1306 2157 1394 2206 nicht
1410 2149 1483 2200 nur
1491 2152 1680 2193 habituali-

204 2193 271 2238 ter,
288 2194 368 2239 weil
378 2193 421 2247 ſie
430 2197 501 2247 alle
501 2202 577 2248 mit
584 2200 883 2251 Suͤnden⸗Gifft
892 2204 1018 2254 erblich
1028 2210 1217 2256 angeſteckt
1225 2206 1329 2262 ſeyn/
1350 2206 1398 2252 ſie
1411 2204 1494 2253 ſind
1513 2202 1587 2250 alle
1600 2208 1682 2251 aus

187 2233 422 2296 ſuͤndlichen
434 2252 611 2311 Samen
619 2268 800 2325 gezeuget
811 2265 967 2331 Pf.Ll,7.
978 2273 1046 2322 wo
1053 2269 1142 2323 will
1155 2274 1251 2317 man
1262 2269 1373 2317 einen
1384 2266 1519 2322 reinen
1530 2265 1682 2326 finden/

205 2302 270 2349 wo
292 2307 374 2354 kein
387 2313 517 2363 reiner
529 2317 598 2376 iſt?
603 2322 734 2379 Job.
698 2324 797 2385 XIV,
812 2338 856 2390 4.
916 2329 1065 2389 ſondern
1076 2327 1165 2384 auch
1175 2326 1372 2383 actualiter,
1383 2329 1481 2389 denn
1488 2332 1527 2375 es
1531 2330 1587 2376 iſt
1598 2328 1681 2384 kein

188 2351 369 2426 Menſch
369 2370 457 2426 auf
464 2371 606 2433 Erden
609 2380 671 2432 der
696 2378 866 2434 allezeit
855 2394 1009 2434 Gutes
1014 2387 1136 2440 thue/
1142 2387 1220 2438 und
1243 2394 1345 2436 nicht
1367 2393 1530 2452 ſuͤndige
1542 2384 1682 2442 Eccleſ.

187 2417 276 2474 VII,
291 2441 345 2475 21.

923 2510 980 2558 II.

301 2557 345 2604 II.
373 2560 511 2617 Judex,
526 2560 590 2621 der
601 2562 756 2619 Richter
778 2568 822 2618 iſt
831 2572 981 2637 GOtt/
990 2578 1044 2629 der
1061 2573 1157 2638 ſitzet
1170 2581 1219 2633 da
1231 2592 1303 2636 zur
1314 2576 1506 2635 Rechten/
1535 2583 1615 2624 und
1635 2571 1679 2619 iſt

183 2604 443 2677 aufgetreten
460 2616 522 2677 die
527 2617 695 2680 Voͤlcker
702 2635 759 2680 zu
759 2633 911 2680 richten
928 2639 1000 2694 Eſa.
1005 2641 1048 2684 Il,
1062 2645 1115 2690 13.
1171 2645 1251 2689 und
1268 2640 1354 2688 eben
1372 2635 1517 2691 derſelbe
1533 2632 1572 2692 iſt
1588 2634 1678 2679 auch
