1623 2450
516 375 594 424 308

641 354 763 424 Das
778 356 804 417 8
827 359 938 422 Cap.
946 363 1092 429 erſter
1095 364 1346 429 Abſchnitt.

515 448 738 490 Veranlaſſung
749 448 871 491 gehabt
891 448 996 494 haben,
1019 436 1147 501 ſtreiten
1157 449 1208 490 um
1226 454 1280 486 den
1296 454 1418 495 Vorzug

515 506 562 540 die
581 503 797 549 hamburgiſche
824 497 877 541 des
901 507 991 551 Herrn
1009 497 1138 553 Muͤllers
1157 511 1216 547 und
1240 498 1285 544 die
1298 510 1417 555 magde⸗

517 556 665 601 burgiſche
686 556 741 593 des
765 555 938 602 beruͤhmten
959 553 1060 604 Herrn
1079 556 1192 605 Patzke,
1224 568 1333 596 wovon
1349 554 1418 598 nun

516 614 610 650 zween
624 608 725 650 Theile
747 607 854 650 heraus
871 601 961 652 ſind.
977 608 1063 652 Auch
1079 609 1133 653 hat
1147 614 1198 648 der
1212 613 1292 650 Herr
1306 608 1417 657 Paſtor

516 651 634 692 Muͤller
653 659 684 695 zu
698 643 838 696 Lineburg
859 661 891 696 zu
908 649 1025 690 Altona
1047 659 1120 696 1766
1126 644 1197 692 eine
1212 657 1310 702 Probe
1325 657 1416 697 ſeiner

515 699 718 747 Ueberſetzung
734 702 816 741 vom
821 702 953 742 Tacitus
969 703 1129 745 abdrucken
1142 706 1248 749 laſſen.
1299 707 1344 743 Er
1366 702 1415 750 ge⸗

516 741 621 793 ſtehet,
653 750 703 792 daß
717 750 799 792 ſeine
811 751 931 794 Abſicht
946 751 1035 793 nicht
1046 748 1172 794 geweſen
1194 753 1257 794 ſey,
1282 752 1355 795 auch
1368 744 1414 791 die

515 793 753 842 eigenthuͤmliche
774 799 956 841 Schreibart
976 803 1027 839 des
1047 790 1163 845 Tacitus
1183 793 1414 855 auszudruͤcken,

514 849 585 884 weil
600 847 708 892 ſolches
718 851 765 887 die
775 850 879 887 Natur
892 850 1009 893 unſerer
1015 847 1165 900 Sprache
1171 845 1251 898 nicht
1262 848 1414 897 verſtatte.

514 900 582 940 Sie
593 892 628 952 iſt
642 902 715 938 aber
726 899 796 944 doch
808 889 873 951 ſehr
887 904 942 945 gut
955 897 1106 952 gerathen.

899 1012 934 1051 §.
975 1014 1063 1049 13.

529 1089 644 1136 C.
662 1078 815 1143 Plinius
822 1084 1055 1143 Secundus,
1055 1085 1136 1143 der
1153 1081 1311 1149 juͤngere,
1328 1082 1412 1145 war

511 1120 689 1186 gutherzig
710 1130 782 1178 und
807 1132 1080 1200 uneigennuͤtzig,
1108 1138 1179 1194 und
1200 1137 1326 1192 bewies
1348 1130 1411 1203 ſich

510 1198 617 1243 gegen
632 1185 741 1241 ſeinen
755 1184 886 1245 Lehrer,
912 1196 973 1236 den
982 1186 1203 1250 Quintilian,
1218 1181 1296 1252 ſehr
1306 1186 1411 1255 dank⸗

513 1246 590 1289 bar.
643 1244 762 1292 Seine
776 1246 983 1299 patriotiſche
991 1239 1198 1302 Geſinnung
1210 1245 1272 1305 gab
1299 1259 1333 1293 er
1350 1241 1412 1293 da⸗

508 1300 613 1352 durch
634 1313 675 1356 zu
698 1298 877 1356 erkennen,
903 1304 972 1356 daß
980 1301 1039 1351 er
1045 1299 1147 1361 ſeine
1159 1304 1410 1361 Geburtsſtadt

507 1352 628 1401 Como
655 1350 719 1400 mit
741 1356 831 1402 einer
850 1357 977 1409 großen
995 1357 1199 1411 Bibliothek
1213 1359 1409 1412 beſchenkte,

510 1410 583 1452 und
594 1409 739 1460 zugleich
752 1408 979 1466 betraͤchtliche
986 1410 1175 1466 Einkuͤnfte
1189 1425 1275 1466 zum
1281 1416 1409 1461 Unter⸗

509 1464 601 1512 halte
627 1467 698 1508 und
727 1467 785 1509 der
809 1464 1002 1518 Erziehung
1028 1468 1085 1509 der
1110 1469 1263 1516 dortigen
1287 1470 1407 1511 armen

509 1514 658 1564 Jugend
681 1516 868 1567 ausſetzte.
924 1519 977 1563 Er
992 1513 1149 1566 beredete
1167 1514 1269 1569 ſeine
1267 1521 1408 1564 Lands⸗

507 1570 619 1619 leute,
643 1572 697 1613 die
721 1571 847 1623 bisher
861 1573 932 1625 ihre
975 1562 1107 1624 Soͤhne
1128 1563 1215 1623 nach
1222 1574 1407 1620 Mayland

507 1624 661 1676 geſchickt
681 1626 818 1677 hatten,
843 1623 938 1681 ſelbſt
960 1628 1031 1673 eine
1072 1621 1194 1681 Schule
1210 1628 1398 1681 anzulegen,

496 1660 579 1703 und
600 1662 729 1711 machte
746 1672 820 1723 ſich
834 1665 1045 1715 anheiſchig,
1065 1669 1123 1711 den
1142 1662 1274 1709 dritten
1297 1664 1407 1722 Theil

508 1728 566 1769 der
587 1728 711 1777 Koſten
743 1737 777 1779 zu
787 1726 923 1781 ſtehen.
987 1721 1028 1777 Er
1030 1725 1186 1779 wuͤrde
1207 1730 1291 1777 alles
1315 1731 1451 1782 dazu

504 1772 710 1830 hergegeben
737 1779 873 1832 haben,
912 1785 1014 1825 wenn
1043 1787 1079 1825 er
1105 1784 1195 1836 nicht
1220 1777 1402 1836 befuͤrchtet

494 1814 622 1876 haͤtte,
646 1826 713 1876 daß
729 1827 780 1869 die
795 1816 956 1878 Aeltern,
982 1815 1086 1869 wenn
1096 1827 1137 1877 ſie
1152 1838 1216 1880 gar
1234 1828 1342 1878 nichts
1360 1822 1403 1881 zu

494 1873 666 1938 bezahlen
692 1872 900 1930 brauchten,
961 1873 1108 1931 weniger
1131 1874 1276 1934 darauf
1303 1884 1400 1935 ſehen

504 1928 677 1989 moͤchten,
702 1942 771 1991 daß
785 1945 826 1995 ſie
842 1944 1010 1995 geſchickte
1023 1945 1143 1997 Lehrer
1160 1940 1293 1997 faͤnden.
1346 1947 1399 1992 Er

503 1995 600 2037 bittet
614 1994 676 2036 den
685 1993 839 2039 Tacitus
854 1994 926 2048 ſehr
941 1995 1220 2049 angelegentlich,
1246 1993 1401 2046 wuͤrdige

500 2047 622 2097 Lehrer
637 2047 878 2100 aufzuſuchen:
905 2049 988 2097 aber
999 2052 1055 2097 die
1066 2050 1208 2097 Aeltern
1222 2055 1320 2097 ſollen
1335 2055 1433 2094 da⸗

1344 2107 1402 2150 bei
