1871 2827
448 437 571 496 Von
571 437 656 496 der
656 437 884 496 Heiligkeit
884 437 1062 496 Gottes.

1167 453 1254 507 577

237 544 324 585 Aber
338 552 374 585 es
387 546 427 594 iſt
441 548 515 587 doch
536 556 607 585 eure
623 546 745 598 Pflicht
760 547 793 585 in
811 551 862 585 der
872 546 1170 599 Gleichfoͤrmigkeit
1185 550 1248 588 mit

234 601 305 635 dem
329 597 496 650 heiligſten
518 600 633 643 Weſen
655 600 772 647 taͤglich
793 610 830 643 zu
851 601 1010 647 wachſen,
1047 606 1112 639 und
1138 607 1245 641 davon

234 655 339 705 haͤngt
353 669 426 698 eure
435 659 675 709 Gluͤckſeligkeit
685 660 740 698 ab.
783 662 929 701 Staͤrket
937 665 1009 704 euch
1019 663 1114 709 daher
1122 664 1149 706 je
1159 660 1269 711 mehr

236 712 305 750 und
320 715 413 764 mehr
421 715 457 753 in
474 719 542 752 dem
556 713 653 762 Haſſe
667 723 764 760 gegen
781 717 828 754 die
838 716 967 756 Suͤnde
987 722 1051 754 und
1063 719 1097 755 in
1112 722 1166 757 der
1175 720 1245 770 Luſt

234 772 301 807 und
317 768 399 809 Liebe
413 780 451 816 zu
463 773 536 807 dem
550 770 665 809 Guten
690 774 755 805 und
775 781 820 816 zu
836 771 914 808 aller
937 770 1069 820 wahren
1092 771 1243 819 Tugend.

233 818 345 878 Huͤtet
354 830 444 874 euch,
477 827 542 875 daß
558 829 614 875 ſich
627 828 712 867 keine
728 828 931 876 Neigungen
951 838 1042 866 eurer
1055 827 1176 876 Herzen
1194 834 1244 870 be⸗

232 884 432 931 maͤchtigen,
464 886 511 922 die
533 885 683 933 dieſelben
705 886 736 932 ſo
760 887 904 935 beflecken
928 887 1079 932 wuͤrden,
1110 888 1174 935 daß
1192 891 1244 939 ihr

233 946 306 985 euch
327 945 374 981 die
388 944 500 991 Gunſt
522 946 576 983 des
596 943 760 995 heiligſten
777 945 913 993 Weſens
936 945 1023 989 nicht
1045 946 1243 994 verſprechen

231 1003 366 1052 duͤrftet.
422 1002 549 1054 Fliehet
572 1004 620 1044 die
641 1004 795 1046 unreinen
818 1005 903 1055 Luͤſte
924 1011 976 1047 der
990 1008 1096 1048 Welt.
1155 1008 1244 1049 Ent⸗

230 1060 332 1112 haltet
350 1063 423 1105 euch
435 1061 490 1101 als
506 1061 609 1113 Gaͤſte
622 1067 690 1102 und
700 1062 906 1113 Fremdlinge
920 1072 985 1103 von
998 1068 1055 1102 den
1070 1069 1245 1105 unordent⸗

231 1122 329 1164 lichen
345 1124 410 1162 und
417 1115 563 1176 heftigen
577 1116 831 1178 Leidenſchaften,
851 1123 963 1169 welche
974 1126 1071 1165 wider
1080 1126 1126 1166 die
1136 1125 1242 1168 Seele

229 1180 371 1231 ſtreiten.
418 1178 593 1230 Kreuziget
610 1192 683 1221 euer
696 1182 815 1233 Fleiſch
830 1184 949 1231 ſammt
970 1190 1030 1224 den
1045 1182 1152 1234 Luͤſten
1175 1188 1244 1224 und

228 1237 428 1288 Begierden.
484 1237 617 1283 Suchet
630 1250 704 1278 eure
719 1239 833 1280 Reden
857 1244 923 1278 und
936 1250 1010 1278 euer
1022 1250 1138 1288 ganzes
1153 1244 1246 1283 Ver⸗

230 1295 340 1345 halten
357 1305 456 1343 gegen
472 1298 564 1338 Gott
587 1304 654 1338 und
670 1300 722 1337 die
739 1300 916 1346 Menſchen
939 1300 1109 1349 unbefleckt
1135 1312 1172 1349 zu
1192 1302 1244 1340 be⸗

228 1352 377 1400 wahren.
431 1352 525 1399 Laſſet
541 1352 581 1392 in
593 1365 688 1392 euern
705 1354 833 1394 Seelen
852 1357 898 1393 die
911 1355 994 1394 Liebe
1007 1367 1046 1403 zu
1087 1356 1152 1395 Gott
1183 1361 1243 1398 und

230 1415 288 1447 den
305 1408 487 1458 Gehorſam
510 1417 608 1455 gegen
632 1411 734 1457 ſeinen
751 1412 873 1450 Willen
899 1414 975 1459 ſtets
999 1415 1048 1449 die
1063 1412 1241 1461 Oberhand

228 1461 344 1515 haben.
416 1463 534 1513 Folget
554 1469 623 1507 dem
647 1465 802 1513 Exempel
830 1469 929 1515 ſeiner
951 1468 1143 1514 Heiligkeit,
1180 1470 1243 1507 das

226 1521 280 1571 ihr
305 1521 338 1561 in
363 1525 433 1562 dem
454 1522 599 1563 Wandel
620 1521 710 1571 Jeſu
733 1525 844 1571 findet.
899 1525 1067 1565 Verlieret
1089 1531 1149 1563 das
1171 1527 1261 1567 An⸗

224 1580 343 1618 denken
358 1577 450 1630 dieſer
465 1579 561 1629 ſeiner
575 1579 875 1628 Vollkommenheit
890 1580 940 1618 nie
956 1589 1023 1619 aus
1040 1592 1136 1620 euern
1148 1582 1240 1623 See⸗

226 1638 296 1686 len,
321 1640 453 1688 ſondern
473 1638 544 1689 laßt
559 1642 632 1687 euch
647 1639 779 1691 daſſelbe
795 1641 899 1690 allzeit
912 1641 976 1691 auf
985 1642 1148 1691 kraͤftigſte
1163 1654 1238 1691 zum

223 1697 336 1749 Fleiße
351 1700 388 1740 in
404 1705 456 1738 der
470 1696 652 1749 Heiligung
671 1700 848 1741 antreiben.
904 1701 1079 1749 Bedenket,
1096 1703 1158 1752 daß
1174 1703 1238 1742 die⸗

181 1754 274 1805 ſes
286 1765 340 1797 der
355 1756 454 1806 große
470 1757 640 1807 Endzweck
658 1764 711 1799 der
725 1759 860 1809 heiligen
877 1759 1039 1809 Religion
1054 1760 1101 1810 iſt,
1122 1762 1169 1801 die
1184 1761 1238 1810 ihr

224 1812 393 1863 bekennet,
415 1817 482 1851 und
496 1811 632 1863 worauf
644 1813 695 1864 ihr
709 1824 780 1855 eure
794 1813 971 1866 Hoffnung
987 1816 1142 1864 gruͤndet,
1173 1816 1238 1865 daß

202 1874 277 1926 ihr
305 1875 499 1926 verleugnen
524 1878 611 1927 ſollet
641 1882 702 1916 das
732 1878 927 1927 ungoͤttliche
951 1882 1068 1929 Weſen
1098 1885 1163 1919 und
1189 1882 1238 1920 die

225 1934 403 1978 weltlichen
417 1934 520 1982 Luͤſte,
551 1938 617 1974 und
633 1934 775 1984 zuͤchtig,
806 1939 925 1983 gerecht
947 1940 1013 1975 und
1029 1938 1177 1985 gottſelig
1196 1938 1238 1977 le⸗

222 1984 284 2018 ben
304 1987 342 2019 in
360 1987 456 2031 dieſer
477 1985 586 2022 Welt.
653 1986 836 2030 Bedenket,
866 1985 931 2028 daß
961 1986 1018 2028 ſich
1043 1989 1096 2021 der
1123 1982 1235 2032 Sohn

223 2044 370 2094 Gottes,
397 2045 494 2093 dieſes
511 2046 715 2094 unſchuldige
734 2052 800 2085 und
822 2048 1006 2099 unbefleckte
1020 2047 1127 2086 Lamm,
1179 2050 1236 2098 fuͤr

223 2106 299 2146 euch
321 2103 420 2153 dahin
440 2101 575 2151 gegeben
599 2104 672 2153 hat,
704 2104 769 2153 auf
779 2105 842 2153 daß
865 2117 896 2143 er
914 2109 987 2146 euch
1011 2106 1145 2153 reinigte
1168 2115 1237 2147 von

224 2161 303 2200 aller
315 2161 584 2211 Ungerechtigkeit
600 2167 666 2203 und
686 2163 743 2212 ſich
765 2167 838 2206 euch
860 2173 896 2209 zu
921 2164 1022 2203 einem
1040 2165 1148 2205 Volke
1171 2167 1237 2218 hei⸗

223 2217 320 2267 ligte,
348 2220 413 2269 daß
432 2218 542 2271 fleißig
564 2223 652 2261 waͤre
691 2228 731 2276 in
725 2228 825 2270 guten
846 2223 999 2264 Werken.
1057 2222 1236 2274 Bedenket,

222 2278 286 2327 daß
302 2279 338 2318 in
353 2279 442 2326 jenes
460 2276 651 2331 himmliſche
669 2280 858 2331 Jeruſalem
874 2280 977 2324 nichts
987 2281 1140 2321 unreines
1155 2285 1237 2328 noch

222 2336 384 2384 gemeines
407 2328 559 2391 eingehen
579 2336 682 2390 kann,
710 2341 790 2381 noch
810 2344 915 2382 etwas
936 2343 997 2383 das
1017 2339 1149 2385 Graͤuel
1163 2342 1239 2393 thut

724 2402 810 2451 Oo

1158 2405 1242 2452 und
