1692 2517
535 399 577 430 die
607 398 705 437 groͤßte
726 397 846 438 Gefahr
872 400 968 438 laufen
1003 398 1119 439 heißen,
1146 402 1207 432 und
1234 407 1303 433 man
1331 402 1428 436 wuͤrde
1455 409 1506 434 vor

535 448 633 485 dieſem
650 436 733 481 Fort,
753 447 881 483 zwiſchen
904 443 960 478 drei
973 447 1062 483 Feuer
1082 454 1252 484 genommen
1266 447 1387 484 werden.
1414 450 1507 482 Denn

536 503 629 533 ſobald
645 504 696 528 ein
718 501 819 535 Schiff
836 503 865 530 in
889 506 941 530 den
964 501 1077 532 Strom
1099 503 1238 537 einlaͤuft,
1268 501 1335 534 muß
1362 506 1393 528 es
1416 500 1507 535 ſeinen

535 563 607 602 Paß
629 563 795 599 abſchicken,
814 564 874 595 und
894 564 1012 601 zugleich
1033 570 1083 593 um
1103 566 1146 596 die
1163 566 1343 602 Erlaubnis,
1363 566 1407 597 die
1423 567 1508 606 Rich⸗

537 619 610 649 tung
641 614 729 650 ſeines
756 615 871 656 Laufes
882 616 1023 653 fortſetzen
1058 612 1094 661 zu
1100 614 1219 654 duͤrfen,
1244 617 1415 662 Anſuchung
1437 617 1509 654 thun

506 670 650 708 laſſen.
677 671 744 709 Hat
763 677 795 701 es
824 673 890 709 dieß
906 672 1082 706 Ceremoniel
1102 671 1299 710 uͤbergangen,
1327 674 1352 710 ſo
1381 675 1452 706 wird
1480 679 1510 705 es

540 725 620 760 durch
643 726 720 758 eine
741 723 919 762 Stuͤckkugel
950 728 1040 758 daran
1067 728 1209 761 erinnert,
1230 728 1272 761 die
1293 735 1361 758 man
1383 727 1441 766 ihm
1468 735 1511 765 zu⸗

540 774 647 808 ſchickt,
675 775 732 801 und
760 772 855 806 wofuͤr
876 763 910 808 es
910 761 946 808 15
978 772 1094 809 Florins
1121 777 1153 808 zu
1180 772 1310 811 bezahlen
1340 777 1512 812 verpflichtet

539 831 587 870 iſt;
620 831 734 870 beharrt
760 837 791 864 es
813 833 863 872 auf
884 834 968 872 dieſer
989 822 1284 878 Vernachlaͤſſigung,
1317 834 1342 872 ſo
1370 835 1511 869 bekoͤmmt

540 895 570 922 es
607 892 667 924 eine
698 892 839 930 zweite,
870 893 913 926 die
946 902 980 928 30
1003 890 1120 931 Florins
1136 886 1247 937 koſtet,
1273 896 1346 929 und,
1376 894 1460 928 bleibt
1480 902 1512 928 es

539 943 605 977 noch
637 941 812 978 haͤrtnaͤckig,
844 943 905 973 eine
931 944 1070 983 dritte,
1106 945 1148 975 die
1194 943 1237 986 es
1245 951 1295 976 um
1328 938 1369 981 45
1393 942 1513 982 Florins

525 995 643 1031 bringt.
664 1010 703 1017 —
739 994 797 1027 Ein
819 997 885 1033 noch
907 995 1034 1033 laͤngerer
1060 995 1214 1035 Eigenſinn
1242 998 1309 1030 aber
1329 988 1511 1034 verurſachte,

541 1050 595 1085 daß
618 1057 685 1081 man
711 1052 771 1081 das
785 1046 929 1089 Fahrzeug
951 1051 1003 1089 auf
1029 1052 1081 1085 den
1112 1043 1209 1089 Grund
1229 1052 1355 1092 bohren,
1386 1056 1444 1085 und
1467 1055 1512 1085 als

540 1107 698 1142 feindſeelig
720 1107 877 1140 behandeln
898 1107 1004 1138 wuͤrde.
1037 1104 1103 1145 Hat
1123 1112 1154 1137 es
1175 1105 1257 1142 indeß
1272 1107 1314 1137 die
1326 1106 1449 1144 geſuchte
1459 1109 1511 1142 Er⸗

541 1165 657 1195 laubniß
674 1164 813 1198 erhalten,
833 1163 859 1198 ſo
874 1164 941 1197 muß
953 1168 997 1199 es,
1007 1163 1047 1194 in
1057 1162 1138 1195 elner
1152 1157 1307 1203 gehoͤrigen
1327 1157 1524 1208 Entfernung,

542 1225 582 1264 ſo,
606 1226 658 1262 daß
681 1233 750 1256 man
772 1230 802 1256 es
825 1226 940 1265 deutlich
963 1226 1058 1266 hoͤren
1076 1229 1154 1266 kann,
1177 1228 1229 1259 das
1251 1228 1321 1271 Fort
1342 1228 1395 1260 mit
1415 1237 1432 1269 9
1453 1229 1512 1263 Ka⸗

541 1281 756 1323 nonenſchuͤſſen
783 1277 927 1327 begruͤßen,
955 1278 1065 1327 welches
1086 1283 1134 1324 ſich
1155 1284 1240 1324 dafuͤr
1260 1288 1314 1318 mit
1336 1295 1350 1322 3
1365 1285 1509 1325 Schuͤſſen

541 1331 670 1366 bedankt.

620 1417 681 1448 Bei
702 1415 750 1446 der
762 1413 871 1448 Stadt
890 1413 1160 1454 Paramaribo,
1188 1414 1344 1454 ohngefaͤhr
1371 1416 1511 1455 ſechszehn

543 1461 589 1495 bis
609 1461 739 1502 achtzehn
762 1460 906 1496 Stunden
928 1471 984 1496 von
1008 1465 1054 1497 der
1071 1463 1235 1503 Muͤndung
1257 1467 1307 1497 des
1319 1457 1433 1504 Fluſſes
1444 1469 1512 1502 Su⸗

541 1502 654 1547 rinam,
687 1512 772 1549 liegt,
804 1510 888 1543 wenn
917 1522 987 1543 man
1014 1515 1104 1551 dieſen
1134 1514 1247 1547 Strom
1278 1513 1330 1550 auf
1355 1515 1402 1546 der
1422 1515 1519 1550 linken

543 1569 635 1599 Seite
647 1570 711 1597 des
724 1566 826 1603 Forts
854 1560 1033 1604 Amſterdam
1059 1568 1094 1605 *)
1133 1566 1331 1607 hinauffaͤhrt,
1362 1572 1414 1609 auf
1449 1574 1510 1601 dem

544 1625 652 1659 rechten
680 1624 750 1659 Ufer
780 1625 834 1654 das
862 1624 932 1661 Fort
954 1613 1187 1667 Seelandia,
1208 1626 1321 1662 welches
1343 1629 1385 1659 die
1413 1629 1513 1660 Stadt

544 1689 601 1720 und
623 1685 788 1726 Schiffahrt
809 1689 856 1720 der
877 1689 1004 1728 dortigen
1025 1683 1130 1728 Rhede
1148 1689 1256 1729 ſchuͤtzt;
1278 1691 1336 1723 und
1357 1689 1513 1728 ohngefaͤhr

545 1745 686 1786 ſechszehn
706 1746 823 1778 Meilen
851 1748 902 1786 auf
929 1751 974 1777 der
1000 1748 1107 1786 rechten
1137 1748 1226 1782 Seite
1253 1752 1303 1782 des
1321 1746 1425 1791 Forts
1442 1750 1511 1783 Am⸗

577 1925 610 1958 *)
630 1915 677 1957 Es
690 1925 728 1958 iſt,
749 1928 794 1952 um
814 1925 842 1952 es
856 1921 914 1956 euch
932 1917 1000 1964 meine
1022 1924 1112 1959 Lieben
1134 1918 1204 1965 recht
1220 1915 1342 1965 deutlich
1348 1929 1377 1960 zu
1396 1925 1511 1962 machen,

628 1977 755 2011 diejenige
783 1977 881 2011 Seite,
918 1983 959 2019 wo
979 1979 1020 2013 ihr
1045 1979 1093 2014 auf
1121 1980 1178 2012 dem
1202 1978 1430 2017 Titelkupfer
1460 1983 1511 2013 das

630 2029 723 2066 Schiff
739 2028 849 2063 erblickt.
