1540 2233
494 348 549 382 332

589 341 660 377 Des
678 343 792 385 zweiten
813 345 915 386 Theils
934 346 1068 385 ſiebentes
1080 345 1264 392 Hauptſtuͤck.

492 426 632 467 errichtet
650 427 717 474 hat.
776 425 933 473 Jndeſſen
953 429 1022 471 will
1041 422 1092 480 ich
1101 433 1174 473 doch
1194 426 1259 471 nur
1279 426 1380 480 einige

491 482 546 516 der
561 481 778 529 vornehmſten
791 479 959 529 Umſtaͤnde
979 482 1149 533 anfuͤhren,
1179 485 1310 535 worauf
1324 484 1381 526 der

492 534 675 582 Glaͤubiger
712 529 770 582 bey
775 529 994 586 Annehmung
1007 538 1100 577 einer
1119 538 1309 588 Obligation
1339 550 1379 586 zu

491 589 589 637 ſeiner
599 576 832 638 Verſicherung
843 590 927 639 ſehen
935 591 1039 633 kann:
1077 604 1097 631 1)
1142 594 1212 635 Die
1224 596 1380 645 verſchrie⸗

490 649 591 690 benen
608 647 841 704 Unterpfaͤnder
857 648 977 700 muͤſſen
997 655 1073 696 nach
1087 653 1175 702 ihren
1193 653 1378 704 Hauptum⸗

491 702 621 751 ſtaͤnden
637 694 741 751 genau
762 705 926 753 bezeichnet
952 702 1083 762 werden,
1099 710 1187 758 nebſt
1223 710 1379 764 ertheilter

490 766 693 814 Vollmacht,
712 766 805 813 ſolche
825 776 920 814 gegen
928 763 984 815 die
998 769 1190 821 verfloſſene
1200 762 1280 821 Zeit
1308 772 1376 823 frey

488 817 662 869 angreifen,
684 825 749 859 und
768 820 847 868 ohne
857 821 998 870 ferneren
1017 824 1225 872 gerichtlichen
1245 820 1374 876 Proceß

484 875 565 924 ſeine
575 870 771 927 Bezahlung
788 882 891 917 daran
911 878 1017 926 ſuchen
1029 890 1066 929 zu
1085 879 1208 931 moͤgen,
1233 883 1267 922 im
1265 875 1373 936 Fall,

479 928 553 979 daß
580 929 706 979 dieſelbe
738 931 819 974 nicht
845 924 1191 985 verſprochenermaſſen
1231 935 1371 987 erfolget.

487 992 548 1040 2)
576 995 690 1035 Wenn
713 997 768 1045 ſich
789 996 854 1037 eine
875 994 986 1048 Frau,
1024 999 1100 1040 auch
1121 1000 1154 1040 in
1175 999 1374 1051 Gegenwart

477 1047 574 1098 ihres
594 1048 804 1099 kriegeriſchen
822 1050 1046 1104 Vormunds,
1074 1042 1129 1101 zur
1146 1045 1371 1100 Schuldnerin

479 1107 704 1153 verſchreibet:
737 1110 768 1154 ſo
787 1110 868 1155 muß
884 1111 927 1155 ſie
936 1104 1003 1164 ſich
1012 1108 1235 1161 ausdruͤcklich
1255 1120 1304 1153 des
1318 1111 1372 1165 ſo⸗

484 1163 666 1204 genannten
694 1152 871 1200 beneficii
890 1154 1266 1206 Senatus - Conſulti
1284 1160 1371 1207 Vel-

485 1212 598 1263 lejani
617 1219 683 1253 und
716 1217 847 1256 anderer
877 1218 1051 1264 weiblichen
1076 1211 1260 1271 Freyhelten
1280 1220 1370 1262 uͤber⸗

475 1267 586 1318 haupt
596 1269 631 1307 in
650 1274 703 1308 der
719 1268 911 1320 Obligation
937 1270 1077 1323 begeben,
1100 1276 1162 1328 und
1194 1275 1310 1322 ſolches
1328 1276 1375 1330 an

484 1328 598 1376 Eydes
608 1329 683 1376 ſtatt
703 1326 851 1371 erklaͤren.
917 1329 968 1379 3)
992 1333 1091 1375 Wird
1109 1328 1158 1375 ein
1180 1330 1292 1388 Buͤrge
1310 1332 1370 1384 ge⸗

475 1386 600 1438 ſtellet:
629 1384 661 1432 ſo
681 1386 760 1437 muß
773 1388 828 1438 ſich
846 1389 940 1438 dieſer
971 1393 1020 1430 des
1026 1388 1204 1432 beneficii
1223 1390 1369 1436 ordinis

483 1435 695 1482 ausdruͤcklich
714 1441 855 1492 begeben,
878 1448 944 1482 und
962 1443 1076 1494 ſolches
1095 1447 1188 1487 durch
1209 1445 1287 1494 ſeine
1303 1448 1378 1487 Un⸗

484 1498 633 1548 terſchrift
643 1504 701 1541 mit
713 1501 910 1554 bekraͤftigen.
948 1493 984 1551 Wo
1005 1503 1138 1559 mehrere
1146 1503 1287 1557 Buͤrgen
1298 1498 1369 1547 vor⸗

483 1547 607 1596 handen
629 1548 715 1596 ſind:
750 1550 781 1597 ſo
801 1540 919 1600 muͤſſen
928 1552 965 1602 ſie
977 1553 1045 1591 dem
1064 1553 1278 1604 ſogenannten
1298 1555 1366 1594 be-

483 1606 625 1649 neficio
658 1608 874 1659 diuiſionis,
941 1612 1171 1655 excuſſionis
1205 1623 1272 1657 und
1305 1622 1367 1655 ce-

483 1662 694 1706 dendarum
721 1665 932 1710 Actionum
975 1668 1138 1720 entſagen,
1197 1665 1366 1724 oder
1299 1665 1366 1724 ſich

473 1727 560 1767 auch
570 1723 611 1763 in
631 1722 794 1766 ſolidum
822 1723 1020 1779 verbuͤrgen;
1046 1720 1085 1777 ſo
1106 1722 1165 1785 daß
1209 1731 1294 1774 einer
1302 1729 1365 1782 fuͤr

483 1778 565 1827 alle,
601 1783 668 1819 und
685 1781 745 1820 alle
759 1777 814 1832 fuͤr
834 1783 921 1822 einen
941 1784 1002 1834 ſich
1010 1782 1059 1823 an
1079 1781 1191 1836 Eydes
1206 1787 1287 1836 ſtatt
1295 1783 1365 1828 ver⸗

471 1835 642 1883 ſchreiben.

1238 2015 1363 2065 Exem⸗
