1583 2376
509 317 586 357 234

511 390 688 436 losgeriſſen
715 393 846 433 werden,
882 396 958 437 muß
984 403 1058 430 man
1090 397 1146 431 den
1172 396 1242 442 Fuß
1279 405 1372 434 unten

511 453 552 477 an
581 446 628 480 die
656 445 784 490 Wurzel
818 446 905 488 ſetzen
932 451 995 484 und
1035 449 1161 491 dieſelbe
1201 451 1373 493 niederhal⸗

509 496 569 531 ten,
602 493 702 528 indem
731 502 803 530 man
831 496 886 530 den
908 496 1040 540 Schnitt
1067 495 1185 543 ſchraͤge
1211 499 1371 543 aufwaͤrts

506 543 601 587 fuͤhrt.
651 546 765 587 Haben
792 547 857 584 Sie
885 550 931 586 die
956 548 1048 592 Hecke
1074 559 1133 586 von
1167 550 1250 595 ſelbſt
1284 553 1369 596 gezo⸗

504 584 600 636 genen
628 592 923 639 Saamenpflanzen
950 597 1105 641 angelegt,
1133 599 1181 635 die
1208 602 1302 639 dann
1325 607 1368 635 et⸗

504 651 564 676 wa
582 644 629 678 die
666 642 786 680 Staͤrke
820 645 907 680 eines
941 647 1153 691 Pfeifenſtiels
1188 648 1298 690 haben,
1338 651 1368 692 ſo

505 689 620 724 koͤnnen
647 688 713 725 Sie
741 691 808 727 dies
820 691 1040 736 Abſchneiden
1067 694 1126 729 mit
1151 698 1203 731 der
1228 695 1368 733 Garten⸗

506 736 614 780 ſcheere
661 738 838 776 verrichten.
903 740 975 783 Bey
1020 743 1222 784 anhaltender
1258 743 1367 782 Duͤrre

503 790 595 834 laſſen
623 791 687 828 Sie
715 794 761 830 die
788 794 880 834 Hecke
906 795 948 832 im
983 797 1074 838 erſten
1102 796 1254 835 Sommer
1288 799 1364 835 eini⸗

502 839 605 883 gemal
636 839 855 885 nachdruͤcklich
889 840 1053 888 begießen,
1094 846 1158 880 und
1196 849 1244 884 die
1283 847 1365 885 Erde

502 885 561 926 auf
584 886 701 928 beyden
723 888 839 927 Seiten
867 891 924 927 mit
951 893 1033 927 einer
1058 883 1155 937 Hacke
1181 892 1363 938 auflockern,

498 938 640 978 wodurch
672 941 804 985 zugleich
837 945 897 979 das
930 945 1067 980 Unkraut
1101 946 1237 990 zerſtoͤret
1269 943 1377 984 wird.

566 989 670 1025 Wenn
696 988 771 1029 nach
799 997 882 1032 zwey
908 989 1046 1034 Jahren,
1075 994 1122 1035 oft
1148 996 1223 1036 noch
1250 994 1362 1037 ſpaͤter,

500 1034 547 1070 die
569 1036 827 1076 ausgetriebenen
855 1038 962 1078 Reiſer
990 1051 1010 1074 2
1041 1030 1122 1082 bis
1118 1035 1143 1085 3
1167 1041 1237 1085 Fuß
1263 1039 1365 1087 Laͤnge

500 1085 563 1119 und
589 1075 888 1131 verhaͤltnißmaͤßige
915 1088 1035 1125 Staͤrke
1066 1089 1177 1131 haben,
1210 1091 1239 1132 ſo
1269 1092 1361 1134 laſſen

501 1136 566 1173 Sie
595 1138 641 1172 die
661 1136 752 1178 Hecke
772 1138 911 1182 flechten,
939 1141 998 1175 das
1027 1139 1121 1184 heißt,
1155 1144 1201 1177 die
1222 1142 1360 1187 Schoͤſſe,

500 1179 644 1219 nachdem
672 1178 709 1221 ſie
736 1171 860 1228 gehoͤrig
888 1186 1031 1228 geordnet
1053 1183 1126 1228 ſind,
1146 1185 1361 1232 wechſelswei⸗

498 1234 524 1278 ſe
552 1236 606 1269 den
636 1234 723 1270 einen
751 1245 804 1279 zur
824 1236 959 1279 Rechten
986 1241 1050 1275 und
1078 1243 1133 1275 den
1162 1243 1278 1278 andern
1305 1251 1361 1286 zur

495 1281 602 1319 Linken
642 1280 759 1327 beugen
795 1286 857 1319 und
893 1285 981 1326 durch
997 1281 1156 1332 einander
1176 1288 1358 1332 ſchlingen.

496 1330 655 1374 Vermoͤge
680 1334 761 1372 ihrer
784 1332 918 1370 Dornen
944 1337 1067 1373 werden
1094 1337 1151 1381 ſich
1180 1341 1230 1376 die
1252 1339 1360 1382 Reiſer

497 1372 640 1423 meiſtens
662 1381 693 1416 in
713 1380 805 1423 dieſer
823 1380 900 1425 Lage
928 1385 1076 1425 erhalten,
1103 1385 1248 1431 noͤthigen
1268 1386 1360 1430 Falls

497 1428 577 1463 kann
597 1437 671 1462 man
689 1429 780 1470 ihnen
799 1431 909 1470 durchs
919 1433 1047 1470 Binden
1069 1435 1123 1471 mit
1138 1432 1360 1472 Linden ⸗ oder

496 1479 742 1527 Weiden ⸗ Baſt
761 1492 798 1526 zu
816 1482 916 1526 Huͤlfe
935 1487 1086 1523 kommen.
1119 1486 1207 1524 Dies
1233 1488 1357 1529 Durch⸗

492 1530 622 1578 flechten
644 1530 706 1575 ſetzt
725 1541 799 1567 man
817 1534 876 1569 alle
896 1532 997 1576 Jahre
1021 1537 1053 1579 ſo
1083 1539 1175 1580 lange
1202 1537 1274 1580 fort,
1304 1541 1356 1576 bis

496 1582 544 1617 die
563 1580 654 1623 Hecke
674 1581 744 1622 hoch
766 1590 866 1627 genug
886 1583 951 1625 iſt.
974 1584 1022 1627 Jn
1044 1585 1136 1629 dieſer
1152 1595 1268 1630 ganzen
1288 1588 1359 1628 Zeit

494 1626 571 1668 darf
591 1627 665 1668 noch
691 1629 773 1666 keine
794 1628 1028 1674 Gartenſcheere
1052 1642 1094 1668 an
1118 1633 1168 1670 die
1189 1632 1282 1675 Hecke
1306 1644 1357 1678 ge⸗

495 1675 600 1717 bracht
619 1677 750 1712 werden.
800 1676 885 1718 Auch
910 1680 1004 1721 dann,
1029 1687 1119 1717 wenn
1144 1681 1182 1723 ſie
1209 1679 1278 1722 hoch
1307 1691 1358 1727 ge⸗

493 1731 558 1766 nug
579 1725 624 1767 iſt,
651 1727 726 1770 muß
751 1735 826 1763 man
852 1727 900 1761 die
919 1728 1050 1774 Spitzen
1076 1733 1128 1767 der
1152 1731 1260 1776 Reiſer
1284 1733 1358 1776 noch

493 1774 576 1810 nicht
608 1773 815 1819 abſchneiden,
849 1775 975 1819 ſondern
1007 1785 1100 1816 unter
1132 1777 1186 1824 ſich
1227 1779 1356 1825 beugen,

492 1827 555 1861 und
583 1826 615 1861 in
643 1828 694 1865 der
719 1827 811 1870 Hecke
839 1829 1007 1872 verſterken.
1058 1831 1166 1873 Durch
1194 1834 1269 1876 dieſe
1289 1834 1356 1871 Be⸗

491 1874 650 1918 handlung
685 1876 785 1920 erhaͤlt
828 1878 954 1921 dieſelbe
995 1882 1061 1916 eine
1093 1879 1265 1929 Feſtigkeit,
1306 1885 1354 1919 die

490 1925 575 1971 jeder
601 1925 732 1964 Gewalt
758 1930 854 1972 trotzt.
906 1929 1009 1968 Wenn
1036 1929 1084 1968 die
1099 1930 1191 1975 Hecke
1218 1940 1282 1971 nun
1309 1934 1354 1976 ih⸗
