1276 2091
444 144 597 189 (39)

151 183 370 241 Maulbiſſen
388 190 425 232 in
441 183 544 243 fuͤnff
553 189 678 244 gleiche
689 191 818 244 Theile
832 206 875 244 zu
886 207 979 250 par-

151 238 313 294 tagiren/
337 240 558 296 aſſurement
579 243 616 285 le
633 243 707 300 jeu
720 257 773 286 ne
792 259 892 288 vaut
905 269 979 301 pas

150 285 185 334 la
200 289 414 338 chandelle,
424 296 762 354 unbedachtſames
778 304 997 355 Verhaͤng⸗

145 337 222 405 nis/
242 352 288 395 wie
299 345 502 405 befiehleſtu
511 359 588 398 uns
603 358 679 400 eine
690 360 816 404 Sache
832 371 874 408 zu
886 368 976 410 thei⸗

148 406 224 459 len/
228 414 281 453 die
291 415 385 465 ihrer
406 414 539 464 Natur
556 415 640 467 nach
662 419 897 466 indiviſible
895 423 974 479 iſt/

145 470 221 511 und
238 463 301 517 ſich
312 466 345 519 ſo
354 461 472 523 wenig
487 469 619 525 theilen
630 474 709 533 laͤſt/
738 478 781 534 als
793 482 871 521 eine
883 480 974 530 ſchoͤ⸗

146 531 191 564 ne
205 520 355 578 Braut/
366 525 432 568 mit
450 529 510 569 der
529 536 599 571 nur
608 533 705 572 einer
722 537 765 581 zu
783 535 902 576 Bette
912 547 973 584 ge⸗

144 561 209 625 hen
228 573 320 624 kan!
351 579 439 625 Wie
459 584 543 624 aber
563 587 603 636 iſt
621 589 681 627 der
699 589 819 636 Apffel
837 596 904 629 mit
923 596 970 628 ei⸗

145 647 226 685 nem
267 636 429 695 guͤldnen
462 645 591 698 Creutz
631 646 860 702 gezeichnet?
906 654 968 697 der

141 695 425 754 Reichs⸗Apffel
443 698 547 754 fuͤhrt
563 701 733 756 allemahl
751 705 838 759 dieſe
858 719 967 748 mar-

139 765 235 808 que,
250 760 338 802 umb
339 754 407 805 der
422 759 647 816 einfaͤltigen
663 768 797 817 Welt/
829 769 881 810 die
899 767 967 820 ſich

135 808 275 860 ſonſten
300 813 406 862 durch
433 817 502 857 den
528 816 643 867 hellen
661 816 879 871 Goldglantz
898 829 968 871 gar

136 867 257 915 leichte
273 867 423 914 blenden
438 867 541 925 laͤſt/
536 872 590 916 die
606 873 882 924 nachdenckliche
892 880 966 923 Er⸗

136 922 337 978 rinnerung
353 932 397 977 zu
412 920 539 982 geben/
561 920 621 987 daß
631 928 726 977 keine
745 931 890 979 Wuͤrde
901 934 965 989 oh⸗

133 989 178 1026 ne
194 977 361 1035 Buͤrde/
388 986 441 1030 die
456 983 635 1041 praͤchtige
653 985 966 1046 Koͤnigs⸗Crone

134 1047 209 1084 aus
226 1043 439 1096 verguldten
450 1046 556 1097 Bley
573 1046 798 1106 geſchmidet/
815 1050 874 1104 das
881 1052 963 1102 ehr⸗

131 1088 281 1145 ſuͤchtige
299 1094 436 1144 Haupt
456 1095 681 1150 empfindlich
703 1099 862 1153 druͤcke;
892 1104 961 1146 So

131 1139 266 1198 muͤſſen
281 1149 347 1190 wir
367 1149 493 1203 dann/
518 1147 640 1202 ſagten
650 1150 831 1208 ſaͤmtliche
849 1156 962 1196 Can-

133 1204 289 1257 didati,
318 1205 424 1260 durch
441 1209 512 1254 das
533 1202 611 1254 Los
639 1214 722 1256 oder
739 1215 809 1257 den
825 1215 961 1267 Degen

131 1261 387 1316 ausmachen/
411 1263 503 1321 quis
525 1265 637 1309 inter
663 1282 744 1311 nos
772 1268 959 1326 digniſſi-

133 1326 240 1359 mus.
298 1306 385 1365 Wie
413 1318 497 1364 aber
526 1314 612 1375 frug
635 1321 689 1366 ein
712 1321 961 1371 unbekandter

129 1354 336 1426 Frembder/
361 1379 440 1426 wann
469 1371 526 1413 ein
541 1370 581 1424 ſo
598 1374 720 1427 kluger
736 1377 790 1417 als
808 1378 958 1430 tapffrer

129 1421 290 1485 Ulyſſes
307 1432 361 1475 die
370 1432 444 1484 ihm
454 1430 674 1488 rechtmaͤßig
684 1443 871 1479 vertraute
881 1438 958 1479 Pe-

129 1490 311 1545 nelopen
334 1500 379 1542 zu
401 1494 533 1544 rechter
555 1496 635 1550 Zeit
656 1501 768 1544 wider
787 1496 961 1550 beſuchte/

130 1549 207 1592 und
225 1549 337 1592 denen
362 1548 610 1601 ungebetenen
635 1554 797 1605 Freyern
817 1556 873 1596 die
888 1564 958 1608 gar

129 1612 172 1655 zu
189 1598 379 1659 fruͤhzeitig
402 1603 556 1660 beſtellte
580 1610 884 1664 Braut⸗Suppe
904 1622 966 1665 ge⸗

129 1649 281 1712 ſegnete.
335 1656 579 1716 Penelope,
607 1666 776 1711 nachdem
802 1664 846 1715 ſie
865 1667 964 1717 nicht

129 1712 255 1770 laͤnger
264 1713 457 1773 Auffſchub
472 1717 664 1774 erhalten/
658 1714 714 1768 als
731 1723 790 1767 bis
808 1725 879 1768 das
888 1737 964 1768 un⸗

568 1776 617 1831 C
645 1792 675 1831 4

898 1793 965 1831 ter
