1798 2568
289 446 393 478 boren
406 445 502 486 wird,
523 446 663 480 ſondern
677 446 730 477 die
745 447 844 479 ſchon
857 457 918 478 vor
931 446 980 480 ihr
997 448 1038 480 da
1051 448 1101 488 iſt,
1124 448 1165 479 ſie
1180 458 1241 479 nur

289 502 415 539 ſchafft,
438 513 496 533 um
512 503 565 535 ein
577 504 682 536 Reich
696 503 747 534 für
767 504 858 535 ihren
873 502 1003 544 Scepter
1017 514 1059 534 zu
1072 503 1189 535 haben.

371 564 443 593 Der
456 561 574 593 Zweck
595 563 651 594 der
667 561 864 595 Gelſellſchaft
884 557 943 604 iſt
951 557 1020 605 alſo
1019 564 1094 593 dem
1109 563 1244 594 Geſetze

292 617 348 646 der
360 615 507 656 Tugend
522 614 783 657 untergeordnet,
799 615 854 655 gilt
866 625 928 645 nur
944 617 1080 657 bedingt
1092 620 1162 648 und
1176 619 1245 648 mit-

291 670 420 716 telbar,
439 685 523 707 wenn
543 678 614 707 und
630 677 662 708 ſo
682 675 757 707 weit
776 687 809 707 er
827 679 871 708 als
883 677 990 709 Mittel
1009 688 1068 708 zur
1088 678 1244 709 ſittlichen

290 732 483 774 Veredlung
504 733 561 764 der
580 733 730 773 Subjekte
752 733 851 765 dient.
894 734 975 766 Und
994 734 1094 766 ſiehe!
1122 736 1190 767 dies
1206 736 1243 768 iſt

290 793 347 823 der
365 794 482 825 Zweck
503 794 575 825 aller
593 793 731 825 Staaten.
779 795 843 825 Ein
866 794 956 824 Staat
979 793 1013 836 iſt
1032 797 1092 826 eine
1116 797 1243 827 Vereini-

286 857 373 887 gung
391 852 590 893 vernünftiger
605 854 795 889 Individuen,
819 863 871 882 um
889 854 933 883 die
954 853 1124 891 allgemeine
1143 856 1243 884 Form

289 905 366 933 ihrer
390 904 635 943 Selbſtthätigkeit
663 906 756 933 durch
782 905 828 932 ein
847 904 1053 940 gegenſeitiges
1080 908 1241 935 Verhalten

286 957 417 987 wirklich
435 967 474 985 zu
492 957 628 985 machen.

368 1016 424 1043 Da
444 1015 521 1043 aber
542 1013 642 1043 dieſes
658 1014 715 1044 der
733 1013 873 1045 abſolute
888 1012 1006 1045 Zweck
1021 1014 1077 1046 der
1091 1013 1240 1057 Geſellig-

286 1071 351 1103 keit
364 1070 548 1113 überhaupt
566 1070 615 1109 iſt,
638 1070 670 1103 ſo
685 1071 810 1103 müſſen
824 1071 889 1103 ſich
901 1072 959 1103 alle
972 1070 1149 1105 beſondere
1163 1076 1242 1105 Ein-

287 1127 482 1168 richtungen
505 1129 561 1160 der
581 1128 710 1160 Staaten
732 1129 817 1160 nach
836 1130 1018 1162 demſelben
1037 1133 1239 1169 bequemen;

289 1200 332 1220 zu
345 1189 415 1220 ihm
427 1190 512 1222 muſs
519 1188 714 1231 Verfaſſung
726 1191 798 1220 und
809 1190 1033 1231 Geſetzgebung
1072 1192 1128 1221 des
1139 1191 1241 1223 Staats

288 1241 504 1272 harmoniren.

367 1302 451 1333 Nun
469 1301 603 1332 können
618 1301 676 1333 wir
689 1300 773 1332 auch
787 1301 840 1332 die
851 1302 932 1334 Idee
947 1303 1036 1333 eines
1052 1306 1240 1333 vollkomm-

289 1371 355 1391 nen
378 1362 478 1392 Staats
499 1361 683 1394 entwerfen.
729 1364 779 1394 Es
800 1364 834 1403 iſt
852 1366 983 1394 nämlich
1004 1365 1053 1393 der
1077 1365 1168 1395 Staat
1191 1367 1241 1394 der

288 1417 536 1453 vollkommenſte,
554 1419 677 1448 welcher
689 1420 781 1447 durch
786 1419 866 1455 ſeine
882 1418 1099 1457 Geſetzgebung
1113 1422 1174 1448 und
1185 1421 1238 1450 Or-

285 1469 456 1508 ganiſation
477 1468 530 1500 den
539 1469 807 1510 gröſstmöglichen
824 1471 912 1501 Grad
927 1472 975 1503 der
994 1470 1167 1503 Sittlichkeit
1181 1473 1242 1503 und

294 1526 461 1566 Veredlung
480 1528 528 1559 der
546 1527 664 1559 Nation
678 1527 890 1567 hervorbringt.

370 1588 430 1620 Ich
441 1587 528 1631 ſage:
550 1588 606 1621 der
617 1589 799 1627 Sittlichkeit,
816 1591 886 1620 und
898 1589 1048 1622 erwähne
1063 1592 1120 1623 der
1127 1592 1242 1623 Glück-

288 1645 429 1686 ſeligkeit
447 1646 547 1679 nicht.
588 1647 656 1677 Ein
671 1648 760 1683 Satz,
784 1647 841 1677 der
853 1648 1020 1680 Manchen
1041 1651 1125 1678 ehen
1140 1650 1172 1677 ſo
1188 1652 1241 1678 be-

288 1702 460 1730 fremdend
480 1702 524 1732 als
542 1712 609 1731 neu
626 1701 841 1732 vorkommen
862 1710 946 1738 mag.
988 1702 1102 1732 Allein
1118 1705 1170 1733 ich
1186 1707 1238 1733 be-

287 1749 424 1789 haupte,
454 1743 521 1779 daſs
544 1755 629 1780 eben
649 1755 755 1787 darin,
785 1753 852 1781 daſs
873 1762 949 1779 man
968 1762 1031 1782 nur
1049 1755 1164 1782 immer
1184 1757 1243 1783 auf

291 1812 532 1854 Glückſeligkeit
544 1812 690 1844 Bedacht
701 1813 811 1849 nahm,
825 1812 881 1843 der
893 1811 1009 1844 Grund
1021 1814 1105 1854 liegt,
1115 1824 1238 1843 warum

291 1867 343 1901 die
356 1868 466 1900 beſten
479 1866 796 1901 Staatskaltulatoren
807 1866 894 1898 noeh
906 1867 1021 1901 immer
1033 1874 1099 1900 fehl
1112 1878 1240 1910 gerech-

288 1934 345 1957 net
362 1925 485 1961 haben;
514 1924 584 1957 und
606 1924 690 1958 doch
710 1925 796 1956 kann
814 1935 890 1957 man
910 1927 1011 1959 ihnen
1031 1932 1086 1958 das
1107 1933 1139 1960 ſo
1162 1936 1239 1959 übel

288 1988 379 2020 nicht
391 1987 552 2026 nehmen,
576 1989 616 2020 da
628 1988 730 2021 ihnen
748 1989 799 2022 die
812 1989 1032 2032 Philoſophen
1051 1991 1108 2023 des
1121 1993 1237 2023 Natur-

289 2050 361 2079 und
375 2046 603 2082 Völkerrechts
616 2049 731 2080 immer
743 2049 826 2080 eben
839 2047 871 2079 ſo
884 2050 978 2082 falſch
992 2050 1238 2081 vorrechneten.

289 2101 338 2132 Es
357 2102 393 2131 iſt
408 2102 461 2134 ein
475 2100 532 2134 faſt
547 2100 751 2140 allgemeiner
762 2104 831 2146 und
845 2102 880 2144 in
890 2104 986 2145 Aller
997 2105 1132 2150 Herzen
1145 2106 1235 2148 ſtark-
