1603 2313
508 360 588 408 der
588 360 851 408 Lebenskraͤfte.

1052 373 1128 416 179

286 451 447 496 bringen
470 455 598 496 (135.),
623 452 693 492 muß
710 455 755 488 die
773 454 965 498 Lebenskraft
992 454 1043 497 ſich
1068 456 1126 495 auf

306 504 379 543 eine
388 514 471 547 ganz
496 505 653 547 beſondere
672 508 729 542 Art
741 503 841 548 thaͤtig
858 507 973 548 zeigen,
1004 508 1049 541 die
1064 507 1122 540 wir

318 557 446 600 indeſſen
473 558 552 598 nicht
567 567 668 598 genau
687 559 856 598 beſtimmen
879 559 1006 592 koͤnnen.
1072 558 1122 600 Jn

269 606 410 624 allen
427 603 660 643 Krankheiten,
674 607 720 629 die
754 609 811 629 den
836 608 894 637 Siz
925 613 975 629 der
999 611 1123 630 Lebens⸗

274 662 417 703 kraft,
436 665 495 699 das
519 664 637 705 Gehirn
658 667 720 697 und
746 666 791 697 die
814 664 937 699 Nerven
962 664 1043 705 ſelbſt
1069 673 1121 698 an⸗

316 720 454 759 greifen,
485 720 517 753 in
541 721 639 762 allen,
674 728 721 753 wo
742 723 788 755 die
815 721 1007 758 Lebenskraft
1039 723 1121 762 mehr

314 766 414 808 thaͤtig
430 766 483 804 als
505 767 647 807 unthaͤtig
668 768 713 808 iſt,
738 767 914 808 beobachten
938 769 995 801 wir
1017 768 1121 801 immer

313 817 415 850 etwas
434 811 700 861 Periodiſches,
706 819 771 848 und
799 823 871 848 man
900 815 1000 855 kann,
1026 822 1121 850 wenn

313 875 388 903 man
409 869 516 908 dieſes
532 868 736 909 beobachtet,
774 868 944 910 umgekehrt
968 868 1120 912 ſchließen,

314 921 375 961 daß
385 922 437 956 die
452 919 525 961 eben
542 922 701 962 gedachten
719 917 874 963 Umſtaͤnde
887 914 972 967 ſtatt
985 918 1096 963 finden.

273 974 318 1013 c.)
343 967 408 1019 Die
410 971 601 1016 zahlreichen
618 973 923 1014 Veränderungen,
960 975 1054 1008 denen
1073 974 1120 1008 die

320 1026 413 1061 feſten
426 1021 509 1063 und
527 1018 673 1062 flüßigen
690 1020 804 1060 Theile
820 1021 895 1062 nach
921 1024 976 1055 den
1002 1025 1122 1061 vorher⸗

253 1079 470 1120 gehenden
500 1079 690 1122 Abſchnitten
719 1079 927 1121 unterworfen
951 1080 1034 1122 ſind,
1058 1086 1121 1114 ver⸗

258 1124 451 1166 anlaſſen
464 1125 499 1167 ſo
526 1126 771 1166 mannichfaltige
796 1130 858 1158 und
878 1130 1121 1166 ungewoͤhnliche

316 1178 581 1221 Veraͤnderungen
598 1181 632 1215 in
648 1183 703 1216 der
728 1179 899 1223 Thaͤtigkeit
919 1185 969 1215 der
997 1184 1121 1219 Lebens⸗

315 1218 431 1276 kraft,
449 1227 508 1272 daß
527 1228 573 1268 ſie
591 1221 655 1273 ſich
678 1231 735 1269 faſt
760 1234 815 1268 bey
851 1238 944 1267 jedem
971 1238 1122 1269 einzelnen

313 1277 456 1313 Kranken
476 1280 594 1311 anders
616 1282 782 1318 verhalten,
793 1288 854 1311 und
867 1287 946 1316 nicht
961 1290 1122 1318 allgemein

285 1329 486 1371 angegeben
503 1334 627 1364 werden
645 1330 775 1364 koͤnnen.

271 1380 319 1420 d.)
343 1379 626 1420 Ungewöhnliche
647 1380 901 1421 Gegenſtände,
923 1388 971 1415 die
993 1392 1054 1420 auf
1066 1396 1121 1416 un⸗

313 1423 373 1464 ſere
391 1423 486 1465 Kraft
520 1425 645 1466 Einfluß
671 1430 784 1465 haben,
801 1437 1006 1464 veranlaſſen
1028 1447 1120 1466 unge⸗

286 1484 479 1529 woͤhnliche
497 1484 695 1529 Wuͤrkungen
716 1485 863 1528 derſelben
883 1487 1009 1528 (135.),
1035 1494 1058 1530 z.
1073 1494 1120 1523 B.

315 1537 560 1584 ungewoͤhnliche
575 1540 676 1584 Reize,
699 1538 1045 1583 Krankheitsmaterien,
1059 1548 1121 1577 Be⸗

310 1582 539 1629 ſchaͤftigungen
559 1588 611 1622 der
629 1590 745 1630 Seele,
770 1601 800 1621 u.
822 1601 854 1620 a.
876 1600 918 1621 m.
964 1598 1048 1623 Man
1066 1602 1123 1631 hat

312 1645 478 1690 Beiſpiele,
502 1644 562 1685 daß
585 1634 674 1688 durch
695 1647 838 1688 Urſachen
860 1649 952 1686 dieſer
967 1651 1039 1689 Art,
1072 1654 1121 1681 die

312 1682 506 1734 Lebenskraft
523 1693 584 1734 auf
599 1696 646 1726 die
668 1704 759 1732 ganze
772 1698 938 1732 Lebenszeit
960 1708 994 1731 zu
1017 1705 1119 1733 gewiſ⸗

312 1747 362 1787 ſen
381 1745 580 1787 Wuͤrkungen
597 1748 743 1787 geſtimmt
764 1753 885 1787 wurde,
911 1753 957 1779 die
976 1754 1023 1786 ihr
1040 1756 1121 1789 ſonſt

273 1804 388 1839 ganz
409 1793 581 1835 unbekannt
603 1806 729 1839 waren;
752 1800 846 1838 dahin
863 1801 967 1843 gehoͤrt
986 1806 1031 1835 die
1043 1807 1121 1836 Ver⸗

315 1848 484 1894 wandlung
508 1853 559 1886 der
585 1850 830 1892 Temperamente
848 1856 935 1890 (61.)
954 1861 984 1884 u.
1005 1865 1034 1883 a.
1054 1866 1097 1885 m.

270 1901 318 1939 e.)
342 1898 454 1942 Ferner
470 1900 576 1944 gehoͤrt
593 1903 649 1937 mit
668 1910 703 1944 zu
718 1904 774 1934 den
785 1905 1045 1944 merkwuͤrdigſten
1062 1912 1119 1938 Er⸗

313 1953 508 1998 ſcheinungen
534 1958 589 1996 des
617 1949 903 1998 widernatuͤrlichen
929 1960 1116 2000 Zuſtandes:

639 2019 688 2052 M
688 2019 732 2052 2
