1605 2157
259 391 403 434 Seines
419 395 576 443 Bruders
591 397 732 448 Ungluͤck
748 398 822 449 thut
836 398 906 448 ihm
919 402 1002 450 leid,
1018 408 1088 444 dar⸗

226 450 283 480 um
300 444 387 493 leiht
409 457 441 486 er
457 448 524 497 ihm
542 448 689 489 Geld.

538 529 590 563 d
590 529 674 565 und
698 527 754 575 th.

274 587 351 626 Der
364 586 502 635 Wirth
516 590 615 628 wird
631 591 713 636 boͤſe.

273 646 349 689 Der
365 646 450 689 Tod
469 649 572 696 macht
590 649 640 701 oft
654 651 716 692 viel
730 650 858 703 Noth.

542 729 586 768 dt
608 734 676 770 und
703 729 757 778 th.

268 781 336 821 Als
347 788 401 819 der
407 779 524 829 Vogel
540 790 619 836 todt
640 797 717 838 war,
736 803 811 825 war
824 797 912 832 nicht
926 799 976 830 ein
984 798 1084 839 Loth

218 837 336 886 Fleiſch
355 851 399 877 an
416 841 496 888 ihm.

266 891 326 935 Es
341 896 401 943 hat
414 898 500 938 keine
514 897 642 946 Noth,
648 905 682 952 er
714 902 752 949 iſt
766 902 845 947 noch
862 904 948 949 nicht
960 910 1057 948 todt.

547 983 579 1014 e
600 984 669 1020 und
691 992 741 1020 ee.

266 1039 351 1082 Das
367 1037 630 1095 Krieges⸗Heer
650 1046 771 1086 kommt
790 1047 908 1096 daher.

223 1096 316 1137 Er
333 1098 456 1139 kommt
472 1108 510 1146 zu
524 1110 595 1139 uns
610 1100 675 1147 her
691 1105 767 1144 uͤber
784 1113 847 1145 das
862 1111 993 1150 Meer.

261 1157 330 1206 Jch
347 1160 405 1207 ſeh
422 1160 489 1209 hier
504 1164 581 1202 weit
599 1167 635 1201 in
651 1168 701 1201 die
715 1167 807 1206 See.

226 1215 318 1257 Er
334 1218 396 1265 ſitzt
412 1217 508 1259 lieber
527 1219 624 1268 beym
633 1216 766 1268 Herde,
790 1226 845 1261 als
858 1236 892 1265 er
904 1235 955 1280 die
969 1235 1078 1273 Heer⸗

214 1275 257 1318 de
270 1277 393 1320 weidet.

553 1353 572 1382 e
594 1348 661 1385 und
685 1343 740 1394 eh.

224 1399 382 1455 Bring
393 1403 458 1453 her
472 1413 534 1449 das
549 1408 728 1459 Gewehr.

257 1463 344 1507 Das
359 1454 543 1517 Schwert
555 1467 775 1519 beſchwehrt
789 1476 881 1521 mich.

257 1527 358 1574 Dieſe
373 1529 441 1575 ſind
457 1535 514 1576 es,
538 1530 600 1570 mit
614 1532 726 1572 denen
743 1534 789 1579 ich
805 1542 867 1576 das
882 1536 968 1578 Seil
981 1537 1073 1579 woll⸗

210 1589 241 1624 te
256 1581 468 1632 ausdehnen.

539 1655 574 1680 ee
597 1653 664 1682 und
688 1644 744 1689 eh.

249 1704 315 1754 Jn
331 1705 479 1755 manchen
494 1707 599 1753 Seen
615 1713 676 1750 kan
692 1719 770 1750 man
789 1711 852 1763 auf
865 1718 922 1756 den
942 1715 1066 1761 Grund

206 1757 316 1807 ſehen.
