1607 2379
227 306 341 344 welche
348 303 494 341 aͤhnliche
507 296 745 337 Bedeutungen
755 298 870 335 haben.

915 289 999 332 283

235 391 370 425 Unwille.
410 376 501 420 Zorn.
543 381 670 414 Grimm.
711 376 876 416 Jachzorn.

173 461 298 495 Unwille
315 456 348 496 iſt
362 458 407 489 ein
423 455 525 489 kleines
537 443 788 490 Mißvergnuͤgen,
809 442 923 482 welches
936 448 1006 473 man

113 506 156 542 oft
170 507 200 537 in
210 490 378 543 Gebehrden
394 501 457 533 oder
470 494 591 529 Worten
605 491 686 531 zeigt.
728 488 798 523 Wer
814 489 856 520 die
872 483 1006 524 naͤmliche

113 560 204 600 Frage
218 566 251 597 zu
269 557 312 594 oft
327 553 409 595 thut,
431 558 519 592 erregt
534 547 685 583 Unwillen.

176 611 255 644 Zorn
284 609 317 647 iſt
345 608 392 638 ein
419 602 540 644 heftiges
560 593 793 640 Mißvergnuͤgen
815 592 883 626 uͤber
904 593 1008 628 etwas,

118 664 172 695 das
195 668 264 692 man
285 660 343 690 uns
364 655 486 695 zuwider
505 649 608 692 gethan
631 647 699 689 hat;
720 651 750 677 es
766 643 860 685 fuͤhret
875 651 934 676 eine
949 640 1009 675 Be⸗

116 713 210 754 gierde
224 715 272 745 der
287 709 415 748 Strafe,
439 708 503 738 oder
516 702 611 739 Rache
624 706 678 733 mit
693 699 751 739 ſich.

183 765 299 796 Grimm
315 761 348 800 iſt
362 762 407 791 der
423 753 548 795 heftigſte
563 751 648 790 Zorn.

184 814 338 853 Jachzorn
353 806 500 849 entzuͤndet
515 806 562 846 ſich
577 798 806 843 augenblicklich,
826 797 890 831 aber
900 795 1014 832 verliert

119 868 170 911 ſich
186 869 248 901 bald
264 866 376 899 wieder.

351 922 544 961 Veraͤndern.
577 918 784 953 Verwandeln.

187 990 355 1030 Veraͤndert
377 991 447 1022 wird
470 988 512 1018 die
533 983 617 1023 Form
642 985 698 1014 und
721 979 833 1017 Geſtalt
847 977 925 1009 eines
939 973 1019 1008 Din⸗

126 1046 188 1082 ges.
236 1042 301 1073 Der
322 1038 419 1073 Mond
443 1031 591 1068 veraͤndert
612 1031 671 1071 ſich.
719 1027 790 1061 Das
812 1024 923 1065 Geſicht
939 1024 1018 1056 eines

131 1091 284 1130 Menſchen
300 1091 370 1122 wird
386 1087 416 1118 in
433 1088 478 1118 der
492 1079 649 1124 Krankheit
662 1076 818 1112 veraͤndert.

189 1141 380 1175 Verwandelt
392 1137 471 1169 wird
493 1136 536 1168 die
557 1131 658 1168 Natur
679 1131 737 1161 und
759 1130 812 1160 das
827 1122 927 1164 Weſen
941 1121 1021 1156 eines

126 1192 254 1237 Dinges.
296 1190 406 1231 Waſſer
419 1190 451 1222 in
466 1185 553 1221 Wein
568 1179 760 1217 verwandeln.

329 1264 585 1312 Verſchiedenheit.
627 1258 820 1295 Unterſchied.

190 1324 440 1368 Verſchiedenheit
449 1323 521 1360 liegt
536 1322 567 1352 in
583 1321 635 1353 den
649 1316 770 1355 Dingen
785 1313 869 1353 ſelbſt.

194 1364 374 1419 Unterſchied
389 1362 495 1410 bezieht
512 1366 561 1406 ſich
575 1365 630 1404 auf
642 1367 685 1410 die
700 1359 882 1403 Bemerkung
897 1358 943 1389 der
951 1354 1027 1390 Ver⸗

132 1424 323 1469 ſchiedenheit.
364 1422 423 1462 Jn
423 1420 501 1460 allen
513 1417 635 1458 Dingen
649 1413 767 1457 herrſcht
781 1413 841 1444 eine
855 1410 939 1449 große
952 1407 1028 1440 Ver⸗

134 1474 331 1518 ſchiedenheit,
345 1477 409 1517 und
424 1475 471 1504 der
486 1467 605 1508 Menſch
619 1466 653 1504 iſt
668 1462 765 1504 faͤhig,
786 1463 838 1494 den
852 1455 1027 1498 Unterſchied

135 1527 272 1568 derſelben
286 1532 319 1563 zu
333 1522 474 1557 bemerken
487 1522 545 1552 und
559 1514 728 1557 anzugeben.

159 1606 340 1645 Verbergen.
380 1600 551 1638 Verſtecken.
591 1593 766 1633 Verhehlen.
807 1587 1002 1626 Verkriechen.

202 1673 374 1711 Verbergen
393 1667 442 1705 hat
463 1667 524 1698 eine
543 1659 713 1702 Beziehung
732 1658 785 1695 auf
796 1659 838 1689 die
855 1651 1033 1694 Sicherheit.

142 1719 205 1755 Die
217 1717 311 1759 Voͤgel
324 1711 472 1753 verbergen
488 1704 535 1749 ſich
549 1709 580 1741 in
594 1706 697 1748 hohlen
711 1701 860 1737 Baͤumen.

206 1768 385 1806 Verſtecken,
407 1761 525 1800 darauf,
553 1761 607 1798 daß
630 1759 690 1789 eine
705 1754 802 1791 Sache
817 1753 890 1788 nicht
905 1750 953 1787 ſoll
966 1747 1037 1787 geſe⸗

147 1820 201 1862 hen
222 1821 288 1851 oder
308 1814 447 1856 gefunden
466 1814 585 1845 werden.
635 1806 717 1842 Man
736 1804 858 1845 verſteckt
873 1802 922 1843 ſich
942 1799 1036 1841 hinter

147 1873 238 1905 einem
254 1868 366 1902 Baum.

211 1921 395 1963 Verhehlen,
416 1916 534 1956 darauf,
560 1916 613 1954 daß
634 1915 725 1946 etwas
745 1909 818 1948 nicht
839 1907 957 1942 bekannt
970 1900 1049 1938 wer⸗

152 1979 203 2009 den
219 1974 279 2013 ſoll.
320 1969 472 2012 Geſtohlne
488 1963 606 2006 Sachen
620 1961 779 2002 verhehlen.

216 2026 402 2063 Verkriechen
422 2023 481 2065 gibt
502 2024 554 2057 den
577 2016 695 2058 Begriff
714 2015 790 2049 einer
809 2013 912 2053 großen
930 2007 1041 2049 Furcht,

986 2058 1042 2087 um
