2424 2771
829 415 969 474 HErr
979 412 1130 472 JEſus
1139 411 1234 465 habe
1243 404 1493 465 angefangen
1504 413 1553 463 zu
1566 395 1760 457 trauren/
1774 409 1824 457 zu
1837 401 1980 457 zittern
1990 397 2074 448 und
2084 408 2136 456 zu

833 478 987 529 zagen/
1014 471 1187 524 λυπε̃ιϑς,
1200 466 1432 523 ἐϰδαμβε̃ιϑς,
1443 461 1623 512 ἀδηϰονε̃ιν,
1639 460 1715 515 daß
1732 471 1774 510 er
1777 452 1849 514 ſich
1869 455 2020 516 klaͤglich
2032 460 2137 505 wird

832 524 994 583 geſtellet
1008 514 1142 575 haben
1143 512 1197 574 in
1198 519 1370 576 Worten
1379 520 1461 566 und
1469 506 1712 567 Gederden/
1752 513 1856 561 wird
1871 510 1965 558 auch
1983 507 2139 566 klaͤglich

832 583 993 645 geredt/
1005 586 1201 642 gewinſelt
1210 588 1288 630 und
1306 576 1464 635 geweinet
1494 572 1639 624 haben/
1658 577 1740 624 und
1749 573 1910 631 geſagt :
1929 573 2004 626 Ach
2013 576 2087 622 wie
2096 571 2157 624 iſt

834 647 918 694 mir
927 644 965 698 ſo
975 630 1134 698 hertzlich
1150 638 1295 692 bange/
1314 633 1353 688 ſo
1366 634 1489 690 Angſt
1499 637 1581 683 und
1589 632 1750 685 Wehe:
1787 630 1878 683 Wo
1892 628 1963 685 ſoll
1978 628 2030 680 ich
2048 627 2143 684 hin?

836 697 927 756 Wo
930 695 1013 749 ſoll
1018 706 1068 754 ich
1084 692 1258 740 bleiben?
1272 699 1356 743 Die
1364 689 1478 744 rechte
1490 689 1606 736 elende
1635 691 1710 749 Zeit
1733 691 1790 746 hat
1809 683 1892 746 mich
1903 686 2144 743 uͤberfallen.

838 761 942 811 Kein
953 753 1107 809 elender
1114 748 1267 798 Menſch
1281 755 1325 803 iſt
1335 755 1414 806 auf
1419 751 1579 804 Erden/
1586 750 1677 799 denn
1688 750 1752 802 ich.
1800 743 2144 802 Unvernuͤnfftige

837 813 1065 864 Thierlein/
1097 805 1229 859 Voͤgel
1234 810 1349 857 unter
1360 815 1447 859 dem
1456 800 1669 856 Himmel/
1693 809 1775 856 und
1785 804 1954 857 Tauben
1963 803 2089 857 haben
2100 804 2146 850 es

839 875 957 932 beſſer
966 877 1066 921 denn
1074 865 1145 919 ich/
1155 873 1208 917 die
1218 866 1367 916 koͤnnen
1378 870 1465 915 dem
1473 863 1726 920 Ungewitter
1735 860 1962 917 entfliehen/
1971 865 2027 905 an
2037 859 2149 905 einen

836 933 982 992 ſichern
990 925 1096 976 Ort:
1105 921 1185 981 Wo
1191 920 1272 982 ſoll
1284 919 1334 980 ich
1346 928 1434 975 hin?
1446 917 1572 965 Mein
1590 913 1690 979 Hertz
1706 915 1879 973 trauret/
1891 919 2019 970 meine
2034 915 2146 977 Seele

842 988 992 1048 zaget/
994 987 1067 1039 und
1079 989 1184 1037 mein
1192 983 1331 1038 gantzer
1352 985 1433 1032 Leib
1451 980 1581 1028 zittert
1589 978 1667 1022 mir
1679 976 1821 1035 fuͤr
1768 975 1838 1034 der
1834 975 2151 1038 Hoͤllen⸗Angſt/

841 1050 881 1105 ſo
892 1049 942 1104 ich
957 1041 1026 1104 itzt
1027 1046 1151 1095 wegen
1171 1037 1272 1085 aller
1277 1033 1393 1085 Welt
1407 1030 1567 1083 Suͤnde
1579 1038 1700 1090 leiden
1713 1033 1827 1089 muß.
1881 1035 1942 1082 Es
1955 1028 2076 1091 faͤnget
2087 1037 2148 1077 der

843 1103 971 1161 HErr
981 1100 1065 1147 aber
1073 1110 1121 1143 an
1135 1098 1186 1154 (1)
1198 1106 1246 1153 zu
1257 1089 1452 1147 trauren/
1472 1095 1537 1138 wie
1548 1098 1607 1137 der
1619 1082 1716 1143 Text
1724 1089 1936 1141 vermeldet:
1954 1088 2040 1138 Diß
2051 1089 2088 1140 iſt
2096 1088 2147 1132 die

844 1161 960 1215 groͤſte
970 1157 1201 1212 Traurigkeit
1218 1146 1402 1209 geweſen/
1415 1154 1448 1203 ſo
1460 1153 1529 1207 auf
1540 1146 1694 1199 Erden/
1709 1144 1748 1200 ja
1756 1152 1793 1192 in
1809 1153 1864 1193 der
1867 1145 2012 1203 Hoͤllen
2007 1145 2085 1204 iſt/
2096 1145 2149 1192 die

841 1209 1034 1279 uͤberfaͤllet
1051 1207 1102 1271 ihn
1111 1219 1185 1260 und
1194 1210 1331 1265 aͤngſtet
1338 1202 1435 1263 ſeine
1433 1200 1575 1253 Seele/
1577 1208 1645 1253 das
1662 1199 1782 1270 druckt
1784 1207 1830 1252 er
1830 1206 1891 1251 mit
1909 1204 2011 1263 wenig
2030 1197 2176 1248 Wor⸗

845 1284 907 1321 ten
923 1281 1016 1325 aus/
1030 1262 1104 1319 und
1120 1264 1263 1326 ſpricht:
1277 1252 1453 1326 Meine
1479 1242 1621 1334 Seele
1621 1247 1692 1332 iſt
1704 1242 1887 1326 betruͤbt
1922 1251 1981 1328 biß
2002 1248 2046 1311 in
2048 1259 2162 1311 den

845 1344 996 1403 Tod/
1021 1348 1080 1394 als
1093 1345 1179 1391 wolt
1194 1337 1235 1389 er
1248 1342 1391 1397 ſagen:
1426 1324 1503 1396 Jch
1522 1323 1623 1392 fuͤhle
1634 1335 1726 1392 recht
1742 1341 1804 1381 des
1819 1345 1943 1392 Todes
1956 1330 2061 1395 Noth
2074 1354 2150 1387 und

850 1416 1077 1464 Bitterkeit/
1093 1415 1132 1466 ja
1148 1410 1320 1461 vielmehr
1336 1413 1398 1455 des
1406 1410 1542 1459 ewigen
1560 1404 1700 1455 Todes:
1718 1402 1792 1459 Jch
1802 1404 1892 1454 muß
1887 1397 1973 1460 nicht
1996 1401 2099 1446 allein
2114 1401 2155 1445 in

848 1481 918 1522 den
926 1471 1040 1520 Tod/
1068 1469 1217 1521 ſondern
1228 1464 1317 1519 auch
1332 1475 1401 1521 zur
1407 1462 1573 1517 Hoͤllen;
1594 1468 1657 1508 der
1666 1458 1918 1520 Hoͤllen⸗Pein
1927 1456 2046 1509 quaͤlet
2056 1458 2155 1503 mein

850 1528 1032 1581 trauriges
1054 1533 1116 1576 und
1125 1519 1323 1573 betruͤbtes
1337 1506 1480 1574 Hertz/
1498 1507 1552 1561 die
1586 1517 1666 1575 Hoͤlle
1683 1516 1745 1569 hat
1755 1514 1862 1567 ihren
1871 1515 2017 1563 Rachen
2034 1515 2156 1566 aufge⸗

847 1584 1011 1636 ſperret/
1027 1579 1095 1625 alle
1105 1572 1223 1626 meine
1258 1566 1409 1632 Gebeine
1421 1564 1496 1626 und
1505 1562 1669 1629 Glieder
1669 1573 1722 1627 an
1722 1572 1888 1626 meinem
1895 1572 1990 1628 Leibe
2001 1565 2157 1627 erſchre⸗

853 1633 951 1692 cken/
954 1627 1080 1691 zittern
1100 1626 1164 1684 und
1181 1629 1283 1684 beben
1296 1622 1421 1688 dafuͤr/
1438 1622 1491 1679 und
1503 1629 1622 1686 fuͤhlen
1631 1621 1696 1676 des
1700 1625 1824 1677 Todes
1832 1628 2049 1675 Bitterkeit.
2081 1628 2155 1680 Ach

852 1703 905 1746 die
917 1700 1071 1755 heilige/
1102 1700 1227 1741 reine/
1254 1693 1349 1738 zarte
1367 1685 1488 1733 Seele
1503 1698 1565 1738 des
1580 1691 1731 1748 HErrn
1741 1689 1779 1741 iſt
1790 1685 1874 1749 voll
1869 1687 2077 1746 Jammers
2089 1694 2157 1745 und

852 1748 1112 1800 Traurigkeit/
1122 1754 1179 1802 diß
1191 1752 1227 1797 iſt
1236 1748 1299 1794 das
1310 1752 1497 1805 traurigſte
1503 1738 1639 1804 Hertz/
1657 1748 1692 1796 ſo
1709 1747 1742 1800 je
1742 1747 1817 1800 auf
1827 1746 1955 1795 Erden
1965 1746 2087 1798 geweſt
2096 1746 2157 1795 iſt:

853 1816 916 1863 Er
926 1805 1018 1863 muß
1015 1795 1088 1864 itzo
1094 1800 1186 1857 aller
1217 1803 1317 1856 Welt
1321 1791 1584 1860 Traurigkeit/
1617 1798 1682 1852 alle
1691 1791 1834 1859 Angſt/
1862 1798 1935 1849 Ach
1952 1805 2025 1845 und
2037 1801 2160 1851 Wehe

853 1867 1006 1925 tragen/
1009 1859 1040 1922 ſo
1048 1852 1083 1914 in
1097 1862 1151 1921 der
1160 1859 1266 1915 Welt
1266 1859 1329 1913 iſt.
1392 1861 1515 1906 Seine
1532 1853 1652 1913 Seele
1652 1854 1701 1917 iſt
1710 1862 1739 1910 ſo
1753 1853 1904 1919 hertzlich
1914 1867 2075 1916 betruͤbt/
2095 1877 2165 1914 alle

856 1929 1089 1981 Betruͤbniß/
1102 1929 1134 1977 ſo
1143 1930 1181 1970 in
1192 1926 1253 1966 der
1262 1923 1369 1970 Welt
1367 1914 1436 1974 iſt/
1442 1913 1483 1977 iſt
1483 1911 1562 1976 auf
1561 1923 1648 1972 ſeine
1659 1916 1782 1968 Seele
1788 1918 1925 1971 gelegt/
1941 1921 1994 1960 die
2002 1924 2096 1969 muß
2105 1925 2162 1965 itzo

858 1993 927 2041 ſein
938 1986 1042 2037 Hertz
1053 1986 1126 2023 und
1134 1976 1254 2022 Seele
1265 1967 1402 2034 fuͤhlen/
1408 1979 1471 2041 und
1486 1964 1540 2041 als
1560 1978 1633 2046 eine
1645 1974 1788 2046 ſchwere
1803 1973 1875 2044 Laſt
1879 1981 2028 2030 tragen/
2030 1982 2089 2018 die
2096 1983 2161 2026 ihn

858 2034 1005 2090 drucket
1011 2022 1069 2090 biß
1076 2030 1117 2084 in
1128 2029 1191 2088 den
1203 2027 1294 2090 Tod.

990 2096 1041 2133 11.
1082 2096 1281 2145 Darnach
1287 2096 1384 2153 fieng
1400 2096 1432 2143 er
1432 2096 1485 2149 an
1507 2096 1551 2138 zu
1556 2096 1727 2147 zittern.
1782 2101 1867 2139 Der
1867 2103 2008 2144 heilige
2011 2087 2091 2153 Leib
2101 2107 2162 2150 des

859 2155 1064 2215 HErrn,
1027 2145 1066 2213 ſo
1073 2150 1142 2203 mit
1152 2138 1269 2207 GOtt
1245 2138 1503 2207 vereiniget/
1508 2140 1644 2210 zittert/
1638 2149 1717 2207 das
1715 2146 1823 2201 Hertz
1831 2160 1935 2199 bebet
1940 2152 2018 2197 ihm
2025 2151 2078 2204 im
2087 2157 2164 2204 Lei⸗
