2333 2827
508 537 531 580 8

506 608 588 635 zwar
599 587 647 633 ihn
664 577 865 629 anzugreifen,
885 580 925 626 ſie
932 580 1054 621 wurden
1067 580 1134 621 aber
1145 572 1427 620 zuruͤckgeſchlagen,
1447 580 1509 604 und
1518 580 1572 610 mit
1585 580 1702 612 Verluſt
1714 580 1763 606 bis
1776 577 1875 618 jenſeit
1887 580 1947 609 Pe⸗

507 635 667 676 terswalde
684 629 839 673 getrieben.
879 625 959 664 Weil
971 625 1008 660 ſie
1021 625 1127 655 immer
1139 622 1206 657 uͤbel
1219 623 1396 665 empfangen
1407 625 1545 666 worden,
1565 627 1598 669 iſt
1608 628 1695 671 ihnen
1707 633 1757 674 ſeit
1767 636 1817 667 der
1828 633 1893 675 Zeit
1903 634 1950 670 die

509 679 571 720 Luſt
586 677 770 717 vergangen,
791 670 891 710 unſere
905 669 1069 713 Vorpoſten
1081 679 1115 714 zu
1126 670 1336 713 beunruhigen.

593 716 663 758 Wie
676 718 718 755 die
730 714 887 753 Lowoſitzer
896 713 1001 753 Armee
1012 710 1151 752 Boͤhmen
1152 708 1281 748 verließ,
1293 697 1404 748 erhielt
1401 705 1450 738 der
1482 703 1539 740 Gen.
1558 698 1650 751 Feldm.
1662 715 1719 745 von
1728 709 1886 751 Schwerin
1901 719 1950 754 zu⸗

510 762 601 807 gleich
611 759 719 799 Befehl
731 757 802 798 nach
815 756 967 802 Schleſien
982 756 1092 795 wieder
1103 755 1138 787 zu
1152 751 1269 789 kehren;
1296 758 1326 783 er
1338 756 1404 783 war
1416 758 1450 792 zu
1455 750 1613 792 Jaromirs
1625 753 1695 791 uͤber
1707 759 1752 792 die
1759 758 1832 796 Elbe
1843 767 1953 801 gegan⸗

510 814 577 850 gen.
619 804 772 848 Nachdem
790 806 819 838 er
837 799 955 836 daſelbſt
973 799 1050 839 alles
1069 793 1287 830 abfouragiret,
1309 791 1479 831 marſchirte
1494 801 1526 826 er
1542 789 1612 828 uͤber
1630 795 1759 845 Scalitz,
1779 801 1877 842 wohin
1899 801 1952 841 ihn

511 853 603 897 einige
621 848 740 885 tauſend
757 848 879 884 Ungarn
889 842 1077 883 verfolgten;
1099 843 1130 862 er
1145 837 1223 873 jagte
1238 834 1275 872 ſie
1288 832 1358 868 aber
1372 834 1420 868 bis
1433 834 1505 872 nach
1517 835 1651 881 Smirſitz
1663 840 1777 883 zuruͤck,
1801 846 1863 877 und
1876 845 1952 888 ſetzte

508 896 604 935 ſeinen
616 890 742 935 Marſch
751 889 839 930 ruhig
850 888 919 924 fort.
946 885 1017 925 Den
1031 880 1099 916 2ten
1113 878 1285 914 November
1295 877 1394 919 langte
1407 884 1438 911 er
1451 878 1482 914 in
1494 881 1543 914 der
1553 880 1720 928 Grafſchaft
1731 885 1814 929 Glatz
1827 896 1876 929 an,
1890 889 1952 923 und

509 938 639 980 verlegte
651 937 724 973 ſeine
737 934 843 968 Armee
855 932 886 967 in
899 930 941 964 die
956 921 1359 962 Cantonirungs⸗Quartire.

594 985 669 1020 Wir
678 977 770 1018 haben
783 973 969 1012 angefangen
979 966 1079 1004 unſere
1093 957 1387 993 Winter⸗Quarteire
1405 960 1439 996 zu
1452 951 1596 997 beziehen,
1616 961 1678 993 und
1677 964 1707 1007 es
1742 963 1774 1004 iſt
1791 966 1835 999 ein
1849 968 1952 1008 ſtarker

510 1022 667 1067 Anſchein,
687 1020 746 1062 daß
760 1020 809 1054 der
819 1016 945 1056 Feldzug
957 1009 1008 1038 fuͤr
1020 1006 1113 1041 dieſes
1126 1003 1210 1045 Jahr
1222 1004 1356 1045 geendigt
1368 1005 1424 1043 ſey.
1467 1006 1550 1041 Man
1570 1009 1623 1046 hat
1640 1010 1692 1051 ſich
1709 1013 1739 1046 in
1756 1014 1843 1056 dieſer
1853 1015 1954 1058 Nach⸗

510 1069 585 1112 richt
597 1072 634 1101 in
652 1059 729 1099 keine
750 1051 957 1095 umſtaͤndliche
972 1048 1185 1084 Beſchreibung
1203 1041 1305 1080 kleiner
1323 1039 1495 1084 beſonderer
1512 1048 1629 1087 Treffen
1644 1050 1828 1096 eingelaſſen,
1850 1062 1953 1092 woran

514 1106 580 1148 dem
592 1102 717 1146 Publico
728 1097 805 1139 nicht
816 1094 876 1139 ſehr
890 1092 1004 1128 gelegen
1017 1091 1065 1126 iſt;
1087 1091 1250 1130 immittelſt
1250 1091 1304 1129 iſt
1310 1097 1340 1126 es
1350 1094 1454 1125 billig,
1470 1102 1568 1126 denen
1586 1094 1773 1139 Verdienſten
1790 1103 1955 1145 derjenigen

512 1150 680 1192 Officires,
698 1146 742 1185 die
760 1141 813 1186 ſich
828 1136 983 1181 beſonders
1001 1131 1214 1169 hervorgethan
1236 1127 1353 1170 haben,
1374 1130 1582 1172 Gerechtigkeit
1599 1135 1789 1177 widerfahren
1806 1147 1839 1181 zu
1858 1139 1954 1182 laſſen.

512 1209 581 1240 Der
589 1193 696 1236 Major
702 1199 758 1230 von
768 1180 899 1227 Siburg,
912 1177 974 1222 und
981 1176 1030 1217 der
1035 1180 1176 1213 Capitain
1184 1182 1241 1211 von
1247 1166 1366 1207 Miltitz,
1379 1165 1471 1208 haben
1478 1166 1531 1207 ſich
1538 1168 1711 1212 vornemlich
1717 1172 1769 1216 bey
1777 1178 1839 1210 dem
1847 1179 1955 1219 Poſten

513 1237 635 1283 Saleſel
640 1230 846 1276 ausnehmend
863 1222 1055 1263 diſtinguiret;
1077 1216 1192 1252 daſelbſt
1203 1216 1324 1251 wurden
1338 1215 1374 1254 ſie
1386 1221 1443 1249 von
1457 1216 1552 1250 einem
1563 1217 1673 1258 großen
1688 1221 1787 1263 Corps
1793 1224 1955 1268 Panduren

510 1279 710 1330 angegriffen,
729 1271 832 1312 welche
840 1270 875 1313 ſie
884 1267 943 1306 aus
957 1267 1010 1302 den
1017 1261 1099 1292 holen
1105 1259 1218 1295 Wegen
1225 1259 1342 1298 jagten,
1360 1258 1445 1292 deren
1453 1254 1604 1300 Eingaͤnge
1617 1260 1653 1300 ſie
1660 1262 1715 1296 mit
1723 1263 1958 1309 aufgepflanzten

517 1328 702 1365 Bajonetten
712 1317 807 1356 beſetzt
819 1313 932 1349 hatten.
973 1306 1039 1347 Der
1046 1304 1092 1335 Hr
1110 1307 1169 1328 von
1184 1300 1289 1343 Roſen,
1312 1297 1403 1345 Major
1411 1296 1494 1338 beym
1501 1289 1715 1346 Fouquetſchen
1722 1305 1891 1348 Regiment,
1902 1311 1958 1349 hob

509 1381 579 1412 mit
576 1368 666 1406 vieler
672 1355 909 1396 Geſchicklichkeit
916 1352 977 1388 eine
984 1345 1130 1380 feindliche
1137 1342 1357 1383 Huſaren⸗Poſt
1364 1337 1428 1385 auf,
1434 1345 1537 1384 welche
1544 1345 1596 1387 ſich
1603 1348 1632 1382 in
1647 1349 1690 1384 die
1699 1343 1866 1394 Grafſchaft
1873 1354 1957 1400 Glatz

517 1412 635 1454 gewagt
648 1406 746 1445 hatte,
765 1396 881 1435 daſelbſt
893 1398 928 1439 zu
942 1391 1093 1424 pluͤndern.
1137 1383 1204 1420 Der
1217 1387 1277 1423 Hr.
1296 1395 1354 1421 von
1373 1387 1573 1431 Roſenkranz,
1594 1389 1759 1429 Lieutenant
1768 1402 1839 1432 vom
1852 1399 1956 1443 Wech⸗

521 1452 665 1504 marſchen
678 1444 849 1490 Regiment,
860 1440 953 1483 ſchlug
966 1436 1021 1472 mit
1033 1434 1076 1467 40
1086 1430 1214 1470 Pferden
1227 1425 1269 1466 60
1281 1428 1426 1473 feindliche
1437 1430 1580 1475 Huſaren,
1593 1433 1694 1477 welche
1707 1437 1835 1482 zwiſchen
1847 1440 1958 1479 Warta

509 1511 575 1547 und
596 1485 801 1536 Frankenſtein
812 1480 1023 1524 eingeſchlichen
1040 1478 1159 1508 waren,
1180 1472 1242 1506 und
1252 1472 1365 1513 machte
1383 1473 1467 1516 mehr
1482 1475 1668 1520 Gefangene,
1687 1480 1738 1515 als
1750 1491 1779 1516 er
1790 1482 1868 1526 ſelbſt
1880 1486 1957 1526 Volk

520 1545 612 1583 hatte.
651 1535 743 1582 Dieſe
755 1531 891 1574 Thaten,
909 1523 1013 1561 welche
1022 1518 1127 1549 kleinen
1141 1515 1398 1561 Nachahmungen
1414 1521 1464 1551 der
1473 1520 1581 1560 großen
1591 1520 1764 1568 Gemaͤhlde,
1786 1529 1829 1562 die
1841 1530 1897 1563 wir
1908 1537 1957 1572 ge⸗

521 1589 600 1630 ſehen
612 1582 723 1623 haben,
744 1575 885 1617 gleichen,
903 1565 1013 1606 muͤſſen
1027 1560 1191 1597 inzwiſchen
1207 1559 1236 1589 in
1249 1558 1303 1591 den
1314 1550 1551 1602 Jahr⸗Buͤchern
1562 1562 1610 1597 der
1620 1563 1682 1604 Zeit
1694 1565 1774 1609 Platz
1786 1568 1899 1609 finden;
1921 1574 1958 1612 ſie

520 1626 624 1666 dienen
634 1617 702 1672 zum
715 1615 833 1662 Muſter
844 1622 896 1646 der
905 1608 1029 1642 Gaben,
1051 1608 1101 1637 der
1113 1605 1280 1647 Faͤhigkeit,
1291 1610 1352 1636 der
1373 1603 1436 1636 edlen
1457 1595 1674 1655 Nachahmung
1684 1618 1755 1650 und
1763 1621 1815 1652 der
1831 1614 1958 1659 Tapfer⸗

519 1672 591 1716 keit,
607 1668 710 1708 welche
724 1656 891 1697 uͤberhaupt
902 1653 989 1677 unter
1002 1649 1055 1681 den
1067 1645 1210 1688 Officiern
1223 1648 1274 1685 der
1300 1637 1484 1697 Preußiſchen
1498 1640 1593 1695 Armee
1601 1648 1778 1702 anzutreffen
1790 1657 1856 1701 ſind.

623 2483 897 2524 BERLJN,
925 2483 1058 2524 gedruckt
1058 2488 1125 2524 bey
1119 2483 1253 2521 Friedr.
1255 2483 1350 2521 Wilh.
1358 2483 1513 2519 Birnſtiel,
1555 2485 1621 2516 priv.
1633 2469 1857 2527 Buchdrucker.
