1708 2457
549 399 682 443 heſtigſte
696 399 784 433 unter
799 398 845 431 die
864 390 1017 437 Hungarn
1036 391 1142 433 feuern
1157 389 1220 423 und
1242 391 1317 423 neue
1329 383 1456 423 Voͤlcker
1477 388 1530 416 an⸗

553 439 670 482 ruͤcken/
686 443 790 475 womit
805 446 833 472 er
848 436 877 479 ſo
890 432 1164 477 vielzausrichtete/
1185 430 1244 473 daß
1258 428 1312 464 mit
1331 429 1381 462 der
1395 428 1531 465 unterge⸗

553 486 666 529 henden
680 483 792 519 Sonne
806 480 880 522 auch
896 479 988 522 denen
1001 476 1153 518 Hungarn
1168 475 1228 508 das
1241 471 1327 514 Hertz
1340 469 1452 511 entfiel.
1479 468 1532 504 Es

551 532 643 578 ſchien
660 533 715 574 faſt
730 525 783 567 als
797 529 889 566 wolte
903 529 947 562 die
961 523 1125 566 Tuͤrckiſche
1145 520 1260 563 Macht
1276 520 1335 556 das
1355 512 1534 558 Ungariſche

553 576 636 616 Heer
657 568 839 615 umringen/
860 571 948 604 drum
969 565 1059 606 ſuchte
1073 565 1163 604 dieſes
1177 563 1266 604 durch
1279 562 1325 597 die
1347 556 1456 601 Flucht
1470 556 1534 592 eine

555 619 700 661 Rettung
713 620 773 651 und
788 617 878 655 durch
894 607 1010 655 Huͤlffe
1014 605 1068 650 der
1086 609 1188 653 Nacht
1208 607 1288 647 mehr
1308 604 1361 640 als
1373 604 1465 642 durch
1480 604 1533 636 den

554 665 666 706 Degen
682 661 900 703 auszurichten.
957 656 1021 693 Sie
1031 652 1205 697 zerſtreuten
1222 652 1276 693 ſich
1291 654 1352 686 und
1367 648 1464 690 flohen
1477 652 1536 681 nur

557 708 619 743 aus
631 703 781 748 Begierde
795 701 840 742 ihr
855 699 945 735 Leben
959 695 1117 741 zuretten/
1125 692 1231 735 welche
1245 692 1320 734 auch
1328 689 1431 732 Koͤnig
1450 686 1537 724 Lude⸗

557 749 659 791 wigen
672 749 727 783 mit
740 746 803 786 fort
817 744 885 786 riß/
906 747 943 779 da
954 741 1033 778 alles
1045 737 1204 782 verlohren
1217 740 1295 771 war.
1354 729 1537 773 Solymann

556 793 643 836 hatte
658 792 737 831 nicht
750 791 810 824 das
823 787 909 832 Hertz
931 787 974 821 die
996 785 1122 826 Ungarn
1142 782 1197 816 mit
1218 784 1281 818 dem
1303 774 1413 821 Degen
1436 776 1466 809 in
1487 776 1539 808 der

558 839 656 880 Fauſt
668 845 702 877 zu
717 834 868 877 verfolgen
883 833 952 867 weil
967 841 998 867 er
1022 823 1178 872 beſorgte/
1190 826 1249 865 daß
1271 828 1315 862 die
1336 824 1362 862 ſo
1376 818 1539 864 ſchleunige

561 883 675 924 Flucht
688 878 750 915 eine
765 875 939 921 Hinter⸗Liſt
958 871 1118 915 verbergen
1132 866 1252 911 moͤchte.
1326 865 1416 907 Doch
1429 864 1482 900 als
1494 864 1541 898 die

562 925 665 965 Nacht
677 920 811 962 einbrach
825 919 902 961 ſetzte
916 925 945 952 er
958 916 1044 956 ihnen
1058 914 1127 955 nach
1147 915 1209 949 und
1224 911 1289 951 hieb
1310 910 1408 944 nieder
1422 907 1494 942 was
1508 913 1541 939 er

562 964 721 1009 einhohlen
735 966 826 1003 konte.
849 963 915 1000 Die
928 958 1081 1001 Hungarn
1094 957 1189 1000 lieſſen
1204 957 1249 990 die
1261 954 1375 995 meiſten
1395 944 1476 993 nebſt
1489 953 1543 984 dem

563 1012 664 1047 Kerne
678 1013 732 1048 des
749 1009 846 1046 Adels
858 1009 918 1043 und
932 1007 1025 1040 denen
1044 998 1243 1046 fuͤrnehmſten
1263 995 1402 1040 Obriſten
1422 995 1479 1034 auf
1492 995 1544 1027 der

559 1049 734 1100 Wahlſtatt
748 1040 866 1092 liegen,
897 1045 991 1088 Zwey
1001 1044 1125 1086 tauſend
1137 1043 1242 1078 konten
1258 1040 1312 1073 mit
1328 1045 1449 1081 genaner
1458 1035 1546 1075 Noth

568 1101 736 1137 entrinnen.
780 1093 883 1137 Koͤnig
896 1090 1034 1134 Ludewig
1049 1083 1155 1133 ſelbſt/
1168 1089 1221 1123 als
1233 1096 1264 1121 er
1272 1079 1385 1125 flohe/
1397 1086 1452 1124 ließ
1467 1081 1547 1118 Mo⸗

569 1142 634 1183 hatz
645 1148 698 1182 zur
715 1139 830 1179 rechten
842 1135 957 1178 liegen/
979 1136 1041 1169 und
1054 1134 1162 1174 rannte
1192 1125 1477 1170 Sporen ⸗ Streichs
1493 1124 1553 1161 auf

570 1188 658 1228 Fuͤnf
667 1186 789 1224 Kirchen
799 1191 844 1225 zu.
889 1180 938 1217 Es
951 1180 1051 1224 flieſſet
1066 1176 1137 1212 aber
1151 1179 1238 1211 unter
1246 1171 1382 1210 Wegens
1396 1173 1445 1206 der
1465 1167 1551 1209 Fluß

570 1225 720 1270 Caraſſus
732 1222 856 1262 welcher
870 1220 931 1262 ſehr
946 1216 1101 1261 ſumpficht
1111 1219 1174 1252 und
1186 1212 1299 1256 letticht
1306 1201 1345 1257 iſt
1356 1212 1430 1250 auch
1439 1207 1552 1243 deswe⸗

572 1281 629 1316 gen
644 1271 732 1308 kaum
752 1267 891 1306 erkennen
905 1265 974 1310 laͤſt/
987 1257 1037 1302 wo
1049 1268 1101 1299 der
1117 1261 1211 1302 rechte
1224 1260 1342 1296 Strom
1357 1257 1414 1298 ſey.
1463 1253 1553 1295 Uber⸗

572 1322 640 1354 dem
654 1317 687 1359 iſt
701 1326 733 1352 er
747 1316 838 1353 voller
852 1310 964 1356 Binſen
979 1314 1043 1346 und
1055 1305 1192 1351 Geroͤhre
1206 1305 1347 1346 wodurch
1364 1301 1502 1337 niemand
1516 1298 1552 1340 ſi⸗

573 1365 639 1404 cher
652 1360 784 1396 kommen
799 1365 870 1399 mag
884 1356 937 1390 als
952 1359 1042 1390 wenn
1055 1360 1086 1386 er
1098 1351 1237 1395 gefroren
1250 1349 1294 1390 iſt.
1351 1341 1427 1385 Weil
1445 1354 1500 1379 nun
1521 1343 1554 1378 in

574 1403 665 1447 dieſer
678 1400 780 1440 Nacht
793 1398 839 1433 ein
854 1397 962 1440 groſſer
977 1392 1087 1437 Regen
1102 1390 1179 1433 nebſt
1191 1388 1380 1431 vermiſchten
1395 1382 1504 1431 Hagel
1497 1373 1556 1429 fiel

576 1455 642 1488 und
657 1453 708 1486 der
721 1448 836 1485 Strom
849 1447 936 1485 durch
951 1446 1006 1479 den
1027 1439 1169 1484 Ausfluß
1181 1441 1231 1474 der
1251 1435 1372 1476 Donau
1392 1436 1437 1471 ein
1457 1430 1558 1473 wenig

578 1490 725 1532 geſtiegen
740 1495 828 1527 war/
852 1484 935 1521 konte
952 1491 1023 1519 man
1037 1482 1116 1520 nicht
1130 1479 1240 1515 anders
1256 1477 1308 1512 als
1316 1476 1369 1516 mit
1383 1474 1489 1518 groſſer
1497 1470 1556 1509 Ge⸗

579 1539 652 1578 fahr
668 1536 853 1578 durchſetzen.
895 1531 965 1570 Der
981 1527 1178 1571 ungluͤckliche
1192 1525 1326 1566 Ludewig
1341 1518 1413 1559 weil
1425 1516 1457 1557 er
1456 1525 1558 1561 wegen

578 1576 818 1621 bevorſtehender
833 1575 950 1616 Gefahr
964 1563 1043 1613 nicht
1057 1561 1248 1614 ausforſchen
1264 1566 1368 1602 konte/
1389 1570 1439 1599 wo
1453 1563 1489 1597 es
1502 1561 1557 1602 ſich

580 1632 631 1659 am
646 1621 739 1664 beſten
754 1618 925 1659 durchſetzen
936 1614 1029 1657 lieſſe/
1049 1614 1119 1655 traf
1126 1614 1158 1646 in
1171 1614 1235 1646 dem
1248 1607 1379 1648 Strome
1390 1605 1474 1641 einen
1501 1603 1558 1641 Mo⸗

579 1667 643 1707 raſt
657 1673 718 1700 an/
740 1666 791 1699 den
806 1664 851 1697 die
865 1658 1043 1704 Fluͤchtigen
1055 1652 1140 1697 ſchon
1152 1653 1274 1697 ziemlich
1289 1645 1488 1693 durchwuͤhlet
1495 1650 1561 1690 hat⸗

579 1715 643 1748 ten.
687 1707 751 1747 Als
764 1715 793 1740 er
807 1703 981 1747 durchſetzen
995 1701 1086 1739 wolte
1100 1701 1175 1737 blieb
1189 1698 1246 1743 ſein
1267 1689 1398 1740 ſchweres
1416 1691 1497 1738 Pferd
1507 1692 1563 1726 mit

581 1757 644 1799 ihm
651 1752 775 1797 ſtecken/
799 1749 925 1788 welches
938 1747 992 1792 ſich
1004 1752 1084 1790 zwar
1097 1736 1153 1781 mit
1165 1747 1257 1780 denen
1270 1736 1440 1779 voͤrderſten
1453 1733 1561 1781 Fuͤſſen

582 1798 696 1833 wieder
709 1793 823 1837 heraus
837 1789 998 1829 arbeitete/
1017 1788 1090 1824 aber
1102 1787 1167 1824 weil
1188 1791 1240 1822 der
1253 1778 1354 1826 Koͤnig
1372 1776 1500 1823 zugleich
1514 1778 1563 1813 die

583 1842 717 1887 Sporen
732 1839 868 1883 anſetzte/
898 1834 946 1877 ſich
967 1836 1024 1872 mit
1045 1836 1105 1878 ihm
1125 1827 1342 1873 uͤberſchlug.
1374 1827 1442 1866 Der
1462 1823 1566 1866 König

587 1887 679 1928 muſte
694 1880 886 1925 nothwendig
902 1877 1054 1918 erſticken/
1076 1880 1151 1913 denn
1175 1876 1213 1909 ob
1226 1872 1287 1912 ihm
1302 1870 1392 1914 gleich
1409 1868 1467 1911 ſein
1488 1865 1566 1905 Die⸗

582 1937 643 1964 ner
659 1931 735 1963 einer
747 1933 810 1962 von
830 1923 975 1966 Zetterich
994 1919 1129 1963 alſobald
1146 1922 1200 1955 den
1220 1912 1308 1956 Helm
1329 1912 1517 1957 aufmachte/
1539 1908 1568 1952 ſo

588 1972 737 2019 verſchied
757 1979 786 2012 er
785 1969 856 2020 ihm
872 1967 945 2013 doch
959 1970 1053 2014 unter
1061 1968 1153 2008 denen
1165 1955 1309 2006 Haͤnden.
1363 1956 1455 2003 Doch
1466 1959 1573 2001 zerrete
