2500 3001
926 581 997 640 146

1390 589 1495 642 Die
1495 589 1575 642 IX.
1575 589 1772 642 Predigt.

689 756 781 807 Geiſt⸗
797 765 842 796 und
855 761 924 810 weit⸗

693 806 759 840 liche
772 806 888 844 Aemter

691 848 894 897 unterſchieden.

673 1408 843 1443 Luc.22,25.

661 1678 825 1711 Joh.8,11.

664 1872 847 1916 3.Petr.5,2.

934 659 1005 709 iſt:
1056 664 1154 708 Eine
1169 663 1311 712 Ruhe,
1338 664 1473 716 Friede
1499 668 1574 713 und
1592 670 1776 723 Freude,
1825 673 1884 720 die
1906 673 2081 723 niemand
2098 681 2173 722 von
2191 680 2266 727 uns

932 714 1089 763 nehmen
1105 719 1217 760 wird.

1086 766 1179 809 Wir
1201 764 1319 814 haben
1344 768 1418 812 uns
1443 771 1532 813 aber
1557 771 1686 821 allhier
1702 768 1823 821 nicht
1836 774 2077 828 aufzuhalten
2104 781 2176 822 mit
2199 782 2268 828 der

931 814 1085 863 Frage:
1121 816 1187 857 Ob
1211 818 1399 872 beyderley
1424 822 1618 873 Aemter,
1652 825 1829 877 nehmlich
1853 829 1924 872 das
1947 828 2161 881 Koͤnigliche
2185 834 2263 875 und

896 861 1184 916 Prieſterliche
1198 869 1238 910 in
1252 878 1351 915 einer
1367 872 1513 925 Perſon
1534 876 1691 926 zugleich
1714 875 1858 924 koͤnnen
1886 880 2116 931 beyſammen
2141 885 2265 935 ſeyn?

928 908 1024 951 Das
1037 906 1109 952 iſt:
1159 907 1224 950 Ob
1229 913 1322 965 einer
1342 921 1401 954 ein
1401 919 1630 965 weltlicher
1647 923 1773 966 Koͤnig
1795 927 1883 961 oder
1900 926 2037 973 Fuͤrſt,
2068 930 2132 967 der
2161 911 2261 970 Land

926 969 1004 1010 und
1022 969 1131 1011 Leute
1157 970 1358 1022 regieret,
1401 972 1477 1016 und
1505 976 1661 1028 zugleich
1689 981 1750 1022 ein
1769 980 1967 1030 geiſtlicher
1988 985 2154 1035 Prieſter
2176 987 2261 1036 ſeyn

927 1017 1072 1067 koͤnne,
1101 1019 1166 1061 der
1183 1023 1253 1067 den
1284 1024 1553 1078 Gottesdienſt
1572 1031 1644 1073 mit
1670 1029 1805 1081 Lehren
1827 1034 1903 1077 und
1933 1030 2167 1086 Bedienung
2196 1039 2264 1081 der

925 1065 1087 1116 heiligen
1123 1069 1414 1116 Sacramenten
1451 1076 1678 1121 verwalte?
1708 1080 1801 1125 Wir
1824 1081 1944 1132 haben
1960 1090 2033 1126 nur
2049 1084 2120 1127 das
2141 1086 2261 1135 einige

923 1116 1100 1170 Exempel
1115 1132 1165 1164 an
1180 1121 1452 1176 Melchiſedech,
1477 1126 1545 1169 der
1569 1128 1727 1180 zugleich
1745 1131 1805 1176 ein
1832 1128 1958 1184 Koͤnig
1992 1136 2068 1179 und
2092 1137 2262 1189 Prieſter

920 1171 1097 1218 geweſen.
1147 1178 1248 1222 Aber
1262 1179 1387 1221 damit
1408 1180 1454 1228 iſt
1471 1190 1511 1224 er
1534 1176 1635 1232 nicht
1652 1184 1799 1229 andern
1815 1188 1874 1231 ein
1891 1188 2081 1238 Exempel
2101 1192 2261 1241 ſondern

917 1220 977 1262 ein
998 1216 1156 1273 Fuͤrbild
1170 1225 1242 1273 auf
1254 1226 1469 1278 CHriſtum
1493 1230 1686 1282 geweſen,
1714 1235 1776 1277 als
1797 1235 1950 1282 welcher
1977 1237 2131 1288 zugleich
2150 1241 2263 1290 unſer

914 1272 1052 1318 ewiger
1067 1273 1193 1323 Koͤnig
1212 1279 1288 1319 und
1307 1280 1450 1326 einiger
1467 1282 1737 1336 Hoheprieſter
1753 1286 1833 1336 iſt.
1865 1288 1997 1338 Auſſer
2012 1291 2145 1341 dieſem
2167 1294 2259 1338 aber

912 1318 983 1365 hat
1003 1321 1198 1368 CHriſtus
1215 1326 1295 1365 eine
1309 1326 1506 1374 gemeſſene
1525 1330 1719 1378 Ordnung
1736 1335 1788 1374 im
1797 1333 1942 1378 Neuen
1963 1335 2179 1387 Teſtament
2195 1344 2257 1387 ge⸗

914 1371 1053 1413 geben,
1079 1375 1129 1414 da
1157 1384 1197 1417 er
1220 1384 1264 1420 zu
1282 1377 1411 1420 ſeinen
1433 1380 1613 1427 Apoſteln
1630 1384 1763 1432 ſaget:
1809 1388 1892 1432 Die
1912 1388 2089 1436 weltliche
2108 1389 2257 1441 Koͤnige

914 1418 1140 1471 herrſchen,
1179 1424 1257 1468 und
1292 1427 1355 1471 die
1376 1428 1626 1479 Gewaltigen
1655 1432 1745 1483 heiſt
1775 1443 1866 1476 man
1902 1430 2059 1486 gnaͤdige
2086 1438 2259 1492 Herren.

911 1470 994 1522 Jhr
1014 1475 1103 1521 aber
1123 1475 1223 1523 nicht
1248 1478 1356 1527 alſo:
1388 1482 1585 1530 Nehmlich,
1645 1487 1718 1534 daß
1740 1489 1801 1535 ihr
1824 1488 1936 1538 gleich
1957 1490 2029 1544 den
2048 1492 2258 1544 weltlichen

909 1520 1084 1577 Koͤnigen
1091 1527 1167 1573 und
1184 1527 1439 1583 Gewaltigen
1453 1533 1495 1580 in
1512 1528 1741 1587 aͤuſſerlicher
1756 1538 1987 1593 Herrſchafft
2002 1534 2093 1589 uͤber
2114 1546 2303 1593 andere

904 1579 1095 1632 herrſchen
1111 1581 1187 1627 und
1207 1582 1290 1635 euch
1306 1585 1465 1635 erheben
1476 1588 1629 1636 woltet.
1677 1593 1736 1638 Er
1752 1593 1821 1641 hat
1846 1595 1887 1642 es
1909 1594 1999 1642 auch
2020 1597 2093 1642 mit
2115 1600 2255 1649 ſeinem

906 1629 1060 1679 eigenen
1080 1633 1262 1685 Exempel
1285 1637 1518 1689 befeſtiget,
1561 1641 1612 1682 da
1634 1653 1677 1687 er
1696 1643 1797 1692 nicht
1810 1647 1935 1689 wolte
1948 1642 2040 1692 uͤber
2056 1651 2135 1693 eine
2153 1652 2255 1698 Ehe⸗

905 1682 1106 1731 brecherin,
1126 1685 1186 1728 als
1201 1686 1301 1734 ihme
1315 1688 1469 1740 dieſelbe
1487 1694 1564 1735 von
1582 1693 1652 1738 den
1665 1690 1899 1746 Phariſaͤern
1917 1694 2138 1750 fuͤrgeſtellet
2152 1709 2251 1743 wor⸗

905 1731 992 1775 den,
1009 1733 1069 1774 ein
1083 1733 1245 1781 Richter
1259 1736 1362 1784 ſeyn,
1378 1740 1424 1780 ob
1447 1747 1487 1780 er
1507 1739 1606 1788 wohl
1625 1741 1751 1791 wuſte,
1772 1745 1855 1787 was
1884 1742 2059 1796 vermoͤge
2083 1749 2148 1793 des
2169 1752 2255 1794 Ge⸗

903 1782 1004 1829 ſetzes
1013 1784 1142 1826 Moſis
1159 1787 1359 1831 Rechtens
1376 1796 1488 1827 war:
1514 1792 1648 1836 Jtem,
1674 1796 1728 1834 da
1746 1803 1788 1833 er
1812 1796 1913 1839 nicht
1936 1799 2056 1841 wolte
2081 1799 2257 1846 zwiſchen

901 1822 1046 1877 zweyen
1056 1829 1250 1877 Bruͤdern
1268 1835 1333 1875 ein
1355 1835 1675 1885 Erb⸗Schichter
1686 1843 1823 1887 ſeyn.
1839 1846 1899 1886 Es
1919 1842 2144 1895 beſtaͤtigets
2157 1847 2257 1894 auch

901 1881 968 1922 der
985 1880 1140 1930 Apoſtel
1159 1883 1328 1934 Petrus,
1342 1885 1393 1929 da
1415 1894 1455 1928 er
1468 1887 1568 1935 nicht
1588 1888 1649 1933 als
1663 1891 1724 1934 ein
1740 1889 1898 1943 Haupt,
1921 1895 2081 1945 ſondern
2103 1898 2164 1941 als
2184 1900 2247 1944 ein

903 1931 1173 1984 Mit⸗Elteſter
1193 1937 1253 1981 die
1271 1938 1418 1985 andern
1435 1941 1602 1991 Elteſten
1616 1945 1694 1989 und
1708 1944 1841 1996 Lehrer
1857 1946 2113 1999 vermahnet:
2137 1952 2248 1997 Wei⸗

901 1980 966 2024 det
983 1981 1041 2025 die
1054 1980 1204 2035 Heerde
1230 1983 1406 2037 Chriſti,
1422 1988 1482 2031 die
1497 1987 1582 2039 euch
1600 1989 1768 2043 befohlen
1788 1992 1846 2044 iſt,
1869 1995 1969 2046 nicht
1985 1998 2045 2043 als
2069 1999 2128 2045 die
2151 1992 2246 2046 uͤber

901 2037 975 2081 das
995 2034 1114 2083 Volck
1141 2038 1353 2092 herrſchen,
1377 2043 1534 2092 ſondern
1560 2047 1701 2090 werdet
1726 2051 1786 2093 ein
1805 2046 1966 2097 Fuͤrbild
1986 2056 2052 2098 der
2070 2056 2245 2104 Heerde:

903 2089 977 2132 So
995 2089 1135 2131 werdet
1148 2090 1224 2137 ihr,
1242 2099 1357 2135 wann
1380 2094 1582 2141 erſcheinen
1605 2099 1700 2142 wird
1722 2100 1789 2144 der
1808 2101 2063 2154 Ertz⸗Hirte,
2091 2108 2150 2151 die
2172 2115 2243 2149 un⸗

902 2136 1163 2187 verwelckliche
1181 2144 1312 2185 Krone
1325 2145 1392 2182 der
1404 2145 1535 2182 Ehren
1560 2147 1800 2182 empfahen.

1050 2183 1285 2235 Betreffend
1326 2198 1408 2231 nun
1443 2190 1569 2239 ferner
1588 2194 1653 2240 die
1684 2196 1833 2245 Perſon
1853 2198 1921 2240 des
1942 2197 2239 2251 Ertz ⸗ Vaters

900 2235 1125 2288 Abraham,
1140 2238 1176 2288 ſo
1194 2239 1290 2285 wird
1314 2246 1393 2286 von
1401 2241 1604 2291 demſelben
1621 2247 1829 2296 gemeldet:
1879 2251 1945 2294 Er
1957 2257 2036 2302 gab
2058 2254 2239 2299 Melchi⸗

900 2286 1029 2333 ſedech
1058 2291 1132 2331 den
1155 2290 1360 2340 Zehenden
1384 2303 1468 2336 von
1493 2294 1669 2348 allerley,
1691 2296 1868 2351 nehmlich
1888 2306 1965 2346 von
1993 2304 2059 2348 der
2083 2301 2237 2353 Beute/

902 2338 962 2378 die
977 2349 1016 2380 er
1037 2345 1113 2383 von
1129 2342 1199 2385 den
1215 2342 1383 2392 Feinden
1421 2345 1571 2393 erobert
1595 2348 1739 2398 hatte:
1764 2352 1862 2398 Von
1888 2354 2073 2402 derſelben
2097 2359 2170 2407 gab
2194 2361 2235 2398 er

902 2389 1160 2434 Melchiſedech
1186 2393 1258 2436 den
1291 2393 1488 2443 Zehenden
1511 2398 1575 2441 als
1593 2400 1714 2444 einem
1741 2401 1908 2454 Prieſter
1941 2405 2139 2456 GOttes,
2167 2411 2233 2454 zur

902 2436 1209 2485 Danckbahrkeit
1223 2451 1340 2490 gegen
1355 2445 1483 2492 GOtt
1506 2446 1575 2494 den
1595 2449 1779 2503 HErren,
1799 2452 1866 2502 fuͤr
1880 2454 1951 2501 den
1968 2456 2090 2507 Sieg,
2113 2459 2181 2500 den
2191 2459 2231 2497 er

900 2486 982 2540 ihm
988 2487 1177 2541 verliehen
1190 2492 1317 2546 hatte.

2037 2550 2243 2602 Gleichwie
