1738 2463
565 437 621 477 nis
630 439 787 486 erhalten,
793 441 893 492 gleich
901 442 981 491 nach
987 442 1167 490 Aſtrachan
1174 452 1214 490 zu
1222 444 1316 494 gehn.
1334 445 1401 493 Jch
1410 456 1502 486 wun⸗

565 497 652 537 derte
668 498 750 547 mich
768 498 953 550 anfaͤnglich
976 500 1055 542 uͤber
1075 503 1154 550 dieſe
1169 503 1426 555 Parteilichkeit,
1456 506 1511 547 al⸗

562 558 627 599 lein
642 559 688 606 ich
699 562 809 608 erfuhr
823 559 971 607 nachher,
985 562 1049 610 daß
1065 562 1122 612 ſeit
1135 565 1237 603 einem
1246 567 1356 613 Jahre
1365 568 1434 611 alle,
1451 568 1502 606 die

563 622 597 660 in
615 623 811 672 kaiſerlichen
826 624 990 671 Dienſten
1005 626 1151 673 ſtanden,
1177 630 1230 675 auf
1249 629 1354 675 Befehl
1366 631 1421 670 der
1435 632 1511 672 Ad⸗

560 673 723 721 miralitaͤt
741 686 808 718 von
826 680 882 719 der
898 679 1090 729 Kontumaz
1113 682 1226 729 befreit
1249 682 1370 723 waͤren.
1416 690 1502 728 Eine

560 746 755 794 Schmacke,
776 747 826 787 die
845 749 909 796 auf
922 749 1028 792 einem
1044 748 1237 799 Kreuzzuge
1257 751 1309 791 bis
1330 750 1408 795 uͤber
1423 756 1501 805 Ap⸗

559 806 703 855 ſcheron
718 808 840 856 hinaus
856 810 998 861 geweſen
1017 821 1108 856 war,
1134 813 1223 860 hatte
1239 812 1341 865 einige
1356 814 1503 865 ruſſiſche

557 864 749 909 Seeraͤuber
766 878 974 920 genommen.
1026 871 1095 912 Sie
1107 872 1184 922 ſezte
1199 874 1267 919 hier
1276 874 1416 922 hundert
1428 877 1498 916 und

555 924 698 972 zwanzig
716 925 886 965 Soldaten
901 936 965 964 ans
983 929 1077 970 Land,
1096 929 1232 974 worauf
1235 935 1279 975 ſie
1303 936 1390 977 nach
1406 937 1497 979 Yerky

555 990 790 1045 zuruͤckſegelte,
807 997 888 1044 ohne
902 995 1093 1045 Kontumaz
1112 995 1167 1055 zu
1175 992 1315 1056 halten.
1322 1001 1396 1046 Die
1411 1004 1505 1055 Sol⸗

553 1049 658 1088 daten
658 1047 793 1090 blieben
816 1051 883 1096 hier
901 1052 1052 1098 vierzehn
1065 1053 1184 1101 Tage,
1213 1060 1347 1099 worauf
1357 1060 1398 1101 ſie
1415 1065 1505 1104 nach

552 1117 734 1167 Aſtrachan
750 1118 935 1169 abgingen,
948 1122 1145 1171 ungeachtet
1155 1121 1313 1172 waͤhrend
1330 1123 1396 1179 ihres
1421 1128 1497 1175 hie⸗

551 1179 640 1228 ſigen
653 1178 868 1228 Aufenthalts
885 1183 991 1232 einige
1004 1192 1072 1221 von
1078 1185 1144 1222 den
1151 1182 1367 1227 Seeraͤubern
1378 1187 1502 1238 geſtor⸗

548 1231 621 1266 ben
621 1237 748 1268 waren.
765 1234 834 1276 Zu
846 1235 981 1279 unſerm
989 1229 1157 1287 Ungluͤcke
1174 1240 1258 1288 hatte
1285 1251 1339 1275 uns
1357 1246 1413 1276 der
1427 1247 1497 1289 ruſ⸗

547 1301 637 1350 ſiſche
649 1301 780 1351 Konſul
797 1314 832 1353 zu
837 1303 964 1354 Reſchd
973 1303 1153 1354 verſichert;
1168 1306 1233 1353 daß
1250 1316 1331 1346 man
1342 1315 1409 1345 uns
1417 1311 1499 1357 glei⸗

548 1353 600 1401 che
617 1351 821 1404 Freiheiten,
840 1356 905 1394 wie
920 1358 982 1397 den
996 1358 1030 1397 in
1044 1358 1241 1409 kaiſerlichen
1260 1361 1396 1416 Dienſten
1417 1365 1495 1417 ſte⸗

545 1424 670 1471 henden
690 1423 830 1471 Leuten,
848 1426 1008 1476 geſtatten
1023 1426 1153 1475 wuͤrde,
1174 1430 1217 1468 da
1231 1431 1293 1471 wir
1312 1432 1362 1474 die
1376 1433 1492 1476 Ueber⸗

544 1490 634 1535 fahrt
652 1490 716 1537 auf
734 1483 846 1536 einem
846 1484 1005 1545 leichten
1022 1486 1207 1547 Fahrzeuge
1209 1494 1378 1543 machten.
1410 1500 1500 1541 Wir

543 1548 677 1595 hatten,
698 1552 799 1599 auſſer
819 1553 926 1598 Reis,
943 1554 1042 1601 daher
1058 1553 1143 1602 nicht
1161 1554 1263 1603 mehr
1263 1555 1497 1606 Lebensmittel

540 1608 814 1659 mitgenommen,
832 1611 890 1650 als
900 1624 940 1659 zu
954 1613 1067 1663 unſrer
1074 1615 1266 1662 Ueberfahrt
1281 1619 1486 1669 erforderlich

540 1663 673 1711 waͤren,
696 1670 810 1719 welche
825 1672 969 1710 diesmal
984 1672 1123 1718 ohnehin
1140 1673 1205 1721 ſehr
1225 1674 1323 1722 lange
1338 1672 1487 1716 dauerte.

538 1726 612 1770 Die
629 1714 754 1775 Ruſſen
767 1727 890 1767 wolten
906 1735 974 1767 uns
984 1729 1064 1780 auch
1071 1729 1156 1780 nicht
1166 1730 1333 1778 erlauben,
1353 1736 1486 1786 jemand

539 1808 584 1836 an
598 1798 694 1848 unſre
707 1800 861 1851 Freunde
875 1800 910 1841 in
924 1801 1105 1852 Aſtrachan
1123 1814 1162 1851 zu
1178 1802 1317 1854 ſchicken,
1332 1807 1401 1846 und
1415 1807 1491 1855 hier

537 1861 609 1887 war
623 1854 727 1900 nichts
747 1863 784 1900 zu
802 1854 1007 1896 bekommen.
1029 1857 1108 1898 Der
1116 1858 1280 1898 Seekadet
1289 1865 1382 1913 wolte
1399 1875 1488 1906 zwar

535 1920 761 1964 Lebensmittel
780 1921 834 1971 fuͤr
859 1927 927 1963 uns
953 1934 1021 1967 von
1041 1925 1223 1976 Aſtrachan
1250 1928 1488 1979 verſchreiben,

536 1984 614 2023 aber
631 1987 702 2026 dies
713 1987 792 2034 half
801 1994 869 2026 uns
881 1984 964 2041 nicht
988 1985 1079 2038 viel.
1070 1989 1137 2030 Am
1148 1990 1265 2039 25ſten
1278 1993 1486 2040 September

536 2048 608 2085 kam
628 2048 748 2095 endlich
767 2049 854 2089 einer
871 2055 938 2088 von
952 2050 1082 2091 meinen
1097 2051 1273 2101 Freunden
1288 2060 1352 2092 aus
1368 2056 1483 2099 Aſtra⸗

534 2106 628 2156 chan,
641 2109 699 2148 der
708 2110 804 2154 unſre
810 2109 1047 2162 Verlegenheit
1060 2112 1215 2161 erfahren
1221 2115 1323 2162 hatte,
1339 2113 1408 2163 hier
1421 2125 1483 2158 an,
