1896 2838
570 455 700 488 trusholz,
720 456 809 484 worin
830 455 933 483 damals
955 456 997 482 die
1016 455 1140 483 Reichen
1160 452 1290 481 einander
1314 461 1349 479 zu
1373 451 1539 480 übertreffen
1565 449 1687 478 suchten.

573 511 634 536 Von
655 509 748 534 diesen
758 510 888 547 Tischen
908 521 1029 532 schreribt
1048 521 1095 531 der
1115 520 1197 530 ältere
1216 520 1330 532 Plinius,
1352 520 1395 527 ein
1419 511 1499 538 Tisch
1526 502 1572 529 des
1591 501 1687 538 Cicero

568 567 641 596 habe
663 570 722 596 eine
740 568 854 595 Million
874 565 1015 593 Sesterzen
1036 564 1187 601 (ungefähr
1207 564 1312 601 funfzig
1332 563 1447 590 tausend
1460 562 1589 595 Gulden)
1610 559 1690 596 geko-

569 629 637 655 stet;
658 621 715 649 und
735 621 859 650 erwähnt
871 620 951 650 noch
972 620 1035 656 drey
1055 619 1154 647 andrer
1171 620 1274 648 Tische
1293 629 1349 646 von
1361 616 1436 644 noch
1446 616 1564 645 höherm
1578 617 1676 644 Preise.

1081 714 1113 741 V.
1134 720 1177 746 29.

720 766 822 794 Früher
846 764 906 793 Tod
925 764 1026 794 erwarb
1045 763 1107 790 dem
1126 762 1247 791 Achilles
1265 762 1366 795 Ehre.)
1404 759 1439 786 Es
1459 759 1541 787 stand
1558 759 1609 795 bey
1628 758 1690 786 dem

568 821 698 853 Achilles,
719 821 756 848 ob
777 832 806 849 er
825 820 870 847 ein
888 818 978 848 hohes
996 817 1071 846 Alter
1091 817 1165 844 ohne
1185 815 1274 853 groſse
1287 824 1359 844 Ehre
1379 813 1527 848 erreichen,
1547 814 1622 846 oder,
1641 814 1692 848 bey

568 875 660 901 einem
680 874 785 901 kurzen
802 872 905 905 Leben,
926 872 985 900 sich
1003 872 1072 902 viele
1090 872 1163 900 Ehre
1183 869 1328 901 erwerben
1328 868 1450 899 wollte:
1480 878 1507 897 er
1525 868 1624 897 wählte
1644 866 1691 894 das

571 934 688 962 Letztere.

1078 1027 1113 1054 V.
1141 1026 1185 1053 30.

720 1075 828 1113 Langes
851 1075 941 1102 Leben
965 1074 1072 1102 machte
1097 1074 1150 1101 den
1180 1074 1277 1102 Tithon
1305 1073 1435 1103 kleiner.)
1478 1072 1600 1103 Tithon,
1630 1069 1692 1097 dem

568 1131 647 1159 seine
667 1130 838 1158 Gemahlinn
857 1129 961 1156 Aurora
982 1129 1026 1155 die
1045 1126 1281 1157 Unsterblichkeit
1298 1125 1445 1154 verschafft
1462 1125 1549 1157 hatte,
1567 1123 1645 1151 ward
1664 1124 1693 1149 in

567 1186 674 1213 seinem
701 1184 796 1213 hohen
820 1185 892 1211 Alter
917 1195 947 1212 so
976 1182 1103 1215 kraftlos,
1132 1182 1190 1209 daſs
1218 1192 1245 1213 er
1268 1181 1341 1208 sichs
1368 1180 1485 1218 gefallen
1504 1180 1565 1207 lieſs
1585 1180 1614 1206 in
1635 1179 1694 1206 eine

569 1242 764 1270 Heuschrecke
783 1239 951 1268 verwandelt
969 1249 1004 1267 zu
1024 1239 1144 1266 werden.

1034 1331 1070 1363 V.
1095 1332 1128 1357 31
1142 1344 1162 1349 —
1175 1329 1230 1356 36.

729 1375 871 1405 Vielleiclt
887 1375 1024 1410 gewähret
1044 1374 1089 1401 die
1108 1373 1242 1408 Folgezeit
1260 1375 1326 1402 mir,
1351 1380 1409 1398 was
1432 1374 1470 1397 sie
1489 1370 1532 1397 dir
1550 1368 1694 1407 abschlägt.

570 1428 697 1457 Hundert
716 1427 841 1453 Heerden
864 1424 967 1453 zählest
989 1425 1043 1455 du,
1068 1429 1196 1463 u.s.w.)
1232 1424 1299 1454 Dir,
1326 1421 1449 1450 Besitzer
1472 1420 1576 1456 groſser
1601 1422 1696 1451 Güter,

573 1488 713 1518 gewähret
737 1482 775 1508 sie
801 1481 844 1508 die
872 1479 1010 1509 daurende
1034 1479 1107 1508 Ehre
1131 1478 1221 1510 nicht,
1250 1477 1293 1505 die
1318 1475 1357 1504 sie
1381 1476 1433 1503 mir
1454 1476 1567 1505 ertheilt.
1606 1476 1697 1502 Horaz

571 1538 672 1567 nimmt
692 1538 750 1566 sich
772 1548 820 1567 aus
842 1536 903 1564 dem
924 1535 1032 1575 groſsen
1052 1536 1162 1565 Haufen
1184 1536 1230 1565 der
1247 1533 1371 1565 Reichen
1397 1534 1475 1562 einen
1499 1533 1614 1564 heraus,
1644 1531 1695 1559 den

573 1607 602 1624 er
621 1605 651 1624 so
673 1595 876 1635 apostrophirt,
902 1594 939 1624 als
960 1595 989 1622 in
1010 1595 1057 1622 der
1083 1594 1267 1623 achtzehnten
1287 1594 1350 1621 Ode
1376 1593 1463 1620 dieses
1487 1592 1611 1620 Buches:
1642 1593 1697 1620 Du,

573 1655 636 1682 dem
664 1653 740 1680 Tode
765 1655 824 1689 reif,
851 1648 989 1687 verdingst
1013 1651 1082 1678 noch
1104 1649 1337 1679 Marmorbrüche.
1385 1649 1421 1675 Es
1446 1649 1481 1675 ist
1507 1648 1586 1674 nicht
1610 1647 1697 1675 wahr-

572 1707 740 1739 scheinlich,
770 1707 828 1735 daſs
862 1718 889 1733 er
913 1706 1017 1733 seinem
1041 1705 1165 1733 Freunde
1191 1704 1338 1742 Grosphus
1365 1701 1510 1731 öffentlich
1536 1702 1582 1729 das
1608 1701 1697 1729 Genie

575 1763 635 1791 und
656 1763 699 1791 die
717 1763 789 1791 Ehre
809 1762 859 1798 bey
879 1761 927 1789 der
946 1759 1094 1789 Nachwelt
1113 1759 1194 1786 sollte
1214 1756 1421 1795 abgesprochen
1439 1756 1540 1788 haben,
1566 1756 1623 1783 und
1644 1757 1699 1783 die-

574 1826 618 1843 ses
638 1826 685 1843 um
705 1826 735 1843 so
756 1816 807 1843 viel
827 1813 962 1851 weniger,
987 1822 1070 1840 wenn
1096 1823 1123 1840 es
1149 1812 1220 1840 eben
1244 1813 1292 1840 der
1317 1811 1464 1849 Pompejus
1485 1810 1631 1849 Grosphus
1656 1809 1698 1839 ist,

576 1873 631 1900 den
651 1884 679 1900 er
698 1872 727 1898 in
747 1870 796 1899 der
814 1871 947 1900 zwölften
971 1869 1077 1909 Epistel
1096 1868 1144 1896 des
1170 1876 1259 1896 ersten
1282 1866 1391 1897 Buches
1417 1868 1480 1894 dem
1505 1867 1607 1897 Iccius,
1635 1865 1699 1893 dem

577 1930 687 1957 reichen
708 1928 891 1955 Intendanten
914 1927 981 1955 über
996 1927 1040 1953 die
1062 1927 1149 1954 Güter
1169 1925 1215 1953 des
1235 1921 1363 1960 Agrippa,
1384 1922 1422 1950 als
1443 1923 1523 1951 einen
1538 1924 1626 1949 Mann
1647 1931 1701 1947 em-

575 1982 681 2019 pfiehlt,
702 1981 750 2008 der
768 1982 866 2012 nichts,
887 1980 925 2008 als
945 1990 1001 2007 was
1021 1977 1100 2015 billig
1113 1988 1165 2014 sey,
1187 1987 1243 2005 von
1262 1978 1321 2005 ihm
1339 1977 1486 2012 verlangen
1505 1975 1604 2002 werde.
1633 1976 1700 2005 Die-

578 2044 620 2059 ser
629 2034 793 2072 Grosphus
819 2033 927 2060 scheint
951 2033 996 2059 ein
1018 2032 1115 2059 weiser
1140 2032 1198 2069 und
1217 2034 1269 2059 mit
1286 2030 1436 2066 Wenigem
1455 2028 1627 2058 zufriedener
1647 2030 1702 2055 Ge-

577 2087 679 2114 lehrter
699 2095 823 2122 gewesen
842 2096 877 2109 zu
897 2097 969 2120 seyn,
991 2087 1037 2110 der
1058 2086 1127 2112 eben
1146 2095 1176 2111 so
1196 2081 1286 2116 wenig
1299 2081 1389 2116 groſse
1402 2081 1628 2110 Rinderheerden
1642 2078 1701 2107 und

577 2141 750 2174 Stutereyen,
771 2141 808 2166 als
830 2141 891 2165 eine
912 2140 1073 2166 Garderobe
1093 2147 1147 2163 von
1166 2143 1327 2171 purpurnen
1345 2135 1478 2163 Kleidern
1496 2135 1624 2162 besessen
1643 2134 1698 2162 hat,

580 2205 610 2223 so
633 2193 690 2220 daſs
710 2193 870 2229 jedermann
890 2194 918 2219 in
937 2194 1010 2219 Rom
1031 2193 1079 2219 das
1098 2194 1146 2218 Du
1165 2189 1324 2227 unmöglich
1345 2189 1394 2217 auf
1405 2190 1455 2215 ihn
1469 2190 1569 2215 deuten
1584 2190 1698 2213 konnte.

580 2269 616 2276 —
641 2252 736 2281 Wenn
762 2250 854 2276 Horaz
879 2248 976 2284 irgend
1002 2249 1062 2277 eine
1086 2247 1201 2275 Materie
1225 2246 1254 2273 in
1279 2248 1353 2275 einer
1374 2245 1436 2274 Ode
1456 2244 1615 2274 abhandeln
1633 2243 1700 2274 will,
