1766 2671
589 335 674 380 116

728 330 832 394 Am
832 330 1077 394 Sonntage
1077 330 1203 394 nach
1203 330 1388 394 Oſtern.

585 444 691 480 mand
709 444 793 489 ſeine
803 442 950 492 Urtheile
966 443 1045 491 nach
1061 445 1212 489 Anderer
1222 447 1395 496 Urtheilen
1416 446 1522 494 leicht⸗

587 506 695 558 ſinnig
720 509 925 562 umaͤndert,
954 511 1019 561 daß
1048 524 1082 551 er
1102 512 1163 553 mit
1187 516 1289 564 ſeiner
1311 516 1521 565 Denkungs⸗

585 589 639 623 art
664 578 722 628 ſich
747 580 863 621 immer
892 579 973 631 nach
999 587 1062 631 den
1079 584 1286 632 Umſtaͤnden
1308 585 1436 636 richtet,
1465 587 1522 625 da⸗

585 647 645 690 bey
665 641 782 694 bleibt,
812 657 911 683 wenn
931 653 967 683 es
988 646 1056 696 ihm
1076 645 1295 697 vortheilhaft
1311 652 1363 701 iſt,
1389 640 1458 689 und
1475 650 1523 698 ſo⸗

583 714 681 768 gleich
698 719 812 760 davon
826 728 1002 766 abweicht,
1033 737 1134 755 wenn
1154 718 1187 752 er
1212 718 1336 760 Etwas
1354 714 1463 752 dabey
1484 728 1521 754 zu

584 784 771 834 befuͤrchten
788 786 863 834 hat,
883 786 991 835 dann
991 784 1117 837 halten
1135 786 1197 827 wir
1215 790 1278 827 das
1292 784 1347 836 fuͤr
1364 791 1436 829 eine
1455 792 1570 829 nie⸗

580 869 670 900 drige
692 873 762 901 und
781 863 978 901 entehrende
992 858 1207 905 Geſinnung.
1248 861 1342 899 Was
1362 855 1420 903 ſoll
1439 876 1532 904 man

579 928 648 976 alſo
667 936 736 966 von
757 936 826 968 uns
845 927 975 980 halten,
995 930 1111 971 meine
1135 931 1313 983 Freunde,
1340 944 1440 973 wenn
1459 935 1521 973 wir

582 1002 627 1046 in
638 1002 727 1040 einer
744 1002 777 1047 ſo
794 1000 973 1050 wichtigen
986 1002 1120 1054 Sache,
1149 1003 1203 1044 als
1223 1007 1276 1045 die
1284 1004 1448 1055 Religion
1465 1006 1519 1056 iſt,

579 1075 661 1106 uns
680 1067 754 1107 bald
778 1064 863 1121 nach
889 1069 1039 1118 dieſem,
1066 1070 1145 1110 bald
1163 1070 1249 1119 nach
1276 1074 1384 1120 jenem
1409 1073 1520 1117 Men⸗

580 1136 669 1174 ſchen
687 1134 835 1177 richten,
855 1121 933 1167 bald
955 1134 1004 1179 ſo,
1021 1138 1100 1174 bald
1122 1145 1239 1177 anders
1261 1143 1363 1181 davon
1386 1144 1515 1185 denken

579 1217 658 1246 und
670 1215 769 1248 reden
788 1206 938 1245 wollen?
957 1201 1033 1237 oder
1048 1200 1248 1248 wenigſtens
1276 1201 1326 1240 mit
1339 1209 1428 1251 dem,
1441 1198 1516 1242 was

578 1277 640 1318 wir
654 1273 824 1327 eigentlich
836 1273 977 1319 daruͤber
987 1279 1129 1332 denken,
1145 1280 1232 1330 nicht
1247 1278 1332 1329 recht
1350 1288 1418 1322 ans
1434 1280 1516 1332 Licht

579 1346 726 1392 wollen?
755 1345 859 1384 Wird
883 1340 968 1383 man
989 1348 1082 1384 dann
1109 1336 1189 1394 auch
1217 1344 1282 1396 auf
1300 1342 1397 1398 unſre
1423 1350 1517 1393 Red⸗

578 1422 700 1470 lichkeit
725 1426 795 1463 und
815 1424 1092 1475 Aufrichtigkeit,
1119 1425 1182 1473 auf
1206 1427 1302 1474 unſre
1317 1428 1517 1477 Gewiſſen⸗

578 1486 752 1536 haftigkeit
768 1488 810 1541 in
821 1493 950 1530 andern
967 1490 1112 1540 Dingen
1128 1486 1206 1545 noch
1230 1490 1332 1538 bauen
1356 1493 1517 1536 koͤnnen?

577 1560 680 1600 Wird
707 1568 789 1598 man
810 1566 887 1598 uns
907 1560 993 1609 nicht
1018 1560 1073 1602 als
1097 1563 1200 1603 Leute
1220 1561 1432 1615 betrachten,
1462 1567 1515 1607 die

578 1639 658 1668 man
674 1629 786 1677 durch
810 1627 964 1671 Gewinn
989 1631 1067 1671 oder
1090 1629 1256 1684 Verluſt,
1291 1633 1394 1682 durch
1415 1633 1518 1685 Hoff⸗

575 1708 670 1747 nung
685 1701 755 1738 und
776 1695 896 1750 Furcht
916 1692 961 1755 zu
970 1702 1084 1743 Allem
1101 1701 1261 1754 bringen,
1287 1708 1351 1742 aus
1367 1704 1511 1751 welchen

574 1772 652 1804 man
681 1764 814 1814 machen
840 1765 952 1819 kann,
989 1772 1062 1807 was
1097 1777 1177 1808 man
1211 1771 1288 1811 will.
1341 1772 1427 1813 Das
1458 1773 1514 1822 ſey

573 1839 681 1889 ferne,
710 1839 775 1888 daß
799 1843 862 1881 wir
879 1843 907 1889 je
924 1841 994 1881 eine
1016 1842 1118 1893 ſolche
1142 1842 1321 1894 Meinung
1343 1850 1412 1884 von
1439 1853 1518 1885 uns

573 1914 705 1957 erregen
722 1911 855 1959 ſollten!
883 1909 965 1952 Wir
988 1914 1107 1952 wollen
1125 1910 1193 1952 uns
1209 1914 1264 1953 als
1284 1912 1513 1965 wahrheitlie⸗

571 1978 674 2020 bende
700 1978 884 2028 Menſchen
909 1981 1044 2031 zeigen,
1070 1984 1140 2022 und
1172 1987 1228 2026 der
1234 1985 1432 2038 Wahrheit
1453 1983 1514 2028 be⸗

570 2048 708 2096 ſonders
722 2051 765 2086 da
784 2057 895 2097 getreu
912 2048 1066 2101 bleiben,
1094 2061 1147 2090 wo
1164 2052 1198 2098 ſo
1214 2052 1281 2092 viel
1307 2051 1365 2102 auf
1386 2056 1427 2101 ſie
1437 2061 1505 2092 an⸗

570 2106 704 2156 koͤmmt.
757 2116 839 2155 Wir
855 2112 973 2157 wollen
987 2119 1050 2157 mit
1070 2120 1126 2158 der
1142 2117 1313 2168 Religion
1326 2116 1415 2168 nicht
1429 2115 1510 2161 pra⸗

570 2187 644 2232 len;
670 2184 749 2224 aber
772 2188 813 2234 ſie
841 2188 920 2235 auch
956 2188 1043 2237 nicht
1072 2186 1279 2240 verbergen,
1305 2190 1412 2231 damit
1433 2194 1501 2235 wir

1405 2263 1503 2310 nicht
