1568 2296
289 423 335 449 wo
346 417 406 450 kein
418 409 568 457 verſteckter
580 415 666 454 Feind
680 415 733 454 ſein
749 414 800 448 Lob
816 417 847 450 in
869 415 996 456 Bosheit

406 463 508 498 taucht,

289 500 334 525 wo
348 493 407 525 kein
427 493 570 531 geſunkner
586 492 665 532 Geiſt
681 499 718 524 im
734 490 831 532 Buſen
849 491 994 530 Argwohn

372 542 499 576 hecket,

280 568 355 600 weil
369 570 419 607 ihn
437 570 494 600 kein
509 567 592 602 Trieb
609 562 703 606 belebt,
724 568 769 598 der
779 566 828 605 ihn
836 562 913 604 nicht
929 566 995 605 auch

409 619 538 653 beflecket,

290 656 336 681 wo
352 646 455 687 aͤuſſres
472 648 640 682 Blendwerk
656 647 738 686 nicht,
758 654 813 679 nur
824 648 906 680 innre
920 647 995 684 Har⸗

406 691 496 720 monie

291 726 336 762 ein
355 725 443 761 Recht
469 733 515 763 zur
540 725 614 758 Liebe
637 723 710 763 giebt
734 745 780 752 —
801 723 867 761 auch
889 724 996 762 Seelge

405 771 500 807 fuͤhlen
515 771 549 805 ſie
568 789 615 798 —

291 801 376 839 dahin
393 800 451 839 geh'
471 802 507 837 ich
524 804 622 838 voran,
637 807 690 833 um
706 800 736 831 in
751 803 801 833 des
814 800 920 835 Gluͤcks
936 802 999 836 Ge⸗

406 849 490 881 filden

290 873 367 905 mein
382 876 458 910 Herz
470 878 538 916 ganz
550 878 612 909 zum
623 871 732 912 Gefuͤhl
751 876 796 905 der
804 866 997 911 Freundſchaft

409 920 596 957 auszubilden.

291 954 385 987 Dann
404 954 461 993 ſetzt
478 954 553 984 mein
568 960 650 985 neuer
667 953 755 991 Rang
770 953 838 991 mich
857 952 919 985 Dir
933 960 997 991 zum

407 995 576 1033 Schutzgeiſt
589 991 643 1034 ein.

291 1023 355 1046 Dir
365 1026 424 1057 folg'
448 1028 487 1059 ich
496 1030 549 1052 ins
549 1007 699 1051 Geraͤuſch
713 1022 770 1045 und
784 1021 819 1043 in
831 1020 889 1044 den
910 1022 996 1050 ſtillen

407 1074 497 1111 Hain.

290 1111 373 1144 Dort
401 1104 500 1149 wagſt
521 1110 574 1147 Du,
616 1110 657 1142 die
689 1109 807 1142 Gewalt
844 1107 996 1149 verjaͤhrter

407 1150 647 1187 Schmeicheleyen

292 1185 351 1215 und
365 1182 464 1221 Wahn
478 1186 535 1214 und
550 1181 716 1221 Vorurtheil
732 1180 787 1213 mit
806 1179 949 1228 Kuͤhnheit
960 1189 995 1220 zu

407 1227 572 1260 zerſtreuen;

291 1263 349 1302 hier
361 1263 446 1302 fliehſt
453 1262 509 1294 Du
522 1270 569 1299 zur
577 1260 690 1299 Natur,
718 1268 765 1299 zur
773 1261 920 1301 Weisheit,
936 1264 994 1293 und

408 1313 455 1338 zur
473 1302 546 1335 Ruh.

291 1329 353 1360 Jch
364 1329 433 1359 ſehs,
454 1334 510 1352 und
525 1327 615 1360 ſaͤusle
629 1306 692 1355 Dir
704 1314 751 1353 der
770 1326 857 1359 Engel
876 1324 994 1359 Beyfall

406 1389 439 1416 zu

289 1413 387 1448 Wenn
408 1415 470 1445 aber
492 1411 645 1452 Finſterniß
668 1411 747 1444 Dein
786 1412 888 1450 ſanftes
912 1410 993 1450 Auge

407 1456 499 1490 decket,

292 1496 376 1523 wenn
398 1489 485 1527 Angſt
509 1492 557 1521 des
580 1489 683 1526 Todes,
711 1489 775 1526 hart
795 1488 847 1522 wie
861 1489 993 1524 Donner,

408 1523 480 1564 Dich
512 1529 667 1566 erſchrecket,

294 1567 368 1597 dann
383 1567 489 1603 ſchweb'
504 1566 542 1602 ich
560 1565 626 1599 uͤber
638 1565 709 1603 Dir,
729 1567 786 1595 und
807 1563 907 1604 traͤufle
921 1566 992 1598 Dei⸗

410 1618 458 1640 ner
471 1610 564 1640 Bruſt

294 1643 342 1672 des
364 1640 507 1684 Himmels
527 1641 647 1678 Balſam
660 1641 712 1677 ein,
740 1642 797 1671 und
809 1638 874 1679 fuͤlle
892 1640 926 1678 ſie
939 1641 991 1672 mit

406 1678 478 1718 Luſt,

294 1717 350 1747 und
363 1714 477 1752 ſcheuche
490 1712 585 1746 Gram
599 1716 655 1746 und
669 1712 803 1752 Schmerz
819 1719 872 1745 von
887 1712 991 1745 Deinen

409 1757 498 1795 letzten
517 1751 667 1792 Stunden.
