1313 2100
99 321 164 364 ben
178 317 250 361 und
267 314 436 369 beſtaͤndig
454 311 696 365 fortgegangen
713 308 776 360 ſey.
828 309 925 355 Alles
938 309 1006 352 die⸗

102 374 152 422 ſes
176 370 257 421 muß
272 374 340 413 uns
356 369 440 415 dazu
460 366 598 413 dienen,
623 363 701 411 daß,
720 365 771 406 wir
794 360 909 412 ſuchen
936 363 1005 403 das

101 422 334 473 angefangene
343 420 478 467 Weſen
496 420 550 462 bis
567 423 635 461 ans
643 413 719 463 Ende
734 416 821 467 feſte
838 426 875 466 zu
891 413 1007 463 behal⸗

106 481 179 520 ten,
193 484 293 516 wenn
309 474 374 515 wir
400 471 524 521 Chriſti
548 471 619 521 ſind
645 465 832 518 theilhaftig
855 466 1008 508 worden.

104 529 197 570 Wir
222 523 342 574 duͤrfen
363 529 432 566 uns
459 522 592 567 desfals
616 529 681 562 nur
709 528 756 559 an
785 520 849 560 den
876 510 1009 570 HErrn

106 579 246 626 JEſum,
284 578 340 619 als
359 577 423 617 den
444 569 623 623 Anfaͤnger
641 573 711 613 und
728 569 921 617 Vollender
948 571 1008 612 des

105 627 293 673 Glaubens
308 625 435 674 halten,
453 626 511 668 der
525 623 612 667 wird
626 623 683 665 als
706 622 761 662 der
776 626 855 670 gute
868 619 1009 671 Meiſter

107 684 172 735 ſein
183 680 312 723 Werck
322 679 416 726 nicht
435 678 470 722 in
483 681 553 718 uns
573 676 676 725 liegen
692 673 805 723 laſſen.

159 736 193 776 c)
215 729 389 775 Erfordert
404 732 461 773 der
479 724 615 777 Apoſtel
631 734 668 775 zu
687 722 803 775 dieſem
819 713 1012 773 geſegneten

107 771 326 819 Andencken:
334 772 417 814 und
425 770 553 822 folget
560 772 686 815 ihrem
696 771 886 809 Glauben
898 773 1012 807 nach.

109 834 202 881 Wir
221 832 318 879 ſollen
335 836 373 873 es
391 828 479 878 nicht
494 829 602 877 dabey
618 825 800 870 bewenden
818 824 934 877 laſſen,
941 824 1015 875 daß

109 887 173 927 wir
190 876 359 932 erkennen,
366 886 447 925 was
457 878 513 931 fuͤr
522 880 650 928 Treue,
657 877 786 924 Gnade
795 879 866 920 und
875 877 1014 920 Barm⸗

109 936 285 987 hertzigkeit
305 938 362 980 der
375 934 483 988 HErr
504 941 551 977 an
575 930 693 980 unſern
717 929 854 974 theuren
874 930 1014 975 Lehrern

110 982 261 1034 erwieſen
271 983 370 1031 habe,
377 985 443 1025 wir
453 982 554 1034 ſollen
566 981 659 1024 ihren
667 978 812 1025 lautern,
819 983 933 1019 reinen
940 982 1013 1018 und

111 1039 371 1092 unverfaͤlſchten
381 1036 547 1091 Vortrag
562 1039 623 1082 des
631 1034 785 1083 Wortes
793 1032 956 1086 GOttes,
965 1033 1017 1079 ih⸗

112 1108 172 1139 ren
184 1095 374 1146 gottſeligen
390 1092 555 1140 Wandel
573 1093 643 1136 und
653 1089 755 1137 Leben
769 1087 857 1141 nicht
870 1092 933 1139 nur
933 1086 1017 1138 ruͤh⸗

89 1149 191 1188 men
217 1147 287 1186 und
305 1150 366 1192 gut
386 1143 504 1185 davon
527 1142 645 1190 reden,
667 1139 809 1188 ſondern
831 1141 898 1181 wir
916 1140 1016 1187 ſollen

113 1195 197 1245 auch
227 1196 350 1239 darum
376 1193 518 1246 befliſſen
532 1193 628 1245 ſeyn,
653 1190 724 1242 daß
745 1193 812 1233 wir
837 1192 871 1239 ſo
892 1192 1017 1238 moͤgen

112 1247 261 1302 glauben
278 1251 350 1294 und
373 1248 534 1293 wandeln
554 1247 619 1290 wie
643 1245 696 1294 ſie.
749 1243 886 1292 Wann
905 1244 1019 1288 GOtt

116 1305 198 1351 ſeine
218 1309 331 1345 treuen
342 1301 490 1352 Knechte
504 1306 572 1345 aus
597 1297 694 1348 dieſer
706 1298 783 1348 Zeit
798 1300 832 1339 in
848 1298 900 1338 die
926 1297 1020 1346 ſelige

116 1354 276 1402 Ewigkeit
293 1351 454 1399 verſetzet;
470 1351 504 1398 ſo
519 1352 618 1392 reden
633 1350 684 1388 die
699 1346 852 1397 Zuhoͤrer
873 1348 944 1386 wol
957 1349 1021 1386 da⸗

116 1417 197 1448 von,
207 1408 271 1446 wie
286 1405 432 1454 ernſtlich
447 1405 520 1446 und
531 1398 777 1455 nachdruͤcklich
788 1399 831 1451 ſie
845 1401 908 1443 den
915 1392 1021 1446 Rath

117 1458 269 1503 GOttes
283 1465 351 1500 von
366 1456 424 1500 der
430 1453 603 1505 Seligkeit
617 1456 673 1495 der
680 1450 863 1503 Menſchen
883 1452 1021 1493 verkuͤn⸗

118 1510 228 1556 diget,
248 1510 313 1551 wie
333 1509 375 1558 ſie
407 1510 460 1552 die
485 1505 669 1556 Menſchen
698 1503 731 1553 ſo
773 1503 917 1551 liebreich
949 1505 1021 1543 und

115 1558 297 1607 freundlich
311 1556 453 1610 gelocket
489 1553 529 1606 zu
519 1557 594 1599 dem
615 1553 748 1605 HErrn
762 1552 865 1604 JEſu
878 1562 918 1601 zu
932 1555 1024 1593 kom⸗

118 1623 217 1656 men,
233 1615 304 1653 und
329 1616 399 1655 das
425 1609 511 1662 Heil
530 1611 567 1653 in
590 1607 660 1658 ihm
686 1607 938 1655 anzunehmen,
957 1607 1023 1646 wie

119 1661 161 1709 ſie
185 1664 236 1704 die
265 1658 388 1708 ſichern
408 1657 479 1700 und
504 1654 631 1706 frechen
648 1655 805 1701 Suͤnder
829 1657 1023 1701 ungeſcheut

120 1717 192 1756 und
214 1715 276 1756 mit
302 1712 443 1763 groſſem
472 1710 571 1761 Ernſt
594 1707 778 1760 geſtrafet;
811 1711 876 1750 wie
899 1709 941 1754 ſie
970 1709 1024 1749 ein

102 1752 220 1806 heilig
241 1759 313 1801 und
326 1756 515 1810 unſtraͤflich
538 1758 643 1801 Leben
662 1759 834 1804 gefuͤhret;
853 1760 934 1792 aber
947 1761 1027 1792 dar⸗

125 1806 188 1858 an
188 1806 304 1866 fehlet
318 1818 377 1863 es,
397 1810 466 1863 daß
481 1810 523 1863 ſie
543 1811 632 1860 nicht
656 1813 772 1859 ſuchen
793 1815 828 1849 in
848 1812 916 1851 ihre
931 1812 1027 1857 Fuß⸗

89 1859 254 1913 ſtapfen
266 1871 306 1917 zu
324 1865 439 1907 treten.
494 1861 601 1906 Was
618 1863 695 1907 hilft
714 1868 782 1900 uns
807 1866 900 1904 das,
925 1871 1057 1895 wenn

123 1915 190 1963 wir
197 1912 307 1980 vieles
344 1916 382 1975 an
400 1915 457 1975 dem
462 1915 718 1970 Verſtorbenen
733 1917 843 1964 loben,
861 1920 932 1955 und
943 1918 1026 1959 doch
