1144 1753
356 284 541 335 Gleichwie
567 294 603 326 er
625 285 705 328 aber
731 287 937 338 menſchliche
949 288 1033 335 Na⸗

300 336 358 377 tur
378 344 660 383 angenommen,
680 335 728 385 um
752 338 794 379 in
834 338 1032 387 derſelbigen

300 388 365 427 das
390 377 684 438 Verſoͤhn⸗Opfer
714 388 772 438 fuͤr
794 389 846 430 die
872 386 1032 434 Suͤnden

298 438 358 477 der
375 443 511 484 gantzen
530 438 643 483 Welt
676 441 809 482 werden
840 452 877 490 zu
900 436 1032 482 koͤnnen

304 489 424 537 1Joh.
443 490 489 534 II,
508 505 545 530 2.
580 490 655 533 und
692 490 929 541 ſolchergeſtalt
966 495 1034 536 den

301 536 431 580 Grund
471 544 507 584 zu
542 537 671 586 unſerer
709 539 825 590 ſeligen
864 539 1031 586 Vereini—

297 596 392 636 gung
407 589 470 630 mit
493 582 576 637 GOtt
601 591 765 633 wiederum
795 600 833 641 zu
843 593 954 641 legen:
967 594 1032 637 Al⸗

297 640 330 683 ſo
349 641 483 687 erhellet
503 643 646 688 daraus,
689 642 757 693 daß
791 654 825 686 er
842 644 945 690 durch
977 646 1031 686 die

295 690 598 740 Menſchwerdung
608 692 666 739 ſich
675 694 762 742 nicht
782 702 835 735 nur
844 693 1033 743 uͤberhaupt

296 739 360 779 mit
375 741 506 787 unſerer
522 743 647 785 Natur
666 740 867 791 vermaͤhlet,
889 744 1032 791 ſondern

302 791 414 838 daß
378 786 420 832 es
432 793 540 831 damit
570 793 671 837 ſeiner
692 794 771 840 feits
795 795 880 835 alles
903 794 1035 847 darauf

295 839 477 886 angeſehen
504 841 581 887 ſey,
602 842 662 889 daß
683 851 719 882 er
749 842 814 884 mit
835 848 904 885 uns
925 842 1032 894 felbſt,

291 887 356 928 wie
377 888 429 928 ein
457 883 677 935 Braͤutigam,
717 890 786 930 und
802 891 864 933 wir
879 889 941 932 mit
950 888 1033 939 ihm,

291 937 355 977 wie
389 939 460 978 eine
497 941 623 982 Braut
658 939 850 981 verbunden
883 940 1030 990 werden,

293 989 362 1029 und
389 989 455 1037 alſo
476 991 562 1032 alles
585 989 693 1039 ſeines
722 991 844 1037 Gutes
868 990 1030 1041 genieſſen

288 1031 452 1083 moͤchten.

342 1088 427 1139 Bey
437 1087 469 1135 ſo
477 1087 635 1138 geſtalten
652 1089 799 1139 Sachen
813 1091 869 1143 laß
877 1090 924 1138 ich
932 1091 1028 1134 einen

293 1135 386 1179 ieden
398 1141 495 1180 unter
510 1138 587 1188 euch
605 1138 770 1190 urtheilen,
802 1140 848 1182 ob
861 1139 948 1189 nicht
956 1143 1029 1184 eine

293 1188 394 1235 ſolche
405 1191 537 1239 Perſon
553 1195 621 1231 uns
636 1193 711 1240 lieb,
730 1191 766 1239 ja
784 1192 842 1234 der
867 1194 1027 1237 allerlieb⸗

292 1242 336 1286 ſte
353 1244 427 1288 ſeyn
452 1243 553 1288 ſolte!
607 1240 652 1291 Ja
661 1245 804 1292 gewiß!:
833 1246 1028 1296 Johannes

292 1290 381 1337 giebt
403 1291 471 1333 eine
480 1293 588 1340 billige
608 1295 676 1334 und
691 1289 826 1344 noͤthige
851 1294 1026 1346 Aufmun⸗

293 1347 434 1390 terung,
445 1352 543 1386 wenn
553 1353 611 1386 eri
639 1347 702 1396 Ep.
720 1348 780 1394 IV,
805 1360 861 1394 19.
886 1347 1026 1399 ſpricht:

291 1389 425 1443 Laſſet
432 1401 509 1433 uns
526 1392 593 1445 ihn
605 1391 752 1441 lieben,
783 1394 883 1435 denn
894 1407 937 1434 er
950 1396 1026 1444 hat

292 1451 368 1483 uns
385 1436 461 1488 erſt
477 1443 653 1491 geliebet.
705 1443 758 1487 Er
779 1445 839 1496 hat
847 1445 910 1489 mit
918 1445 1021 1496 ſeiner

288 1497 453 1541 Liebe
408 1492 470 1542 den
477 1497 618 1551 Anfang
630 1499 796 1551 gemacht.

946 1559 1023 1602 Ge⸗
