1727 2541
1097 266 1204 328 289

171 373 302 419 opfern,
325 383 381 408 um
404 373 459 408 die
474 370 751 419 Mannsperſonen
778 381 844 405 von
868 368 1095 418 gefæhrlichen
1113 371 1198 405 Aus-

170 422 412 468 ſchweifungen
425 421 725 459 zurückzuziehen:
751 421 821 457 daſs
839 421 882 456 ſie
896 422 928 456 in
937 418 1094 458 trunkner
1100 422 1200 456 Wol-

167 475 232 515 luſt
247 475 317 513 ſehr
330 474 510 520 geſchwind
526 474 633 515 leben,
649 475 715 511 daſs
728 473 770 510 ſie
785 474 873 509 wohl
890 473 1004 513 wiſſen,
1019 473 1077 507 wie
1093 471 1196 512 flüch-

171 526 220 572 tig
235 526 320 564 dieſe
335 527 475 564 Wolluſt
490 525 557 570 ſey.
608 527 732 562 Sollten
746 525 831 562 wohl
845 524 938 559 unſre
952 522 1049 559 Alten
1066 522 1152 559 noch
1163 521 1198 557 ſo

171 575 244 611 hart
261 576 345 618 ſeyn,
368 575 461 610 unſre
475 576 585 616 Alten,
606 579 706 611 deren
722 578 811 609 Herz
827 577 943 609 immer
955 570 1038 607 auch
1060 571 1198 607 zærtlich

174 641 252 672 war,
276 629 390 666 ſollten
408 629 451 665 ſie
472 629 506 666 ſo
526 629 598 666 hart
617 630 712 673 ſeyn,
735 628 803 664 und
824 630 876 665 die
895 619 1199 668 freundſchaftliche

174 684 317 726 Wolluſt
329 684 429 719 dieſer
445 681 574 719 kleinen
589 680 829 727 dienſtfertigen
845 679 1041 728 Geſchœpfe
1056 681 1115 714 mit
1122 680 1200 714 dem

172 731 424 777 beleidigenden
441 732 568 767 Namen
590 732 683 765 einer
701 729 979 765 verführeriſchen
1002 727 1198 764 Ausſchwei-

171 787 254 830 fung
270 785 430 834 belegen?

245 834 327 870 Hier
341 834 425 871 habe
438 834 492 870 ich
504 834 582 877 drey
596 832 724 871 Proben
739 830 899 875 gegeben,
914 828 1048 871 welche,
1070 833 1129 866 wie
1145 830 1200 866 ich

171 879 277 924 hoſſe,
295 883 349 919 die
362 881 536 917 Wahrheit
546 881 670 914 meines
683 879 792 913 Satzes
806 878 951 912 deutlich
963 886 1077 921 genug
1086 883 1200 911 unter-

173 934 297 971 ſtützen
312 935 454 970 werden.

247 983 319 1017 Der
333 982 434 1016 kurze
461 981 543 1025 Raum
564 980 660 1017 einer
680 973 791 1024 halben
806 979 943 1018 Stunde,
968 977 1033 1013 den
1055 979 1118 1012 mir
1143 979 1198 1013 die

173 1033 310 1068 Geſetze
322 1034 381 1070 der
395 1023 571 1067 Academie
590 1027 771 1071 verſtatten,
785 1028 910 1064 erlaubt
925 1029 986 1066 mir
1001 1027 1099 1069 nicht,
1107 1028 1199 1064 weit-

174 1086 332 1131 læuftiger
347 1096 388 1119 zu
402 1084 493 1127 ſeyn:
518 1082 575 1119 ich
588 1084 702 1119 würde
718 1094 752 1119 es
773 1082 952 1119 auſserdem
973 1082 1033 1118 mit
1047 1083 1198 1127 Vergnü-

163 1144 251 1179 gen,
265 1135 332 1174 und
349 1134 462 1180 gewiſs
475 1134 566 1170 nicht
579 1135 670 1170 ohne
678 1135 818 1168 Nutzen
830 1131 915 1176 ſeyn,
925 1143 1020 1167 wenn
1033 1132 1087 1167 ich
1095 1131 1200 1168 durch

174 1188 263 1224 noch
276 1187 426 1224 mehrere
440 1186 600 1233 Beyſpiele
614 1186 732 1231 zeigte,
758 1186 825 1220 daſs
835 1188 890 1222 die
905 1185 1123 1230 Handlungen
1139 1186 1199 1219 der

172 1236 363 1277 Menſchen,
389 1237 513 1272 welche
531 1236 642 1272 unſrer
662 1235 857 1272 mürriſchen
873 1234 1132 1281 Ernſthaftigkeit
1147 1235 1199 1269 oft

173 1289 209 1325 ſo
233 1286 429 1336 verdæchtig
451 1285 531 1326 ſind,
555 1287 670 1323 immer
687 1283 775 1322 noch
789 1285 862 1322 eine
873 1295 954 1332 gute
971 1282 1060 1322 Seite
1079 1284 1199 1325 haben,

175 1345 247 1378 von
266 1340 407 1378 welcher
430 1349 503 1374 man
527 1336 570 1374 ſie
596 1338 655 1377 der
674 1336 767 1375 Welt
787 1336 902 1383 zeigen
923 1335 1026 1378 kann,
1053 1334 1202 1371 woferne

175 1406 252 1432 man
266 1395 359 1444 billig
374 1394 449 1440 ſeyn
464 1393 552 1432 will.
613 1393 679 1432 Für
696 1393 763 1429 itzo
782 1402 857 1438 mag
871 1390 971 1427 dieſes
990 1401 1100 1436 genug
1114 1387 1200 1433 ſeyn,

176 1446 274 1493 mein
298 1446 455 1481 Vorhaben
484 1455 526 1480 zu
541 1442 784 1487 rechtfertigen,
807 1444 847 1479 da
869 1443 924 1479 ich
947 1443 1103 1479 beweiſen
1117 1443 1200 1477 will:

169 1497 244 1544 daſs
262 1497 309 1534 die
322 1497 484 1545 Begierde,
512 1497 621 1534 Uebels
642 1507 707 1532 von
721 1495 833 1531 andern
847 1505 889 1530 zu
904 1493 1003 1536 reden,
1025 1495 1123 1531 weder
1143 1503 1202 1527 aus

176 1546 358 1587 Hochmuth,
376 1545 449 1580 noch
466 1557 522 1581 aus
535 1544 664 1582 Bosheit
678 1547 729 1581 des
742 1544 898 1584 Herzens,
902 1540 1037 1587 ſondern
1050 1554 1106 1579 aus
1120 1544 1201 1578 einer

170 1598 300 1633 wahren
326 1593 556 1643 Menſchenliebe
586 1593 743 1640 herrühre.
819 1593 933 1629 Dieſes
959 1603 1001 1628 zu
1027 1591 1202 1632 beweiſen,

176 1650 250 1681 und
270 1658 335 1682 von
354 1648 462 1687 jenem
480 1646 544 1680 den
570 1644 739 1690 Urſprung
757 1651 798 1675 zu
822 1642 955 1687 zeigen,
984 1640 1126 1678 brauche
1147 1641 1203 1678 ich

176 1702 287 1732 weiter
303 1700 418 1737 nichts,
439 1695 483 1732 als
503 1694 568 1737 Sie,
591 1693 699 1738 meine
720 1695 860 1733 Herren,
888 1705 955 1729 von
974 1692 1050 1729 dem
1070 1690 1204 1739 groſsen

175 1750 327 1791 Einfluſſe
341 1762 383 1787 zu
400 1748 615 1791 überführen,
639 1748 704 1785 den
728 1746 814 1785 dieſe
830 1746 997 1794 Begierde,
1021 1747 1147 1783 Uebels
1161 1756 1206 1789 zu

173 1803 295 1841 reden,
321 1800 354 1834 in
377 1801 432 1837 das
449 1799 538 1836 Beſte
559 1799 617 1835 des
634 1798 804 1845 gemeinen
819 1795 972 1838 Weſens,
1001 1796 1070 1833 und
1093 1796 1126 1832 in
1149 1796 1204 1832 die

176 1851 433 1902 Glückſeligkeit
459 1852 547 1889 eines
577 1853 684 1889 ieden
701 1850 869 1888 einzelnen
895 1850 1099 1896 Mitbürgers
1131 1849 1207 1886 hat!

176 1905 239 1942 Ein
257 1906 394 1944 Beweis,
420 1900 565 1939 welchen
589 1908 662 1939 man
685 1900 752 1939 ſich
772 1911 840 1935 von
868 1896 1076 1944 demjenigen
1097 1898 1204 1944 gewiſs

175 1958 237 1992 mit
250 1954 381 2002 Erfolge
406 1948 617 2003 verſprechen
637 1949 722 2002 kann,
736 1951 797 1988 der
812 1951 911 1988 Muth
927 1952 993 1988 und
1009 1949 1205 1989 Menſchen-

173 2007 264 2046 liebe
279 2016 389 2054 genug
402 2003 467 2046 hat,
490 2003 554 2041 den
568 2005 726 2051 Geizigen
742 2013 815 2039 zum
835 2005 1004 2046 Patrioten,
1022 2002 1085 2039 den
1102 2012 1206 2046 unge-

175 2058 313 2090 rechten
323 2058 455 2091 Richter
465 2060 539 2087 zum
549 2052 739 2089 nützlichen
755 2050 926 2099 Mitgliede
940 2052 996 2087 des
1011 2049 1121 2089 Staats,
1137 2048 1206 2084 und

176 2108 440 2148 Frauenzimmer
469 2117 537 2144 von
569 2106 675 2144 einem
713 2104 933 2155 ſchlüpfrigen
960 2104 1129 2144 Character
1166 2113 1207 2144 zu

177 2161 409 2202 Prieſterinnen
426 2162 484 2200 der
495 2161 599 2198 Natur
610 2168 652 2197 zu
665 2157 815 2197 machen.

223 2213 598 2259 Rab.Sat.IV.Th.

766 2212 810 2256 T

1149 2212 1209 2249 Ich
