1821 2544
1079 227 1156 281 29

184 343 303 494 B

312 367 345 403 ey
357 351 534 402 Feſtſezung
555 353 611 388 des
628 344 850 396 Hauptſatzes:
875 344 936 390 daß
953 338 1155 385 ordentlicher

308 408 444 453 Weiſe
463 405 510 442 die
526 398 772 448 Kriegsſchaͤden
782 387 870 435 uͤber
886 399 942 433 den
958 391 1156 439 Verpachter

335 454 451 504 gehen,
490 450 590 498 haben
606 449 665 487 wir
687 447 716 493 ſo
738 446 832 494 gleich
852 441 1003 482 bemerket
1019 451 1053 486 ᵃ,
1093 440 1156 487 daß

184 506 292 557 ſolcher
311 501 550 553 unterſchiedene
571 499 696 548 Abfaͤlle
719 487 807 536 leide.
881 493 956 533 Der
974 492 1059 541 erſte
1076 491 1156 529 hier⸗

184 569 247 600 von
270 560 308 606 iſt
330 556 441 604 dieſer,
473 563 563 592 wenn
585 555 638 589 der
660 549 797 597 Pachter
819 547 865 584 die
880 543 1072 592 ungefaͤhren
1080 531 1155 588 Zu⸗

185 612 263 662 faͤlle
272 608 477 658 ausdruͤcklich
491 604 565 652 uͤber
565 602 630 651 ſich
640 609 834 649 genommen
843 598 909 648 hat.
962 584 1042 635 Wir
1057 595 1157 644 haben

188 650 265 699 oben
278 658 297 688 ᵇ
310 656 448 705 geſehen,
473 653 535 701 daß
550 659 586 690 es
601 643 811 698 durchgaͤngig
826 645 902 691 nach
911 648 980 682 dem
990 650 1080 680 unter
1090 643 1159 686 bey⸗

187 717 245 751 den
256 708 489 759 Contrahenten
506 704 681 753 errichteten
694 701 951 749 Pachtcontracte
964 688 1062 745 gehen
1079 695 1163 741 muͤſ⸗

189 768 236 817 ſe,
269 771 333 805 und
354 774 389 804 es
411 765 447 810 iſt
470 763 564 811 daher
588 757 760 804 natuͤrlich,
793 757 868 802 auch
889 752 1070 801 Rechtens,
1096 751 1162 797 daß

188 825 245 859 der
258 816 392 865 Pachter
418 818 472 852 der
486 812 603 852 einmal
616 811 671 858 ſich
693 808 777 858 ſelbſt
791 804 971 854 gemachten
984 801 1166 850 Vorſchrift

191 865 273 912 nicht
287 856 420 913 zuwider
436 861 570 910 handeln
595 858 683 905 duͤrfe
699 859 743 906 ᶜ.
796 855 880 896 Wer
903 853 984 898 ſollte
998 851 1061 897 alſo
1084 850 1167 888 wohl

193 924 293 959 daran
308 918 444 965 zweifeln
470 914 606 958 koͤnnen,
632 912 695 957 daß
713 911 761 947 ein
789 908 897 954 ſolcher
924 904 1070 951 Vertrag
1084 891 1166 949 gelte

194 974 266 1010 oder
279 968 414 1018 beſtehe,
450 965 524 1009 nach
548 961 689 1007 welchem
711 962 765 998 der
787 956 962 1004 Abpachter
982 955 1037 1001 ſich
1060 954 1166 991 anhei⸗

197 1021 275 1068 ſchig
300 1019 434 1063 machet,
460 1017 507 1058 die
525 1014 602 1064 ſonſt
622 1016 691 1052 dem
703 1008 899 1057 Verpachter
914 1003 1091 1052 obliegende
1105 995 1169 1051 Laſt

197 1075 250 1111 der
274 1066 522 1117 Kriegsſchaͤden
548 1063 622 1103 uͤber
642 1062 696 1111 ſich
717 1059 814 1106 gehen
834 1069 870 1106 zu
894 1055 1003 1104 laſſen,
1024 1057 1088 1092 und
1111 1057 1170 1091 den

199 1117 364 1169 jaͤhrlichen
379 1115 463 1163 Zins
480 1112 581 1159 nichts
597 1113 676 1158 deſto
690 1097 827 1155 weniger
841 1116 877 1154 zu
891 1103 1053 1153 bezahlen,
1076 1105 1173 1149 geſezt

202 1171 290 1218 auch,
317 1172 378 1217 daß
395 1180 426 1206 er
435 1167 526 1210 durch
541 1168 599 1204 den
606 1162 707 1209 Krieg
716 1172 757 1198 an
774 1164 845 1199 dem
862 1156 1048 1205 Gebrauche
1058 1158 1114 1192 des
1129 1166 1174 1192 er⸗

202 1221 358 1271 pachteten
372 1218 549 1267 verhindert
560 1217 664 1256 wuͤrde
672 1214 715 1251 ᵈ?
740 1210 901 1259 immaſſen
911 1207 991 1256 auch,
996 1206 1031 1259 in
1041 1207 1176 1254 Rechts⸗

202 1271 338 1319 collegiis
347 1269 409 1315 alſo
415 1265 594 1314 geſprochen
601 1266 688 1308 wird
702 1272 730 1302 ᵉ.
742 1256 814 1304 Die
828 1259 931 1299 damit
945 1262 1017 1297 dem
1032 1257 1176 1301 Scheine

205 1329 280 1372 nach
294 1325 473 1370 verknuͤpfte
487 1320 689 1368 Unbilligkeit
707 1317 782 1357 aber
796 1315 864 1364 faͤllt
881 1315 909 1360 ſo
930 1312 1025 1361 gleich
1040 1312 1178 1361 hinweg,

204 1372 296 1414 wenn
311 1383 387 1411 man
402 1363 562 1416 bedenket,
586 1366 650 1414 daß
671 1365 784 1413 ſodann
801 1365 856 1402 der
870 1359 1046 1407 Abpachter
1064 1365 1181 1402 gemei⸗

1175 346 1216 395 1

1186 595 1216 641 2

1192 856 1219 910 3

1208 1272 1246 1313 4

1066 1422 1180 1468 niglich

209 1525 243 1560 a)
255 1530 313 1560 cap.
320 1520 358 1555 1.
360 1517 407 1560 §.
407 1517 471 1560 52.
471 1515 539 1560 ſeq.

209 1560 245 1604 b)
255 1560 338 1598 ibid.
360 1560 389 1604 §.
389 1560 454 1602 21.
454 1560 540 1602 ſeq.

214 1614 244 1650 c)
264 1611 284 1642 l.
299 1621 341 1649 23.
360 1612 394 1641 D.
406 1610 440 1640 de
455 1611 490 1641 R.
504 1611 534 1643 J.

214 1649 245 1687 d)
267 1646 290 1678 l.
308 1657 338 1683 9.
359 1643 400 1684 §.
413 1654 441 1676 2.
465 1644 501 1679 D.
521 1643 576 1675 loc.
594 1639 678 1673 cond.

256 1694 277 1725 l.
293 1703 330 1731 13.
344 1690 372 1734 §.
382 1700 405 1730 5.
421 1690 439 1721 l.
457 1699 482 1726 8.
499 1691 532 1721 C.
547 1679 644 1725 eod.l.
649 1681 681 1725 7.

255 1725 284 1766 §.
299 1735 345 1762 14.
360 1728 396 1752 D.
410 1733 446 1759 de
454 1724 528 1762 paƈt.
546 1730 631 1754 MEV.
643 1726 681 1752 de

258 1777 382 1817 penſion.
398 1786 421 1806 c.
434 1783 457 1803 1.
472 1771 500 1813 §.
511 1780 556 1809 50.
568 1770 678 1811 96.97.

260 1820 407 1849 STRYCK.
433 1811 469 1846 de
492 1816 566 1841 caut.
586 1813 680 1840 contr.

255 1857 322 1890 ſeƈt.
337 1866 362 1886 2.
378 1864 402 1885 c.
419 1864 448 1891 9.
464 1851 489 1894 §.
506 1856 543 1883 26.
553 1855 681 1883 OLDEN-

261 1906 358 1933 DORP.
365 1906 514 1940 progymn.
530 1895 584 1927 aƈt.
600 1893 636 1924 cl.
651 1898 684 1932 4.

262 1951 291 1982 p.
308 1948 375 1984 576.
397 1948 550 1978 TREVTL.
571 1941 642 1974 Vol.
655 1942 681 1973 I.

263 1983 343 2022 Diſp.
368 1992 414 2021 29.
436 1980 479 2012 th.
502 1982 530 2010 6.
552 1984 684 2010 MENCK.

263 2027 324 2059 diſſ.
350 2023 432 2065 ſupra
451 2024 498 2055 cit.
519 2019 547 2061 §.
568 2030 600 2056 4.
614 2025 643 2048 et
658 2026 684 2053 5.

264 2072 367 2099 MOZZ.
385 2065 420 2095 de
435 2061 519 2093 locat.
541 2059 596 2091 col.
606 2066 638 2100 4.
650 2057 685 2088 de

756 1513 843 1547 accid.
864 1511 917 1544 loc.
943 1519 993 1541 no.
1013 1515 1057 1547 38.
1084 1515 1112 1537 et
1135 1517 1182 1544 50.

759 1569 879 1594 CARPZ.
910 1563 939 1592 P.
961 1561 998 1593 II.
1025 1557 1110 1590 conſt.
1132 1564 1179 1595 37.

759 1600 818 1634 def.
829 1611 870 1639 17.
887 1603 1012 1632 STRVV.
1035 1595 1108 1633 ſynt.
1124 1602 1184 1627 iur.

759 1649 809 1681 Ex.
834 1646 937 1680 XXIV.
960 1642 1002 1673 th.
1022 1650 1070 1677 14.
1089 1647 1118 1668 et
1134 1647 1182 1678 17.

757 1684 858 1724 ibique
896 1685 1017 1714 MÜLL.
1056 1685 1182 1713 VINN.

758 1729 864 1767 qvaeſt.
871 1728 904 1757 L.
916 1727 955 1757 II.
965 1735 988 1754 c.
997 1732 1022 1769 1.
1035 1729 1132 1757 GAIL.
1148 1723 1186 1752 L.

753 1765 795 1800 II.
798 1761 864 1806 obſ.
865 1774 909 1801 23.
919 1773 966 1793 no.
976 1771 1019 1800 17.
1031 1768 1138 1795 VOET.
1148 1764 1186 1791 ad

761 1815 829 1853 Dig.
850 1815 885 1845 L.
903 1813 980 1844 XIX.
1003 1817 1023 1842 t.
1044 1817 1074 1840 2.
1092 1806 1119 1847 §.
1137 1814 1186 1842 24.

764 1854 974 1886 BOEHMER
992 1847 1110 1884 conſult.
1126 1848 1184 1881 for.

764 1902 826 1932 To.
843 1901 896 1931 III.
920 1901 949 1933 P.
965 1896 1004 1928 II.
1028 1892 1102 1935 reſp.
1122 1900 1185 1929 322.

764 1944 813 1966 no.
830 1939 858 1968 6.

724 2027 755 2061 e)
777 2029 861 2056 MEV.
883 2020 912 2054 d.
937 2018 959 2052 l.
983 2012 1010 2058 §.
1025 2024 1071 2054 50.
1085 2011 1190 2057 58.:98.

767 2068 796 2092 et
814 2069 873 2098 130.
888 2057 948 2101 ſeq.
