1765 2479
316 639 504 683 Allgemeine
516 640 677 680 Reſultate
696 642 818 679 werden
838 641 961 682 freylich
976 642 1063 681 uͤber⸗

215 696 278 738 all,
309 700 372 738 alſo
399 701 473 738 auch
501 702 532 735 in
554 699 733 743 Beziehung
753 701 808 741 auf
824 702 921 742 dieſen
940 703 1065 745 Gegen⸗

215 759 314 803 ſtand,
339 760 429 798 durch
446 761 579 803 einzelne
595 762 798 804 Ausnahmen
817 772 876 797 von
894 765 944 796 der
962 764 1066 806 Regel

214 818 402 860 beſchraͤnkt.
434 823 488 858 Mit
494 818 687 863 Vergnuͤgen
699 821 866 864 erwaͤhnen
878 824 935 857 wir
946 824 1001 866 der
1001 824 1064 867 Jn⸗

213 877 359 920 ſtruction
380 873 429 912 der
433 873 665 918 Schwediſchen
676 879 908 922 Reichsſtaͤnde,
920 880 1065 924 (1756,)

212 939 266 983 fuͤr
289 942 336 974 die
362 940 538 983 Erziehung
566 941 742 984 Guſtavs
767 945 836 978 des
864 945 1063 983 Dritten,

210 1001 245 1037 in
263 1000 357 1037 dieſer
372 999 521 1044 Hinſicht.
570 1000 647 1051 Hier
666 1002 760 1044 findet
777 1011 850 1037 man
862 1004 949 1038 einen
970 1003 1063 1045 feſten

211 1061 468 1106 Geſichtspunct,
526 1060 593 1097 eine
619 1061 819 1108 conſequente
852 1066 914 1099 und
947 1065 1064 1108 ſtrenge

211 1125 417 1170 Hinweiſung
434 1125 489 1165 auf
511 1126 577 1163 eine
593 1125 730 1173 kuͤnftige
740 1129 1066 1174 Regenten ⸗ Beſtim⸗

208 1193 320 1228 mung,
348 1187 398 1220 ein
410 1187 612 1223 Anerkennen
632 1179 767 1232 gewiſſer
778 1190 929 1235 Pflichten
939 1188 991 1230 fuͤr
1001 1193 1063 1228 die⸗

210 1248 289 1290 ſelbe
307 1251 370 1286 und
388 1251 452 1285 der
463 1250 739 1299 Nothwendigkeit
758 1251 842 1287 einer
859 1249 1065 1294 ſorgfaͤltigen

210 1308 459 1350 Vorbereitung,
480 1310 543 1341 und
555 1310 604 1342 ein
615 1306 712 1356 ſtetes
729 1308 931 1357 gleichfoͤrmig
951 1314 1066 1352 gerich⸗

208 1371 289 1405 tetes
305 1368 491 1411 Hinſtreben
509 1369 566 1408 auf
582 1373 630 1404 die
648 1371 816 1413 Erfuͤllung
836 1373 1000 1410 derſelben.

309 1431 401 1469 Dieſe
418 1430 617 1476 Jnſtruction
644 1431 677 1474 iſt
702 1441 750 1467 ein
768 1440 802 1473 zu
818 1430 1063 1476 merkwuͤrdiges

209 1488 440 1530 Acten ⸗ Stuͤck
465 1494 517 1536 fuͤr
536 1494 584 1532 die
601 1493 773 1533 Geſchichte
799 1497 850 1531 der
876 1496 1066 1543 Regenten ⸗

211 1556 387 1602 Erziehung
404 1557 501 1596 dieſes
510 1558 765 1605 Jahrhunderts,
782 1562 832 1595 als
849 1562 907 1602 daß
924 1561 981 1597 wir
1000 1567 1063 1597 uns

208 1616 290 1658 nicht
307 1619 442 1659 verſucht
458 1621 560 1660 finden
580 1619 704 1661 ſollten,
731 1620 830 1662 einige
847 1621 1063 1665 characteriſti⸗

209 1679 271 1722 ſche
289 1680 515 1725 Aeußerungen
536 1682 695 1721 derſelben
706 1682 773 1723 hier
788 1682 1012 1725 mitzutheilen.

307 1745 415 1785 „Wer
440 1743 591 1782 beſtimmt
614 1743 670 1785 iſt,
703 1753 739 1785 zu
762 1744 952 1786 regieren,“
979 1747 1065 1788 heißt

209 1803 244 1834 es
257 1805 348 1846 unter
367 1803 495 1846 anderm
521 1803 552 1837 in
578 1804 753 1845 derſelben,
779 1803 882 1846 „muß
902 1812 957 1838 vor
980 1806 1062 1841 allen

206 1860 337 1903 Dingen
366 1860 570 1900 aufmerkſam
595 1862 711 1899 darauf
730 1864 885 1906 gemacht,
921 1866 983 1897 und
1009 1868 1063 1899 da⸗

206 1918 262 1962 hin
293 1919 494 1961 unterwieſen
523 1923 667 1960 werden,
708 1922 767 1962 daß
805 1933 837 1957 er
868 1924 933 1958 kein
965 1924 1064 1966 Recht

206 1980 300 2024 habe,
345 1983 393 2017 die
414 1980 533 2024 Rechte
553 1983 607 2018 der
633 1983 846 2025 Unterthanen
870 1993 906 2025 zu
927 1982 1062 2024 kraͤnken

201 2042 270 2076 und
292 2051 328 2085 zu
357 2042 514 2088 verletzen.
579 2044 626 2081 Er
657 2045 730 2085 muß
760 2044 963 2086 aufmerkſam
991 2049 1063 2085 dar⸗

205 2104 262 2153 auf
282 2108 420 2152 gemacht
452 2106 596 2151 werden,
629 2106 689 2151 daß
708 2106 852 2153 Koͤnige,
878 2115 940 2144 von
964 2110 1064 2157 ihrem
