1754 2546
532 465 671 505 General
691 466 788 508 hoͤrte,
812 468 873 508 daß
896 468 938 509 ich
963 470 1025 503 aus
1048 470 1206 512 Wiltſhire
1225 468 1364 512 gebuͤrtig
1388 468 1483 510 waͤre,

532 515 650 548 nannte
672 521 703 546 er
726 513 801 554 mich
823 515 1043 548 Landsmann,
1070 518 1133 548 und
1153 517 1255 556 ſagte,
1290 525 1321 549 er
1344 518 1484 557 ſtammte

534 564 598 597 aus
620 563 741 605 Totneß
761 566 793 597 in
814 564 1022 605 Devonſhire,
1053 565 1134 606 nicht
1154 568 1228 601 weit
1249 570 1363 600 davon.
1408 571 1483 605 Ga⸗

534 615 598 650 tes
633 614 667 653 iſt
703 618 778 654 ganz
808 616 861 647 der
893 615 954 649 alte
980 616 1091 657 Oheim
1119 618 1231 660 Toby
1261 618 1304 651 im
1333 618 1483 659 Triſtram

534 663 697 705 Shandy;
721 664 818 704 alles,
844 667 915 700 was
943 675 974 701 er
997 665 1122 709 ſpricht,
1154 665 1290 709 ſchmeckt
1320 668 1393 711 nach
1415 672 1484 702 dem

537 713 709 754 Soldaten,
732 712 769 749 ob
791 722 822 747 er
843 713 933 758 gleich
954 716 1017 752 kein
1037 715 1131 753 Wort
1149 724 1212 752 von
1229 717 1399 759 Saratoga
1421 719 1485 753 und

535 766 646 807 ſeinem
670 766 790 809 eigenen
813 767 936 811 tapfern
959 770 1119 810 Betragen
1150 766 1301 813 erwaͤhnt.
1345 771 1403 807 Als
1425 773 1484 807 wir

535 821 608 851 vom
631 819 733 862 Preiſe
755 822 808 853 der
831 818 985 861 liegenden
1009 819 1140 857 Gruͤnde
1163 820 1314 865 ſprachen,
1337 820 1485 858 bemerkte

534 876 578 908 er,
600 869 661 909 daß
682 877 743 904 von
765 871 860 903 einem
881 871 997 911 großen
1019 871 1136 909 Stuͤcke
1155 875 1237 909 Land
1256 877 1309 905 der
1331 874 1485 913 Engliſche

533 917 686 956 Morgen
703 916 802 956 (acre)
842 925 902 949 nur
932 920 1005 959 noch
1029 925 1086 954 vor
1108 920 1183 962 fuͤnf
1208 920 1335 963 Jahren
1364 930 1399 960 zu
1419 923 1484 955 drei

533 965 643 1006 Pence,
668 968 741 998 oder
765 969 845 998 etwa
868 969 938 1007 zwei
967 965 1117 1013 Groſchen
1136 963 1283 1014 Saͤchſiſch,
1308 967 1482 1010 augekauft,

535 1016 606 1047 und
621 1014 762 1055 unlaͤngſt
784 1024 820 1055 zu
842 1019 907 1050 vier
928 1018 1139 1058 Schillingen,
1171 1022 1242 1051 oder
1261 1024 1342 1051 etwa
1366 1021 1482 1060 dreißig

535 1062 699 1101 Groſchen,
722 1063 834 1096 wieder
850 1063 990 1104 verkauft
1004 1065 1131 1098 worden
1153 1063 1250 1101 waͤre.
1294 1065 1364 1101 Der
1380 1065 1481 1108 Kanz⸗

533 1109 582 1145 ler
599 1101 832 1151 Livingſton,
855 1114 908 1145 der
926 1114 989 1146 uns
1007 1111 1095 1153 heute
1112 1111 1167 1155 im
1167 1111 1319 1156 Gaſthofe
1338 1113 1481 1156 beſuchte,

533 1162 711 1204 verſicherte
731 1165 804 1202 uns,
828 1164 889 1204 daß
911 1168 964 1200 der
986 1166 1094 1208 Werth
1118 1168 1176 1201 des
1195 1166 1314 1203 Landes
1334 1166 1397 1208 jetzt
1420 1168 1481 1202 bei⸗

533 1209 614 1251 nahe
633 1210 707 1251 noch
722 1212 837 1244 einmal
858 1215 889 1250 ſo
902 1214 973 1253 hoch
989 1211 1085 1252 waͤre,
1110 1216 1162 1248 als
1175 1223 1233 1249 vor
1256 1217 1352 1248 einem
1364 1216 1481 1257 Jahre.

533 1262 621 1300 Man
641 1264 695 1299 bot
724 1263 786 1305 ihm
816 1269 872 1296 vor
900 1265 1081 1305 anderthalb
1106 1267 1234 1307 Jahren
1264 1268 1394 1307 hundert
1417 1270 1479 1302 und

534 1304 668 1353 zwanzig
692 1314 818 1354 tauſend
841 1312 988 1354 Morgen,
1013 1313 1099 1355 jeden
1123 1322 1157 1356 zu
1181 1318 1252 1356 zwei
1276 1318 1478 1356 Schillingen,

535 1355 611 1392 oder
631 1365 712 1392 etwa
737 1368 775 1399 15
792 1360 954 1399 Groſchen,
980 1368 1034 1394 an.
1076 1363 1122 1398 Er
1145 1363 1242 1405 ſchlug
1266 1362 1305 1401 ſie
1325 1365 1405 1399 aus;
1425 1368 1478 1399 als

533 1416 567 1440 er
591 1408 663 1442 aber
692 1411 724 1443 in
755 1413 807 1443 der
833 1406 1091 1453 naͤchſtfolgenden
1119 1414 1232 1454 Woche
1250 1414 1323 1446 den
1358 1413 1483 1456 Ankauf

530 1461 568 1497 zu
591 1455 715 1499 machen
734 1457 881 1501 geſonnen
904 1465 989 1500 war,
1013 1458 1100 1502 hoͤrte
1116 1468 1169 1503 er,
1201 1463 1240 1504 ſie
1262 1460 1367 1495 waͤren
1393 1463 1480 1504 ſchon

531 1512 689 1557 verkauft,
712 1516 774 1551 und
796 1521 878 1558 zwar
900 1518 953 1552 der
975 1517 1111 1558 Morgen
1135 1524 1169 1559 zu
1190 1517 1260 1560 zwei
1285 1517 1479 1560 Schillingen

598 1589 627 1618 in
647 1591 716 1622 jeder
736 1586 838 1626 Huͤtte,
862 1590 915 1622 und
935 1592 971 1627 ich
990 1591 1084 1627 konnte
1102 1592 1221 1629 nehmen,
1239 1596 1296 1624 was
1314 1591 1350 1627 ich
1375 1586 1474 1626 wollte.

597 1631 654 1659 Die
675 1629 806 1663 Jndianer
825 1630 904 1665 dieſer
924 1630 1031 1665 Gegend
1050 1629 1220 1667 beſchaͤftigen
1240 1631 1288 1666 ſich
1313 1630 1394 1663 einzig
1423 1633 1475 1665 mit

599 1665 645 1693 der
661 1662 754 1696 Jagd;
776 1663 838 1694 aber
857 1665 933 1696 dabei
955 1663 1077 1696 ermuͤden
1097 1666 1130 1699 ſie
1146 1667 1192 1700 ſich
1214 1666 1238 1698 ſo
1258 1666 1323 1699 ſehr,
1342 1661 1393 1697 und
1408 1668 1475 1703 hun⸗

598 1702 662 1729 gern
683 1699 723 1732 oft
740 1697 767 1727 ſo
786 1697 880 1730 lange,
909 1699 958 1731 daß
978 1705 1012 1728 ſie
1030 1699 1077 1733 ſich
1101 1701 1209 1733 nachher
1230 1700 1396 1736 unglaublich
1422 1702 1474 1733 mit

597 1731 713 1761 Speiſen
736 1729 877 1761 uͤberladen
898 1734 952 1761 und
978 1727 1051 1762 ihrer
1071 1734 1235 1767 Geſundheit
1260 1734 1373 1764 ſchaden.
1416 1737 1474 1766 Sie

596 1764 707 1795 bringen
724 1765 807 1796 daher
831 1766 874 1798 ihr
894 1768 972 1795 Alter
998 1766 1075 1798 ſelten
1097 1767 1160 1798 uͤber
1187 1775 1219 1800 50
1236 1767 1332 1797 Jahre.
1369 1770 1472 1800 Waſſer

568 1798 651 1829 und
672 1798 759 1831 Milch
782 1798 836 1831 ſind
858 1799 916 1830 ihre
938 1797 1079 1830 Getraͤnke.
1135 1798 1313 1834 Branntwein
1334 1801 1417 1830 lieben
1438 1803 1472 1830 ſie

598 1829 641 1856 bis
661 1836 718 1861 zum
734 1828 896 1864 Uebermaß,
923 1832 975 1860 und
994 1837 1055 1860 man
1077 1830 1166 1863 wuͤrde
1189 1832 1240 1868 ſein
1264 1833 1344 1860 Leben
1370 1836 1398 1862 in
1418 1836 1471 1864 Ge⸗

584 1859 659 1892 fahr
681 1862 771 1895 ſetzen,
791 1868 865 1894 wenn
881 1867 943 1891 man
968 1864 1097 1895 entweder
1123 1871 1152 1897 zu
1180 1864 1293 1897 eigenem
1317 1865 1471 1897 Gebrauche

595 1895 661 1924 oder
673 1902 733 1928 zum
749 1897 875 1934 Verkauf
896 1895 1055 1930 abgezogene
1082 1898 1214 1933 Getraͤnke
1240 1905 1270 1929 zu
1296 1897 1375 1928 ihnen
1399 1901 1470 1930 brin⸗

595 1934 644 1959 gen
661 1929 766 1964 wollte,
785 1930 847 1960 weil
868 1930 902 1963 ſie
922 1933 975 1960 aus
994 1930 1143 1966 Gierigkeit
1164 1933 1215 1966 auf
1230 1933 1278 1962 den
1298 1932 1394 1962 Genuß
1413 1935 1471 1964 der⸗

595 1962 698 1993 ſelben,
708 1963 765 1993 jede
784 1963 947 1996 Greuelthat
967 1962 1079 1997 begehen
1107 1964 1226 1996 koͤnnten.
1278 1963 1348 1998 Jhre
1365 1966 1469 1999 Frauen

593 1997 649 2025 ſind
667 1997 774 2029 keuſch,
802 2000 854 2026 und
884 1996 1018 2033 Ehebruch
1047 1999 1112 2028 wird
1138 2001 1189 2031 mit
1212 2001 1268 2029 dem
1295 1999 1468 2031 Abſchneiden

592 2033 639 2061 der
657 2031 728 2062 Naſe
746 2029 863 2065 beſtraft.
898 2033 970 2062 Aber
990 2031 1164 2067 Jungfrauen
1177 2032 1300 2067 genießen
1319 2033 1391 2064 ihrer
1411 2035 1468 2064 voͤl⸗

591 2068 663 2095 ligen
685 2067 822 2097 Freiheit,
841 2068 893 2094 und
914 2071 999 2098 bieten
1017 2066 1067 2102 ſich
1083 2070 1159 2103 ſogar
1177 2068 1221 2093 an.
1273 2066 1391 2096 Maͤnner
1413 2072 1466 2098 und

592 2094 696 2134 Frauen
716 2100 771 2128 ſind
802 2098 948 2132 vorzuͤglich
961 2103 1024 2133 gut
1047 2101 1200 2136 gewachſen.
1254 2089 1327 2123 Jhre
1346 2093 1468 2125 Sprache

561 2127 661 2166 lernt
678 2133 739 2156 man
762 2126 856 2159 leicht,
878 2128 936 2158 weil
956 2127 990 2164 ſie
1012 2130 1053 2160 die
1068 2131 1211 2164 Eindruͤcke
1230 2131 1273 2161 der
1288 2129 1467 2166 Gegenſtaͤnde

575 2161 640 2196 auf
657 2164 698 2195 die
719 2162 811 2196 Sinne
837 2163 985 2198 nachahmt.
1026 2166 1082 2197 Die
1104 2166 1236 2201 Jndianer
1261 2163 1341 2203 eſſen,
1370 2167 1468 2200 anſtatt

587 2202 635 2236 des
652 2202 775 2241 Brotes,
791 2200 933 2239 geroͤſteten
952 2200 1092 2241 tuͤrkiſchen
1110 2204 1246 2238 Weizen.“
1301 2198 1345 2241 A.
1361 2210 1390 2237 d.
1401 2209 1432 2237 U.
