1588 2440
326 480 673 536 Trauer⸗Pflicht.

906 499 978 536 227

109 563 167 607 So
179 569 282 621 fuͤhlet
300 571 375 612 auch
392 568 465 617 Jhr
488 569 582 614 Geiſt
597 568 660 609 kein
680 572 805 609 weitres
823 574 973 610 Winter⸗

484 631 586 673 Weh.

105 655 154 700 Es
162 661 237 714 faͤllt
254 670 306 706 der
325 662 464 707 Schnee
481 667 586 709 herab,
596 670 654 701 wie
670 668 835 710 Blumen,
850 673 976 705 Stern

434 729 498 762 und
510 722 662 766 Cronen:

108 751 176 800 Und
189 767 284 809 dieſes
296 767 391 800 bildet
401 770 436 808 ja
447 772 499 800 der
514 767 665 809 Fuͤrſtin
677 769 869 810 Seeligkeit.

107 811 175 867 Jhr
188 822 313 871 JEſus
325 822 389 860 will
403 813 452 870 ihr
462 830 528 858 nun
540 821 599 858 mit
610 819 895 869 guͤldnemCrantze
904 826 977 870 loh⸗

480 893 557 927 nen,

107 910 181 956 Der
198 917 779 974 Blum ⸗ und Sternen ⸗ Schmuck
799 927 980 968 durchſtickt

410 987 459 1031 ihr
468 985 700 1034 Ehren⸗Kleid.

111 1016 285 1076 Nunmehr
298 1023 424 1073 bedarff
440 1025 515 1064 Sie
525 1025 611 1072 nicht
632 1028 708 1069 nach
725 1027 919 1072 Bethlehem
935 1043 981 1073 zu

453 1085 588 1140 gehen;

111 1112 192 1159 Das
200 1119 539 1166 Brodt⸗Hauß/wo
550 1127 621 1160 Sie
632 1126 701 1173 lebt,
715 1130 799 1173 giebt
815 1136 901 1173 ewges
927 1133 980 1162 En⸗

452 1190 640 1237 gel⸗Brodt.

112 1217 286 1277 Nunmehr
294 1225 365 1276 laͤßt
374 1225 489 1279 ſich
465 1231 518 1282 von
520 1230 595 1274 Jhr
612 1229 669 1283 der
685 1229 927 1276 Juͤden ⸗ Koͤnig
935 1237 986 1279 ſe⸗

472 1297 585 1343 hen,

111 1323 203 1371 Dem
224 1331 289 1370 kein
314 1329 456 1379 Herodes
481 1331 570 1377 mehr
593 1337 641 1369 die
666 1337 983 1382 Moͤrder ⸗ Waffen

444 1385 599 1445 droht.

113 1427 204 1476 Was
223 1433 364 1481 GOttes
381 1430 510 1481 Menge
525 1435 630 1486 ſingt,
647 1430 703 1482 hat
714 1441 785 1477 Sie
793 1448 832 1473 da
842 1445 923 1480 recht
933 1452 991 1478 er⸗

447 1499 610 1549 fahren,

112 1530 204 1588 Weil
222 1535 299 1580 Sie
314 1547 377 1575 nun
390 1521 528 1584 Friede,
545 1538 629 1585 Ruh
653 1545 717 1575 und
739 1545 987 1587 Wohlgefallen

465 1600 574 1651 hat.

113 1628 200 1674 Nun
224 1632 309 1684 ſingt
328 1631 404 1678 Sie
424 1639 521 1693 ſelbſt
537 1644 652 1686 getroſt
675 1649 734 1674 mit
755 1651 846 1683 jenen
861 1651 993 1687 Engel⸗

469 1704 657 1750 Schaaren,

115 1723 189 1774 Und
210 1734 315 1782 preißt
333 1738 366 1772 in
384 1737 521 1782 hoͤchſter
535 1749 601 1783 Luſt
610 1753 665 1796 des
678 1747 821 1808 Vaters
826 1755 986 1803 Gnaden⸗

494 1812 603 1860 Rath.

115 1825 184 1870 Die
190 1829 272 1884 Liebe
278 1835 363 1886 fieng
371 1841 467 1892 gleich
472 1853 531 1902 an,
531 1855 591 1900 den
601 1853 723 1905 Gaben
733 1853 977 1916 nachzudencken

117 1887 193 1931 Die
202 1889 283 1942 ſonſt
292 1895 345 1926 der
351 1893 576 1938 HeilgeChriſt
597 1904 645 1929 den
648 1903 784 1931 Kleinen
794 1906 988 1939 uͤberſchickt.

116 1931 217 1981 Allein
229 1944 299 1990 was
303 1939 350 1995 iſt
356 1944 402 1979 die
435 1945 503 1995 Welt
520 1953 571 1995 mit
588 1951 677 1989 ihren
697 1954 984 1996 Chriſt  ⸗ Geſchen⸗

507 2007 589 2057 cken,

121 2029 190 2084 Wo
199 2052 276 2093 man
285 2043 333 2088 die
345 2041 461 2094 Ruthe
470 2047 546 2098 ſtets
564 2050 655 2090 beym
666 2049 925 2092 Zucker ⸗ Werck
931 2059 989 2103 er⸗

480 2119 638 2161 blickt?

613 2167 664 2218 P
664 2167 716 2218 2

887 2177 997 2225 Weit
