1539 2196
520 368 574 410 92

703 352 984 405 Erzgebirgiſcher
984 352 1118 405 Kreis.

521 461 608 502 Eiſen
629 458 854 500 Veranlaſſung
880 465 915 498 zu
939 459 1017 497 einer
1044 462 1158 503 Menge
1185 461 1293 495 andrer

521 511 676 548 Arbeiten,
700 514 721 551 z.
735 507 780 547 B.
793 516 844 550 zur
859 508 1077 550 Verfertigung
1092 515 1150 543 von
1167 510 1292 551 eiſernen

519 567 582 599 und
604 561 771 599 blechernen
792 561 964 598 Waaren.
993 560 1164 604 Spaͤterhin
1186 562 1292 602 erfand

518 624 591 650 man
614 615 657 648 die
680 614 767 649 blaue
786 613 904 656 Farbe,
916 616 983 651 und
998 618 1057 649 das
1072 615 1293 657 Kloͤppelweſen

517 673 583 703 und
610 666 686 705 auch
708 667 751 705 die
771 665 907 706 Weberei
935 666 1074 706 wollener
1098 671 1159 703 und
1182 668 1290 703 baum⸗

517 723 658 760 wollener
679 721 814 761 Waaren
833 720 931 763 gaben
955 725 1018 761 dem
1048 723 1138 768 Fleiſe
1158 727 1208 764 der
1228 726 1289 761 Ge⸗

517 774 777 819 birgseinwohner
810 775 911 811 immer
944 775 1075 821 mehrere
1101 774 1293 821 Gelegenheit

513 847 568 887 zur
580 837 826 888 Beſchaͤftigung.

578 932 651 969 Hier
664 930 743 964 wird
756 917 845 966 denn,
861 927 912 975 wie
928 927 973 975 ich
984 927 1109 968 glaube,
1128 931 1182 966 der
1190 928 1291 971 ſchick⸗

513 988 609 1031 lichſte
626 988 691 1024 Ort
710 989 787 1033 dazu
809 987 895 1031 ſeyn,
925 994 977 1026 wo
990 988 1038 1028 ich
1056 990 1168 1025 meinen
1189 992 1291 1031 Leſern

515 1044 576 1073 das
594 1036 888 1079 Wiſſenswuͤrdigſte
907 1036 969 1070 aus
983 1036 1040 1074 der
1040 1027 1217 1075 Geſchichte
1231 1035 1302 1084 des

516 1096 712 1137 Saͤchſiſchen
739 1091 899 1141 Bergbaues
915 1090 1092 1142 mittheilen,
1106 1095 1194 1136 ihnen
1205 1096 1289 1134 einen

513 1151 663 1194 richtigen
676 1153 801 1199 Begriff
812 1160 882 1191 vom
901 1153 1064 1197 Bergbaue
1086 1158 1147 1191 und
1164 1160 1214 1194 der
1230 1157 1290 1193 Art

511 1205 571 1241 wie
590 1214 663 1244 man
676 1206 729 1247 ihn
740 1206 771 1241 in
784 1206 926 1249 Sachſen
935 1207 1041 1244 treibt,
1062 1208 1199 1246 machen,
1223 1211 1288 1245 und

509 1264 572 1299 das
587 1259 832 1305 Merkwuͤrdigſte
851 1268 913 1299 von
930 1262 987 1301 den
1003 1262 1187 1307 Bergleuten
1187 1262 1288 1307 ſagen

507 1322 599 1360 kann.

575 1419 626 1454 Es
648 1417 682 1456 iſt
701 1415 950 1458 wahrſcheinlich,
974 1418 1036 1459 daß
1055 1417 1141 1460 ſchon
1159 1423 1215 1453 vor
1233 1420 1288 1456 der

511 1461 701 1503 Entdeckung
719 1465 767 1499 der
778 1462 946 1506 Freiberger
959 1463 1133 1504 Bergwerke
1145 1463 1209 1505 hier
1221 1469 1287 1501 und

511 1508 551 1542 da
570 1505 603 1542 in
625 1495 762 1545 Sachſen
782 1505 854 1547 Erze
869 1504 1019 1546 gefunden
1030 1511 1091 1543 und
1107 1507 1287 1544 verarbeitet

508 1551 630 1586 worden
655 1548 733 1590 ſind,
757 1549 881 1591 indeſſen
898 1548 950 1587 hat
969 1559 1039 1588 man
1062 1549 1193 1587 daruͤber
1209 1552 1285 1585 keine

509 1594 645 1635 gewiſſen
667 1593 863 1634 Nachrichten
892 1592 953 1625 und
979 1604 1050 1629 man
1078 1591 1164 1634 faͤngt
1191 1596 1287 1635 daher

508 1638 554 1672 die
574 1635 738 1677 Geſchichte
758 1639 815 1672 des
824 1633 1012 1676 Saͤchſiſchen
1031 1637 1214 1677 Bergbaues
1231 1644 1285 1676 ge⸗

507 1680 652 1721 woͤhnlich
677 1680 731 1713 mit
755 1681 804 1714 der
824 1679 1012 1722 Entdeckung
1035 1683 1085 1715 der
1106 1679 1283 1722 Bergwerke

508 1732 563 1764 um
592 1723 736 1768 Freiberg
763 1732 814 1762 an.
871 1722 1038 1772 Fuhrleute
1059 1729 1122 1776 aus
1144 1726 1283 1767 Goslar,

1199 1776 1279 1808 einer
