2423 3067
803 810 845 849 zu
862 802 966 842 reden
985 801 1057 840 und
1068 808 1106 846 zu
1115 799 1284 848 ſchreiben
1301 800 1410 843 pflege
1430 802 1483 843 q).
1536 800 1652 844 Denn
1662 810 1772 843 wann
1790 801 1851 842 der
1865 795 2009 853 Appoſtel
2020 802 2118 853 ſelbſt

806 849 1016 895 behauptet,
1043 849 1116 895 daß
1129 850 1226 895 unſer
1245 848 1392 894 Wiſſen
1408 845 1639 894 Stuͤckwerck
1653 849 1708 899 ſey
1708 849 1753 899 r)
1770 848 1841 888 und
1859 857 1928 892 von
1922 848 1994 906 ſich
1994 849 2117 902 ſelbſt

800 902 941 949 ſpricht,
969 898 1041 946 daß
1061 908 1095 938 er
1112 898 1194 945 noch
1205 897 1293 942 nicht
1310 898 1536 940 vollkommen
1552 899 1605 947 ſey
1622 903 1663 946 s)
1681 897 1724 941 ob
1744 908 1779 940 er
1793 897 1897 946 gleich
1916 906 1986 941 von
2003 899 2116 941 einem

804 951 993 999 beſondern
1010 945 1194 998 goͤttlichen
1210 947 1317 997 Lichte
1351 941 1549 1000 beſtrahlet
1563 945 1697 1005 worden,
1723 953 1806 992 was
1816 949 1932 997 ſollten
1941 948 2009 992 wir
2021 952 2114 992 denn

805 1004 929 1050 ſagen,
956 1002 1037 1039 wir
1053 1000 1138 1049 ſind
1160 1001 1255 1049 ſatt,
1273 1000 1353 1039 wir
1373 1000 1457 1050 ſind
1476 1000 1576 1050 reich
1594 1003 1675 1041 und
1689 1004 1770 1043 wir
1786 999 1929 1052 fuͤhren
1939 1002 2014 1039 das
2032 1002 2115 1043 Re⸗

804 1054 980 1101 giment?
980 1054 1013 1101 t)
1025 1053 1106 1093 oder
1115 1052 1180 1094 wie
1192 1052 1307 1098 ſollten
1315 1051 1381 1091 wir
1392 1057 1459 1092 uns
1471 1052 1525 1100 ein
1525 1052 1766 1101 Privilegium
1780 1056 1870 1101 einer
1870 1051 2114 1101 Unfehlbahr⸗

803 1109 870 1152 keit
885 1105 1112 1156 zuſchreiben,
1135 1106 1282 1156 welches
1299 1107 1360 1147 wir
1381 1094 1515 1160 ſonſten
1517 1117 1566 1151 an
1586 1108 1647 1152 der
1661 1101 1872 1160 Roͤmiſchen
1893 1106 2016 1157 Kirche
2036 1114 2113 1148 ver⸗

808 1163 1015 1207 abſcheuen:
1033 1161 1076 1207 u)

1244 1217 1320 1256 Die
1347 1217 1393 1255 X.
1425 1214 1693 1263 Anmerckung

919 1276 1016 1321 Wir
1036 1273 1151 1321 haben
1175 1273 1307 1321 dahero
1332 1272 1422 1321 nicht
1447 1274 1533 1323 ohne
1565 1274 1714 1323 Urſache
1738 1274 1867 1324 neulich
1890 1275 2113 1324 geſchrieben,

801 1328 888 1379 daß
897 1339 936 1368 es
948 1330 1029 1367 eine
1038 1326 1240 1376 Klugheit
1248 1326 1323 1377 ſey,
1343 1327 1424 1379 daß
1434 1328 1515 1369 eine
1523 1330 1604 1380 jede
1613 1328 1759 1379 Kirche
1769 1339 1850 1370 von
1867 1332 1939 1380 ſich
1958 1330 2113 1379 beſchei⸗

805 1383 890 1429 den,
898 1387 980 1419 von
991 1379 1061 1419 der
1072 1381 1222 1419 andern
1232 1381 1326 1420 aber
1335 1380 1374 1429 ſo
1385 1379 1464 1420 viel
1475 1391 1515 1421 es
1526 1380 1630 1429 ohne
1638 1383 1707 1422 der
1716 1381 1920 1430 Warheit
1929 1381 2112 1427 Eintrag

802 1441 849 1477 zu
871 1429 974 1475 thun
984 1425 1150 1478 moͤglich
1160 1427 1222 1477 iſt,
1255 1421 1412 1478 gelinder
1434 1427 1622 1482 urtheile,
1640 1432 1702 1470 und
1722 1433 1801 1469 eine
1823 1434 1874 1469 die
1888 1435 2032 1470 andere
2050 1434 2113 1477 ih⸗

801 1493 866 1522 res
881 1479 1054 1528 Rechtes
1073 1480 1335 1523 vollkommen
1354 1478 1538 1529 genieſſen
1557 1482 1648 1529 laſſe
1662 1485 1701 1531 ſo
1727 1482 1805 1520 wie
1821 1492 1862 1520 es
1875 1484 1915 1519 in
1924 1484 1997 1520 den
2008 1484 2109 1528 frey⸗

803 1546 850 1576 en
874 1534 1130 1582 Republicken
1145 1535 1316 1575 Manier
1337 1533 1397 1580 iſt.
1416 1538 1458 1577 x)
1494 1533 1672 1580 Woraus
1693 1534 1783 1574 denn
1802 1541 1839 1582 zu
1864 1534 2014 1582 erſehen,
2039 1534 2112 1582 daß

803 1592 843 1628 es
869 1586 941 1627 eine
965 1583 1076 1634 hoͤchſt
1109 1583 1381 1632 abgeſchmackte
1402 1583 1533 1637 Sache
1561 1584 1633 1636 ſey,
1681 1593 1785 1626 wenn
1815 1584 1888 1628 eine
1905 1585 2028 1635 Kirche
2053 1594 2113 1634 ge⸗

800 1644 867 1686 gen
894 1634 949 1678 die
979 1634 1105 1677 andere
1136 1635 1200 1680 mit
1226 1634 1528 1685 Verbannungen
1553 1637 1624 1680 und
1653 1635 2006 1685 Verdammnungen
2033 1634 2113 1678 wuͤ⸗

800 1695 848 1735 tet
868 1695 906 1741 y)
922 1689 959 1741 ja
976 1695 1013 1732 es
1030 1688 1068 1741 iſt
1091 1689 1146 1735 die
1159 1682 1369 1747 alleruͤbelſte
1378 1687 1591 1743 Wuͤrckung
1604 1689 1698 1735 eines
1709 1689 1967 1742 unberathenen
1978 1688 2110 1742 Zorns,

2006 1762 2110 1791 wenn

939 1899 976 1937 q)
997 1897 1078 1931 Man
1094 1895 1154 1938 ſehe
1170 1895 1317 1937 dasjenige
1325 1898 1389 1931 was
1402 1895 1457 1931 wir
1471 1898 1578 1940 neulich
1595 1896 1665 1934 uͤber
1679 1900 1734 1933 das
1747 1898 1872 1939 Corpus
1881 1897 2029 1930 doctrinæ
2043 1905 2114 1929 mo-

810 1935 886 1969 ralis
897 1934 1098 1967 ſorbonicum
1114 1931 1280 1976 geſchrieben
1303 1945 1332 1975 p.
1348 1943 1373 1971 7.
1390 1942 1437 1972 30.

921 1986 952 2020 r)
973 1993 1045 2018 nun
1063 1983 1180 2019 erkenne
1194 1985 1231 2027 ich
1248 1987 1280 2021 es
1301 1983 1476 2031 ſtuͤckweiſe
1497 1997 1517 2020 1.
1537 1988 1613 2021 Cor.
1626 1986 1712 2020 XIII.
1725 1994 1754 2019 2.

923 2032 953 2063 s)
978 2029 1056 2059 Phil.
1072 2030 1128 2057 III.
1145 2035 1192 2061 12.

919 2070 947 2104 t)
974 2079 995 2097 1.
1012 2068 1085 2100 Cor.
1099 2069 1153 2101 IV.
1169 2074 1196 2101 8.
1222 2068 1322 2110 Apoc.
1334 2067 1390 2102 III.
1406 2079 1449 2106 17.

918 2111 956 2146 u)
980 2105 1099 2148 Moͤchte
1115 2105 1180 2138 aber
1197 2106 1310 2144 jemand
1324 2104 1431 2152 ſagen/
1440 2105 1495 2144 daß
1511 2105 1579 2147 heut
1592 2113 1623 2146 zu
1639 2109 1704 2147 tage
1720 2105 1796 2142 keine
1810 2106 1995 2140 Particulair
2009 2106 2111 2149 Kirche

805 2145 881 2200 ſey/
895 2152 992 2191 welche
1009 2151 1053 2191 ſich
1076 2153 1120 2187 die
1138 2151 1372 2194 Unfehlbahrkeit
1392 2149 1559 2203 zuſchreiben
1580 2151 1693 2194 ſollte/
1708 2154 1755 2188 als
1777 2154 1862 2189 allein
1881 2155 1928 2189 die
1949 2150 2114 2192 Roͤmiſche;

808 2196 862 2232 So
878 2197 1020 2228 antworte
1034 2194 1071 2234 ich
1080 2194 1134 2235 daß
1144 2192 1232 2235 dieſes
1248 2202 1321 2234 zwar
1334 2194 1417 2236 wahr
1428 2196 1497 2241 ſey/
1505 2194 1572 2237 aber
1587 2202 1655 2229 man
1677 2195 1768 2236 findet
1778 2194 1845 2232 auch
1864 2194 1981 2235 zugleich
1997 2195 2047 2236 faſt
2058 2195 2111 2230 kei⸗

805 2251 840 2279 ne
857 2237 981 2285 eintzige/
994 2240 1039 2273 die
1052 2233 1121 2290 nicht
1134 2235 1251 2291 zugleich
1261 2239 1340 2284 ſagen
1355 2242 1445 2285 ſollte/
1487 2238 1568 2289 daß
1583 2237 1632 2290 ſie
1667 2235 1713 2285 in
1715 2241 1784 2279 der
1798 2239 1918 2285 That
1932 2237 2108 2285 niemah⸗

806 2294 866 2335 len
887 2287 1009 2340 fehle,
1039 2296 1097 2327 und
1112 2294 1140 2334 ſo
1156 2293 1255 2335 laͤnſſet
1273 2297 1305 2329 es
1319 2295 1349 2334 ja
1369 2294 1422 2336 auf
1435 2294 1514 2332 eines
1524 2293 1641 2336 heraus.
1665 2289 1748 2331 Man
1764 2293 1824 2338 ſehe
1842 2292 1940 2335 unſere
1953 2295 2109 2336 primitias

804 2337 1003 2383 Tubingenſ.
1019 2339 1049 2370 P.
1066 2349 1094 2371 2.
1110 2349 1139 2380 p.
1155 2342 1213 2378 136.
1231 2348 1284 2379 137.

928 2377 965 2417 x)
986 2371 1085 2414 Siehe
1094 2373 1157 2406 was
1164 2373 1219 2406 wir
1230 2370 1334 2414 neulich
1343 2368 1411 2407 uͤber
1423 2373 1478 2409 das
1486 2381 1598 2415 corpus
1616 2361 1758 2419 doctrinæ
1767 2372 1896 2405 moralis
1905 2371 2111 2405 ſorbonicum

803 2435 974 2484 geſchrieben
997 2444 1024 2473 p.
1043 2444 1068 2468 7.

877 2473 952 2514 y)
962 2465 1048 2511 Setze
1065 2461 1187 2508 hieſelbſt
1196 2461 1273 2505 hiezu
1283 2473 1311 2505 p.
1330 2470 1364 2503 38.
1383 2467 1424 2500 und
1434 2462 1539 2508 beſiehe
1548 2466 1613 2510 auch
1630 2464 1721 2512 unſere
1739 2458 1890 2515 Schrifften
1899 2471 1955 2501 von
1967 2468 2019 2502 den
2030 2466 2113 2502 Vor⸗

803 2518 944 2553 urtheilen
961 2515 991 2546 in
1015 2515 1064 2547 der
1079 2508 1409 2553 GOttes⸗Gelartheit
1444 2511 1541 2553 welche
1555 2514 1585 2547 in
1607 2517 1662 2548 den
1680 2514 1832 2547 Primitiis
1853 2511 2111 2553 Tubingenſibus

802 2564 944 2596 lateiniſch
967 2552 1136 2595 befindlich/
1165 2554 1250 2588 allwo
1272 2553 1328 2587 wir
1350 2561 1407 2588 von
1432 2552 1520 2596 dieſer
1540 2557 1675 2592 Materie
1696 2556 1747 2597 hin
1769 2558 1827 2589 und
1847 2555 1952 2590 wieder
1976 2555 2112 2595 handeln.

799 2604 946 2640 Ubrigens
961 2600 993 2641 iſt
1009 2596 1147 2636 bekandt/
1173 2597 1237 2634 was
1251 2602 1303 2633 vor
1324 2595 1425 2634 Leuten
1447 2603 1505 2634 von
1520 2597 1618 2641 Paulo
1640 2601 1692 2636 des
1707 2601 1886 2633 Anathema
1906 2598 2113 2640 angekuͤndiget
