2519 3040
912 555 993 603 746

1293 557 1487 623 Zweyte
1500 555 1877 623 Buß⸗Predigt.

912 643 1077 708 ſtehen/
1093 646 1191 708 ſeyd
1199 646 1391 715 heilig/
1396 650 1518 705 denn
1533 653 1606 711 ich
1621 651 1703 709 bin
1719 652 1904 720 heilig/
1937 665 2020 709 und
2029 666 2107 717 alſo
2121 665 2197 716 kan
2209 666 2267 722 ich

911 706 1038 763 nichts
1050 709 1269 767 unheiliges
1285 721 1340 758 an
1355 713 1443 767 euch
1466 714 1645 772 leyden/
1667 717 1829 776 ſondern
1844 717 1978 775 muß/
2001 723 2096 777 nach
2111 726 2264 777 meiner

910 772 1176 831 gerechtigkeit
1199 776 1363 833 daſſelbe
1377 777 1592 843 ſtraffen/
1594 782 1715 842 daher
1723 786 1768 835 es
1782 785 1878 844 auch
1892 784 1935 837 in
1941 785 2146 845 folgenden
2160 801 2269 841 wor⸗

910 845 971 893 ten
988 839 1160 909 heiſſet:
1152 845 1247 902 So
1265 839 1428 905 fuͤhret
1441 856 1581 902 euren
1588 846 1811 918 wandel/
1820 855 1869 909 ſo
1876 854 2014 920 lange
2030 852 2109 911 ihr
2110 848 2172 917 hie
2202 860 2268 913 le⸗

909 909 1080 963 betmit
1088 910 1334 978 forchten/
1366 914 1448 974 daß
1460 919 1525 974 ihr
1540 920 1629 975 euch
1643 931 1716 971 vor
1733 921 1852 979 ſeiner
1866 916 2063 989 Heiligkeit
2084 920 2268 988 fuͤrchtet/

908 978 1003 1027 weil
1020 991 1059 1029 er
1067 979 1191 1036 ſeinen
1201 982 1406 1041 Nahmen
1419 986 1515 1040 auch
1540 987 1630 1036 mit
1640 991 1708 1038 der
1715 989 1852 1049 ſtraffe
1864 997 1932 1043 der
1948 992 2086 1052 ſuͤnder
2093 990 2267 1056 heiliget‧

907 1040 1009 1106 Wie
1009 1043 1050 1107 3.
1081 1041 1266 1109 Moſ.10.
1271 1051 1357 1107 v.3.
1379 1053 1445 1099 als
1471 1063 1512 1101 er
1530 1052 1695 1104 Nadab
1711 1061 1791 1106 und
1810 1058 1947 1116 Abihu
1963 1069 2102 1117 wegen
2134 1064 2177 1113 in
2187 1063 2264 1113 das

906 1106 1169 1166 Heiligthum
1188 1111 1417 1167 gebrachten
1431 1115 1611 1167 fremden
1625 1120 1760 1174 feuers
1769 1121 1848 1169 mit
1859 1121 1969 1176 feuer
1977 1123 2165 1183 verzehret
2184 1125 2264 1182 hat⸗

904 1169 999 1231 te/
999 1172 1149 1225 Moſes
1169 1172 1334 1227 ſpricht:
1360 1176 1475 1227 Das
1479 1167 1646 1225 iſts/
1663 1184 1758 1228 das
1779 1183 1861 1231 der
1874 1185 2086 1243 HERR
2105 1185 2263 1248 geſagt

905 1232 1019 1285 hat/
1035 1226 1108 1291 ich
1114 1230 1274 1280 werde
1284 1226 1539 1300 geheiliget
1557 1236 1712 1290 werden
1736 1247 1802 1292 an
1810 1238 1993 1305 denen/
2008 1243 2081 1298 die
2091 1254 2147 1304 zu
2166 1250 2260 1300 mir

905 1286 1093 1352 nahen/
1101 1292 1202 1346 und
1217 1302 1310 1348 vor
1325 1293 1458 1350 allem
1473 1292 1641 1359 volck/
1658 1300 1818 1357 werde
1829 1302 1902 1360 ich
1918 1302 2115 1363 herrlich
2131 1319 2260 1362 wer⸗

901 1363 1007 1411 den.

1014 1504 1132 1559 Nun
1154 1506 1330 1562 GOTT
1343 1504 1469 1565 ruffet
1482 1512 1564 1559 uns
1578 1510 1669 1568 noch
1682 1511 1810 1570 allzeit
1824 1514 1919 1568 dieſe
1933 1519 2057 1567 worte
2071 1515 2114 1575 zu
2129 1518 2250 1575 durch

897 1561 972 1610 den
993 1565 1123 1611 mund
1137 1563 1286 1622 Petri:
1335 1558 1451 1623 Seyd
1477 1561 1674 1629 heilig/
1710 1573 1835 1623 denn
1884 1574 1956 1624 ich
1985 1575 2068 1624 bin
2099 1576 2254 1637 heilig.

897 1617 967 1666 Er
981 1616 1088 1672 rufft
1100 1616 1148 1670 ſie
1162 1621 1245 1668 uns
1259 1629 1308 1678 zu
1320 1621 1586 1677 immerfort/
1608 1628 1691 1673 und
1704 1626 1848 1684 täglich
1863 1632 1945 1678 aus
1957 1631 2099 1680 ſeinem
2112 1642 2254 1685 wort/

894 1670 1086 1729 welches/
1110 1675 1147 1727 ſo
1160 1674 1242 1730 offt
1255 1679 1299 1725 es
1317 1678 1580 1734 vorgetragen
1592 1678 1798 1736 wird/
1735 1684 1792 1734 uns
1817 1684 1930 1738 ſolche
1938 1685 2156 1745 Heiligkeit
2162 1701 2252 1740 vor⸗

890 1730 1033 1788 haͤlt/
1034 1733 1183 1790 ſowohl
1199 1736 1274 1791 deß
1288 1736 1569 1790 Evangelii/
1572 1744 1655 1789 aus
1670 1746 1764 1791 dem
1785 1745 1959 1796 glauben
1984 1758 2041 1794 an
2068 1749 2250 1803 Chriſti

892 1786 1192 1847 gnugthuung/
1218 1794 1286 1842 als
1305 1794 1379 1849 deß
1395 1796 1596 1853 Geſetzes/
1606 1799 1649 1849 in
1663 1804 1756 1848 dem
1769 1804 1864 1857 fleiß
1877 1807 1947 1852 der
1963 1802 2156 1857 taͤglichen
2169 1808 2252 1859 hei⸗

892 1844 1052 1903 ligung.
1108 1848 1178 1898 Er
1195 1847 1320 1906 ruffet
1335 1854 1417 1902 uns
1432 1857 1529 1907 auch
1550 1854 1756 1911 ſonderlich
1771 1869 1819 1913 zu
1833 1858 1933 1915 auff
1939 1862 2072 1914 unſere
2086 1863 2180 1917 buß
2187 1868 2250 1912 ta⸗

891 1909 960 1956 ge:
990 1903 1123 1955 Dann
1146 1904 1240 1954 weil
1256 1907 1339 1957 wir
1355 1907 1455 1965 auff
1471 1911 1672 1968 dieſelbige
1690 1923 1763 1962 vor
1776 1914 1865 1966 ihm
1885 1915 2123 1971 erſcheinen/
2151 1921 2248 1972 ſeine

891 1961 1019 2012 gnade
1035 1962 1116 2006 und
1139 1960 1405 2020 verſicherung
1422 1972 1470 2022 zu
1483 1965 1648 2021 ſuchen/
1674 1970 1713 2022 ſo
1730 1971 1871 2021 bleibet
1891 1979 1959 2020 der
1978 1977 2103 2026 einige
2122 1972 2248 2028 weg/

887 2008 990 2067 auff
996 2014 1069 2060 den
1088 2012 1170 2061 wir
1191 2023 1263 2063 vor
1283 2014 1371 2068 ihm
1384 2020 1507 2068 treten
1526 2017 1723 2074 muͤſſen/
1739 2026 1877 2075 dieſer:
1902 2027 2058 2078 Seyd
2075 2022 2248 2089 heilig/

888 2063 1011 2111 denn
1032 2065 1102 2117 ich
1130 2066 1213 2114 bin
1230 2068 1386 2126 heilig.
1441 2073 1636 2125 Nemlich
1661 2074 1784 2129 durch
1817 2073 1901 2134 buß
1937 2078 2018 2128 und
2059 2077 2244 2138 glauben.

885 2122 1096 2175 Kommen
1112 2128 1194 2171 wir
1206 2130 1306 2179 ohne
1318 2129 1431 2181 dieſe/
1439 2132 1476 2185 ſo
1489 2130 1572 2182 ſind
1588 2132 1670 2181 wir
1682 2131 1772 2189 ihm
1786 2133 2006 2194 allerdings
2020 2138 2083 2189 ein
2098 2139 2246 2195 greuel.

885 2180 955 2231 Er
967 2179 1120 2236 ruffets
1133 2184 1214 2227 uns
1225 2186 1324 2235 auch
1339 2193 1421 2240 zu/
1449 2193 1517 2234 wo
1531 2188 1613 2237 wir
1626 2185 1736 2240 beten
1750 2190 1935 2249 wollen/
1945 2197 2028 2243 und
2042 2197 2119 2249 alſo
2146 2198 2253 2254 auff

882 2233 1015 2290 unſere
1051 2235 1274 2291 bet⸗tage/
1286 2241 1382 2290 weil
1395 2247 1475 2292 wir
1489 2239 1744 2306 auffheben
1764 2245 1905 2306 ſollen
1929 2249 2095 2312 heilige
2110 2246 2237 2305 haͤn⸗

880 2295 1002 2349 de/1.
1010 2288 1274 2354 Timoth.2.
1284 2300 1424 2355 verſ.8.
1453 2306 1535 2353 und
1547 2305 1625 2360 alſo
1640 2309 1681 2363 ja
1692 2306 1876 2367 zuſehen/
1891 2310 1989 2364 unſer
2007 2314 2121 2367 gebet
2135 2316 2237 2369 nicht

881 2355 1030 2401 anders
1045 2362 1118 2402 vor
1129 2351 1201 2409 ihn
1213 2347 1270 2414 zu
1279 2353 1491 2415 bringen/
1501 2359 1570 2409 als
1599 2364 1681 2411 aus
1693 2362 1819 2415 einem
1840 2366 1959 2419 durch
1972 2370 2047 2413 den
2061 2367 2278 2423 glauben

879 2409 996 2468 ſeiner
1018 2415 1150 2469 gnade
1160 2405 1449 2471 gereinigten/
1461 2422 1544 2471 und
1563 2423 1632 2471 der
1655 2423 1816 2471 fernern
1829 2424 2069 2471 Reinigung
2085 2426 2154 2471 ſich
2172 2432 2285 2471 be⸗

2135 2488 2233 2542 fleiſ⸗
