2385 2837
901 468 991 522 135

261 553 387 600 Oben,
398 557 502 597 unter
510 554 589 597 dem
601 552 724 607 Adler,
733 564 811 597 war
822 552 874 594 ein
891 541 946 599 mit
964 541 1022 600 Oel
1045 550 1255 604 getraͤncktes
1266 552 1407 607 Papier
1425 553 1457 596 in
1475 539 1566 604 einer
1589 542 1689 600 Oval⸗

205 608 334 662 Figur,
345 608 414 664 auf
420 609 589 663 welchem
600 609 805 663 vermittelſt
816 609 906 652 einer
917 609 1094 651 Laterna
1107 609 1277 662 magica,
1293 609 1345 651 die
1353 607 1470 659 hinten
1481 609 1694 662 angebracht

207 667 346 717 wurde,
365 667 431 709 das
441 666 613 717 Portrait
628 667 711 713 Sr.
721 663 906 720 Majeſtaͤt
920 665 1208 718 verſchiedentlich
1217 662 1431 719 vorgeſtellet
1447 667 1583 719 wurde,
1595 664 1627 717 ſo
1638 665 1694 718 oft

206 724 278 769 eine
301 736 390 769 neue
400 719 503 771 Rede
519 721 662 775 anging.
721 722 820 779 Zum
830 723 1017 776 Exempel:
1049 726 1117 770 Da
1134 725 1214 769 Se.
1226 722 1406 778 Majeſtaͤt
1421 724 1477 768 als
1496 725 1547 767 ein
1560 723 1690 778 groſſer

205 782 307 836 Held
324 783 373 825 im
391 782 520 834 Kriege
537 780 709 832 beſungen
725 783 839 831 ward,
851 780 994 833 erſchien
1010 782 1116 826 Dero
1139 782 1293 829 Bildniß
1312 782 1376 824 mit
1390 780 1515 834 Helm,
1535 783 1691 835 Pantzer

205 838 281 879 und
293 832 669 880 Commando⸗Stab,
679 835 743 878 mit
752 836 811 877 der
821 833 1072 889 Unterſchrift:
1099 834 1220 876 Hunc
1231 835 1357 875 Mars
1369 835 1548 874 miratur
1563 836 1605 874 in
1621 831 1687 875 ar-

207 894 299 944 mis,
319 893 364 938 da
385 892 574 946 Dieſelben
591 890 648 935 als
666 890 718 934 ein
737 889 943 944 glorreicher
959 890 1176 944 Friedrich
1202 889 1372 945 geprieſen
1384 892 1560 942 wurden,
1585 892 1690 934 ward

205 952 335 995 Fama
353 950 419 994 mit
433 964 469 993 2.
479 947 675 1004 Poſaunen
690 946 850 1003 ſichtbar,
862 948 932 1003 auf
936 951 1001 995 das
1013 948 1253 1005 Portrait
1201 942 1257 995 des
1262 947 1405 1001 Koͤnigs
1418 947 1575 1003 weiſend,
1600 947 1690 1003 ſamt

205 1052 266 1057 der
284 1009 512 1052 Beyſchrift:
540 1010 618 1051 Hic
634 1022 763 1050 aurea
771 1006 926 1062 ſæcula
946 1011 1092 1049 condet.

295 1063 379 1109 Der
391 1060 511 1115 HErr
524 1060 606 1114 laſſe
625 1060 690 1104 alle
703 1061 789 1113 auch
807 1058 923 1111 hiebey
940 1059 1001 1115 fuͤr
1017 1058 1167 1111 unſern
1177 1059 1517 1112 allertheuerſten
1526 1053 1688 1114 Koͤnig

205 1131 249 1163 zu
266 1122 340 1163 ihm
356 1120 553 1163 geſchickten
573 1122 760 1163 Wuͤnſche
776 1121 1085 1177 uͤberſchwenglich
1102 1120 1240 1163 erfuͤllet
1257 1123 1421 1163 werden!

844 1177 919 1216 No.
958 1182 1041 1218 186.

775 1233 875 1270 Den
905 1243 963 1277 25.
1000 1231 1116 1270 Febr.

206 1278 371 1327 Stellete
397 1279 457 1324 der
484 1277 634 1322 Rector
656 1278 692 1323 in
711 1280 771 1324 der
789 1277 1024 1333 Alt⸗Stadt,
1044 1276 1156 1333 Herr
1172 1276 1318 1327 Sam.
1334 1275 1561 1333 Walther,
1588 1266 1687 1321 einen

207 1339 385 1383 ſolennen
402 1336 560 1382 Actum
576 1344 697 1389 wegen
707 1337 770 1381 des
781 1335 959 1391 erlangten
969 1325 1137 1391 Friedens
1154 1350 1212 1383 an.
1272 1339 1348 1387 Die
1360 1339 1488 1385 Reden
1505 1336 1688 1389 handelten

262 1406 300 1461 1)
330 1404 435 1453 Von
476 1403 566 1452 dem
605 1399 921 1457 veraͤnderlichen
966 1402 1167 1458 Zuſtande
1198 1404 1265 1450 der
1303 1404 1451 1452 Marck
1494 1413 1569 1450 vor
1610 1402 1688 1449 das

344 1472 398 1507 15.
414 1460 639 1506 Seculum.

262 1512 306 1566 2)
335 1511 436 1560 Daß
463 1519 565 1556 man
590 1509 649 1554 die
677 1509 822 1564 Groͤſſe
847 1510 918 1556 der
938 1508 1209 1564 Churfuͤrſten
1231 1520 1281 1564 zu
1302 1508 1616 1562 Brandenburg
1640 1508 1687 1554 in

349 1572 415 1617 der
436 1568 685 1622 Zolleriſchen
702 1569 872 1622 Familie
890 1570 1023 1617 ſuchen
1049 1568 1184 1616 muͤſſe.

266 1623 305 1679 3)
334 1623 437 1678 Daß
457 1621 572 1679 Ihro
588 1619 753 1677 Koͤnigl.
765 1620 966 1677 Majeſtaͤt
990 1615 1224 1678 verrichtete
1245 1615 1388 1679 Thaten
1390 1623 1469 1669 mit
1477 1623 1686 1672 Verwun⸗

352 1678 506 1732 derung
526 1686 574 1732 zu
594 1669 829 1729 betrachten.

264 1729 315 1787 4)
343 1731 448 1780 Von
461 1729 551 1778 dem
568 1728 746 1786 dreyfach
766 1727 961 1783 lieblichen
971 1728 1297 1780 Sonnen⸗Bilde
1313 1730 1381 1778 des
1398 1719 1684 1784 unverhofften

349 1801 554 1847 Friedens.

263 1851 308 1906 5)
341 1852 446 1899 Von
468 1850 581 1897 dem:
609 1849 696 1897 Alle
715 1850 822 1907 Fehd
849 1848 922 1901 hat
939 1859 1028 1896 nun
1047 1850 1109 1896 ein
1128 1848 1255 1898 Ende.

267 1911 315 1959 6)
345 1912 450 1958 Von
467 1910 533 1957 der
553 1908 733 1961 Loſung:
766 1912 864 1957 Gut
880 1910 1115 1958 Preußiſch!

264 1960 311 2015 7)
342 1960 448 2008 Von
464 1957 588 2006 denen
599 1957 716 2012 durch
727 1958 799 2006 den
809 1957 976 2014 Frieden
985 1958 1129 2004 wieder
1140 1958 1478 2011 aufkommenden
1487 1956 1683 2012 Kuͤnſten.

266 2024 311 2068 8)
340 2023 446 2071 Von
464 2022 531 2071 der
547 2021 810 2077 Preußiſchen
827 2020 1039 2067 Soldaten
1060 2021 1379 2072 Helden⸗Muth.

292 2072 353 2129 Zu
371 2072 461 2117 allen
479 2072 587 2128 dieſen
612 2072 740 2118 Reden
759 2067 871 2125 gaben
885 2070 949 2117 des
968 2071 1132 2114 Horatii
1159 2079 1223 2126 14.
1251 2072 1324 2115 und
1347 2082 1399 2125 15.
1423 2071 1515 2114 Ode
1543 2071 1681 2115 Carm.

205 2134 255 2175 L.
272 2135 344 2175 IV.
358 2134 412 2175 die
431 2130 678 2175 Gelegenheit.

259 2184 341 2230 Die
355 2180 502 2232 Redner
509 2189 646 2233 waren:
676 2189 712 2234 1)
728 2175 844 2227 Ernſt
869 2175 952 2221 Chr.
963 2177 1032 2210 von
1074 2171 1237 2221 Syborg,
1279 2169 1394 2221 Magd.
1451 2175 1499 2218 2)
1507 2168 1608 2219 Chr.
1620 2175 1682 2215 G.

200 2240 375 2294 Krauſe,
384 2240 530 2296 Magd.
567 2242 614 2293 3)
624 2237 775 2299 Friedr.
798 2240 886 2288 Aug.
897 2250 968 2284 von
977 2238 1154 2297 Haͤfeler,
1170 2232 1311 2296 Magd.
1348 2242 1402 2292 4)
1413 2242 1505 2284 Chr.
1515 2243 1568 2284 H.
1581 2242 1680 2284 Con-

206 2304 299 2357 tius,
309 2301 510 2357 Stolberg.
568 2302 613 2353 5)
620 2302 725 2360 Joh.
734 2302 834 2355 Chr.
844 2291 997 2357 Koͤnig,
1014 2306 1085 2348 aus
1099 2303 1176 2346 dem
1187 2302 1420 2351 Voigtlande.
1483 2304 1528 2351 6)
1541 2303 1590 2348 A.
1600 2305 1681 2348 W.

200 2372 276 2406 von
287 2358 462 2416 Haͤſeler,
472 2359 618 2414 Magd.
676 2362 724 2417 7)
752 2353 862 2411 Sam.
894 2353 1026 2416 Joach.
1036 2359 1138 2412 Aue,
1150 2358 1295 2413 Magd.
1354 2357 1395 2404 8)
1408 2357 1514 2414 Joh.
1532 2359 1591 2414 H.
1600 2361 1681 2409 W.

197 2416 432 2477 Stichhan,
450 2416 598 2478 Magd.
654 2420 732 2470 Die
749 2419 878 2470 Reden
891 2418 1040 2466 wurden
1054 2415 1119 2467 mit
1135 2415 1226 2466 einer
1241 2422 1350 2475 guten
1364 2417 1510 2466 Vocal-
1532 2420 1605 2466 und
1621 2418 1683 2462 In-

1578 2474 1688 2520 ſtru-
