<PcGts xmlns="http://schema.primaresearch.org/PAGE/gts/pagecontent/2019-07-15" xmlns:xsi="http://www.w3.org/2001/XMLSchema-instance" xsi:schemaLocation="http://schema.primaresearch.org/PAGE/gts/pagecontent/2019-07-15 http://schema.primaresearch.org/PAGE/gts/pagecontent/2019-07-15/pagecontent.xsd" pcGtsId="OCR-D-GT-FULLTEXT-REPAIR-631">
  <Metadata>
    <Creator>OCR-D DFG Phase III</Creator>
    <Created>2024-01-19T13:09:13Z</Created>
    <LastChange>2024-01-19T13:09:13Z</LastChange>
    <Comments>ODEM: OCR-D extension for mass digitization (2021-2024)</Comments>
    <MetadataItem type="processingStep" name="layout/segmentation/region" value="ocrd-segment-repair">
      <Labels externalModel="ocrd-tool" externalId="parameters">
        <Label value="False" type="sanitize"/>
        <Label value="5" type="sanitize_padding"/>
        <Label value="0" type="simplify"/>
        <Label value="False" type="plausibilize"/>
        <Label value="0.9" type="plausibilize_merge_min_overlap"/>
        <Label value="0" type="spread"/>
        <Label value="region" type="spread_level"/>
      </Labels>
      <Labels externalModel="ocrd-tool" externalId="version">
        <Label value="0.1.24" type="ocrd-segment-repair"/>
        <Label value="2.65.0" type="ocrd/core"/>
      </Labels>
    </MetadataItem>
  </Metadata>
  <Page imageFilename="https://opendata.uni-halle.de/retrieve/89b1f965-3808-46f7-be9d-8e2883fde2d2/00000215.jpg" imageWidth="1644" imageHeight="2428" type="content" primaryLanguage="German">
    <Border>
      <Coords points="42,221 69,2314 1287,2322 1237,201"/>
    </Border>
    <ReadingOrder>
      <OrderedGroup id="ro_1692084512841" caption="Regions reading order">
        <RegionRefIndexed index="0" regionRef="TextRegion_1676275325368_749"/>
        <RegionRefIndexed index="1" regionRef="TextRegion_1676275325368_748"/>
        <RegionRefIndexed index="2" regionRef="TextRegion_1676275321036_734"/>
        <RegionRefIndexed index="3" regionRef="TextRegion_1676275334887_763"/>
        <RegionRefIndexed index="4" regionRef="TextRegion_1676275338509_775"/>
      </OrderedGroup>
    </ReadingOrder>
    <TextRegion id="TextRegion_1676275325368_749" custom="readingOrder {index:0;}" orientation="1.016175" readingDirection="left-to-right">
      <Coords points="123,375 955,375 963,805 123,805"/>
      <TextLine id="line_1676275306543_670" custom="readingOrder {index:0;}">
        <Coords points="123,376 190,376 195,388 218,387 227,380 240,380 246,385 261,382 266,385 268,392 315,392 338,381 414,380 424,383 429,392 470,391 485,381 493,380 499,384 501,390 553,389 632,383 641,378 649,378 654,383 661,375 676,378 687,375 783,375 785,382 841,379 845,382 870,383 907,382 911,379 921,379 925,382 955,380 956,428 896,428 884,420 874,428 704,427 631,432 500,435 495,439 486,441 480,435 466,435 457,443 449,445 422,445 413,438 404,437 246,436 240,436 234,444 228,444 219,432 211,431 124,433"/>
        <Baseline points="124,423 408,428 842,415 956,416"/>
        <Word id="region0001_line0001_word0000" custom="readingOrder {index:0;}">
          <Coords points="128,386 129,426 208,425 207,387 195,388 193,385"/>
          <TextEquiv conf="0.92549115">
            <Unicode>Vor</Unicode>
          </TextEquiv>
        </Word>
        <Word id="region0001_line0001_word0001" custom="readingOrder {index:1;}">
          <Coords points="223,386 224,434 335,432 334,384 331,384 315,392 268,392 266,385"/>
          <TextEquiv conf="0.92818093">
            <Unicode>ſeinem</Unicode>
          </TextEquiv>
        </Word>
        <Word id="region0001_line0001_word0002" custom="readingOrder {index:2;}">
          <Coords points="351,383 352,431 539,428 538,389 501,390 499,384 494,380 486,380 485,381 470,391 429,392 424,383 420,381"/>
          <TextEquiv conf="0.9254204">
            <Unicode>Weggehen</Unicode>
          </TextEquiv>
        </Word>
        <Word id="region0001_line0001_word0003" custom="readingOrder {index:3;}">
          <Coords points="556,390 624,389 625,416 557,417"/>
          <TextEquiv conf="0.9297275">
            <Unicode>war</Unicode>
          </TextEquiv>
        </Word>
        <Word id="region0001_line0001_word0004" custom="readingOrder {index:4;}">
          <Coords points="639,380 640,417 689,416 688,379 656,379 654,383 650,379"/>
          <TextEquiv conf="0.9323366">
            <Unicode>die</Unicode>
          </TextEquiv>
        </Word>
        <Word id="region0001_line0001_word0005" custom="readingOrder {index:5;}">
          <Coords points="707,377 708,416 848,413 847,382 845,382 841,379 785,382 783,375"/>
          <TextEquiv conf="0.9297589">
            <Unicode>Waͤrme</Unicode>
          </TextEquiv>
        </Word>
        <Word id="region0001_line0001_word0006" custom="readingOrder {index:6;}">
          <Coords points="909,379 907,382 870,383 862,382 863,415 955,413 954,381 925,382 921,379"/>
          <TextEquiv conf="0.92961615">
            <Unicode>unter</Unicode>
          </TextEquiv>
        </Word>
        <TextEquiv>
          <Unicode>Vor ſeinem Weggehen war die Waͤrme unter</Unicode>
        </TextEquiv>
      </TextLine>
      <TextLine id="line_1676275306544_672" custom="readingOrder {index:1;}">
        <Coords points="123,434 140,434 164,439 169,439 176,433 219,433 230,447 234,448 324,447 329,439 343,438 349,446 375,445 382,438 393,438 399,444 449,446 457,444 466,436 480,436 487,444 523,443 531,436 540,436 547,442 585,442 605,439 612,433 622,433 628,439 640,439 644,432 658,432 662,438 672,438 686,430 704,428 750,430 765,427 771,435 811,432 874,435 875,428 887,420 895,428 895,434 957,435 958,480 886,480 875,477 793,478 709,481 654,486 502,488 484,490 476,496 465,496 457,490 390,489 322,494 315,501 309,501 302,494 293,494 285,501 277,501 257,493 205,494 201,497 176,493 166,485 124,485"/>
        <Baseline points="124,475 301,485 776,468 957,468"/>
        <Word id="region0001_line0002_word0000" custom="readingOrder {index:0;}">
          <Coords points="128,445 182,444 183,480 129,481"/>
          <TextEquiv conf="0.93294495">
            <Unicode>der</Unicode>
          </TextEquiv>
        </Word>
        <Word id="region0001_line0002_word0001" custom="readingOrder {index:1;}">
          <Coords points="195,439 196,491 319,489 318,447 234,448 230,447 223,438"/>
          <TextEquiv conf="0.9306959">
            <Unicode>Zunge,</Unicode>
          </TextEquiv>
        </Word>
        <Word id="region0001_line0002_word0002" custom="readingOrder {index:2;}">
          <Coords points="332,441 333,479 365,479 364,445 349,446 345,441"/>
          <TextEquiv conf="0.92587805">
            <Unicode>in</Unicode>
          </TextEquiv>
        </Word>
        <Word id="region0001_line0002_word0003" custom="readingOrder {index:3;}">
          <Coords points="383,442 384,478 437,477 436,445 399,444 396,441"/>
          <TextEquiv conf="0.92587805">
            <Unicode>der</Unicode>
          </TextEquiv>
        </Word>
        <Word id="region0001_line0002_word0004" custom="readingOrder {index:4;}">
          <Coords points="464,437 457,444 450,445 451,485 552,483 551,442 547,442 540,436 530,436 523,443 487,444 481,437"/>
          <TextEquiv conf="0.92661595">
            <Unicode>Hand</Unicode>
          </TextEquiv>
        </Word>
        <Word id="region0001_line0002_word0005" custom="readingOrder {index:5;}">
          <Coords points="601,439 585,442 567,442 568,476 632,475 631,439"/>
          <TextEquiv conf="0.92661595">
            <Unicode>und</Unicode>
          </TextEquiv>
        </Word>
        <Word id="region0001_line0002_word0006" custom="readingOrder {index:6;}">
          <Coords points="647,438 648,475 691,474 690,437 673,437 672,438 662,438 662,438"/>
          <TextEquiv conf="0.9274276">
            <Unicode>im</Unicode>
          </TextEquiv>
        </Word>
        <Word id="region0001_line0002_word0007" custom="readingOrder {index:7;}">
          <Coords points="704,435 705,473 788,471 787,433 771,435 769,433"/>
          <TextEquiv conf="0.9315738">
            <Unicode>Urin</Unicode>
          </TextEquiv>
        </Word>
        <Word id="region0001_line0002_word0008" custom="readingOrder {index:8;}">
          <Coords points="803,440 866,439 867,468 804,469"/>
          <TextEquiv conf="0.92893225">
            <Unicode>von</Unicode>
          </TextEquiv>
        </Word>
        <Word id="region0001_line0002_word0009" custom="readingOrder {index:9;}">
          <Coords points="885,420 881,423 882,470 955,468 954,434 895,434 895,428 887,420"/>
          <TextEquiv>
            <Unicode>100</Unicode>
          </TextEquiv>
        </Word>
        <TextEquiv>
          <Unicode>der Zunge, in der Hand und im Urin von 100</Unicode>
        </TextEquiv>
      </TextLine>
      <TextLine id="line_1676275306546_674" custom="readingOrder {index:2;}">
        <Coords points="124,486 135,485 166,486 173,493 185,496 201,498 205,495 217,494 277,502 285,502 293,495 302,495 309,502 328,501 334,494 351,492 360,495 364,501 372,501 383,499 385,493 390,490 404,492 408,497 451,491 454,495 465,497 555,496 559,488 569,487 576,490 578,496 620,496 693,490 709,482 759,482 763,489 791,489 851,485 858,479 875,478 881,485 891,485 958,486 959,530 937,533 925,531 915,539 885,534 865,539 858,530 812,531 770,533 753,542 745,543 741,538 729,539 720,545 708,546 701,540 663,539 623,541 614,548 602,550 584,540 533,542 524,548 517,544 503,545 499,542 459,539 421,543 366,543 352,545 345,553 333,552 329,545 243,547 239,552 231,553 215,544 124,542 123,489"/>
        <Baseline points="124,531 253,537 958,517"/>
        <Word id="region0001_line0003_word0000" custom="readingOrder {index:0;}">
          <Coords points="129,493 129,542 176,543 241,542 240,497 217,494 205,495 201,498 185,496 173,493 172,492"/>
          <TextEquiv conf="0.9277357">
            <Unicode>Grad,</Unicode>
          </TextEquiv>
        </Word>
        <Word id="region0001_line0003_word0001" custom="readingOrder {index:1;}">
          <Coords points="292,495 285,502 277,502 261,499 262,533 321,532 320,501 309,502 302,495"/>
          <TextEquiv conf="0.9294564">
            <Unicode>wie</Unicode>
          </TextEquiv>
        </Word>
        <Word id="region0001_line0003_word0002" custom="readingOrder {index:2;}">
          <Coords points="334,494 335,540 374,540 373,500 372,501 364,501 360,495 357,494"/>
          <TextEquiv conf="0.9288472">
            <Unicode>ſie</Unicode>
          </TextEquiv>
        </Word>
        <Word id="region0001_line0003_word0003" custom="readingOrder {index:3;}">
          <Coords points="391,491 392,528 423,528 422,495 408,497 404,492 397,491"/>
          <TextEquiv conf="0.927621">
            <Unicode>in</Unicode>
          </TextEquiv>
        </Word>
        <Word id="region0001_line0003_word0004" custom="readingOrder {index:4;}">
          <Coords points="444,491 438,492 439,526 493,525 492,496 465,497 454,495 451,491"/>
          <TextEquiv conf="0.93091834">
            <Unicode>der</Unicode>
          </TextEquiv>
        </Word>
        <Word id="region0001_line0003_word0005" custom="readingOrder {index:5;}">
          <Coords points="507,536 674,533 673,491 620,496 578,496 576,490 569,487 559,488 555,496 506,496"/>
          <TextEquiv conf="0.9279025">
            <Unicode>geringern</Unicode>
          </TextEquiv>
        </Word>
        <Word id="region0001_line0003_word0006" custom="readingOrder {index:6;}">
          <Coords points="707,482 693,489 694,534 780,532 779,489 763,489 759,482 736,482"/>
          <TextEquiv conf="0.9275114">
            <Unicode>Hitze</Unicode>
          </TextEquiv>
        </Word>
        <Word id="region0001_line0003_word0007" custom="readingOrder {index:7;}">
          <Coords points="857,479 851,485 803,488 804,527 880,526 879,482 875,479"/>
          <TextEquiv conf="0.93133414">
            <Unicode>auch</Unicode>
          </TextEquiv>
        </Word>
        <Word id="region0001_line0003_word0008" custom="readingOrder {index:8;}">
          <Coords points="903,491 954,490 955,525 904,526"/>
          <TextEquiv>
            <Unicode>ge⸗</Unicode>
          </TextEquiv>
        </Word>
        <TextEquiv>
          <Unicode>Grad, wie ſie in der geringern Hitze auch ge⸗</Unicode>
        </TextEquiv>
      </TextLine>
      <TextLine id="line_1676275306547_676" custom="readingOrder {index:3;}">
        <Coords points="123,548 128,547 172,549 179,544 194,544 220,546 226,553 231,554 336,554 351,553 357,546 366,544 380,546 395,543 402,551 422,543 450,540 485,542 503,546 517,545 524,549 563,547 570,542 584,541 591,548 610,550 620,545 629,548 720,547 753,543 770,534 812,532 824,536 828,533 858,531 864,540 915,540 925,532 933,532 939,539 959,538 960,581 888,584 874,594 860,594 852,587 824,589 811,595 796,589 781,589 749,591 725,598 684,602 650,595 600,594 572,599 568,594 554,595 542,593 472,596 469,600 463,601 445,593 425,592 373,595 365,601 352,598 262,599 219,594 193,596 186,601 178,601 172,594 124,592"/>
        <Baseline points="124,582 672,586 960,572"/>
        <Word id="region0001_line0004_word0000" custom="readingOrder {index:0;}">
          <Coords points="225,555 130,557 130,592 172,594 178,601 186,601 193,596 219,594 225,594"/>
          <TextEquiv conf="0.9214267">
            <Unicode>weſen</Unicode>
          </TextEquiv>
        </Word>
        <Word id="region0001_line0004_word0001" custom="readingOrder {index:1;}">
          <Coords points="240,566 326,564 327,592 241,594"/>
          <TextEquiv conf="0.9214267">
            <Unicode>war:</Unicode>
          </TextEquiv>
        </Word>
        <Word id="region0001_line0004_word0002" custom="readingOrder {index:2;}">
          <Coords points="418,553 357,554 358,599 365,601 365,601 373,595 419,592"/>
          <TextEquiv conf="0.92351973">
            <Unicode>ſein</Unicode>
          </TextEquiv>
        </Word>
        <Word id="region0001_line0004_word0003" custom="readingOrder {index:3;}">
          <Coords points="445,549 445,593 449,594 512,594 535,593 535,548 524,549 522,548"/>
          <TextEquiv conf="0.92729646">
            <Unicode>Puls</Unicode>
          </TextEquiv>
        </Word>
        <Word id="region0001_line0004_word0004" custom="readingOrder {index:4;}">
          <Coords points="556,548 557,595 568,594 571,598 579,598 600,594 627,595 626,547 616,547 610,550 591,548 591,548"/>
          <TextEquiv conf="0.92530304">
            <Unicode>that</Unicode>
          </TextEquiv>
        </Word>
        <Word id="region0001_line0004_word0005" custom="readingOrder {index:5;}">
          <Coords points="651,557 721,555 722,592 652,594"/>
          <TextEquiv conf="0.9256941">
            <Unicode>139</Unicode>
          </TextEquiv>
        </Word>
        <Word id="region0001_line0004_word0006" custom="readingOrder {index:6;}">
          <Coords points="755,542 753,543 749,543 750,591 781,589 796,589 801,591 821,591 824,589 852,587 855,590 881,589 888,584 897,584 896,540 864,540 864,540"/>
          <TextEquiv conf="0.9274502">
            <Unicode>Schlaͤge</Unicode>
          </TextEquiv>
        </Word>
        <Word id="region0001_line0004_word0007" custom="readingOrder {index:7;}">
          <Coords points="921,542 954,541 955,577 922,578"/>
          <TextEquiv conf="0.9321558">
            <Unicode>in</Unicode>
          </TextEquiv>
        </Word>
        <TextEquiv>
          <Unicode>weſen war: ſein Puls that 139 Schlaͤge in</Unicode>
        </TextEquiv>
      </TextLine>
      <TextLine id="line_1676275306548_678" custom="readingOrder {index:4;}">
        <Coords points="129,593 178,602 186,602 193,597 214,595 256,598 270,606 302,606 307,603 347,604 352,601 365,602 373,596 410,593 445,594 469,604 507,603 527,594 542,594 554,596 568,595 572,600 595,598 600,595 620,595 626,600 641,601 661,597 679,603 732,598 749,592 774,594 781,590 796,590 801,595 811,596 829,590 833,596 882,594 888,585 901,585 906,592 960,589 961,635 856,639 801,644 792,650 785,650 779,644 761,645 755,653 743,652 739,645 541,649 533,654 522,649 492,650 464,646 441,649 205,653 191,647 166,643 124,643 123,602 124,595"/>
        <Baseline points="123,633 175,633 239,642 961,625"/>
        <Word id="region0001_line0005_word0000" custom="readingOrder {index:0;}">
          <Coords points="130,606 181,605 182,642 131,643"/>
          <TextEquiv conf="0.9216104">
            <Unicode>der</Unicode>
          </TextEquiv>
        </Word>
        <Word id="region0001_line0005_word0001" custom="readingOrder {index:1;}">
          <Coords points="195,605 196,646 344,643 343,603 307,603 302,606 270,606 265,603"/>
          <TextEquiv conf="0.9216104">
            <Unicode>Minute.</Unicode>
          </TextEquiv>
        </Word>
        <Word id="region0001_line0005_word0002" custom="readingOrder {index:2;}">
          <Coords points="398,599 399,645 543,643 542,597 519,597 507,603 469,604 455,598"/>
          <TextEquiv conf="0.91728586">
            <Unicode>Darauf</Unicode>
          </TextEquiv>
        </Word>
        <Word id="region0001_line0005_word0003" custom="readingOrder {index:3;}">
          <Coords points="553,599 554,637 678,635 677,602 661,597 659,597 641,601 626,600 623,597 590,598 572,600 570,598"/>
          <TextEquiv conf="0.9308286">
            <Unicode>kleidete</Unicode>
          </TextEquiv>
        </Word>
        <Word id="region0001_line0005_word0004" custom="readingOrder {index:4;}">
          <Coords points="694,607 726,606 727,633 695,634"/>
          <TextEquiv conf="0.9324559">
            <Unicode>er</Unicode>
          </TextEquiv>
        </Word>
        <Word id="region0001_line0005_word0005" custom="readingOrder {index:5;}">
          <Coords points="743,593 742,594 743,643 799,642 798,593 775,593 774,594 768,593"/>
          <TextEquiv conf="0.9309687">
            <Unicode>ſich</Unicode>
          </TextEquiv>
        </Word>
        <Word id="region0001_line0005_word0006" custom="readingOrder {index:6;}">
          <Coords points="816,595 817,632 849,631 848,595 833,596 832,594"/>
          <TextEquiv conf="0.9253589">
            <Unicode>in</Unicode>
          </TextEquiv>
        </Word>
        <Word id="region0001_line0005_word0007" custom="readingOrder {index:7;}">
          <Coords points="884,592 882,594 872,594 872,629 955,627 955,590 944,590 906,592 905,591"/>
          <TextEquiv conf="0.92529297">
            <Unicode>einer</Unicode>
          </TextEquiv>
        </Word>
        <TextEquiv>
          <Unicode>der Minute. Darauf kleidete er ſich in einer</Unicode>
        </TextEquiv>
      </TextLine>
      <TextLine id="line_1676275306549_680" custom="readingOrder {index:5;}">
        <Coords points="124,644 166,644 191,648 208,660 232,660 278,659 291,656 295,659 391,658 464,647 501,655 513,655 522,650 533,655 581,656 585,649 598,648 605,654 615,648 628,648 632,654 755,654 814,649 820,644 827,643 834,643 838,648 879,649 884,640 896,638 902,648 961,645 962,696 958,696 948,700 936,700 927,692 890,692 882,701 877,702 862,701 855,694 791,695 755,699 748,704 738,705 732,699 713,699 707,696 622,697 597,701 446,701 436,706 426,704 397,710 388,705 368,709 365,706 320,702 192,703 165,699 124,700"/>
        <Baseline points="124,690 395,696 962,685"/>
        <Word id="region0001_line0006_word0000" custom="readingOrder {index:0;}">
          <Coords points="132,653 133,694 270,691 270,659 232,660 208,660 196,651"/>
          <TextEquiv conf="0.9255323">
            <Unicode>Waͤrme</Unicode>
          </TextEquiv>
        </Word>
        <Word id="region0001_line0006_word0001" custom="readingOrder {index:1;}">
          <Coords points="283,659 283,688 347,687 347,658 295,659 295,659"/>
          <TextEquiv conf="0.92317337">
            <Unicode>von</Unicode>
          </TextEquiv>
        </Word>
        <Word id="region0001_line0006_word0002" custom="readingOrder {index:2;}">
          <Coords points="362,660 409,659 410,696 363,697"/>
          <TextEquiv conf="0.89782643">
            <Unicode>43</Unicode>
          </TextEquiv>
        </Word>
        <Word id="region0001_line0006_word0003" custom="readingOrder {index:3;}">
          <Coords points="438,687 537,686 537,655 533,655 522,650 513,655 501,655 464,647 438,650"/>
          <TextEquiv conf="0.92287797">
            <Unicode>Grad</Unicode>
          </TextEquiv>
        </Word>
        <Word id="region0001_line0006_word0004" custom="readingOrder {index:4;}">
          <Coords points="555,685 670,683 670,654 632,654 628,648 615,648 605,654 598,648 585,649 581,656 555,655"/>
          <TextEquiv conf="0.92906743">
            <Unicode>wieder</Unicode>
          </TextEquiv>
        </Word>
        <Word id="region0001_line0006_word0005" custom="readingOrder {index:5;}">
          <Coords points="691,655 752,654 753,689 692,690"/>
          <TextEquiv conf="0.93085784">
            <Unicode>an,</Unicode>
          </TextEquiv>
        </Word>
        <Word id="region0001_line0006_word0006" custom="readingOrder {index:6;}">
          <Coords points="775,678 840,677 840,648 838,648 834,643 827,643 820,644 814,649 775,652"/>
          <TextEquiv conf="0.93116045">
            <Unicode>und</Unicode>
          </TextEquiv>
        </Word>
        <Word id="region0001_line0006_word0007" custom="readingOrder {index:7;}">
          <Coords points="887,639 884,640 879,649 863,648 863,686 957,684 957,646 902,648 896,639"/>
          <TextEquiv conf="0.9282548">
            <Unicode>gieng</Unicode>
          </TextEquiv>
        </Word>
        <TextEquiv>
          <Unicode>Waͤrme von 43 Grad wieder an, und gieng</Unicode>
        </TextEquiv>
      </TextLine>
      <TextLine id="line_1676275306551_682" custom="readingOrder {index:6;}">
        <Coords points="906,701 899,693 890,693 882,702 877,703 812,703 802,696 788,697 785,702 782,698 769,699 762,703 743,706 715,706 714,701 707,697 692,699 684,706 649,706 635,698 622,698 607,707 597,707 591,700 577,701 572,707 541,706 535,701 488,702 464,706 446,702 438,708 426,705 397,711 388,706 372,710 322,711 315,704 306,704 298,711 290,704 276,704 271,712 255,713 226,710 216,702 203,704 196,709 188,702 181,702 172,707 165,700 154,701 145,706 124,706 124,753 175,755 195,752 205,757 388,752 467,755 600,754 616,754 620,757 637,754 643,759 648,759 661,751 670,750 689,752 694,758 706,760 715,757 718,750 797,748 826,750 834,755 849,755 859,749 887,747 916,747 924,754 962,752 961,700"/>
        <Baseline points="124,742 963,741"/>
        <Word id="region0001_line0007_word0000" custom="readingOrder {index:0;}">
          <Coords points="130,709 130,753 159,754 182,753 195,752 198,753 223,753 222,707 198,707 196,709 194,707"/>
          <TextEquiv conf="0.9259038">
            <Unicode>gleich</Unicode>
          </TextEquiv>
        </Word>
        <Word id="region0001_line0007_word0001" custom="readingOrder {index:1;}">
          <Coords points="245,712 245,748 359,746 359,710 322,711 322,711 271,712 271,712 255,713 245,712"/>
          <TextEquiv conf="0.9259038">
            <Unicode>wieder</Unicode>
          </TextEquiv>
        </Word>
        <Word id="region0001_line0007_word0002" custom="readingOrder {index:2;}">
          <Coords points="380,707 375,709 375,744 407,743 407,708 397,711 390,707"/>
          <TextEquiv conf="0.9318442">
            <Unicode>in</Unicode>
          </TextEquiv>
        </Word>
        <Word id="region0001_line0007_word0003" custom="readingOrder {index:3;}">
          <Coords points="422,708 422,745 470,744 470,707 438,708 438,708 437,708"/>
          <TextEquiv conf="0.92831767">
            <Unicode>die</Unicode>
          </TextEquiv>
        </Word>
        <Word id="region0001_line0007_word0004" custom="readingOrder {index:4;}">
          <Coords points="485,706 485,744 562,742 562,706 541,706 539,704"/>
          <TextEquiv conf="0.9278823">
            <Unicode>kalte</Unicode>
          </TextEquiv>
        </Word>
        <Word id="region0001_line0007_word0005" custom="readingOrder {index:5;}">
          <Coords points="577,702 578,749 657,748 656,706 649,706 640,701 616,701 607,707 597,707 592,701"/>
          <TextEquiv conf="0.926284">
            <Unicode>Luft,</Unicode>
          </TextEquiv>
        </Word>
        <Word id="region0001_line0007_word0006" custom="readingOrder {index:6;}">
          <Coords points="691,699 684,706 673,706 674,749 754,748 753,704 743,706 715,706 714,701 711,699"/>
          <TextEquiv conf="0.9313556">
            <Unicode>ohne</Unicode>
          </TextEquiv>
        </Word>
        <Word id="region0001_line0007_word0007" custom="readingOrder {index:7;}">
          <Coords points="770,700 770,736 818,735 818,703 812,703 806,699 786,699 785,702 783,699"/>
          <TextEquiv conf="0.92982936">
            <Unicode>die</Unicode>
          </TextEquiv>
        </Word>
        <Word id="region0001_line0007_word0008" custom="readingOrder {index:8;}">
          <Coords points="887,696 882,702 877,703 832,703 832,742 958,740 958,700 906,701 901,695"/>
          <TextEquiv>
            <Unicode>gering⸗</Unicode>
          </TextEquiv>
        </Word>
        <TextEquiv>
          <Unicode>gleich wieder in die kalte Luft, ohne die gering⸗</Unicode>
        </TextEquiv>
      </TextLine>
      <TextLine id="region0001_line0008" custom="readingOrder {index:7;}">
        <Coords points="124,755 123,772 123,805 172,805 199,804 217,805 393,805 400,804 419,805 586,805 652,802 665,792 673,794 679,801 804,799 812,798 817,793 817,762 812,757 800,756 714,758 701,761 677,758 676,753 661,752 648,760 472,763 426,761 420,755 409,755 402,761 395,761 388,753 364,755 358,762 326,762 312,761 309,756 302,754 283,754 269,759 249,761 243,756 205,758 195,753 186,753 178,758 131,754"/>
        <Baseline points="123,797 491,800 664,793 668,793 817,788"/>
        <Word id="word_1676275325406_752" custom="readingOrder {index:0;}">
          <Coords points="130,762 169,761 169,805 130,805"/>
          <TextEquiv conf="0.9329239">
            <Unicode>ſte</Unicode>
          </TextEquiv>
        </Word>
        <Word id="region0001_line0008_word0001" custom="readingOrder {index:1;}">
          <Coords points="185,762 255,761 255,802 185,803"/>
          <TextEquiv>
            <Unicode>uͤble</Unicode>
          </TextEquiv>
        </Word>
        <Word id="region0001_line0008_word0002" custom="readingOrder {index:2;}">
          <Coords points="272,761 273,808 274,808 387,806 400,804 425,805 497,804 496,763 472,763 426,761 423,758 405,759 402,761 395,761 393,759 360,759 358,762 326,762 312,761 312,760"/>
          <TextEquiv conf="0.9262338">
            <Unicode>Empfindung</Unicode>
          </TextEquiv>
        </Word>
        <Word id="region0001_line0008_word0003" custom="readingOrder {index:3;}">
          <Coords points="511,766 547,766 548,804 512,804"/>
          <TextEquiv conf="0.9299324">
            <Unicode>zu</Unicode>
          </TextEquiv>
        </Word>
        <Word id="region0001_line0008_word0004" custom="readingOrder {index:4;}">
          <Coords points="656,754 648,760 561,761 561,793 761,790 761,756 714,758 701,761 677,758 676,754"/>
          <TextEquiv conf="0.9068557">
            <Unicode>vernehmen.</Unicode>
          </TextEquiv>
        </Word>
        <TextEquiv>
          <Unicode>ſte uͤble Empfindung zu vernehmen.</Unicode>
        </TextEquiv>
      </TextLine>
      <TextEquiv>
        <Unicode>Vor ſeinem Weggehen war die Waͤrme unter
der Zunge, in der Hand und im Urin von 100
Grad, wie ſie in der geringern Hitze auch ge⸗
weſen war: ſein Puls that 139 Schlaͤge in
der Minute. Darauf kleidete er ſich in einer
Waͤrme von 43 Grad wieder an, und gieng
gleich wieder in die kalte Luft, ohne die gering⸗
ſte uͤble Empfindung zu vernehmen.</Unicode>
      </TextEquiv>
    </TextRegion>
    <TextRegion id="TextRegion_1676275325368_748" custom="readingOrder {index:1;}" orientation="1.016175" readingDirection="left-to-right">
      <Coords points="123,805 963,805 979,1534 123,1534"/>
      <TextLine id="line_1676275306555_684" custom="readingOrder {index:0;}">
        <Coords points="150,807 124,815 123,851 128,856 136,858 157,856 164,860 178,861 244,861 251,867 261,867 266,861 271,860 276,865 283,867 293,858 330,861 335,866 383,857 397,866 407,858 503,858 515,864 540,857 578,857 591,862 600,855 630,853 640,853 644,856 768,851 786,852 793,857 804,858 818,850 879,853 885,848 906,849 917,846 963,846 963,805 849,805 763,808 759,805 653,805 653,810 637,809 633,805 618,805 611,809 604,805 586,805 580,810 542,808 519,815 510,811 488,816 432,815 425,814 419,807 401,805 387,806 378,813 367,815 362,814 358,808 349,811 337,808 331,814 325,814 320,809 253,808 242,811 216,805"/>
        <Baseline points="123,847 472,849 965,837"/>
        <Word id="region0001_line0009_word0000" custom="readingOrder {index:0;}">
          <Coords points="184,812 234,811 234,852 184,853"/>
          <TextEquiv conf="0.9254766">
            <Unicode>Er</Unicode>
          </TextEquiv>
        </Word>
        <Word id="region0001_line0009_word0001" custom="readingOrder {index:1;}">
          <Coords points="249,812 249,859 293,858 293,858 296,858 370,857 370,814 367,815 362,814 359,810 351,810 349,811 347,810 334,811 331,814 325,814 322,811"/>
          <TextEquiv conf="0.9277949">
            <Unicode>ſchließt</Unicode>
          </TextEquiv>
        </Word>
        <Word id="region0001_line0009_word0002" custom="readingOrder {index:2;}">
          <Coords points="386,808 386,857 527,855 527,812 519,815 510,811 488,816 432,815 425,814 419,807"/>
          <TextEquiv conf="0.9131412">
            <Unicode>hieraus,</Unicode>
          </TextEquiv>
        </Word>
        <Word id="region0001_line0009_word0003" custom="readingOrder {index:3;}">
          <Coords points="540,854 605,853 605,807 583,807 580,810 542,808 540,808"/>
          <TextEquiv conf="0.9131412">
            <Unicode>daß</Unicode>
          </TextEquiv>
        </Word>
        <Word id="region0001_line0009_word0004" custom="readingOrder {index:4;}">
          <Coords points="665,793 653,803 653,810 637,809 633,804 621,804 622,845 676,844 675,797 673,795 666,793"/>
          <TextEquiv conf="0.92188805">
            <Unicode>der</Unicode>
          </TextEquiv>
        </Word>
        <Word id="region0001_line0009_word0005" custom="readingOrder {index:5;}">
          <Coords points="691,804 691,849 880,846 880,804 763,808 756,802"/>
          <TextEquiv conf="0.92188805">
            <Unicode>Uebergang</Unicode>
          </TextEquiv>
        </Word>
        <Word id="word_1676275325406_753" custom="readingOrder {index:6;}">
          <Coords points="896,805 960,805 960,834 896,835"/>
          <TextEquiv conf="0.91860527">
            <Unicode>aus</Unicode>
          </TextEquiv>
        </Word>
        <TextEquiv>
          <Unicode>Er ſchließt hieraus, daß der Uebergang aus</Unicode>
        </TextEquiv>
      </TextLine>
      <TextLine id="line_1676275306558_686" custom="readingOrder {index:1;}">
        <Coords points="940,853 935,849 922,847 909,848 902,854 895,848 885,849 879,854 839,857 818,851 804,859 789,856 775,858 768,852 754,853 748,858 741,853 730,853 724,860 714,862 672,860 657,855 644,857 640,854 623,857 600,856 591,863 581,860 557,864 550,857 540,858 534,864 531,860 515,865 484,865 481,860 465,859 460,866 437,867 428,859 407,859 397,867 383,858 367,865 328,867 316,867 309,860 293,859 283,868 173,864 165,863 157,857 145,858 141,863 124,863 123,906 144,905 200,911 219,909 234,918 249,917 254,913 283,912 285,916 295,918 306,909 314,909 371,913 378,918 411,913 428,919 435,917 438,911 495,907 664,907 699,906 715,902 725,905 750,903 758,910 771,909 775,906 801,905 805,910 816,911 822,904 831,903 851,902 855,908 866,909 873,901 889,903 932,899 965,898 964,853"/>
        <Baseline points="123,896 378,903 967,887"/>
        <Word id="region0001_line0010_word0000" custom="readingOrder {index:0;}">
          <Coords points="133,867 133,904 214,902 214,865 205,865"/>
          <TextEquiv conf="0.9306001">
            <Unicode>einer</Unicode>
          </TextEquiv>
        </Word>
        <Word id="region0001_line0010_word0001" custom="readingOrder {index:1;}">
          <Coords points="286,865 283,868 228,866 228,912 303,910 306,909 314,909 332,910 349,910 349,865 328,867 316,867 313,864"/>
          <TextEquiv conf="0.92390984">
            <Unicode>großen</Unicode>
          </TextEquiv>
        </Word>
        <Word id="region0001_line0010_word0002" custom="readingOrder {index:2;}">
          <Coords points="372,862 367,865 363,865 363,911 452,909 452,866 437,867 430,861 403,862 397,867 389,862"/>
          <TextEquiv conf="0.92478186">
            <Unicode>Hitze</Unicode>
          </TextEquiv>
        </Word>
        <Word id="region0001_line0010_word0003" custom="readingOrder {index:3;}">
          <Coords points="468,864 468,901 499,900 499,865 484,865 483,863"/>
          <TextEquiv conf="0.93220824">
            <Unicode>in</Unicode>
          </TextEquiv>
        </Word>
        <Word id="region0001_line0010_word0004" custom="readingOrder {index:4;}">
          <Coords points="521,862 518,864 518,899 567,898 567,862 557,864 555,862 535,862 534,864 533,862"/>
          <TextEquiv conf="0.9193737">
            <Unicode>die</Unicode>
          </TextEquiv>
        </Word>
        <Word id="region0001_line0010_word0005" custom="readingOrder {index:5;}">
          <Coords points="593,860 591,863 586,861 586,900 684,898 684,860 672,860 669,859"/>
          <TextEquiv conf="0.9193737">
            <Unicode>Kaͤlte</Unicode>
          </TextEquiv>
        </Word>
        <Word id="region0001_line0010_word0006" custom="readingOrder {index:6;}">
          <Coords points="790,901 790,858 724,860 724,860 714,862 708,862 708,903 711,903 715,902 718,903"/>
          <TextEquiv conf="0.92931974">
            <Unicode>nicht</Unicode>
          </TextEquiv>
        </Word>
        <Word id="region0001_line0010_word0007" custom="readingOrder {index:7;}">
          <Coords points="808,857 805,858 806,903 837,902 836,856 836,856"/>
          <TextEquiv conf="0.92717004">
            <Unicode>ſo</Unicode>
          </TextEquiv>
        </Word>
        <Word id="region0001_line0010_word0008" custom="readingOrder {index:8;}">
          <Coords points="869,855 856,856 857,902 872,902 873,901 878,902 911,901 932,899 961,899 960,853 951,853"/>
          <TextEquiv>
            <Unicode>ſchaͤd⸗</Unicode>
          </TextEquiv>
        </Word>
        <TextEquiv>
          <Unicode>einer großen Hitze in die Kaͤlte nicht ſo ſchaͤd⸗</Unicode>
        </TextEquiv>
      </TextLine>
      <TextLine id="line_1676275306559_688" custom="readingOrder {index:2;}">
        <Coords points="950,906 943,900 932,900 926,905 921,901 908,902 904,905 873,902 866,910 816,912 773,909 758,911 750,904 734,906 727,912 724,905 715,903 700,906 698,914 626,913 619,907 604,908 595,914 576,915 555,912 548,909 532,911 518,908 512,911 507,908 495,908 479,917 425,920 334,916 320,915 314,910 306,910 295,919 235,919 219,910 188,914 178,908 166,908 160,912 154,908 133,906 123,907 123,960 152,958 165,960 171,966 185,959 197,959 203,966 208,967 220,961 233,960 248,960 261,965 274,958 299,961 342,956 383,961 442,959 466,963 480,960 489,969 500,969 509,968 516,963 559,958 587,961 740,956 748,962 760,956 792,962 824,955 868,951 966,950 965,906"/>
        <Baseline points="123,950 491,953 968,940"/>
        <Word id="region0001_line0011_word0000" custom="readingOrder {index:0;}">
          <Coords points="133,913 134,959 138,958 152,958 155,958 188,958 187,913 184,912"/>
          <TextEquiv conf="0.91593325">
            <Unicode>lich</Unicode>
          </TextEquiv>
        </Word>
        <Word id="region0001_line0011_word0001" custom="readingOrder {index:1;}">
          <Coords points="202,915 203,958 272,956 271,919 235,919 226,914"/>
          <TextEquiv conf="0.9301357">
            <Unicode>ſey,</Unicode>
          </TextEquiv>
        </Word>
        <Word id="region0001_line0011_word0002" custom="readingOrder {index:2;}">
          <Coords points="305,910 295,919 279,919 280,948 332,947 331,915 320,915 314,910"/>
          <TextEquiv conf="0.92927325">
            <Unicode>als</Unicode>
          </TextEquiv>
        </Word>
        <Word id="region0001_line0011_word0003" custom="readingOrder {index:3;}">
          <Coords points="347,921 425,920 425,949 347,950"/>
          <TextEquiv conf="0.92963254">
            <Unicode>man</Unicode>
          </TextEquiv>
        </Word>
        <Word id="region0001_line0011_word0004" custom="readingOrder {index:4;}">
          <Coords points="494,908 479,917 438,919 439,957 525,956 524,909 518,908 518,908 512,911 507,908"/>
          <TextEquiv conf="0.9239753">
            <Unicode>wohl</Unicode>
          </TextEquiv>
        </Word>
        <Word id="region0001_line0011_word0005" custom="readingOrder {index:5;}">
          <Coords points="606,907 604,908 595,914 576,915 555,912 548,909 539,910 540,946 656,944 655,913 626,913 619,907"/>
          <TextEquiv conf="0.9239753">
            <Unicode>denken</Unicode>
          </TextEquiv>
        </Word>
        <Word id="region0001_line0011_word0006" custom="readingOrder {index:6;}">
          <Coords points="672,952 803,950 802,911 773,909 758,911 750,904 734,906 727,912 724,905 715,903 700,906 698,914 671,913"/>
          <TextEquiv conf="0.89666456">
            <Unicode>moͤchte,</Unicode>
          </TextEquiv>
        </Word>
        <Word id="region0001_line0011_word0007" custom="readingOrder {index:7;}">
          <Coords points="872,902 866,910 824,911 825,941 896,939 895,904 877,902"/>
          <TextEquiv conf="0.9298906">
            <Unicode>weil</Unicode>
          </TextEquiv>
        </Word>
        <Word id="region0001_line0011_word0008" custom="readingOrder {index:8;}">
          <Coords points="910,903 911,938 962,937 961,906 950,906 945,902 928,902 926,905 923,902"/>
          <TextEquiv conf="0.9323714">
            <Unicode>die</Unicode>
          </TextEquiv>
        </Word>
        <TextEquiv>
          <Unicode>lich ſey, als man wohl denken moͤchte, weil die</Unicode>
        </TextEquiv>
      </TextLine>
      <TextLine id="line_1676275306560_690" custom="readingOrder {index:3;}">
        <Coords points="955,958 950,957 945,952 930,952 926,957 921,953 888,957 883,953 868,952 862,954 858,960 834,959 832,957 824,956 792,963 760,957 748,963 740,957 734,957 729,963 701,962 697,965 601,968 581,967 579,961 559,959 549,967 512,967 500,970 489,970 480,961 461,966 448,966 442,960 426,962 421,966 395,966 356,958 336,957 297,965 289,965 284,959 274,959 261,966 248,961 233,961 225,965 208,968 203,967 197,960 185,960 171,967 159,966 158,961 152,959 137,959 132,961 130,968 123,968 123,1009 165,1007 188,1012 203,1008 276,1011 303,1007 348,1006 358,1012 414,1010 428,1007 434,1010 457,1007 463,1011 538,1007 554,1010 562,1010 569,1004 576,1010 608,1009 617,1005 632,1008 651,1007 656,1011 682,1016 692,1016 701,1012 721,1011 732,1006 759,1014 770,1008 787,1013 792,1010 834,1006 857,1006 867,1010 877,1004 967,1002 966,958"/>
        <Baseline points="123,999 756,1000 969,993"/>
        <Word id="region0001_line0012_word0000" custom="readingOrder {index:0;}">
          <Coords points="133,968 134,1008 165,1007 188,1012 203,1008 276,1011 303,1007 307,1007 306,965 261,966 261,966 260,966 216,967 208,968 203,967 203,967"/>
          <TextEquiv conf="0.9290862">
            <Unicode>aͤußerliche</Unicode>
          </TextEquiv>
        </Word>
        <Word id="region0001_line0012_word0001" custom="readingOrder {index:1;}">
          <Coords points="327,965 327,1006 348,1006 350,1007 531,1005 530,967 512,967 500,970 489,970 481,962 472,962 461,966 448,966 445,963 424,963 421,966 395,966 385,964"/>
          <TextEquiv>
            <Unicode>Circulation</Unicode>
          </TextEquiv>
        </Word>
        <Word id="region0001_line0012_word0002" custom="readingOrder {index:2;}">
          <Coords points="555,962 553,963 554,1004 569,1004 587,1004 586,967 581,967 579,962"/>
          <TextEquiv conf="0.9310776">
            <Unicode>ſo</Unicode>
          </TextEquiv>
        </Word>
        <Word id="region0001_line0012_word0003" custom="readingOrder {index:3;}">
          <Coords points="712,1005 711,966 607,968 608,1006 614,1005 617,1005 621,1005"/>
          <TextEquiv conf="0.9258376">
            <Unicode>erregt</Unicode>
          </TextEquiv>
        </Word>
        <Word id="region0001_line0012_word0004" custom="readingOrder {index:4;}">
          <Coords points="736,959 737,1004 794,1003 793,962 792,963 767,958 756,958 748,963 742,958"/>
          <TextEquiv conf="0.92364573">
            <Unicode>iſt,</Unicode>
          </TextEquiv>
        </Word>
        <Word id="region0001_line0012_word0005" custom="readingOrder {index:5;}">
          <Coords points="820,1003 884,1002 883,955 861,955 858,960 834,959 832,957 824,956 819,957"/>
          <TextEquiv conf="0.9280813">
            <Unicode>daß</Unicode>
          </TextEquiv>
        </Word>
        <Word id="region0001_line0012_word0006" custom="readingOrder {index:6;}">
          <Coords points="910,957 911,993 963,992 962,958 955,958 950,957 949,956 926,957 926,957 926,957"/>
          <TextEquiv conf="0.93159086">
            <Unicode>die</Unicode>
          </TextEquiv>
        </Word>
        <TextEquiv>
          <Unicode>aͤußerliche Circulation ſo erregt iſt, daß die</Unicode>
        </TextEquiv>
      </TextLine>
      <TextLine id="line_1676275306560_692" custom="readingOrder {index:4;}">
        <Coords points="916,1011 889,1009 883,1005 877,1005 867,1011 842,1009 787,1014 775,1009 759,1015 732,1007 720,1015 682,1017 657,1015 651,1008 632,1009 626,1006 617,1006 606,1013 577,1013 569,1005 562,1011 549,1011 546,1014 538,1008 530,1008 521,1014 515,1008 493,1013 463,1012 457,1008 436,1012 428,1008 417,1009 412,1014 393,1015 358,1013 348,1007 303,1008 293,1013 269,1011 262,1013 256,1010 215,1014 203,1009 188,1013 175,1009 143,1009 123,1010 123,1060 277,1056 309,1064 328,1059 334,1067 354,1065 359,1061 391,1058 443,1059 446,1062 461,1058 554,1054 558,1057 633,1055 773,1058 782,1062 801,1061 829,1053 843,1055 952,1053 968,1054 967,1011"/>
        <Baseline points="123,1051 970,1045"/>
        <Word id="region0001_line0013_word0000" custom="readingOrder {index:0;}">
          <Coords points="132,1020 231,1018 232,1057 133,1059"/>
          <TextEquiv conf="0.9266583">
            <Unicode>Kaͤlte</Unicode>
          </TextEquiv>
        </Word>
        <Word id="region0001_line0013_word0001" custom="readingOrder {index:1;}">
          <Coords points="248,1015 248,1056 277,1056 309,1064 328,1059 332,1064 354,1064 359,1061 377,1059 377,1014 362,1013"/>
          <TextEquiv conf="0.6398662">
            <Unicode>dieſelbe</Unicode>
          </TextEquiv>
        </Word>
        <Word id="region0001_line0013_word0002" custom="readingOrder {index:2;}">
          <Coords points="396,1015 482,1014 483,1057 397,1058"/>
          <TextEquiv conf="0.92988676">
            <Unicode>nicht</Unicode>
          </TextEquiv>
        </Word>
        <Word id="region0001_line0013_word0003" custom="readingOrder {index:3;}">
          <Coords points="511,1008 502,1010 503,1056 509,1055 554,1054 555,1055 590,1055 589,1013 577,1013 572,1008 565,1008 562,1011 549,1011 546,1014 538,1008 528,1008 521,1014 515,1008"/>
          <TextEquiv conf="0.9298427">
            <Unicode>leicht</Unicode>
          </TextEquiv>
        </Word>
        <Word id="region0001_line0013_word0004" custom="readingOrder {index:4;}">
          <Coords points="614,1010 615,1054 842,1050 841,1009 787,1014 775,1009 759,1015 734,1007 730,1007 720,1015 682,1017 657,1015 652,1009"/>
          <TextEquiv conf="0.8918712">
            <Unicode>uͤberwaͤltigen</Unicode>
          </TextEquiv>
        </Word>
        <Word id="region0001_line0013_word0005" custom="readingOrder {index:5;}">
          <Coords points="874,1007 867,1011 866,1011 867,1042 967,1040 966,1012 916,1011 889,1009 885,1007"/>
          <TextEquiv conf="0.92040706">
            <Unicode>kann.</Unicode>
          </TextEquiv>
        </Word>
        <TextEquiv>
          <Unicode>Kaͤlte dieſelbe nicht leicht uͤberwaͤltigen kann.</Unicode>
        </TextEquiv>
      </TextLine>
      <TextLine id="line_1676275306561_694" custom="readingOrder {index:5;}">
        <Coords points="123,1061 140,1060 181,1061 186,1066 206,1060 214,1060 218,1067 252,1064 262,1067 267,1060 277,1057 309,1065 328,1060 334,1068 444,1064 461,1059 466,1060 468,1064 497,1064 503,1057 554,1055 558,1058 592,1057 606,1063 616,1056 633,1056 641,1063 652,1063 660,1057 673,1056 679,1062 719,1064 793,1063 816,1060 829,1054 840,1054 845,1059 859,1056 863,1059 897,1060 934,1058 939,1055 952,1054 957,1057 970,1056 971,1103 947,1105 901,1102 890,1107 876,1107 871,1111 859,1111 854,1105 844,1105 837,1111 830,1112 822,1107 748,1106 741,1106 735,1111 717,1112 710,1105 691,1108 677,1106 669,1111 663,1112 661,1109 631,1107 623,1110 528,1109 512,1111 489,1107 481,1110 409,1112 347,1108 320,1115 285,1114 279,1119 266,1114 221,1115 219,1121 205,1126 194,1123 192,1116 123,1116"/>
        <Baseline points="123,1104 971,1090"/>
        <Word id="region0001_line0014_word0000" custom="readingOrder {index:0;}">
          <Coords points="132,1070 183,1069 184,1111 133,1112"/>
          <TextEquiv conf="0.93163604">
            <Unicode>Er</Unicode>
          </TextEquiv>
        </Word>
        <Word id="region0001_line0014_word0001" custom="readingOrder {index:1;}">
          <Coords points="252,1070 196,1071 197,1123 214,1122 219,1121 221,1115 252,1114"/>
          <TextEquiv conf="0.9325403">
            <Unicode>hat</Unicode>
          </TextEquiv>
        </Word>
        <Word id="region0001_line0014_word0002" custom="readingOrder {index:2;}">
          <Coords points="266,1068 266,1114 270,1115 283,1115 285,1114 315,1114 321,1114 347,1108 392,1110 392,1065 334,1068 332,1066"/>
          <TextEquiv conf="0.9206555">
            <Unicode>ſeitdem</Unicode>
          </TextEquiv>
        </Word>
        <Word id="region0001_line0014_word0003" custom="readingOrder {index:3;}">
          <Coords points="407,1068 522,1066 523,1105 408,1107"/>
          <TextEquiv conf="0.92910624">
            <Unicode>andere</Unicode>
          </TextEquiv>
        </Word>
        <Word id="region0001_line0014_word0004" custom="readingOrder {index:4;}">
          <Coords points="538,1063 538,1109 603,1109 624,1109 631,1107 657,1108 673,1108 677,1106 691,1108 698,1106 698,1062 679,1062 677,1060 654,1060 652,1063 641,1063 638,1061 607,1061 606,1063 603,1061"/>
          <TextEquiv conf="0.93173593">
            <Unicode>Verſuche</Unicode>
          </TextEquiv>
        </Word>
        <Word id="region0001_line0014_word0005" custom="readingOrder {index:5;}">
          <Coords points="820,1057 816,1060 793,1063 719,1064 716,1063 717,1106 873,1103 872,1059 863,1059 860,1057 852,1057 845,1059 843,1057"/>
          <TextEquiv conf="0.9285854">
            <Unicode>gemacht,</Unicode>
          </TextEquiv>
        </Word>
        <Word id="region0001_line0014_word0006" custom="readingOrder {index:6;}">
          <Coords points="894,1061 963,1060 964,1095 895,1096"/>
          <TextEquiv conf="0.9324994">
            <Unicode>und</Unicode>
          </TextEquiv>
        </Word>
        <TextEquiv>
          <Unicode>Er hat ſeitdem andere Verſuche gemacht, und</Unicode>
        </TextEquiv>
      </TextLine>
      <TextLine id="line_1676275306564_696" custom="readingOrder {index:6;}">
        <Coords points="151,1116 167,1117 170,1123 193,1123 205,1127 218,1122 258,1122 263,1115 278,1120 289,1117 294,1121 335,1121 337,1113 347,1109 363,1113 384,1110 389,1113 391,1120 455,1120 472,1119 476,1112 489,1108 502,1110 503,1118 554,1113 605,1115 610,1109 623,1111 631,1108 637,1114 662,1116 677,1107 683,1107 686,1113 698,1106 710,1106 717,1113 735,1112 741,1107 748,1107 754,1114 763,1115 835,1113 844,1106 854,1106 859,1112 884,1112 895,1104 923,1103 927,1105 929,1112 971,1110 972,1154 937,1155 909,1152 813,1158 758,1157 745,1166 722,1158 702,1164 682,1157 483,1163 450,1166 443,1173 432,1174 427,1167 404,1166 382,1167 378,1173 368,1173 361,1166 354,1166 302,1174 297,1168 192,1169 124,1166 123,1123 144,1122"/>
        <Baseline points="124,1156 972,1143"/>
        <Word id="region0001_line0015_word0000" custom="readingOrder {index:0;}">
          <Coords points="135,1123 136,1162 203,1161 202,1126 193,1123 170,1123 170,1122"/>
          <TextEquiv conf="0.9321806">
            <Unicode>eine</Unicode>
          </TextEquiv>
        </Word>
        <Word id="region0001_line0015_word0001" custom="readingOrder {index:1;}">
          <Coords points="217,1160 290,1159 289,1120 259,1120 258,1122 218,1122 216,1122"/>
          <TextEquiv conf="0.9244286">
            <Unicode>weit</Unicode>
          </TextEquiv>
        </Word>
        <Word id="region0001_line0015_word0002" custom="readingOrder {index:2;}">
          <Coords points="337,1113 335,1121 305,1121 306,1168 347,1167 354,1166 361,1166 362,1167 447,1165 446,1120 391,1120 389,1113 388,1112 365,1113 363,1113 362,1113"/>
          <TextEquiv conf="0.8932299">
            <Unicode>groͤßere,</Unicode>
          </TextEquiv>
        </Word>
        <Word id="region0001_line0015_word0003" custom="readingOrder {index:3;}">
          <Coords points="475,1112 472,1119 462,1119 463,1155 537,1154 536,1114 503,1118 502,1112"/>
          <TextEquiv conf="0.93058854">
            <Unicode>aber</Unicode>
          </TextEquiv>
        </Word>
        <Word id="region0001_line0015_word0004" custom="readingOrder {index:4;}">
          <Coords points="668,1112 662,1116 637,1114 631,1108 623,1111 610,1109 605,1115 554,1113 552,1113 552,1160 668,1157"/>
          <TextEquiv conf="0.9301501">
            <Unicode>trockne</Unicode>
          </TextEquiv>
        </Word>
        <Word id="region0001_line0015_word0005" custom="readingOrder {index:5;}">
          <Coords points="772,1114 763,1115 754,1114 748,1107 741,1107 735,1112 717,1113 710,1106 698,1106 686,1112 686,1158 702,1164 722,1158 743,1165 745,1165 758,1157 772,1157"/>
          <TextEquiv conf="0.92685187">
            <Unicode>Hitze</Unicode>
          </TextEquiv>
        </Word>
        <Word id="region0001_line0015_word0006" custom="readingOrder {index:6;}">
          <Coords points="836,1112 835,1113 794,1114 795,1149 868,1148 867,1112"/>
          <TextEquiv conf="0.9251308">
            <Unicode>weit</Unicode>
          </TextEquiv>
        </Word>
        <Word id="region0001_line0015_word0007" custom="readingOrder {index:7;}">
          <Coords points="893,1109 894,1146 964,1145 963,1111 929,1112 928,1108"/>
          <TextEquiv conf="0.74846894">
            <Unicode>laͤn⸗</Unicode>
          </TextEquiv>
        </Word>
        <TextEquiv>
          <Unicode>eine weit groͤßere, aber trockne Hitze weit laͤn⸗</Unicode>
        </TextEquiv>
      </TextLine>
      <TextLine id="line_1676275306566_698" custom="readingOrder {index:7;}">
        <Coords points="950,1162 936,1155 904,1153 818,1157 789,1162 776,1163 773,1159 758,1158 745,1167 729,1164 722,1159 702,1165 689,1165 688,1161 682,1158 668,1160 657,1168 595,1170 591,1162 578,1162 571,1170 552,1172 502,1171 497,1163 483,1164 472,1172 443,1174 368,1174 361,1167 350,1168 343,1174 328,1170 300,1176 257,1174 253,1177 234,1178 151,1174 123,1175 124,1219 191,1223 218,1219 224,1222 261,1223 265,1227 280,1226 285,1229 304,1224 311,1231 326,1232 332,1228 334,1222 339,1221 408,1221 426,1228 439,1222 476,1219 479,1225 484,1227 498,1226 507,1215 526,1216 540,1212 549,1212 557,1215 631,1214 645,1211 699,1209 707,1214 722,1209 743,1210 746,1217 760,1219 767,1211 849,1208 858,1205 872,1208 898,1205 924,1208 971,1207 970,1161"/>
        <Baseline points="124,1210 269,1214 973,1195"/>
        <Word id="region0001_line0016_word0000" custom="readingOrder {index:0;}">
          <Coords points="135,1183 190,1182 191,1217 136,1218"/>
          <TextEquiv conf="0.9309079">
            <Unicode>ger</Unicode>
          </TextEquiv>
        </Word>
        <Word id="region0001_line0016_word0001" custom="readingOrder {index:1;}">
          <Coords points="257,1174 253,1177 234,1178 206,1177 207,1221 218,1219 224,1222 261,1223 263,1225 303,1224 304,1224 304,1224 333,1224 334,1222 339,1221 408,1221 412,1222 436,1222 435,1174 368,1174 366,1172 345,1173 343,1174 338,1173 313,1173 300,1176 259,1174"/>
          <TextEquiv conf="0.9263178">
            <Unicode>ausgehalten,</Unicode>
          </TextEquiv>
        </Word>
        <Word id="region0001_line0016_word0002" custom="readingOrder {index:2;}">
          <Coords points="474,1171 472,1172 460,1173 461,1220 476,1219 477,1221 503,1220 507,1215 526,1216 540,1212 541,1212 540,1172 502,1171 502,1170"/>
          <TextEquiv conf="0.9254684">
            <Unicode>ohne</Unicode>
          </TextEquiv>
        </Word>
        <Word id="region0001_line0016_word0003" custom="readingOrder {index:3;}">
          <Coords points="572,1168 571,1170 562,1170 563,1209 681,1207 680,1167 657,1167 657,1168 595,1170 594,1168"/>
          <TextEquiv conf="0.929941">
            <Unicode>einmal</Unicode>
          </TextEquiv>
        </Word>
        <Word id="region0001_line0016_word0004" custom="readingOrder {index:4;}">
          <Coords points="732,1167 700,1168 700,1210 707,1214 722,1209 732,1209"/>
          <TextEquiv conf="0.917799">
            <Unicode>ſo</Unicode>
          </TextEquiv>
        </Word>
        <Word id="region0001_line0016_word0005" custom="readingOrder {index:5;}">
          <Coords points="845,1167 747,1169 748,1216 762,1215 767,1211 845,1208"/>
          <TextEquiv conf="0.92664963">
            <Unicode>ſtarke</Unicode>
          </TextEquiv>
        </Word>
        <Word id="region0001_line0016_word0006" custom="readingOrder {index:6;}">
          <Coords points="965,1204 964,1164 868,1166 869,1206 893,1205 898,1205 900,1205"/>
          <TextEquiv>
            <Unicode>Wir⸗</Unicode>
          </TextEquiv>
        </Word>
        <TextEquiv>
          <Unicode>ger ausgehalten, ohne einmal ſo ſtarke Wir⸗</Unicode>
        </TextEquiv>
      </TextLine>
      <TextLine id="line_1676275306567_700" custom="readingOrder {index:8;}">
        <Coords points="957,1210 952,1213 904,1215 902,1208 890,1207 876,1215 874,1209 858,1206 847,1209 843,1215 809,1215 781,1219 750,1220 741,1218 737,1212 731,1210 717,1210 707,1215 699,1210 684,1210 637,1213 628,1215 622,1223 559,1224 558,1217 553,1214 540,1213 532,1216 530,1225 525,1217 511,1215 505,1217 498,1227 445,1224 426,1229 326,1233 285,1230 280,1227 225,1230 224,1223 218,1220 210,1221 201,1224 199,1229 191,1229 165,1221 124,1220 124,1271 190,1275 207,1282 244,1274 277,1276 353,1274 384,1276 389,1280 397,1282 425,1272 502,1269 510,1279 526,1276 532,1269 643,1265 847,1265 885,1262 897,1269 914,1269 925,1262 939,1261 972,1260 971,1210"/>
        <Baseline points="124,1262 355,1265 975,1251"/>
        <Word id="region0001_line0017_word0000" custom="readingOrder {index:0;}">
          <Coords points="137,1226 137,1271 190,1275 197,1278 227,1277 244,1274 257,1274 257,1228 225,1230 224,1224 200,1224 199,1229 191,1229 178,1225"/>
          <TextEquiv conf="0.9246369">
            <Unicode>kungen</Unicode>
          </TextEquiv>
        </Word>
        <Word id="region0001_line0017_word0001" custom="readingOrder {index:1;}">
          <Coords points="272,1230 273,1266 378,1265 377,1231 326,1233 285,1230 285,1230"/>
          <TextEquiv conf="0.92483693">
            <Unicode>davon</Unicode>
          </TextEquiv>
        </Word>
        <Word id="region0001_line0017_word0002" custom="readingOrder {index:2;}">
          <Coords points="427,1235 390,1235 391,1273 422,1273 425,1272 427,1271"/>
          <TextEquiv conf="0.93059206">
            <Unicode>zu</Unicode>
          </TextEquiv>
        </Word>
        <Word id="region0001_line0017_word0003" custom="readingOrder {index:3;}">
          <Coords points="503,1219 498,1227 447,1224 447,1271 502,1269 503,1271 530,1270 532,1269 625,1265 625,1218 622,1223 559,1224 558,1218 531,1218 530,1225 526,1218"/>
          <TextEquiv conf="0.92608637">
            <Unicode>verſpuͤren.</Unicode>
          </TextEquiv>
        </Word>
        <Word id="region0001_line0017_word0004" custom="readingOrder {index:4;}">
          <Coords points="675,1218 676,1260 822,1258 821,1216 799,1216 781,1219 750,1220 741,1218 740,1217"/>
          <TextEquiv conf="0.92501086">
            <Unicode>Daraus</Unicode>
          </TextEquiv>
        </Word>
        <Word id="region0001_line0017_word0005" custom="readingOrder {index:5;}">
          <Coords points="849,1215 850,1265 885,1262 889,1264 922,1264 925,1262 939,1261 966,1261 965,1213 943,1213 904,1215 904,1214 877,1215 876,1215 876,1215"/>
          <TextEquiv conf="0.9287481">
            <Unicode>folgert</Unicode>
          </TextEquiv>
        </Word>
        <TextEquiv>
          <Unicode>kungen davon zu verſpuͤren. Daraus folgert</Unicode>
        </TextEquiv>
      </TextLine>
      <TextLine id="line_1676275306568_702" custom="readingOrder {index:9;}">
        <Coords points="962,1271 960,1265 954,1261 939,1262 930,1270 891,1271 888,1264 875,1263 867,1271 865,1266 847,1266 844,1271 836,1272 744,1275 742,1267 735,1264 643,1266 636,1268 632,1276 625,1277 612,1277 608,1269 579,1270 572,1277 559,1277 549,1270 532,1270 526,1277 510,1280 502,1270 492,1271 482,1280 444,1279 442,1273 425,1273 413,1280 397,1283 374,1283 370,1280 361,1280 357,1283 308,1285 303,1277 289,1277 284,1285 266,1285 262,1277 254,1275 241,1276 234,1282 207,1283 193,1278 124,1278 124,1323 161,1326 164,1329 180,1325 187,1328 223,1326 234,1329 240,1336 263,1329 339,1327 529,1326 537,1330 544,1327 586,1326 588,1331 604,1329 612,1323 664,1321 867,1318 874,1319 878,1325 886,1324 895,1317 903,1317 931,1318 939,1325 952,1316 974,1315 973,1271"/>
        <Baseline points="124,1313 245,1319 525,1317 976,1305"/>
        <Word id="region0001_line0018_word0000" custom="readingOrder {index:0;}">
          <Coords points="182,1291 138,1292 138,1324 161,1326 164,1329 180,1325 182,1326"/>
          <TextEquiv conf="0.9328739">
            <Unicode>er,</Unicode>
          </TextEquiv>
        </Word>
        <Word id="region0001_line0018_word0001" custom="readingOrder {index:1;}">
          <Coords points="259,1284 196,1285 196,1327 223,1326 234,1329 236,1332 252,1332 259,1329"/>
          <TextEquiv conf="0.93245006">
            <Unicode>daß</Unicode>
          </TextEquiv>
        </Word>
        <Word id="region0001_line0018_word0002" custom="readingOrder {index:2;}">
          <Coords points="275,1286 341,1285 342,1321 276,1322"/>
          <TextEquiv conf="0.92953646">
            <Unicode>eine</Unicode>
          </TextEquiv>
        </Word>
        <Word id="region0001_line0018_word0003" custom="readingOrder {index:3;}">
          <Coords points="359,1280 358,1282 359,1322 477,1320 476,1279 456,1279 412,1280 397,1283 374,1283 371,1280"/>
          <TextEquiv conf="0.926851">
            <Unicode>trockne</Unicode>
          </TextEquiv>
        </Word>
        <Word id="region0001_line0018_word0004" custom="readingOrder {index:4;}">
          <Coords points="489,1279 490,1325 557,1323 556,1277 520,1278 510,1280 508,1278"/>
          <TextEquiv conf="0.9166977">
            <Unicode>Luft</Unicode>
          </TextEquiv>
        </Word>
        <Word id="region0001_line0018_word0005" custom="readingOrder {index:5;}">
          <Coords points="644,1279 579,1280 579,1326 586,1326 587,1329 598,1329 604,1329 612,1323 644,1321"/>
          <TextEquiv conf="0.9281809">
            <Unicode>ihre</Unicode>
          </TextEquiv>
        </Word>
        <Word id="region0001_line0018_word0006" custom="readingOrder {index:6;}">
          <Coords points="665,1277 806,1274 807,1316 666,1319"/>
          <TextEquiv conf="0.9306379">
            <Unicode>Waͤrme</Unicode>
          </TextEquiv>
        </Word>
        <Word id="region0001_line0018_word0007" custom="readingOrder {index:7;}">
          <Coords points="909,1272 827,1274 827,1318 867,1318 874,1319 875,1320 890,1320 895,1317 903,1317 909,1317"/>
          <TextEquiv conf="0.929436">
            <Unicode>nicht</Unicode>
          </TextEquiv>
        </Word>
        <Word id="region0001_line0018_word0008" custom="readingOrder {index:8;}">
          <Coords points="934,1272 935,1320 946,1319 952,1316 966,1315 966,1271 964,1271"/>
          <TextEquiv conf="0.9303257">
            <Unicode>ſo</Unicode>
          </TextEquiv>
        </Word>
        <TextEquiv>
          <Unicode>er, daß eine trockne Luft ihre Waͤrme nicht ſo</Unicode>
        </TextEquiv>
      </TextLine>
      <TextLine id="line_1676275306569_704" custom="readingOrder {index:10;}">
        <Coords points="967,1326 961,1325 954,1317 939,1326 931,1320 909,1324 906,1319 895,1318 883,1326 855,1325 849,1320 839,1320 833,1326 799,1323 793,1327 715,1331 699,1330 695,1327 681,1330 679,1323 664,1322 649,1332 632,1333 619,1333 617,1326 613,1324 586,1334 539,1335 538,1331 529,1327 519,1328 515,1335 494,1335 481,1332 475,1327 462,1327 452,1335 394,1337 351,1334 339,1328 291,1337 278,1337 275,1330 263,1330 240,1337 223,1327 198,1332 180,1326 170,1330 124,1330 124,1374 151,1373 164,1377 192,1381 207,1380 212,1389 218,1390 231,1388 234,1384 341,1382 359,1379 365,1382 379,1380 397,1383 400,1388 407,1388 418,1382 457,1385 461,1382 532,1382 538,1378 553,1378 587,1379 594,1387 604,1387 610,1379 660,1378 672,1381 678,1376 709,1379 711,1383 722,1385 731,1377 741,1378 751,1373 877,1375 880,1381 893,1382 903,1374 914,1373 975,1371 974,1326"/>
        <Baseline points="124,1365 236,1373 414,1373 977,1361"/>
        <Word id="region0001_line0019_word0000" custom="readingOrder {index:0;}">
          <Coords points="136,1336 136,1373 151,1373 164,1377 192,1381 207,1380 210,1386 232,1386 234,1384 307,1382 307,1333 291,1337 278,1337 276,1333 249,1334 240,1337 235,1334"/>
          <TextEquiv conf="0.92619234">
            <Unicode>mittheilen</Unicode>
          </TextEquiv>
        </Word>
        <Word id="region0001_line0019_word0001" custom="readingOrder {index:1;}">
          <Coords points="324,1335 325,1382 343,1381 359,1379 363,1381 372,1381 379,1380 383,1380 419,1380 418,1336 394,1337 355,1334"/>
          <TextEquiv conf="0.92941976">
            <Unicode>kann,</Unicode>
          </TextEquiv>
        </Word>
        <Word id="region0001_line0019_word0002" custom="readingOrder {index:2;}">
          <Coords points="457,1330 452,1335 438,1335 439,1375 492,1374 491,1334 481,1332 478,1330"/>
          <TextEquiv conf="0.92952245">
            <Unicode>als</Unicode>
          </TextEquiv>
        </Word>
        <Word id="region0001_line0019_word0003" custom="readingOrder {index:3;}">
          <Coords points="517,1329 515,1335 504,1335 505,1370 572,1369 571,1334 539,1335 538,1331 534,1329"/>
          <TextEquiv conf="0.9272121">
            <Unicode>eine</Unicode>
          </TextEquiv>
        </Word>
        <Word id="region0001_line0019_word0004" custom="readingOrder {index:4;}">
          <Coords points="609,1326 592,1332 593,1378 678,1376 678,1376 679,1376 730,1375 729,1330 715,1331 699,1330 695,1327 681,1330 679,1324 660,1325 649,1332 632,1333 619,1333 617,1326 616,1325"/>
          <TextEquiv conf="0.9251783">
            <Unicode>feuchte,</Unicode>
          </TextEquiv>
        </Word>
        <Word id="region0001_line0019_word0005" custom="readingOrder {index:5;}">
          <Coords points="751,1330 819,1329 820,1365 752,1366"/>
          <TextEquiv conf="0.92782366">
            <Unicode>und</Unicode>
          </TextEquiv>
        </Word>
        <Word id="region0001_line0019_word0006" custom="readingOrder {index:6;}">
          <Coords points="840,1325 841,1374 903,1373 902,1324 886,1324 883,1326 855,1325 855,1325"/>
          <TextEquiv conf="0.92935395">
            <Unicode>daß</Unicode>
          </TextEquiv>
        </Word>
        <Word id="region0001_line0019_word0007" custom="readingOrder {index:7;}">
          <Coords points="920,1325 920,1362 971,1361 971,1326 967,1326 961,1325 960,1324 941,1324 939,1326 937,1324"/>
          <TextEquiv conf="0.92537683">
            <Unicode>die</Unicode>
          </TextEquiv>
        </Word>
        <TextEquiv>
          <Unicode>mittheilen kann, als eine feuchte, und daß die</Unicode>
        </TextEquiv>
      </TextLine>
      <TextLine id="line_1676275306570_706" custom="readingOrder {index:11;}">
        <Coords points="140,1374 154,1375 159,1382 191,1384 197,1380 207,1381 212,1390 218,1391 253,1389 336,1390 340,1383 351,1380 365,1383 384,1382 388,1383 389,1389 407,1389 423,1383 428,1390 461,1389 467,1383 478,1383 484,1389 529,1388 538,1379 553,1379 560,1380 562,1388 586,1389 616,1388 632,1379 660,1379 672,1382 678,1377 722,1386 731,1378 742,1380 751,1374 769,1376 771,1384 789,1383 798,1375 818,1376 824,1383 893,1383 914,1374 926,1375 929,1379 945,1380 977,1378 978,1424 894,1428 879,1437 865,1436 857,1428 808,1428 800,1431 792,1426 721,1432 553,1433 545,1440 536,1440 530,1434 438,1434 431,1436 428,1443 419,1446 403,1443 401,1437 389,1437 383,1443 369,1435 356,1435 345,1442 339,1441 336,1437 329,1438 323,1442 302,1442 287,1437 222,1434 211,1435 206,1440 199,1441 192,1429 181,1426 123,1426 124,1381 134,1381"/>
        <Baseline points="124,1416 350,1427 978,1414"/>
        <Word id="region0001_line0020_word0000" custom="readingOrder {index:0;}">
          <Coords points="142,1379 142,1416 173,1415 173,1382 159,1382 156,1378"/>
          <TextEquiv conf="0.93172324">
            <Unicode>in</Unicode>
          </TextEquiv>
        </Word>
        <Word id="region0001_line0020_word0001" custom="readingOrder {index:1;}">
          <Coords points="197,1384 198,1430 280,1428 279,1389 253,1389 218,1391 212,1390 208,1383"/>
          <TextEquiv conf="0.9303439">
            <Unicode>jener</Unicode>
          </TextEquiv>
        </Word>
        <Word id="region0001_line0020_word0002" custom="readingOrder {index:2;}">
          <Coords points="303,1434 507,1430 506,1388 484,1389 478,1383 467,1383 461,1389 428,1390 423,1383 407,1389 389,1389 388,1383 384,1382 365,1383 351,1380 340,1383 336,1390 302,1389"/>
          <TextEquiv conf="0.9306829">
            <Unicode>geſchehende</Unicode>
          </TextEquiv>
        </Word>
        <Word id="region0001_line0020_word0003" custom="readingOrder {index:3;}">
          <Coords points="535,1426 623,1424 622,1384 616,1388 586,1389 562,1388 560,1380 553,1379 538,1379 534,1382"/>
          <TextEquiv conf="0.45726302">
            <Unicode>freye</Unicode>
          </TextEquiv>
        </Word>
        <Word id="region0001_line0020_word0004" custom="readingOrder {index:4;}">
          <Coords points="652,1425 887,1421 886,1383 843,1383 824,1383 818,1376 798,1375 789,1383 771,1384 769,1376 751,1374 742,1380 731,1378 722,1386 678,1377 672,1382 660,1379 651,1379"/>
          <TextEquiv conf="0.9242943">
            <Unicode>Ausduͤnſtung</Unicode>
          </TextEquiv>
        </Word>
        <Word id="region0001_line0020_word0005" custom="readingOrder {index:5;}">
          <Coords points="913,1409 971,1408 971,1378 945,1380 929,1379 926,1375 914,1374 913,1374"/>
          <TextEquiv conf="0.9322113">
            <Unicode>des</Unicode>
          </TextEquiv>
        </Word>
        <TextEquiv>
          <Unicode>in jener geſchehende freye Ausduͤnſtung des</Unicode>
        </TextEquiv>
      </TextLine>
      <TextLine id="line_1676275306572_708" custom="readingOrder {index:12;}">
        <Coords points="970,1432 869,1438 818,1436 812,1429 800,1432 792,1427 783,1427 772,1435 715,1440 636,1440 624,1431 584,1434 581,1438 573,1438 567,1433 553,1434 545,1441 529,1439 488,1443 486,1435 470,1433 464,1435 458,1443 453,1442 453,1436 450,1434 438,1435 432,1437 424,1446 413,1447 405,1444 386,1445 369,1436 356,1436 345,1443 302,1443 286,1439 199,1442 190,1429 151,1426 124,1427 123,1481 167,1481 178,1485 205,1487 220,1493 232,1487 266,1485 274,1488 291,1485 342,1489 345,1495 351,1497 371,1497 376,1489 549,1485 559,1487 598,1487 603,1494 613,1493 620,1487 628,1486 692,1488 699,1496 711,1496 719,1488 751,1485 821,1486 829,1494 845,1491 852,1484 874,1484 883,1491 903,1491 910,1482 927,1482 952,1489 966,1490 978,1489 976,1432"/>
        <Baseline points="123,1473 363,1479 980,1478"/>
        <Word id="region0001_line0021_word0000" custom="readingOrder {index:0;}">
          <Coords points="140,1433 140,1481 167,1481 176,1484 288,1482 287,1439 286,1439 199,1442 192,1431"/>
          <TextEquiv conf="0.9144274">
            <Unicode>Koͤrpers</Unicode>
          </TextEquiv>
        </Word>
        <Word id="region0001_line0021_word0001" custom="readingOrder {index:1;}">
          <Coords points="311,1483 408,1481 407,1444 405,1444 386,1445 369,1436 356,1436 345,1443 310,1443"/>
          <TextEquiv conf="0.93172807">
            <Unicode>deſſen</Unicode>
          </TextEquiv>
        </Word>
        <Word id="region0001_line0021_word0002" custom="readingOrder {index:2;}">
          <Coords points="432,1480 669,1475 669,1440 636,1440 624,1431 584,1434 581,1438 573,1438 567,1433 553,1434 545,1441 529,1439 488,1443 486,1435 470,1433 464,1435 458,1443 453,1442 453,1436 450,1434 438,1435 432,1437"/>
          <TextEquiv conf="0.9136718">
            <Unicode>Lebenskraͤften</Unicode>
          </TextEquiv>
        </Word>
        <Word id="region0001_line0021_word0003" custom="readingOrder {index:3;}">
          <Coords points="699,1477 752,1476 752,1436 715,1440 699,1440"/>
          <TextEquiv conf="0.9324384">
            <Unicode>zur</Unicode>
          </TextEquiv>
        </Word>
        <Word id="region0001_line0021_word0004" custom="readingOrder {index:4;}">
          <Coords points="776,1475 977,1471 976,1432 970,1432 869,1438 818,1436 812,1429 800,1432 792,1427 783,1427 776,1432"/>
          <TextEquiv conf="0.902211">
            <Unicode>Erzeugung</Unicode>
          </TextEquiv>
        </Word>
        <TextEquiv>
          <Unicode>Koͤrpers deſſen Lebenskraͤften zur Erzeugung</Unicode>
        </TextEquiv>
      </TextLine>
      <TextLine id="line_1676275321073_738" custom="readingOrder {index:13;}">
        <Coords points="156,1483 172,1484 175,1491 222,1494 249,1487 291,1486 310,1489 313,1493 325,1496 351,1498 405,1494 416,1488 455,1487 461,1490 493,1487 498,1491 516,1490 521,1487 549,1486 556,1494 569,1495 613,1494 627,1491 688,1492 695,1494 699,1499 699,1529 695,1534 123,1534 124,1490 151,1489"/>
        <Baseline points="123,1525 397,1534"/>
        <Word id="word_1692084503719_131" custom="readingOrder {index:0;}">
          <Coords points="140,1492 140,1531 221,1531 221,1493 190,1492"/>
          <TextEquiv>
            <Unicode>einer</Unicode>
          </TextEquiv>
        </Word>
        <Word id="word_1676275321073_742" custom="readingOrder {index:1;}">
          <Coords points="238,1494 313,1493 325,1496 338,1497 338,1534 238,1534"/>
          <TextEquiv conf="0.928181">
            <Unicode>Kaͤlte</Unicode>
          </TextEquiv>
        </Word>
        <Word id="word_1676275321073_744" custom="readingOrder {index:2;}">
          <Coords points="351,1504 387,1503 387,1534 351,1534"/>
          <TextEquiv conf="0.92937285">
            <Unicode>zu</Unicode>
          </TextEquiv>
        </Word>
        <Word id="word_1676275321074_746" custom="readingOrder {index:3;}">
          <Coords points="412,1489 458,1488 461,1490 476,1488 494,1488 498,1491 503,1490 503,1534 400,1534 400,1494 405,1494"/>
          <TextEquiv conf="0.78654397">
            <Unicode>Huͤlfe</Unicode>
          </TextEquiv>
        </Word>
        <Word id="region0001_line0022_word0004" custom="readingOrder {index:4;}">
          <Coords points="519,1487 517,1489 517,1531 647,1529 647,1491 627,1491 613,1494 569,1495 556,1494 550,1487"/>
          <TextEquiv>
            <Unicode>koͤmmt.</Unicode>
          </TextEquiv>
        </Word>
        <TextEquiv>
          <Unicode>einer Kaͤlte zu Huͤlfe koͤmmt.</Unicode>
        </TextEquiv>
      </TextLine>
      <TextEquiv>
        <Unicode>Er ſchließt hieraus, daß der Uebergang aus
einer großen Hitze in die Kaͤlte nicht ſo ſchaͤd⸗
lich ſey, als man wohl denken moͤchte, weil die
aͤußerliche Circulation ſo erregt iſt, daß die
Kaͤlte dieſelbe nicht leicht uͤberwaͤltigen kann.
Er hat ſeitdem andere Verſuche gemacht, und
eine weit groͤßere, aber trockne Hitze weit laͤn⸗
ger ausgehalten, ohne einmal ſo ſtarke Wir⸗
kungen davon zu verſpuͤren. Daraus folgert
er, daß eine trockne Luft ihre Waͤrme nicht ſo
mittheilen kann, als eine feuchte, und daß die
in jener geſchehende freye Ausduͤnſtung des
Koͤrpers deſſen Lebenskraͤften zur Erzeugung
einer Kaͤlte zu Huͤlfe koͤmmt.</Unicode>
      </TextEquiv>
    </TextRegion>
    <TextRegion id="TextRegion_1676275321036_734" custom="readingOrder {index:2;}" orientation="1.016175" readingDirection="left-to-right">
      <Coords points="123,1534 979,1534 989,1955 123,1955"/>
      <TextLine id="line_1676275306573_709" custom="readingOrder {index:0;}">
        <Coords points="732,1535 723,1547 687,1546 685,1541 680,1539 670,1539 664,1544 646,1541 639,1546 561,1548 560,1543 555,1541 542,1541 531,1549 481,1552 400,1550 372,1544 361,1548 347,1541 310,1546 271,1547 248,1545 228,1537 148,1537 136,1538 132,1543 132,1573 138,1579 147,1579 149,1585 154,1588 166,1586 186,1591 250,1591 308,1599 360,1601 405,1594 465,1597 478,1593 521,1591 536,1593 547,1603 556,1603 561,1600 563,1593 572,1591 733,1589 785,1589 791,1596 803,1598 823,1589 975,1586 980,1584 979,1534 972,1534 957,1541 925,1539 921,1542 901,1543 795,1546 754,1546 752,1537 747,1534 739,1534"/>
        <Baseline points="148,1580 325,1589 851,1579 982,1570"/>
        <Word id="word_1676275646238_902" custom="readingOrder {index:0;}">
          <Coords points="193,1538 229,1537 248,1545 266,1546 266,1584 194,1586"/>
          <TextEquiv>
            <Unicode>Am</Unicode>
          </TextEquiv>
        </Word>
        <Word id="region0001_line0023_word0001" custom="readingOrder {index:1;}">
          <Coords points="282,1594 326,1594 325,1543 310,1546 281,1546"/>
          <TextEquiv conf="0.5116512">
            <Unicode>23</Unicode>
          </TextEquiv>
        </Word>
        <Word id="region0001_line0023_word0002" custom="readingOrder {index:2;}">
          <Coords points="342,1585 481,1583 480,1551 400,1550 372,1544 361,1548 347,1541 341,1541"/>
          <TextEquiv conf="0.9277055">
            <Unicode>Januar</Unicode>
          </TextEquiv>
        </Word>
        <Word id="region0001_line0023_word0003" custom="readingOrder {index:3;}">
          <Coords points="495,1586 632,1583 631,1546 561,1548 560,1543 555,1541 542,1541 531,1549 495,1551"/>
          <TextEquiv conf="0.92666084">
            <Unicode>nahmen</Unicode>
          </TextEquiv>
        </Word>
        <Word id="region0001_line0023_word0004" custom="readingOrder {index:4;}">
          <Coords points="647,1571 696,1570 695,1546 687,1546 685,1541 680,1539 670,1539 664,1544 646,1541"/>
          <TextEquiv conf="0.93278384">
            <Unicode>die</Unicode>
          </TextEquiv>
        </Word>
        <Word id="region0001_line0023_word0005" custom="readingOrder {index:5;}">
          <Coords points="713,1580 974,1575 973,1533 957,1541 925,1539 921,1542 901,1543 795,1546 754,1546 752,1537 746,1533 732,1535 723,1547 712,1546"/>
          <TextEquiv conf="0.92259264">
            <Unicode>obengenannten</Unicode>
          </TextEquiv>
        </Word>
        <TextEquiv>
          <Unicode>Am 23 Januar nahmen die obengenannten</Unicode>
        </TextEquiv>
      </TextLine>
      <TextLine id="line_1676275306573_712" custom="readingOrder {index:1;}">
        <Coords points="978,1594 963,1591 959,1594 942,1587 887,1587 840,1591 823,1590 800,1599 791,1597 786,1590 770,1591 763,1596 733,1590 681,1592 664,1599 637,1600 633,1592 616,1591 607,1601 595,1601 590,1593 573,1592 567,1594 563,1601 547,1604 536,1594 521,1592 479,1594 449,1601 406,1599 360,1602 308,1600 280,1595 190,1595 166,1587 123,1588 123,1637 154,1637 169,1643 178,1638 247,1638 511,1648 539,1647 555,1643 566,1648 582,1645 614,1646 619,1651 625,1652 633,1651 637,1646 658,1645 763,1644 767,1650 790,1648 793,1643 833,1641 981,1638 980,1593"/>
        <Baseline points="123,1629 615,1636 983,1629"/>
        <Word id="region0001_line0024_word0000" custom="readingOrder {index:0;}">
          <Coords points="271,1596 144,1598 144,1637 154,1637 169,1643 178,1638 247,1638 271,1638"/>
          <TextEquiv conf="0.9219215">
            <Unicode>Herren</Unicode>
          </TextEquiv>
        </Word>
        <Word id="region0001_line0024_word0001" custom="readingOrder {index:1;}">
          <Coords points="290,1605 340,1604 340,1631 290,1632"/>
          <TextEquiv conf="0.92445487">
            <Unicode>an</Unicode>
          </TextEquiv>
        </Word>
        <Word id="region0001_line0024_word0002" custom="readingOrder {index:2;}">
          <Coords points="368,1605 469,1603 469,1631 368,1633"/>
          <TextEquiv conf="0.9279915">
            <Unicode>neuen</Unicode>
          </TextEquiv>
        </Word>
        <Word id="region0001_line0024_word0003" custom="readingOrder {index:3;}">
          <Coords points="511,1592 486,1593 487,1640 676,1636 675,1594 664,1599 637,1600 633,1592 616,1591 607,1601 595,1601 590,1593 573,1592 567,1594 563,1601 547,1604 536,1594 522,1592"/>
          <TextEquiv conf="0.92755014">
            <Unicode>Verſuchen</Unicode>
          </TextEquiv>
        </Word>
        <Word id="region0001_line0024_word0004" custom="readingOrder {index:4;}">
          <Coords points="698,1639 839,1636 838,1590 823,1590 800,1599 791,1597 786,1590 770,1591 763,1596 733,1590 697,1591"/>
          <TextEquiv conf="0.924402">
            <Unicode>Antheil.</Unicode>
          </TextEquiv>
        </Word>
        <Word id="region0001_line0024_word0005" custom="readingOrder {index:5;}">
          <Coords points="891,1626 976,1624 975,1593 963,1591 959,1594 942,1587 890,1587"/>
          <TextEquiv conf="0.93005943">
            <Unicode>Das</Unicode>
          </TextEquiv>
        </Word>
        <TextEquiv>
          <Unicode>Herren an neuen Verſuchen Antheil. Das</Unicode>
        </TextEquiv>
      </TextLine>
      <TextLine id="line_1676275306574_714" custom="readingOrder {index:2;}">
        <Coords points="123,1638 154,1638 169,1644 178,1639 185,1639 189,1641 191,1648 290,1645 397,1648 416,1646 432,1650 473,1651 486,1648 495,1652 538,1652 542,1646 555,1644 567,1649 583,1646 589,1648 592,1653 625,1653 695,1651 700,1646 715,1646 720,1651 773,1651 790,1649 792,1646 817,1647 833,1642 874,1642 899,1647 900,1642 914,1640 920,1643 923,1648 958,1646 963,1641 977,1644 983,1643 984,1688 859,1694 852,1701 840,1700 836,1695 757,1694 619,1698 614,1694 596,1695 571,1702 561,1699 543,1703 530,1700 517,1702 491,1698 477,1691 472,1685 463,1688 459,1684 447,1693 376,1693 355,1691 345,1687 303,1688 216,1692 196,1695 176,1693 165,1694 159,1699 123,1700"/>
        <Baseline points="123,1689 324,1679 458,1685 460,1685 470,1686 473,1686 535,1689 984,1678"/>
        <Word id="region0001_line0025_word0000" custom="readingOrder {index:0;}">
          <Coords points="143,1644 144,1692 274,1689 288,1688 288,1645 191,1648 189,1643 170,1643 169,1644 167,1643"/>
          <TextEquiv conf="0.9230546">
            <Unicode>Zimmer</Unicode>
          </TextEquiv>
        </Word>
        <Word id="region0001_line0025_word0001" custom="readingOrder {index:1;}">
          <Coords points="304,1652 375,1651 375,1679 304,1680"/>
          <TextEquiv conf="0.92902243">
            <Unicode>war</Unicode>
          </TextEquiv>
        </Word>
        <Word id="region0001_line0025_word0002" custom="readingOrder {index:2;}">
          <Coords points="387,1649 388,1680 490,1678 489,1649 486,1648 473,1651 432,1650 425,1648"/>
          <TextEquiv conf="0.92303145">
            <Unicode>etwas</Unicode>
          </TextEquiv>
        </Word>
        <Word id="region0001_line0025_word0003" custom="readingOrder {index:3;}">
          <Coords points="505,1686 631,1684 630,1652 625,1653 592,1653 589,1648 583,1646 567,1649 555,1644 542,1646 538,1652 522,1652 504,1652"/>
          <TextEquiv conf="0.9137423">
            <Unicode>groͤßer,</Unicode>
          </TextEquiv>
        </Word>
        <Word id="region0001_line0025_word0004" custom="readingOrder {index:4;}">
          <Coords points="658,1676 723,1675 722,1651 720,1651 715,1646 700,1646 695,1651 657,1652"/>
          <TextEquiv conf="0.9308605">
            <Unicode>und</Unicode>
          </TextEquiv>
        </Word>
        <Word id="region0001_line0025_word0005" custom="readingOrder {index:5;}">
          <Coords points="740,1683 867,1681 866,1642 833,1642 817,1647 792,1646 790,1649 773,1651 739,1651"/>
          <TextEquiv conf="0.9258223">
            <Unicode>mittelſt</Unicode>
          </TextEquiv>
        </Word>
        <Word id="region0001_line0025_word0006" custom="readingOrder {index:6;}">
          <Coords points="889,1672 983,1670 982,1643 977,1644 963,1641 958,1646 923,1648 920,1643 914,1640 900,1642 899,1647 888,1644"/>
          <TextEquiv conf="0.92516047">
            <Unicode>eines</Unicode>
          </TextEquiv>
        </Word>
        <TextEquiv>
          <Unicode>Zimmer war etwas groͤßer, und mittelſt eines</Unicode>
        </TextEquiv>
      </TextLine>
      <TextLine id="line_1676275306575_716" custom="readingOrder {index:3;}">
        <Coords points="165,1695 192,1694 200,1701 254,1701 268,1699 276,1691 345,1688 367,1697 389,1697 393,1694 402,1694 407,1697 452,1699 447,1694 458,1685 463,1689 472,1686 489,1699 517,1703 530,1701 536,1704 561,1700 571,1703 596,1696 614,1695 619,1699 654,1703 661,1703 668,1698 680,1697 684,1702 721,1704 732,1703 741,1696 757,1695 764,1703 770,1704 774,1703 780,1696 794,1696 797,1702 818,1700 843,1702 898,1697 906,1692 917,1692 922,1697 984,1695 985,1737 839,1742 808,1745 795,1751 766,1749 763,1755 753,1758 737,1751 706,1755 692,1751 640,1748 633,1745 624,1747 592,1742 541,1746 538,1749 525,1750 517,1748 505,1739 488,1740 473,1749 462,1749 457,1743 369,1742 348,1744 341,1751 333,1751 326,1745 311,1743 221,1745 190,1742 178,1745 173,1740 123,1741 123,1701 150,1701"/>
        <Baseline points="123,1731 508,1731 714,1741 985,1727"/>
        <Word id="region0001_line0026_word0000" custom="readingOrder {index:0;}">
          <Coords points="150,1701 150,1701 147,1701 148,1741 173,1740 177,1744 181,1744 190,1742 207,1744 281,1742 280,1698 269,1698 268,1699 254,1701 200,1701 199,1700"/>
          <TextEquiv conf="0.9296036">
            <Unicode>eiſernen</Unicode>
          </TextEquiv>
        </Word>
        <Word id="region0001_line0026_word0001" custom="readingOrder {index:1;}">
          <Coords points="296,1695 296,1743 311,1743 315,1743 360,1742 369,1742 391,1742 405,1742 404,1695 402,1694 393,1694 389,1697 367,1697 359,1693"/>
          <TextEquiv conf="0.924324">
            <Unicode>Ofens</Unicode>
          </TextEquiv>
        </Word>
        <Word id="region0001_line0026_word0002" custom="readingOrder {index:2;}">
          <Coords points="458,1685 447,1694 452,1699 418,1697 419,1741 481,1740 480,1692 472,1686 463,1689 458,1685"/>
          <TextEquiv conf="0.91735">
            <Unicode>auf</Unicode>
          </TextEquiv>
        </Word>
        <Word id="region0001_line0026_word0003" custom="readingOrder {index:3;}">
          <Coords points="523,1705 570,1704 571,1738 524,1739"/>
          <TextEquiv conf="0.47918683">
            <Unicode>150</Unicode>
          </TextEquiv>
        </Word>
        <Word id="region0001_line0026_word0004" custom="readingOrder {index:4;}">
          <Coords points="669,1746 668,1698 668,1698 661,1703 654,1703 619,1699 614,1695 596,1696 587,1698 588,1742 592,1742 621,1747 626,1747 633,1745 636,1746"/>
          <TextEquiv conf="0.9198864">
            <Unicode>Grad</Unicode>
          </TextEquiv>
        </Word>
        <Word id="region0001_line0026_word0005" custom="readingOrder {index:5;}">
          <Coords points="692,1745 820,1743 819,1700 818,1700 797,1702 794,1696 780,1696 774,1703 770,1704 764,1703 757,1695 741,1696 732,1703 721,1704 691,1702"/>
          <TextEquiv conf="0.">
            <Unicode>geheizt</Unicode>
          </TextEquiv>
        </Word>
        <Word id="region0001_line0026_word0006" custom="readingOrder {index:6;}">
          <Coords points="838,1724 978,1721 977,1695 922,1697 917,1692 906,1692 898,1697 843,1702 837,1701"/>
          <TextEquiv conf="0.9285479">
            <Unicode>worden.</Unicode>
          </TextEquiv>
        </Word>
        <TextEquiv>
          <Unicode>eiſernen Ofens auf 150 Grad geheizt worden.</Unicode>
        </TextEquiv>
      </TextLine>
      <TextLine id="line_1676275306576_718" custom="readingOrder {index:4;}">
        <Coords points="123,1742 173,1741 178,1746 190,1743 205,1746 210,1753 230,1752 236,1746 253,1745 258,1749 282,1745 290,1752 296,1746 311,1744 316,1747 317,1753 332,1754 378,1752 385,1743 400,1743 403,1750 450,1747 473,1750 488,1741 505,1740 515,1749 525,1751 592,1743 706,1756 741,1755 753,1759 764,1755 800,1751 808,1746 839,1743 883,1743 895,1747 917,1746 937,1742 941,1745 985,1744 986,1788 917,1790 911,1787 898,1787 853,1795 796,1798 782,1796 762,1800 678,1796 665,1799 661,1795 648,1798 641,1793 632,1792 620,1795 593,1796 582,1792 555,1796 500,1793 239,1800 218,1798 166,1798 162,1796 123,1796"/>
        <Baseline points="123,1785 756,1789 986,1779"/>
        <Word id="region0001_line0027_word0000" custom="readingOrder {index:0;}">
          <Coords points="149,1750 150,1792 221,1790 220,1752 210,1753 206,1748"/>
          <TextEquiv conf="0.92174506">
            <Unicode>Sie</Unicode>
          </TextEquiv>
        </Word>
        <Word id="region0001_line0027_word0001" custom="readingOrder {index:1;}">
          <Coords points="239,1750 240,1792 360,1790 359,1752 332,1754 317,1753 316,1748 292,1749 290,1752 286,1749"/>
          <TextEquiv conf="0.9284301">
            <Unicode>blieben</Unicode>
          </TextEquiv>
        </Word>
        <Word id="region0001_line0027_word0002" custom="readingOrder {index:2;}">
          <Coords points="386,1748 387,1787 420,1786 419,1748 403,1750 401,1747"/>
          <TextEquiv conf="0.92716515">
            <Unicode>in</Unicode>
          </TextEquiv>
        </Word>
        <Word id="region0001_line0027_word0003" custom="readingOrder {index:3;}">
          <Coords points="573,1792 572,1745 525,1751 515,1749 505,1740 488,1741 473,1750 450,1747 444,1747 444,1794 500,1793 509,1793"/>
          <TextEquiv>
            <Unicode>vollen</Unicode>
          </TextEquiv>
        </Word>
        <Word id="region0001_line0027_word0004" custom="readingOrder {index:4;}">
          <Coords points="741,1789 740,1755 706,1756 592,1743 581,1744 582,1792"/>
          <TextEquiv conf="0.39270988">
            <Unicode>Kleidern</Unicode>
          </TextEquiv>
        </Word>
        <Word id="region0001_line0027_word0005" custom="readingOrder {index:5;}">
          <Coords points="745,1783 794,1782 793,1755 762,1755 753,1759 744,1756"/>
          <TextEquiv conf="0.91521055">
            <Unicode>20</Unicode>
          </TextEquiv>
        </Word>
        <Word id="region0001_line0027_word0006" custom="readingOrder {index:6;}">
          <Coords points="816,1779 978,1776 977,1744 941,1745 937,1742 917,1746 895,1747 883,1743 839,1743 815,1745"/>
          <TextEquiv conf="0.9216177">
            <Unicode>Minuten</Unicode>
          </TextEquiv>
        </Word>
        <TextEquiv>
          <Unicode>Sie blieben in vollen Kleidern 20 Minuten</Unicode>
        </TextEquiv>
      </TextLine>
      <TextLine id="line_1676275306577_720" custom="readingOrder {index:5;}">
        <Coords points="123,1797 162,1797 166,1799 202,1805 207,1800 218,1799 224,1800 227,1805 259,1807 269,1807 273,1801 285,1799 290,1802 292,1808 366,1805 375,1798 384,1798 390,1803 400,1796 415,1797 418,1804 443,1805 446,1796 450,1794 523,1794 530,1800 543,1800 548,1796 563,1795 566,1798 572,1793 582,1793 591,1800 616,1798 632,1793 641,1794 648,1799 661,1796 665,1800 678,1797 683,1802 710,1805 768,1803 782,1797 793,1797 798,1802 825,1801 898,1788 911,1788 936,1795 949,1795 955,1789 967,1789 972,1793 986,1793 987,1839 944,1840 820,1847 802,1844 794,1851 785,1853 777,1852 774,1848 704,1847 689,1847 682,1853 670,1854 657,1845 631,1846 624,1843 540,1847 498,1855 483,1852 473,1857 433,1848 418,1849 409,1853 398,1850 266,1852 250,1859 242,1859 232,1852 193,1850 184,1845 124,1846"/>
        <Baseline points="124,1835 311,1842 987,1829"/>
        <Word id="region0001_line0028_word0000" custom="readingOrder {index:0;}">
          <Coords points="151,1807 151,1845 184,1845 193,1850 232,1852 235,1854 257,1854 256,1806 233,1805"/>
          <TextEquiv conf="0.9308877">
            <Unicode>darin,</Unicode>
          </TextEquiv>
        </Word>
        <Word id="region0001_line0028_word0001" custom="readingOrder {index:1;}">
          <Coords points="276,1807 277,1844 310,1843 309,1807 292,1808 291,1806"/>
          <TextEquiv conf="0.9319">
            <Unicode>in</Unicode>
          </TextEquiv>
        </Word>
        <Word id="region0001_line0028_word0002" custom="readingOrder {index:2;}">
          <Coords points="369,1803 366,1805 324,1807 325,1851 398,1850 399,1850 416,1850 418,1849 433,1848 439,1849 453,1849 452,1801 444,1801 443,1805 418,1804 417,1802 391,1802 390,1803 389,1802"/>
          <TextEquiv conf="0.9302832">
            <Unicode>welcher</Unicode>
          </TextEquiv>
        </Word>
        <Word id="region0001_line0028_word0003" custom="readingOrder {index:3;}">
          <Coords points="466,1801 467,1850 528,1849 538,1847 538,1800"/>
          <TextEquiv conf="0.922663">
            <Unicode>Zeit</Unicode>
          </TextEquiv>
        </Word>
        <Word id="region0001_line0028_word0004" custom="readingOrder {index:4;}">
          <Coords points="550,1801 600,1800 601,1837 551,1838"/>
          <TextEquiv conf="0.9290494">
            <Unicode>die</Unicode>
          </TextEquiv>
        </Word>
        <Word id="region0001_line0028_word0005" custom="readingOrder {index:5;}">
          <Coords points="613,1799 613,1843 624,1843 631,1846 657,1845 658,1845 702,1845 701,1804 683,1802 678,1797 675,1797 665,1800 662,1797 651,1798 648,1799 646,1798"/>
          <TextEquiv conf="0.91987616">
            <Unicode>Hitze</Unicode>
          </TextEquiv>
        </Word>
        <Word id="region0001_line0028_word0006" custom="readingOrder {index:6;}">
          <Coords points="778,1798 768,1803 720,1804 721,1844 797,1842 796,1800 794,1798"/>
          <TextEquiv conf="0.92370224">
            <Unicode>noch</Unicode>
          </TextEquiv>
        </Word>
        <Word id="region0001_line0028_word0007" custom="readingOrder {index:7;}">
          <Coords points="818,1809 860,1808 861,1831 819,1832"/>
          <TextEquiv conf="0.87947935">
            <Unicode>12</Unicode>
          </TextEquiv>
        </Word>
        <Word id="region0001_line0028_word0008" custom="readingOrder {index:8;}">
          <Coords points="876,1795 877,1834 978,1832 977,1793 974,1793 950,1793 949,1795 936,1795 932,1793"/>
          <TextEquiv conf="0.9265512">
            <Unicode>Grad</Unicode>
          </TextEquiv>
        </Word>
        <TextEquiv>
          <Unicode>darin, in welcher Zeit die Hitze noch 12 Grad</Unicode>
        </TextEquiv>
      </TextLine>
      <TextLine id="line_1676275306578_722" custom="readingOrder {index:6;}">
        <Coords points="970,1849 965,1842 955,1840 940,1842 934,1849 818,1851 813,1846 802,1845 797,1847 795,1852 785,1854 734,1852 731,1848 716,1849 712,1853 700,1854 670,1855 657,1846 631,1847 624,1844 611,1851 557,1856 553,1856 546,1848 531,1850 528,1857 498,1858 493,1853 468,1858 456,1852 424,1849 409,1854 398,1851 368,1852 346,1859 315,1861 305,1860 298,1852 266,1853 259,1858 242,1860 214,1858 212,1852 193,1851 184,1846 124,1847 123,1906 151,1905 155,1909 165,1908 175,1899 186,1899 191,1902 193,1909 202,1912 215,1910 218,1905 234,1904 254,1905 261,1911 275,1912 281,1905 293,1903 329,1912 336,1907 350,1910 381,1910 395,1905 479,1905 482,1909 490,1910 499,1904 527,1902 537,1898 611,1900 663,1899 681,1895 772,1898 778,1903 795,1903 806,1897 829,1893 847,1893 853,1884 857,1884 865,1887 870,1894 932,1892 936,1893 942,1902 947,1903 953,1902 957,1894 987,1894 986,1849"/>
        <Baseline points="123,1893 350,1898 539,1888 852,1885 858,1885 988,1883"/>
        <Word id="region0001_line0029_word0000" custom="readingOrder {index:0;}">
          <Coords points="153,1854 154,1908 165,1907 175,1899 186,1899 191,1902 192,1907 216,1906 218,1905 234,1904 248,1904 248,1859 242,1860 214,1858 212,1852"/>
          <TextEquiv conf="0.9289254">
            <Unicode>hoͤher</Unicode>
          </TextEquiv>
        </Word>
        <Word id="region0001_line0029_word0001" custom="readingOrder {index:1;}">
          <Coords points="263,1859 264,1907 279,1906 281,1905 293,1903 305,1906 348,1905 347,1858 346,1859 315,1861 305,1860 303,1858"/>
          <TextEquiv conf="0.7819012">
            <Unicode>ſtieg.</Unicode>
          </TextEquiv>
        </Word>
        <Word id="region0001_line0029_word0002" custom="readingOrder {index:2;}">
          <Coords points="402,1854 403,1903 500,1902 499,1858 498,1858 493,1853 493,1853 468,1858 459,1853 409,1854 409,1854 409,1854"/>
          <TextEquiv conf="0.93059707">
            <Unicode>Nach</Unicode>
          </TextEquiv>
        </Word>
        <Word id="region0001_line0029_word0003" custom="readingOrder {index:3;}">
          <Coords points="528,1854 528,1857 519,1857 520,1892 602,1891 601,1854 575,1854 557,1856 553,1856 551,1854"/>
          <TextEquiv conf="0.93199784">
            <Unicode>einer</Unicode>
          </TextEquiv>
        </Word>
        <Word id="region0001_line0029_word0004" custom="readingOrder {index:4;}">
          <Coords points="616,1849 617,1890 757,1888 756,1852 734,1852 731,1848 716,1849 712,1853 700,1854 670,1855 660,1848"/>
          <TextEquiv conf="0.92393976">
            <Unicode>Stunde</Unicode>
          </TextEquiv>
        </Word>
        <Word id="region0001_line0029_word0005" custom="readingOrder {index:5;}">
          <Coords points="795,1849 795,1852 785,1854 779,1853 780,1895 823,1894 829,1893 847,1893 853,1884 857,1884 865,1887 869,1892 913,1892 912,1849 818,1851 816,1849"/>
          <TextEquiv conf="0.93039453">
            <Unicode>giengen</Unicode>
          </TextEquiv>
        </Word>
        <Word id="region0001_line0029_word0006" custom="readingOrder {index:6;}">
          <Coords points="939,1847 940,1893 981,1892 980,1849 970,1849 968,1846"/>
          <TextEquiv conf="0.9321362">
            <Unicode>ſie</Unicode>
          </TextEquiv>
        </Word>
        <TextEquiv>
          <Unicode>hoͤher ſtieg. Nach einer Stunde giengen ſie</Unicode>
        </TextEquiv>
      </TextLine>
      <TextLine id="line_1676275306579_724" custom="readingOrder {index:7;}">
        <Coords points="946,1904 932,1893 920,1894 914,1900 907,1893 887,1895 882,1898 880,1895 870,1895 865,1888 853,1885 847,1894 851,1900 845,1900 840,1894 829,1894 823,1896 819,1902 795,1904 719,1904 710,1898 694,1900 681,1896 629,1903 606,1904 600,1899 588,1899 583,1905 557,1907 553,1900 537,1899 525,1908 499,1905 490,1911 449,1913 404,1913 402,1908 395,1906 385,1908 380,1914 351,1913 345,1908 336,1908 331,1913 309,1908 302,1911 301,1907 293,1904 281,1906 275,1913 227,1910 202,1913 193,1910 190,1902 186,1900 175,1900 165,1909 123,1910 124,1952 215,1955 522,1955 544,1955 547,1953 576,1949 821,1948 823,1953 829,1955 841,1954 850,1947 891,1946 920,1948 924,1953 939,1954 943,1948 988,1946 987,1903"/>
        <Baseline points="124,1943 418,1950 603,1939 990,1936"/>
        <Word id="region0001_line0030_word0000" custom="readingOrder {index:0;}">
          <Coords points="172,1903 165,1909 153,1909 154,1947 294,1944 293,1904 293,1904 281,1906 275,1913 227,1910 202,1913 193,1910 190,1902"/>
          <TextEquiv conf="0.9256412">
            <Unicode>abermal</Unicode>
          </TextEquiv>
        </Word>
        <Word id="region0001_line0030_word0001" custom="readingOrder {index:1;}">
          <Coords points="313,1954 433,1952 432,1913 404,1913 402,1908 395,1906 385,1908 380,1914 351,1913 345,1908 336,1908 331,1913 312,1908"/>
          <TextEquiv conf="0.9245541">
            <Unicode>hinein,</Unicode>
          </TextEquiv>
        </Word>
        <Word id="region0001_line0030_word0002" custom="readingOrder {index:2;}">
          <Coords points="453,1942 519,1941 518,1907 499,1905 490,1911 452,1912"/>
          <TextEquiv conf="0.9280422">
            <Unicode>und</Unicode>
          </TextEquiv>
        </Word>
        <Word id="region0001_line0030_word0003" custom="readingOrder {index:3;}">
          <Coords points="535,1899 531,1903 532,1949 649,1947 648,1900 629,1903 606,1904 600,1899 589,1899 587,1899 583,1905 557,1907 553,1900 548,1899"/>
          <TextEquiv conf="0.9262245">
            <Unicode>fanden</Unicode>
          </TextEquiv>
        </Word>
        <Word id="region0001_line0030_word0004" custom="readingOrder {index:4;}">
          <Coords points="666,1899 667,1937 772,1935 771,1904 719,1904 710,1898 708,1898 694,1900 689,1898"/>
          <TextEquiv conf="0.92880416">
            <Unicode>keinen</Unicode>
          </TextEquiv>
        </Word>
        <Word id="region0001_line0030_word0005" custom="readingOrder {index:5;}">
          <Coords points="853,1885 847,1894 851,1900 845,1900 840,1894 829,1894 823,1896 819,1902 795,1904 792,1904 793,1945 982,1942 981,1903 946,1904 932,1893 920,1894 914,1900 907,1893 887,1895 882,1898 880,1895 870,1895 865,1888 853,1885"/>
          <TextEquiv conf="0.92640907">
            <Unicode>erheblichen</Unicode>
          </TextEquiv>
        </Word>
        <TextEquiv>
          <Unicode>abermal hinein, und fanden keinen erheblichen</Unicode>
        </TextEquiv>
      </TextLine>
      <TextEquiv>
        <Unicode>Am 23 Januar nahmen die obengenannten
Herren an neuen Verſuchen Antheil. Das
Zimmer war etwas groͤßer, und mittelſt eines
eiſernen Ofens auf 150 Grad geheizt worden.
Sie blieben in vollen Kleidern 20 Minuten
darin, in welcher Zeit die Hitze noch 12 Grad
hoͤher ſtieg. Nach einer Stunde giengen ſie
abermal hinein, und fanden keinen erheblichen</Unicode>
      </TextEquiv>
    </TextRegion>
    <TextRegion id="TextRegion_1676275334887_763" custom="readingOrder {index:3;} structure {type:marginalia;}" orientation="1.016175" type="marginalia" readingDirection="left-to-right">
      <Coords points="964,796 1082,796 1082,853 965,853"/>
      <TextLine id="line_1676275334927_766" custom="readingOrder {index:0;}">
        <Coords points="965,801 1081,798 1081,853 1023,853 1013,846 966,846"/>
        <Baseline points="965,837 1020,836 1081,840"/>
        <Word id="region0001_line0009_word0007" custom="readingOrder {index:0;}">
          <Coords points="978,807 1059,805 1059,841 978,843"/>
          <TextEquiv conf="0.9107123">
            <Unicode>115.</Unicode>
          </TextEquiv>
        </Word>
        <TextEquiv>
          <Unicode>115.</Unicode>
        </TextEquiv>
      </TextLine>
      <TextEquiv>
        <Unicode>115.</Unicode>
      </TextEquiv>
    </TextRegion>
    <TextRegion id="TextRegion_1676275338509_775" custom="readingOrder {index:4;} structure {type:marginalia;}" orientation="1.016175" type="marginalia" readingDirection="left-to-right">
      <Coords points="979,1515 1082,1515 1082,1578 980,1578"/>
      <TextLine id="line_1676275338551_778" custom="readingOrder {index:0;}">
        <Coords points="981,1531 1022,1528 1035,1520 1062,1517 1081,1516 1081,1573 1021,1577 1015,1578 981,1578"/>
        <Baseline points="982,1570 1081,1564"/>
        <Word id="region0001_line0023_word0006" custom="readingOrder {index:0;}">
          <Coords points="994,1562 1078,1560 1077,1522 1029,1523 1022,1528 993,1530"/>
          <TextEquiv conf="0.9141116">
            <Unicode>116.</Unicode>
          </TextEquiv>
        </Word>
        <TextEquiv>
          <Unicode>116.</Unicode>
        </TextEquiv>
      </TextLine>
      <TextEquiv>
        <Unicode>116.</Unicode>
      </TextEquiv>
    </TextRegion>
  </Page>
</PcGts>
