1673 2241
594 255 688 303 118

781 246 894 300 Von
894 246 976 300 der
976 246 1200 300 ſinnlichen
1200 246 1322 300 Luſt,

599 346 721 388 troffnen
738 351 802 381 oder
820 346 879 387 ſehr
894 344 971 387 leicht
985 345 1225 387 anzuſchaffenden
1240 345 1426 385 angenehmen
1443 345 1504 383 Ge⸗

601 396 743 438 genſtaͤnde
760 401 808 432 der
823 397 934 434 Sinne.
978 396 1036 439 Jch
1045 405 1158 436 meine,
1182 397 1234 431 den
1255 396 1375 437 wirklich
1391 392 1503 439 ſchoͤnen

601 457 766 498 Geſchmack
783 459 831 490 der
848 456 1050 497 allgemeinſten
1066 455 1193 497 Speiſen
1210 458 1267 490 und
1282 452 1440 492 Getraͤnke;
1459 457 1504 489 die

601 513 768 549 angenehme
785 511 879 551 Farbe
902 514 947 545 der
963 510 1047 550 Luft,
1071 513 1120 544 der
1133 506 1280 550 Morgen ⸗
1283 505 1344 548 und
1356 503 1505 547 Abendroͤ⸗

600 575 661 614 the,
687 576 738 607 des
756 572 914 615 ſchattigten
930 573 1075 615 Waldes,
1095 576 1144 607 der
1161 569 1322 608 bebluͤmten
1332 571 1438 613 Wieſe,
1453 574 1506 605 des

599 635 776 676 kryſtallenen
800 633 931 674 Baches,
955 635 1006 667 des
1028 630 1247 674 abwechſelnden
1269 631 1430 672 Gartens,
1451 634 1505 665 den

600 689 716 730 Geruch
729 691 776 722 der
791 689 952 730 gemeinſten
973 684 1117 731 Kraͤuter,
1141 687 1270 725 Blumen
1288 690 1345 721 und
1361 687 1506 729 Speiſen;

599 752 652 783 den
676 748 783 788 Schall
807 750 854 782 der
876 745 1104 789 zwitſcherunden
1126 742 1251 788 Voͤgel,
1281 748 1330 780 der
1351 745 1505 787 rieſelnden

600 800 717 844 Baͤche,
741 790 790 837 des
806 799 964 844 ſaͤuſelnden
977 802 1117 842 Windes,
1141 802 1170 840 ja
1193 799 1269 842 ſelbſt
1289 802 1337 834 des
1354 795 1504 840 majeſtaͤti⸗

600 862 676 906 ſchen
693 863 859 899 Donners;
881 865 923 897 die
940 859 1097 904 gemaͤßigte
1118 859 1268 908 Waͤrme,
1287 864 1331 897 die
1352 858 1506 904 kuͤhlenden

600 918 701 961 Luͤfte,
723 923 779 955 und
795 923 837 956 die
851 917 966 961 gehoͤrig
984 910 1181 962 abwechſelnde
1197 919 1257 961 Luſt
1273 920 1323 954 der
1336 918 1508 958 Bewegung

603 990 661 1023 und
673 987 771 1029 Ruhe.

691 1100 861 1141 Gewoͤhnt
878 1100 952 1141 euch
968 1100 1050 1133 aber
1056 1100 1150 1140 nicht
1156 1108 1197 1140 zu
1207 1101 1291 1141 ſtark
1302 1107 1337 1139 zu
1348 1102 1426 1135 einer
1438 1100 1508 1134 oder

603 1159 709 1192 andrer
720 1157 889 1198 beſtimmten
912 1159 968 1192 Art
991 1150 1079 1202 dieſes
1100 1147 1308 1202 Vergnuͤgens;
1329 1154 1449 1197 ſordern
1461 1161 1508 1194 ge⸗

601 1209 700 1254 woͤhnt
716 1212 780 1254 euch
799 1221 830 1253 zu
847 1213 939 1256 allen,
971 1212 1079 1259 damit,
1102 1212 1185 1259 wenn
1196 1214 1297 1253 einige
1306 1211 1429 1252 fehlen,
1449 1213 1508 1246 das

603 1266 724 1307 Daſeyn
737 1270 792 1299 der
799 1272 909 1309 andern
921 1267 984 1305 euch
998 1264 1029 1306 ſo
1045 1271 1204 1313 vergnuͤge,
1223 1264 1279 1304 daß
1291 1265 1336 1303 ihr
1351 1266 1402 1300 den
1413 1265 1509 1301 Man⸗

603 1330 646 1371 gel
660 1339 734 1368 jener
751 1332 824 1374 nicht
837 1330 946 1370 merket.
992 1329 1076 1371 Noch
1090 1333 1209 1371 weniger
1225 1327 1305 1370 muͤßt
1320 1330 1370 1371 ihr
1370 1330 1436 1371 eine
1436 1330 1510 1371 ſtar⸗

601 1392 628 1426 ke
645 1391 786 1429 Begierde
802 1390 869 1430 nach
885 1388 988 1430 ſolchen
1003 1387 1147 1430 ſinnlichen
1161 1382 1398 1428 Vergnuͤgungen
1409 1391 1509 1424 unter⸗

599 1448 715 1489 halten,
741 1451 783 1484 die
805 1449 859 1484 viel
878 1450 945 1491 Zeit
957 1451 1014 1483 und
1035 1450 1189 1490 Aufwand
1198 1447 1362 1490 erfordern,
1381 1449 1438 1484 und
1453 1454 1509 1481 we⸗

603 1509 685 1547 nigen
699 1506 852 1548 Menſchen
861 1515 895 1547 zu
909 1505 1006 1548 Theile
1020 1508 1129 1542 werden
1146 1500 1261 1543 koͤnnen.
1305 1505 1379 1543 Das
1390 1507 1511 1541 Vorur⸗

602 1559 669 1600 theil
686 1567 741 1593 von
765 1562 813 1594 der
836 1557 1004 1599 Seltenheit
1027 1561 1081 1592 und
1093 1561 1176 1603 dein
1189 1552 1379 1603 vorzuͤglichen
1395 1547 1509 1602 Werthe

602 1624 715 1663 theurer
739 1618 919 1664 Vergnuͤgen
937 1617 1051 1662 betruͤgt
1064 1621 1176 1662 Viele,
1199 1625 1229 1660 es
1243 1623 1275 1655 in
1293 1620 1510 1661 Vergleichung

603 1684 655 1715 mit
671 1682 774 1715 andern
787 1677 870 1722 hoͤher
884 1688 911 1721 zu
928 1674 1057 1721 ſchaͤtzen,
1080 1680 1143 1716 als
1140 1677 1169 1726 es
1180 1681 1314 1716 verdient.
1343 1679 1430 1722 Dieſe
1445 1679 1510 1715 Be⸗

604 1743 717 1782 gierden
732 1750 861 1783 erzeugen
883 1749 937 1775 nur
952 1748 1004 1781 gar
1025 1748 1055 1781 zu
1071 1741 1113 1782 oft
1129 1741 1247 1783 Quaal,
1267 1738 1392 1782 Furcht,
1415 1739 1508 1779 Geiz,

606 1802 663 1834 und
685 1803 772 1840 andre
775 1798 1070 1843 Ungerechtigkeiten.

1408 1913 1510 1957 Unſere
