2589 3207
889 758 943 806 ihr
962 759 1030 799 das
1044 759 1103 805 erſt
1120 759 1261 812 wuͤſtet,
1285 762 1354 812 daß
1370 763 1421 811 ihr
1436 765 1590 810 GOttes
1604 767 1733 810 Kinder
1748 763 1878 820 waͤret;
1905 775 1986 812 was
2004 769 2125 821 fragtet
2146 771 2197 821 ihr
2212 771 2382 824 darnach,

885 822 975 856 was
985 819 1036 856 die
1052 817 1162 863 Welt
1175 828 1245 861 von
1262 819 1338 861 euch
1356 822 1535 870 urtheilete.
1584 825 1682 869 Man
1698 828 1762 870 kan
1756 821 1789 878 ja
1827 827 1920 878 leicht
1933 827 1967 876 ſo
1984 829 2083 880 lange
2097 829 2238 878 Geduld
2251 831 2381 881 haben,

886 862 944 903 bis
955 865 1010 905 der
1019 862 1103 914 Tag
1119 865 1178 906 des
1188 858 1348 915 Gerichts
1368 870 1513 916 kommt,
1540 871 1587 912 da
1595 873 1681 914 wird
1700 872 1778 923 doch
1788 876 1871 916 alles
1887 874 2042 928 offenbar
2055 877 2208 927 werden,
2230 883 2310 920 was
2329 879 2379 921 ein

881 916 1029 968 ieglicher
1046 921 1107 970 iſt,
1133 925 1203 964 und
1220 925 1307 966 wird
1322 927 1373 967 die
1386 925 1502 977 falſche
1510 926 1628 980 Zunge
1644 939 1681 977 zu
1700 928 1857 980 ſchanden
1876 934 2007 975 werden
2019 929 2157 986 muͤſſen.
2207 937 2312 985 Weil
2329 936 2379 984 ihr

883 971 959 1021 euch
980 972 1068 1022 nicht
1083 974 1280 1021 verleugnen
1297 979 1431 1027 wollet,
1452 978 1484 1029 ſo
1503 974 1600 1030 muͤßt
1620 982 1670 1024 ihr
1688 982 1720 1032 ſo
1741 982 1879 1034 geſtraft
1896 988 2026 1028 werden
2042 988 2105 1028 mit
2120 989 2175 1030 der
2193 988 2310 1042 Plage
2326 996 2379 1029 eu⸗

880 1026 935 1061 res
951 1022 1082 1070 eigenen
1094 1024 1268 1072 Hertzens.
1318 1028 1445 1074 Wenn
1463 1028 1535 1077 ihrs
1546 1029 1629 1079 recht
1639 1022 1738 1082 beym
1746 1032 1832 1082 Licht
1848 1034 1979 1086 beſehen
1996 1038 2134 1087 werdet,
2149 1038 2180 1087 ſo
2192 1041 2319 1082 kommt
2329 1036 2378 1081 al⸗

878 1075 909 1115 le
922 1075 1064 1123 Unruh,
1087 1077 1137 1116 die
1154 1069 1228 1125 euch
1254 1080 1288 1120 in
1308 1081 1382 1121 dem
1406 1080 1634 1132 menſchlichen
1654 1082 1755 1127 Leben
1780 1080 1945 1136 zuſtoͤſſet,
1972 1087 2058 1137 ſamt
2074 1090 2134 1131 den
2158 1092 2265 1134 vielen
2278 1093 2378 1137 Ver⸗

879 1123 1129 1177 druͤßlichkeiten
1145 1133 1212 1172 und
1229 1130 1575 1185 Beſchwerlichkeiten
1595 1135 1770 1187 ſonderlich
1787 1137 1889 1188 daher,
1933 1140 2009 1182 weil
2024 1141 2076 1192 ihr
2090 1142 2165 1193 euch
2182 1144 2275 1196 ſelbſt
2293 1143 2378 1192 nicht

877 1180 1078 1230 verleugnet.
1130 1183 1256 1230 Wenn
1274 1190 1324 1232 ihr
1346 1197 1415 1228 nun
1432 1190 1493 1230 den
1513 1189 1615 1231 lieben
1627 1189 1742 1237 GOtt
1759 1190 1944 1243 anrufetet,
1970 1196 2037 1235 und
2053 1196 2140 1246 nicht
2156 1197 2301 1250 ablieſſet
2315 1197 2375 1240 mit

879 1232 1009 1280 bitten,
1040 1234 1107 1284 daß
1124 1247 1157 1276 er
1175 1236 1250 1281 euch
1270 1239 1349 1283 doch
1367 1242 1418 1281 die
1435 1239 1563 1285 Gnade
1584 1243 1652 1283 und
1667 1242 1772 1291 Kraft
1792 1242 1980 1294 darreichen
1998 1248 2116 1294 wolle,
2143 1250 2218 1299 euch
2236 1250 2328 1302 ſelbſt
2341 1254 2377 1298 zu

875 1286 1096 1334 verleugnen,
1126 1298 1190 1331 wie
1209 1291 1390 1340 CHriſtus
1406 1291 1519 1343 geſagt
1535 1295 1622 1343 hat:
1653 1299 1758 1340 Wer
1773 1300 1876 1340 mein
1891 1295 2058 1351 Juͤnger
2073 1299 2159 1353 ſeyn
2176 1304 2284 1346 will,
2309 1310 2377 1346 der

874 1332 1087 1387 verleugne
1105 1334 1182 1387 ſich
1197 1329 1326 1387 ſelbſt:
1353 1340 1383 1387 ſo
1406 1332 1535 1383 wuͤrdet
1552 1344 1603 1389 ihr
1619 1340 1685 1391 auf
1696 1343 1822 1385 einmal
1847 1347 1944 1388 vieler
1956 1345 2062 1397 Noth
2077 1350 2145 1390 und
2163 1350 2266 1393 vieles
2277 1351 2376 1396 Elen⸗

875 1388 936 1426 des
952 1381 1161 1438 uͤberhoben,
1189 1391 1220 1438 ſo
1249 1386 1357 1435 kaͤmet
1375 1395 1426 1440 ihr
1441 1398 1510 1434 aus
1524 1394 1625 1436 vieler
1638 1393 1776 1446 Unruhe
1793 1395 1941 1446 heraus,
1962 1401 2030 1441 und
2057 1397 2188 1445 wuͤrdet
2207 1406 2294 1448 denn
2315 1401 2376 1453 erſt

874 1440 1146 1490 recht
979 1435 1031 1487 die
1051 1442 1142 1490 wahre
1158 1443 1310 1494 Freyheit
1325 1450 1384 1488 des
1395 1449 1532 1497 Geiſtes
1540 1448 1731 1500 ſchmecken.
1779 1453 1850 1502 Ach
1867 1451 1988 1506 wuͤſtet
2000 1455 2075 1504 ihr,
2099 1462 2179 1499 was
2196 1464 2233 1501 es
2252 1457 2307 1509 fuͤr
2324 1460 2374 1500 ein

873 1488 997 1541 ſuͤſſes,
1023 1493 1210 1542 liebliches,
1236 1495 1460 1545 angenehmes
1477 1498 1610 1549 Weſen
1626 1512 1685 1543 um
1701 1504 1768 1544 das
1779 1501 1878 1552 Hertz
1892 1504 1982 1547 eines
1994 1506 2124 1550 Kindes
2143 1509 2296 1555 GOttes
2312 1508 2375 1558 ſey,

873 1546 942 1585 das
961 1547 1042 1589 ſeine
1054 1547 1187 1594 Freude
1199 1559 1257 1589 am
1267 1550 1427 1597 Himmel
1442 1551 1524 1598 hat,
1546 1555 1614 1603 das
1626 1556 1695 1595 eine
1702 1556 1906 1606 Wohnung
1915 1560 1984 1600 und
1993 1557 2136 1609 Tempel
2143 1562 2204 1603 des
2213 1561 2373 1613 Heiligen

874 1593 1013 1644 Geiſtes
1025 1600 1184 1645 worden,
1210 1601 1277 1641 das
1297 1599 1357 1649 ſich
1373 1599 1460 1647 nicht
1476 1612 1535 1644 um
1550 1605 1603 1644 die
1616 1605 1704 1652 Ehre
1720 1605 1820 1655 dieſer
1828 1608 1935 1654 Welt
1950 1604 2175 1657 bekuͤmmert,
2198 1613 2267 1653 das
2288 1610 2375 1662 nicht

872 1649 957 1700 nach
975 1650 1049 1692 dem
1066 1649 1272 1702 Reichthum
1287 1653 1384 1704 dieſer
1400 1655 1507 1701 Welt
1523 1655 1653 1708 fraget,
1676 1660 1743 1701 und
1764 1659 1845 1711 doch
1861 1663 1973 1706 keinen
1989 1662 2141 1713 Mangel
2159 1665 2275 1716 leidet,
2299 1666 2373 1714 ſon⸗

871 1700 951 1742 dern
969 1708 1038 1741 von
1060 1699 1179 1750 ſeinem
1190 1701 1337 1753 Vater,
1361 1705 1419 1746 der
1434 1707 1486 1748 die
1500 1701 1678 1758 Voͤgelein
1695 1714 1793 1752 unter
1810 1712 1885 1753 dem
1899 1710 2058 1761 Himmel
2077 1713 2243 1764 ernehret,
2263 1713 2372 1765 erhal⸗

871 1756 925 1792 ten
942 1751 1051 1793 wird:
1079 1756 1161 1792 was
1176 1753 1281 1803 gilts,
1301 1754 1352 1804 ihr
1367 1750 1497 1800 wuͤrdet
1515 1757 1598 1808 auch
1626 1760 1677 1801 mit
1703 1757 1844 1816 mehrerm
1857 1761 1959 1815 Ernſt
1974 1764 2123 1817 darnach
2140 1765 2290 1819 ſtreben,
2304 1763 2374 1817 daß

869 1806 925 1853 ihr
943 1806 1067 1855 ſolches
1083 1806 1233 1855 erſahren
1253 1805 1406 1859 moͤchtet.
1484 1813 1579 1858 Nun
1595 1820 1634 1854 es
1652 1810 1746 1857 waͤre
1762 1816 1844 1867 noch
1862 1816 1927 1859 viel
1941 1820 2057 1861 davon
2075 1829 2112 1869 zu
2127 1821 2247 1862 reden;
2261 1832 2298 1863 es
2316 1822 2372 1865 lei⸗

872 1857 948 1897 dets
968 1857 1047 1898 aber
1063 1858 1116 1898 die
1131 1858 1205 1908 Zeit
1221 1859 1321 1901 nicht.
1401 1861 1512 1906 Was
1525 1863 1610 1905 denn
1627 1863 1711 1914 noch
1724 1875 1793 1908 von
1805 1866 1904 1917 dieſer
1916 1862 2074 1918 noͤthigen
2085 1868 2213 1920 Sache
2225 1881 2261 1920 zu
2271 1872 2390 1924 ſagen

868 1903 984 1954 waͤre,
1011 1911 1079 1951 das
1091 1913 1190 1953 wolle
1205 1914 1262 1955 der
1275 1920 1402 1963 getreue
1414 1915 1529 1961 GOtt
1543 1915 1691 1969 erſetzen,
1715 1920 1784 1960 und
1799 1922 1891 1973 ſelbſt
1905 1924 1956 1965 die
1964 1923 2081 1969 Decke
2097 1927 2152 1968 der
2163 1925 2369 1978 fleiſchlichen

868 1953 1024 2013 Freyheit
1049 1963 1168 2012 hinweg
1181 1966 1288 2014 thun,
1305 1967 1372 2009 und
1390 1969 1548 2017 hingegen
1568 1971 1619 2013 die
1636 1970 1753 2023 wahre
1762 1973 1916 2025 Freyheit
1940 1972 1985 2023 der
2019 1971 2135 2029 Kinder
2131 1979 2284 2025 GOttes
2293 1976 2368 2029 euch

868 2018 904 2059 in
915 2015 1065 2063 Gnaden
1076 2017 1262 2071 ſchencken,
1276 2022 1398 2064 darum
1408 2022 1473 2064 wir
1489 2022 1545 2072 ihn
1555 2025 1647 2069 dann
1657 2034 1733 2077 zum
1743 2024 1917 2082 Beſchluß
1926 2029 1995 2082 alſo
2012 2030 2115 2076 bitten
2131 2034 2269 2077 wollen.

864 2112 996 2256 D

994 2109 1045 2160 U
1055 2138 1205 2178 ewiger
1221 2154 1305 2168 und
1326 2157 1549 2185 lebendiger
1574 2162 1711 2178 GOtt
1733 2166 1819 2178 und
1840 2168 1977 2181 Vater
2000 2171 2045 2179 in
2066 2173 2155 2182 dem
2180 2166 2367 2189 Himmel,

1023 2173 1078 2212 du
1103 2169 1193 2221 haſt
1215 2182 1260 2212 es
1279 2169 1460 2227 gehoͤret,
1480 2184 1577 2216 was
1599 2177 1835 2231 geprediget
1852 2178 1921 2232 iſt;
1957 2184 2061 2224 denn
2082 2182 2214 2236 ſolteſt
2236 2189 2292 2227 du
2319 2193 2367 2227 es

1025 2223 1137 2263 nicht
1154 2220 1303 2266 hoͤren,
1326 2231 1396 2267 der
1420 2229 1474 2269 du
1488 2232 1566 2270 das
1586 2229 1683 2272 Ohr
1694 2231 1935 2276 gepflantzet
1943 2232 2057 2291 haſt.
2109 2237 2277 2282 Deinem
2295 2237 2365 2282 vaͤ⸗

862 2268 1055 2316 terlichen
1080 2272 1240 2324 Hertzen
1269 2273 1344 2325 iſts
1369 2276 1469 2320 auch
1494 2277 1698 2331 offenbar,
1720 2282 1803 2333 daß
1827 2292 1872 2322 es
1896 2282 1981 2325 alſo
2003 2282 2095 2334 ſey/
2109 2286 2188 2327 wie
2208 2298 2251 2328 es
2277 2290 2365 2334 ietzt

860 2319 1003 2377 geſagt
1022 2327 1210 2370 worden,
1238 2329 1405 2374 nemlich
1424 2332 1507 2384 daß
1529 2338 1593 2377 die
1613 2332 1842 2386 fleiſchliche
1867 2335 2050 2392 Freyheit
2070 2341 2155 2384 und
2181 2344 2262 2387 das
2285 2340 2363 2396 fal⸗

860 2376 943 2427 ſche
957 2374 1148 2425 Duͤncken
1173 2382 1257 2422 eine
1278 2381 1409 2434 groſſe
1430 2384 1655 2438 Hinderniß
1675 2388 1827 2432 deinem
1848 2388 1995 2436 Werck
2010 2393 2052 2433 in
2075 2392 2195 2444 dieſer
2219 2396 2363 2440 Stadt

861 2432 969 2474 gebe.
1016 2430 1102 2479 Ach
1125 2434 1279 2481 GOtt,
1307 2440 1389 2479 das
1410 2437 1539 2482 Reich
1556 2442 1628 2481 des
1649 2440 1824 2484 Satans
1846 2439 1985 2487 wuͤrde
2002 2442 2044 2496 ja
2060 2444 2256 2500 gewaltig
2281 2451 2362 2495 zer⸗

858 2461 987 2526 ſtoͤret
1003 2479 1165 2516 werden
1187 2481 1228 2515 in
1244 2481 1318 2518 den
1334 2480 1494 2528 Hertzen
1512 2481 1581 2520 der
1598 2480 1886 2540 Einwohner/
1901 2489 1984 2525 und
1998 2492 2087 2527 dein
2100 2491 2227 2534 Reich
2255 2486 2361 2531 wuͤr⸗

859 2536 907 2573 de
924 2538 966 2573 in
985 2535 1137 2587 groſſer
1152 2534 1289 2592 Kraft
1308 2539 1474 2589 gruͤnen,
1492 2539 1639 2594 bluͤhen
1657 2546 1738 2588 und
1756 2545 1855 2598 ſeine
1867 2543 2035 2601 Fruͤchte
2051 2548 2223 2601 tragen!
2253 2552 2360 2596 Aber

858 2580 954 2631 dieſe
975 2584 1097 2628 Decke
1118 2586 1273 2638 hanget
1294 2578 1438 2631 davor.
1492 2588 1608 2643 Thue
1634 2589 1684 2645 ſie
1704 2593 1889 2647 hinweg,
1914 2595 1970 2636 du
1991 2597 2139 2648 ewiger
2163 2593 2360 2648 GOTT!

855 2634 929 2688 gib
957 2637 1057 2678 doch
1072 2642 1214 2685 denen,
1238 2644 1299 2683 die
1323 2637 1473 2693 ſolches
1499 2643 1586 2690 ietzt
1608 2641 1776 2697 gehoͤret
1801 2647 1969 2706 haben/
1987 2648 2068 2703 daß
2093 2650 2142 2701 ſie
2161 2655 2252 2697 dem
2276 2652 2360 2703 fein

855 2683 1139 2732 nachdencken,
1159 2698 1255 2729 was
1277 2691 1330 2730 da
1346 2693 1506 2743 geredet
1525 2700 1703 2742 worden,
1725 2699 1808 2738 und
1826 2707 1872 2739 es
1888 2697 1971 2750 fein
1989 2700 2059 2749 bey
2078 2700 2155 2753 ſich
2170 2703 2214 2744 in
2230 2701 2359 2754 ihrem

855 2736 1017 2794 Hertzen
1033 2738 1241 2794 erwaͤgen,
1263 2745 1395 2790 damit
1411 2757 1456 2790 es
1472 2748 1574 2799 doch
1593 2747 1664 2801 bey
1687 2748 1810 2805 ihnen
1833 2752 1877 2797 in
1893 2754 2020 2804 einem
2036 2751 2197 2810 fernern
2213 2754 2359 2806 Nach⸗
