1646 2296
606 387 733 435 laͤuftig.
777 386 870 432 Den,
894 384 979 431 ſchon
996 394 1071 424 vom
1083 386 1129 425 K.
1141 382 1300 431 Stephan
1310 378 1326 428 I
1339 381 1465 430 herruͤh⸗

608 441 718 475 renden
744 437 828 477 Titel
853 435 937 474 eines
960 434 1172 480 apoſtoliſchen
1195 432 1326 478 Koͤnigs
1343 431 1398 479 hat
1420 432 1467 476 P.

607 487 762 527 Klemens
773 489 866 526 XIII
885 490 958 530 1758
972 482 1033 529 auf
1042 482 1121 529 ewig
1140 489 1347 521 erneuert.—
1397 482 1466 522 Ein

608 540 719 585 Koͤnig
739 548 798 576 von
816 538 943 582 Ungern
968 536 1023 584 hat
1037 536 1211 582 allerdings
1226 535 1315 583 groſe
1336 535 1467 581 Rechte,

607 592 658 627 die
672 591 763 632 durch
781 591 828 628 die
854 586 1070 634 Reichsgeſeze
1093 586 1152 624 mit
1174 591 1231 625 den
1255 584 1391 630 Rechten
1415 588 1468 621 der

609 641 745 683 Staͤnde
769 641 827 686 auf
842 638 980 687 folgende
1004 639 1067 679 Art
1086 637 1121 677 in
1144 641 1206 677 das
1229 635 1470 684 Gleichgewicht

609 691 721 739 geſezet
742 693 822 734 ſind:

609 746 644 791 1)
668 740 923 793 Praͤrogativen
937 743 998 784 des
1011 738 1171 789 Koͤnigs:

663 807 689 831 1.
716 795 858 840 Recht
822 793 859 844 zu
869 793 971 838 adeln,
984 796 1047 830 und
1054 789 1251 838 Privilegien
1264 798 1300 837 zu
1301 786 1491 837 ertheilen.

663 855 694 880 2.
720 835 1072 888 Begnadigungsrecht.

665 908 694 940 3.
717 896 818 941 Recht
838 900 893 934 des
909 894 1031 941 Kriegs
1049 895 1112 931 und
1128 895 1185 931 des
1200 892 1374 941 Friedens,
1407 892 1472 929 und

715 951 816 993 Recht
832 949 976 993 Geſande
991 958 1028 994 zu
1045 945 1182 991 ſchicken.

664 1009 700 1043 4.
721 999 802 1039 Das
817 997 1112 1045 Ernennungsrecht
1129 999 1182 1035 der
1201 994 1394 1043 Erzbiſchoͤſe
1408 997 1473 1033 und

715 1050 876 1096 Biſchoͤfe,
891 1053 966 1095 und,
985 1047 1132 1094 waͤhrend
1147 1052 1200 1087 der
1214 1047 1475 1089 Sedis⸗Vakan⸗

715 1110 793 1148 zen,
818 1102 938 1148 Genuß
953 1106 1004 1140 der
1021 1099 1191 1146 Einkuͤnfte
1208 1104 1259 1138 der
1273 1098 1474 1145 Geiſtlichen,

718 1148 797 1194 ohne
825 1148 916 1191 durch
940 1150 991 1187 ein
1009 1142 1123 1197 Geſez
1140 1138 1298 1192 gebunden
1326 1155 1362 1191 zu
1378 1142 1475 1188 ſeyn,

720 1195 781 1232 wie
802 1197 876 1241 lang
895 1200 940 1231 er
951 1196 999 1234 die
1012 1184 1138 1235 Stelle
1149 1193 1277 1238 erledigt
1291 1191 1381 1236 laſſen
1398 1191 1474 1228 will.

667 1264 697 1297 5.
720 1252 799 1291 Das
818 1252 940 1295 Recht,
964 1248 1136 1297 gebohrnen
1157 1249 1279 1294 Ungern
1299 1248 1425 1285 Aemter
1436 1257 1474 1292 zu

719 1301 891 1347 verleihen:
922 1311 980 1339 nur
1006 1301 1066 1338 mit
1090 1295 1278 1345 Ausnahme
1298 1302 1351 1335 der
1375 1300 1477 1345 Pala⸗

721 1351 926 1391 tins⸗Wuͤrde
949 1353 1012 1390 und
1034 1353 1159 1387 anderer
1181 1346 1354 1395 vorzuͤglich
1370 1338 1476 1395 groſen

720 1408 877 1448 Wuͤrden.

666 1463 701 1499 6.
725 1459 805 1498 Das
823 1456 1022 1504 Muͤnzrecht.

667 1501 699 1529 7.
727 1506 966 1538 Einwilligung
984 1516 1021 1539 zu
1047 1511 1103 1536 den
1128 1492 1475 1540 Reichstagsſchluͤſſen,

718 1564 778 1598 das
802 1562 868 1605 iſt,
916 1559 1046 1606 Antheil
1083 1565 1126 1596 an
1160 1560 1213 1598 der
1239 1553 1476 1606 geſezgebenden

721 1608 862 1646 Gewalt.

668 1663 703 1695 8.
726 1655 861 1693 Recht,
881 1647 1062 1689 Auslaͤnder
1081 1650 1154 1684 zum
1169 1648 1358 1695 Jndigenat
1368 1665 1475 1694 vorzu⸗

721 1710 877 1756 ſchlagen,
897 1708 986 1751 aber
993 1708 1082 1757 nicht
1095 1710 1159 1746 das
1174 1705 1361 1754 Jndigenat
1372 1707 1415 1753 zu
1427 1715 1476 1742 er⸗

721 1759 846 1804 theilen.

667 1815 702 1847 9.
726 1814 850 1846 Recht,
889 1805 911 1847 4
935 1803 1136 1840 Kandidaten
1163 1803 1216 1834 zur
1234 1809 1475 1843 Palatinwuͤrde

718 1867 774 1901 den
794 1860 957 1908 Sraͤnden
957 1859 1206 1908 vorzuſchlagen.
