1519 2346
104 372 214 420 Epiſtel
232 383 281 409 am
293 373 338 412 H.
358 365 594 412 Chriſt ⸗ Tage,

298 421 351 442 Tit.
376 426 399 442 2.

106 449 149 512 E

149 449 165 489 s
192 451 221 484 iſt
247 448 384 480 erſchienen
409 447 448 476 die
476 442 596 477 heilſame

177 488 269 512 Gnade
295 484 391 513 Gottes
418 481 484 512 allen
519 479 608 509 Men⸗

107 517 192 551 ſchen,
204 518 257 545 und
269 511 390 548 zuͤchtiget
403 515 470 545 uns,
489 512 536 542 daß
552 515 608 538 wir

106 552 181 586 ſollen
204 551 356 584 verleugnen
375 550 422 577 das
443 543 599 579 ungoͤttliche

107 588 201 622 Weſen
223 591 274 615 und
296 584 334 615 die
355 581 498 616 weltlichen
525 578 599 611 Luͤſte,

108 627 162 654 und
175 620 287 659 zuͤchtig,
307 621 403 654 gerecht
417 621 469 648 und
484 616 600 649 gottſelig

109 659 181 691 leben
200 658 227 687 in
242 658 318 688 dieſer
330 656 421 686 Welt;
436 653 488 683 und
503 653 600 679 warten

109 695 157 726 auf
178 691 215 722 die
234 691 305 724 ſelige
329 687 460 723 Hoffnung
480 685 531 714 und
552 686 600 716 Er⸗

108 726 240 762 ſcheinung
250 728 291 755 der
298 723 465 759 Herrlichkeit
479 722 522 750 des
537 720 600 753 groſ⸗

110 761 149 791 ſen
159 761 273 791 Gottes,
287 757 339 786 und
354 756 442 788 unſers
461 751 602 787 Heilandes

110 798 173 833 Jeſu
184 789 296 829 Chriſti,
316 796 360 823 der
371 793 416 823 ſich
426 793 493 823 ſelbſt
502 790 544 821 fuͤr
552 792 602 816 uns

111 828 216 861 gegeben
227 825 285 859 hat,
300 826 344 858 auf
355 823 399 855 daß
408 827 434 851 er
441 824 492 852 uns
500 819 604 853 erloͤſete

111 869 154 894 von
166 859 232 897 aller
246 858 476 896 Ungerechtigkeit,
489 859 542 886 und
556 863 602 881 rei⸗

111 895 193 932 nigte'
203 898 257 929 ihm
273 893 339 928 ſelbſt
354 900 395 923 ein
416 885 485 926 Volck
500 889 542 922 zum
560 889 603 916 Ei⸗

110 933 251 966 genthum,
265 931 312 961 das
328 928 408 965 fleißig
417 924 485 957 waͤre
493 932 520 961 zu
529 925 604 958 guten

109 971 243 1001 Wercken.

111 1011 190 1050 Eine
211 1011 316 1049 andere
336 1004 450 1051 Epiſtel
474 1003 532 1046 auf
550 1003 607 1039 die⸗

204 1059 242 1093 ſen
259 1056 408 1092 Feſt ⸗ Tag,
430 1052 472 1087 Eſ.
487 1060 512 1088 9.

110 1098 175 1164 D

175 1094 205 1134 as
214 1101 309 1135 Volck,
326 1100 349 1132 ſo
365 1096 401 1127 im
416 1094 530 1130 Finſtern
539 1099 609 1121 wan⸗

195 1138 264 1164 delt,
284 1135 359 1161 uͤebet
373 1133 414 1157 ein
428 1130 519 1159 großes
533 1128 600 1154 Licht,

114 1179 169 1205 und
177 1173 239 1205 uͤber
247 1175 301 1205 die,
315 1170 354 1200 die
379 1168 407 1202 da
400 1169 509 1200 wohnen
519 1166 555 1196 im
563 1173 599 1193 fin⸗

116 1204 181 1238 ſtern
192 1204 287 1235 Lande,
302 1200 406 1234 ſcheinet
414 1202 441 1229 es
455 1199 525 1230 helle.
561 1193 609 1227 Du

115 1241 228 1272 macheſt
241 1241 285 1265 der
301 1237 407 1270 Heyden
427 1234 501 1264 viel,
527 1225 611 1260 damit

116 1272 223 1305 macheſt
230 1272 263 1300 du
282 1270 325 1298 der
340 1267 454 1301 Freuden
469 1265 537 1295 nicht
551 1260 609 1293 viel.

114 1307 171 1343 Fuͤr
187 1309 226 1337 dir
240 1307 298 1334 aber
313 1305 376 1332 wird
391 1309 452 1333 man
461 1300 506 1334 ſich
514 1299 610 1329 freuen,

114 1342 167 1374 wie
175 1348 237 1373 man
251 1340 295 1374 ſich
309 1338 390 1370 freuet
405 1336 432 1367 in
446 1337 490 1366 der
503 1335 609 1368 Erndte,

118 1378 168 1407 wie
188 1382 250 1405 man
269 1372 356 1407 froͤlich
381 1372 424 1405 iſt,
451 1377 526 1400 wenn
551 1375 604 1398 man

119 1414 210 1446 Beute
226 1410 376 1443 austheilet.
414 1408 494 1441 Denn
509 1407 542 1436 du
563 1401 613 1436 haſt

112 1446 168 1480 das
174 1440 234 1483 Joch
251 1446 320 1478 ihrer
329 1444 392 1478 Laſt,
409 1445 460 1474 und
476 1443 515 1472 die
527 1437 617 1471 Ruthe

113 1482 191 1514 ihrer
209 1481 354 1513 Schulter,
372 1481 423 1509 und
442 1479 490 1507 den
504 1475 616 1508 Stecken

119 1516 193 1549 ihres
207 1514 328 1546 Treibers
343 1510 496 1546 zubrochen,
517 1515 565 1537 wie
573 1513 614 1540 zur

119 1554 179 1585 Zeit
189 1551 313 1582 Midian.
367 1549 447 1578 Denn
462 1548 525 1573 aller
538 1545 616 1573 Krieg

120 1588 173 1616 mit
191 1579 346 1616 Ungeſtuͤm,
362 1581 415 1610 und
431 1578 514 1609 blutig
528 1575 620 1608 Kleid,

121 1617 188 1647 wird
197 1614 339 1646 verbrannt
351 1612 402 1642 und
411 1611 460 1641 mit
471 1610 552 1643 Feuer
565 1610 619 1639 ver⸗

114 1653 204 1688 zehret
225 1650 336 1681 werden.
374 1646 454 1680 Denn
470 1648 522 1675 uns
536 1645 565 1674 iſt
579 1641 617 1668 ein

116 1685 196 1719 Kind
212 1684 355 1719 gebohren,
375 1682 417 1713 ein
431 1681 512 1711 Sohn
528 1677 555 1710 iſt
570 1676 620 1707 uns

118 1719 247 1755 gegeben,
264 1719 369 1750 welches
383 1715 524 1751 Herrſchaſt
541 1714 568 1745 iſt
577 1711 620 1738 auf

124 1755 207 1788 ſeiner
216 1752 361 1787 Schulter,
377 1753 429 1780 und
444 1757 470 1780 er
484 1747 555 1781 heiſt
561 1751 620 1774 wun⸗

119 1788 236 1823 derbar,
254 1790 341 1820 Rath,
357 1787 449 1817 Kraft,
463 1784 544 1819 Held,
559 1782 621 1808 ewig

127 1828 233 1858 Vater,
247 1819 438 1853 Friede⸗Fuͤrſt,
455 1820 495 1851 auf
506 1819 547 1849 daß
561 1814 624 1849 ſeine

127 1857 270 1892 Herrſchaft
291 1854 350 1890 groß
372 1853 480 1888 werde,
505 1852 556 1881 und
582 1847 626 1879 des

151 1887 251 1919 Friedens
259 1884 312 1916 kein
320 1884 403 1918 Ende,
414 1881 463 1916 auf
468 1883 526 1912 dem
535 1880 628 1912 Stuhl

131 1927 223 1957 David
232 1926 283 1956 und
291 1923 381 1958 ſeinem
394 1919 564 1956 Koͤnigreich,
580 1919 628 1946 daß

132 1965 175 1993 ers
185 1960 292 1997 zurichte
302 1961 353 1987 und
365 1957 450 1989 ſtaͤrcke
459 1960 509 1985 mit
523 1950 627 1984 Gerich⸗

133 2000 161 2027 te
175 1999 227 2027 und
241 1992 442 2026 Gerechtigkeit,
460 1996 512 2020 von
526 1994 581 2018 nun
594 1990 630 2016 an

119 2026 171 2056 bis
184 2021 211 2054 in
218 2019 352 2057 Ewigkeit.
371 2020 484 2053 Solches
494 2016 553 2047 wird
566 2017 632 2050 thun

139 2059 182 2092 der
192 2059 264 2095 Eifer
273 2057 315 2089 des
323 2053 408 2092 Herrn
416 2053 538 2091 Zebaoth.

691 354 910 398 Evangelium,
923 353 982 388 Luc.
1002 361 1030 384 2.

611 403 661 469 E

661 403 674 430 s
696 399 771 431 begab
791 397 838 431 ſich
857 396 917 425 aber
934 400 963 427 zu
982 393 1026 422 der
1039 390 1106 427 Zeit,

680 434 728 462 daß
737 436 779 458 ein
787 432 870 459 Gebot
878 432 937 456 vom
949 426 1047 457 Kayſer
1053 425 1107 451 Au⸗

615 474 683 506 guſto
693 471 837 504 ausgieng,
853 469 900 501 daß
916 469 962 499 alle
976 467 1052 496 Welt
1065 472 1106 494 ge⸗

616 507 711 542 ſchaͤtzet
732 503 828 536 wuͤrde.
863 506 919 533 Und
940 502 999 532 dieſe
1018 499 1107 529 Scha⸗

618 543 686 570 tzung
709 544 763 565 war
783 538 823 563 die
846 533 984 567 allererſte,
999 530 1052 560 und
1065 534 1107 561 ge⸗

616 574 684 607 ſchab
694 578 738 607 zur
750 573 822 608 Zeit,
840 571 872 599 da
885 568 1016 602 Cyrenius
1028 567 1106 596 Land⸗

619 612 708 640 pfleger
714 607 744 640 in
750 604 852 637 Syrien
862 610 923 632 war.
959 602 1015 632 Und
1030 599 1108 630 ieder⸗

622 650 683 673 man
689 639 774 679 gieng,
785 641 820 673 daß
835 646 861 667 er
870 638 914 671 ſich
923 636 1023 671 ſchaͤtzen
1032 633 1108 666 lieſſe,

615 679 667 711 ein
667 677 790 712 ieglicher
808 684 836 706 in
850 673 914 705 ſeine
929 674 1018 703 Stadt.
1061 670 1109 701 Da

620 716 717 748 machte
738 712 784 747 ſich
803 711 864 743 auch
884 711 929 739 auf
946 706 1043 740 Joſeph
1062 706 1110 733 aus

616 743 748 776 Galtlaͤa,
764 745 813 772 aus
813 745 859 770 der
882 735 962 772 Stadt
975 731 1112 773 Nazareth,

621 786 651 810 in
658 785 705 812 das
712 780 830 816 Juͤdiſche
840 778 921 810 Land,
937 785 965 806 zu
972 778 1014 802 der
1024 776 1112 803 Stadt

621 818 727 850 David,
748 816 786 845 die
802 819 833 845 da
848 808 938 847 heiſſet
950 810 1113 842 Bethlehem,

624 854 734 877 darum,
757 846 803 879 daß
812 854 837 875 er
857 837 895 877 von
914 841 960 874 dem
969 840 1052 878 Hauſe
1061 842 1114 869 und

624 882 778 918 Geſchlechte
793 882 898 914 Davids
919 885 989 911 war,
1005 877 1051 906 auf
1068 878 1115 907 daß

623 925 652 946 er
675 920 721 953 ſich
744 917 845 952 ſchaͤtzen
864 916 929 947 lieſſe
948 915 998 946 mit
1019 911 1114 943 Maria

628 954 718 984 ſeinem
727 953 876 982 vertrauten
896 942 990 983 Weibe,
1006 945 1044 975 die
1060 951 1115 973 war

624 985 775 1022 ſchwanger.
797 985 853 1014 Und
861 984 902 1014 als
903 979 945 1019 ſie
955 980 1055 1015 daſelbſt
1064 985 1116 1007 wa⸗

624 1028 687 1056 ren,
701 1022 757 1054 kam
766 1020 806 1051 die
813 1021 885 1053 Zeit,
898 1018 946 1051 daß
946 1012 984 1053 ſie
991 1013 1118 1051 gebaͤhren

627 1059 703 1091 ſollte.
739 1057 796 1087 Und
807 1056 839 1088 ſie
854 1052 945 1088 gebahr
960 1052 1033 1084 ihren
1041 1048 1121 1081 erſten

628 1091 709 1130 Sohn,
726 1092 770 1121 und
784 1089 892 1120 wickelte
902 1087 945 1120 ihn
956 1087 981 1115 in
990 1082 1119 1116 Windeln

629 1131 681 1161 und
689 1127 755 1160 legte
762 1126 805 1158 ihn
816 1131 842 1153 in
850 1123 906 1151 eine
920 1120 1031 1153 Krippe,
1051 1120 1119 1149 denn

628 1167 661 1186 ſie
681 1158 771 1188 hatten
790 1156 852 1188 ſonſt
871 1154 959 1183 keinen
982 1151 1074 1183 Raum
1090 1147 1119 1177 in

630 1199 671 1221 der
680 1189 815 1225 Herberge.
851 1188 906 1218 Und
915 1187 941 1214 es
957 1190 1043 1214 waren
1059 1181 1120 1214 Hir⸗

631 1227 672 1254 ten
681 1225 708 1254 in
721 1221 871 1255 derſelbigen
886 1219 991 1252 Gegend
1005 1218 1052 1248 auf
1063 1219 1121 1244 dem

630 1259 704 1288 Felde
711 1259 754 1289 bey
764 1258 811 1286 den
819 1251 942 1289 Huͤrden,
962 1253 1003 1282 die
1016 1249 1122 1283 huͤteten

636 1299 674 1325 des
682 1294 782 1327 Nachts
792 1294 859 1324 ihrer
867 1289 970 1325 Heerde.
986 1289 1042 1317 Und
1051 1287 1123 1317 ſiehe,

632 1329 676 1360 des
690 1326 789 1365 HErrn
809 1324 893 1358 Engel
913 1325 966 1353 trat
980 1326 1009 1354 zu
1029 1318 1123 1351 ihnen,

634 1367 686 1397 und
695 1364 735 1394 die
742 1361 863 1397 Klarheit
876 1362 920 1390 des
935 1358 1032 1393 HErrn
1043 1356 1124 1385 leuch⸗

632 1401 685 1429 tete
697 1404 741 1428 um
757 1394 805 1429 ſie,
823 1397 875 1425 und
895 1394 926 1428 ſie
947 1390 1059 1427 furchten
1078 1388 1126 1422 ſich

629 1434 696 1469 ſehr.
733 1435 788 1465 Und
803 1433 845 1462 der
860 1429 943 1465 Engel
959 1427 1041 1462 ſprach
1053 1433 1082 1458 zu
1090 1424 1127 1455 ih⸗

635 1471 698 1500 nen!
718 1462 986 1502 Fuͤrchtet
845 1460 898 1499 euch
908 1462 984 1495 nicht,
1001 1460 1073 1495 ſiehe,
1091 1459 1129 1491 ich

633 1502 789 1535 verkuͤndige
799 1501 858 1531 euch
875 1500 949 1533 große
964 1496 1075 1530 Freude,
1088 1496 1130 1523 die

638 1537 713 1568 allem
732 1536 829 1570 Volcke
849 1531 1034 1565 wiederfahren
1054 1529 1129 1556 wird.

637 1571 719 1603 Denn
734 1571 793 1602 euch
807 1569 834 1600 iſt
855 1568 930 1599 heute
949 1566 993 1592 der
1017 1563 1130 1596 Heiland

638 1605 774 1637 gebohren,
789 1603 893 1634 welcher
902 1601 929 1632 iſt
937 1597 1073 1629 Chriſtus,
1088 1597 1131 1621 der

639 1640 705 1675 Herr
727 1638 754 1671 in
769 1640 812 1667 der
832 1637 920 1668 Stadt
940 1634 1040 1665 David.
1077 1632 1134 1660 Und

641 1673 689 1701 das
710 1671 771 1705 habt
784 1676 841 1703 zum
857 1667 972 1702 Zeichen,
985 1664 1025 1696 ihr
1040 1662 1134 1695 werdet

641 1707 727 1743 ſinden
736 1707 783 1735 das
795 1704 866 1737 Kind
878 1709 904 1732 in
917 1699 1046 1733 Windeln
1059 1696 1135 1732 gewi⸗

642 1743 719 1777 ckelt,
730 1743 781 1773 und
791 1748 817 1771 in
829 1737 898 1770 einer
912 1737 1029 1771 Krippen
1044 1735 1137 1765 liegen.

640 1777 700 1808 Und
723 1774 824 1806 alsbald
840 1780 893 1803 war
906 1771 938 1801 da
953 1771 997 1802 bey
1010 1771 1067 1799 dem
1081 1769 1137 1795 En⸗

644 1813 684 1842 gel
711 1812 751 1840 die
774 1809 871 1842 Menge
892 1808 934 1836 der
964 1803 1138 1838 himmliſchen

644 1840 845 1882 Heerſchaaren,
866 1844 904 1871 die
924 1841 1023 1870 lobeten
1047 1839 1138 1868 GOtt,

646 1882 699 1913 und
718 1878 850 1914 ſprachen:
870 1878 940 1908 Ehre
961 1875 998 1906 ſey
1014 1875 1093 1905 GOtt
1113 1872 1141 1902 in

646 1920 690 1947 der
703 1910 778 1947 Hoͤhe,
795 1916 834 1943 und
841 1912 928 1944 Friede
936 1912 983 1940 auf
1002 1910 1086 1940 Erden,
1101 1907 1142 1937 und

647 1948 694 1983 den
703 1948 840 1984 Menſchen
848 1953 888 1974 ein
896 1941 1098 1980 Wohlgefallen.

682 2008 764 2042 Ehre
785 2005 828 2039 ſey
848 2009 925 2035 Gott
939 2010 970 2032 in
980 1996 1031 2031 der
1049 1997 1141 2035 Hoͤhe,

651 2049 702 2078 der
721 2046 772 2080 ſich
793 2047 844 2072 der
869 2047 970 2073 armen
990 2039 1143 2073 Menſchen
