1752 2614
587 453 728 500 indem
746 461 789 498 er
810 456 857 498 es
874 451 957 505 alſo
982 451 1220 508 uͤberſetzet:
1249 449 1373 504 Nun
1394 453 1530 504 wird
1549 445 1604 512 ſie

589 506 689 561 ihre
704 504 907 559 Schuld
924 503 1090 563 finden.
1147 511 1264 558 Man
1282 509 1389 558 wird
1405 507 1604 566 geſtehen,

589 567 675 617 daß
698 570 780 612 das
795 567 1131 616 Grund ⸗ Wort
1162 567 1370 626 eigentlich
1400 559 1604 623 bedeutet,

591 622 763 675 ſchuldig
779 622 885 679 ſeyn,
896 628 988 671 oder
998 622 1169 683 ſchuldig
1178 626 1367 679 werden,
1378 625 1548 680 welches
1558 627 1605 673 in

591 684 664 726 der
672 667 845 736 Schrift
863 679 922 736 oft
940 678 979 734 ſo
998 675 1076 724 viel
1093 677 1296 744 anzeiget,
1325 677 1408 731 daß
1421 689 1523 728 man
1540 681 1605 728 die

589 738 757 789 Strafe
773 738 927 794 leydet,
943 742 1065 786 deren
1075 747 1175 787 man
1186 740 1257 797 ſich
1267 738 1342 795 hat
1351 738 1522 797 ſchuldig
1539 748 1605 799 ge⸗

590 797 744 849 macht.
790 799 864 846 So
864 799 990 847 redet
998 799 1146 849 David
1162 799 1328 856 Pſalm.
1351 794 1416 855 34,
1422 810 1481 847 22.
1495 791 1605 853 Die

590 855 677 900 den
696 848 951 907 Gerechten
981 852 1165 910 haſſen/
1189 857 1375 902 werden
1400 848 1605 911 Schuld

588 907 767 962 haben,
799 913 880 958 das
888 910 959 966 iſt,
986 910 1040 966 ſie
1049 915 1215 960 werden
1231 911 1300 960 als
1315 912 1458 969 ſolche,
1472 914 1536 964 die
1549 916 1607 961 da

590 971 765 1024 ſchuldig
776 970 890 1023 ſind,
912 972 1103 1025 beſtrafet
1121 979 1299 1022 werden.
1359 973 1442 1028 Jch
1460 973 1605 1031 leugne

591 1027 722 1079 nicht,
752 1027 834 1079 daß
865 1030 952 1081 hier
976 1027 1216 1085 fuͤrnemlich
1236 1030 1319 1083 auf
1333 1033 1395 1079 die
1411 1030 1605 1085 Strafen

590 1084 756 1139 geſehen
771 1087 910 1136 wird,
945 1091 1065 1133 deren
1082 1085 1226 1140 Jſrael
1246 1087 1319 1142 ſich
1341 1088 1415 1141 hat
1431 1087 1605 1146 ſchuldig

591 1139 804 1195 gemacht;
821 1142 916 1195 doch
927 1140 1122 1195 faſſet
1078 1136 1139 1192 dis
1132 1146 1265 1192 Wort
1273 1145 1371 1191 noch
1388 1145 1459 1191 ins
1469 1144 1605 1202 beſon⸗

591 1202 684 1246 dere
696 1198 825 1246 dieſen
836 1198 1077 1248 Nachdruck
1085 1199 1129 1244 in
1139 1198 1238 1254 ſich,
1246 1199 1330 1252 daß
1337 1188 1388 1256 ſie
1397 1205 1541 1258 wegen
1548 1200 1606 1258 ih⸗

590 1262 661 1302 rer
688 1240 843 1308 Schuld
886 1244 1012 1304 ſollen
1041 1252 1334 1313 nachdruͤcklich
1361 1252 1606 1320 uͤberzeuget

589 1316 770 1359 werden.
802 1312 885 1360 So
885 1312 988 1364 heiſt
996 1311 1081 1364 hier
1096 1311 1268 1375 ſchuldig
1278 1317 1443 1363 werden
1460 1311 1499 1361 ſo
1509 1312 1604 1368 viel,

590 1371 660 1421 als
669 1369 742 1424 ſich
751 1369 922 1426 ſchuldig
937 1370 1093 1425 finden,
1111 1366 1183 1428 ſich
1201 1371 1271 1425 fuͤr
1288 1371 1459 1432 ſchuldig
1475 1372 1605 1423 erken⸗

588 1437 683 1477 nen.
719 1422 767 1478 Es
760 1426 969 1486 gruͤndet
977 1427 1050 1483 ſich
1068 1430 1168 1489 dieſe
1178 1429 1416 1490 Erklaͤrung
1433 1430 1518 1487 auf
1527 1437 1603 1482 den

588 1486 804 1544 folgenden
820 1490 974 1540 dritten
989 1489 1140 1547 Vers,
1159 1491 1280 1539 darin
1290 1494 1374 1539 uns
1384 1491 1446 1541 die
1455 1490 1605 1551 Sache

587 1534 762 1596 erklaͤret
777 1544 909 1602 wird,
923 1544 1005 1593 wie
1019 1543 1164 1602 Jſrael
1174 1545 1230 1602 ſol
1240 1544 1413 1605 ſchuldig
1422 1549 1604 1599 werden,

587 1604 672 1658 daß
685 1604 735 1659 ſie
751 1605 923 1662 nemlich
931 1604 1105 1657 alsdenn
1123 1605 1246 1666 ſagen
1261 1612 1449 1666 werden,
1477 1615 1604 1658 wenn

586 1663 639 1714 ſie
655 1673 738 1711 von
754 1666 885 1714 GOtt
901 1662 1151 1725 gezuͤchtiget
1167 1666 1278 1717 ſind:
1309 1667 1424 1720 Wir
1453 1668 1605 1725 haben

584 1724 741 1777 keinen
763 1719 991 1784 Koͤnig,
1001 1727 1120 1775 denn
1148 1726 1245 1775 wir
1278 1723 1486 1787 fuͤrchten
1510 1716 1603 1777 den

585 1785 778 1851 HErrn
802 1781 977 1843 nicht/
988 1800 1102 1837 was
1116 1789 1203 1841 kan
1217 1800 1313 1842 uns
1337 1793 1413 1840 der
1428 1786 1603 1849 Koͤnig

586 1861 688 1904 nun
710 1849 902 1914 helfen?
936 1853 1045 1906 Das
1074 1852 1199 1912 heiſt,
1228 1854 1352 1913 ſeiner
1382 1854 1602 1913 Schulden

586 1919 829 1977 uͤberfuͤhret
858 1925 1050 1971 werden:
1078 1915 1204 1977 Nun
1230 1924 1414 1974 werden
1439 1919 1493 1981 ſie
1513 1920 1602 1983 ſich

585 1965 794 2040 ſchuldig
808 1976 972 2041 finden.
1002 1983 1105 2031 Wir
1121 1987 1286 2033 werden
1302 1981 1446 2040 hiemit
1458 1982 1599 2044 gefuͤh⸗

586 2050 653 2094 ret
667 2046 749 2099 auf
762 2047 848 2095 eine
865 2049 1002 2097 Unart
1017 2052 1090 2098 des
1104 2048 1387 2105 menſchlichen
1395 2048 1600 2110 Herzens,

585 2106 650 2152 die
663 2109 734 2152 der
742 2103 939 2160 Prophet
958 2104 1033 2161 bey
1049 2106 1196 2162 dieſem
1212 2107 1351 2158 Volke
1368 2107 1441 2165 hat
1459 2107 1598 2161 wahr⸗

583 2169 834 2218 genommen,
891 2163 975 2215 daß
990 2168 1036 2215 es
1051 2162 1123 2220 ſich
1137 2163 1319 2216 niemals
1336 2166 1411 2217 wil
1427 2163 1598 2226 ſchuldig

583 2219 723 2266 geben.
784 2220 929 2276 Jſrael
948 2221 1066 2270 konte
1081 2224 1128 2271 es
1143 2221 1218 2280 ſich
1230 2222 1344 2280 nicht
1365 2222 1597 2278 vorſtellen,

581 2264 665 2331 daß
684 2275 755 2335 ihr
764 2273 1054 2335 Gottesdienſt
1076 2277 1170 2328 dem
1187 2273 1356 2335 HErrn
1379 2275 1597 2337 mißfallen
