1548 2322
285 401 370 465 Von
396 401 459 462 S**
488 409 562 449 Sie
574 395 705 455 wiſſen,
722 409 762 452 ſie
772 403 889 454 duͤrfen
903 414 966 443 mir
981 413 1059 444 alles

230 482 316 533 ohne
335 476 526 533 Umſchweif
540 469 676 530 ſagen.

225 617 375 657 T**
380 608 462 656 Sie
474 613 566 652 beten
579 608 664 658 nicht
674 619 764 660 gern.
801 600 837 658 Es
853 600 901 663 iſt
914 609 1009 659 ihnen
1021 616 1060 656 zu

225 660 398 722 muͤhſam,
413 668 470 720 ſich
486 657 579 719 lange
589 675 621 708 in
630 676 684 709 der
692 671 838 713 Andacht
852 681 889 715 zu
905 671 1062 715 erhalten.

226 746 303 789 Um
295 741 375 795 aber
396 746 475 788 eine
489 742 765 797 Entſchuldigung
779 753 818 791 zu
834 742 946 792 haben,
962 741 995 791 ſo
1010 742 1067 792 hat

226 811 289 864 ihr
297 810 460 860 Verſtand
468 811 499 861 ſo
506 810 602 860 lange
611 797 746 859 geſucht,
765 805 813 861 bis
831 796 869 847 er
877 803 947 845 eine
959 807 1066 855 gefun⸗

227 865 310 917 den.
332 874 410 917 Und
424 877 508 925 zwar
518 874 583 927 hat
595 862 664 918 dero
684 861 821 932 Verſtand
858 871 939 924 ſeine
955 869 1069 922 voͤllige

226 936 370 987 Staͤrke
381 929 630 993 angewendet,
657 938 704 980 um
712 929 841 980 etwas
856 938 1067 988 gegruͤndetes

230 997 483 1061 aufzuſpuͤhren.
516 1006 591 1051 Nie
601 996 644 1061 iſt
653 1006 744 1062 unſer
759 1005 853 1061 Geiſt
865 1003 1072 1055 geſchwinder

230 1074 311 1116 und
334 1073 492 1123 ſchaͤrfer,
510 1065 571 1113 als
587 1058 728 1113 wenn
694 1058 734 1129 er
751 1068 883 1128 Gruͤnde
899 1064 1070 1127 aufſuchen

230 1130 326 1195 ſoll,
361 1128 423 1195 uns
440 1140 498 1192 von
520 1142 607 1181 einer
619 1129 739 1196 Pflicht
754 1145 792 1187 zu
807 1129 1002 1186 entledigen,
1024 1139 1074 1175 die

242 1203 302 1258 wir
307 1201 444 1254 ungern
444 1200 602 1253 erfuͤllen.
626 1198 694 1256 Sie
709 1204 814 1255 haben
826 1201 937 1250 Recht
934 1197 966 1255 in
990 1196 1073 1242 dem⸗

230 1256 381 1316 jenigen,
403 1263 453 1316 was
473 1263 521 1319 ſie
524 1257 747 1312 vorgebracht;
766 1262 816 1317 daß
817 1258 961 1310 nemlich
993 1257 1076 1316 GOtt

230 1330 307 1370 mit
321 1316 515 1382 dergleichen
531 1322 673 1381 Gebeten,
688 1318 730 1379 als
743 1325 788 1375 ſie
793 1322 996 1375 angefuͤhret,
1006 1335 1073 1364 ver⸗

226 1390 383 1453 unehret
399 1388 531 1446 werde.
591 1388 733 1446 Hierbey
753 1392 828 1435 aber
853 1392 920 1449 muß
935 1392 998 1449 ich
1021 1397 1072 1435 die

234 1447 411 1513 Weisheit
416 1449 528 1510 unſers
537 1458 718 1509 Heilandes
732 1461 876 1508 erheben,
895 1461 1001 1512 welche
1017 1473 1076 1511 aus

240 1520 323 1578 allen
343 1518 447 1583 ſeinen
455 1525 568 1578 Lehren
587 1515 702 1577 hervor
715 1526 889 1574 leuchtet.
908 1525 1073 1566 Erinnern

232 1602 285 1653 ſie
294 1602 365 1653 ſich
374 1598 472 1654 wohl,
482 1601 551 1651 daß
561 1608 596 1641 er
602 1598 742 1649 damals,
749 1600 851 1640 als
818 1605 851 1650 er
865 1599 970 1649 ſeinen
979 1596 1074 1649 Juͤn⸗

232 1670 324 1720 gern
332 1664 396 1716 das
416 1669 522 1718 Unſer
539 1668 668 1712 Vater
691 1658 820 1718 lehrete,
835 1666 935 1714 dabey
951 1668 1000 1705 die
1007 1666 1076 1706 Re⸗

233 1729 299 1779 gel
315 1733 405 1781 gab?
428 1732 565 1776 Wenn
574 1730 643 1779 ihr
657 1728 776 1782 betet,
789 1729 874 1780 ſollt
885 1729 957 1777 ihr
972 1726 1079 1775 nicht

235 1797 335 1838 viel
350 1785 524 1852 plappern
544 1794 611 1850 wie
631 1795 689 1836 die
717 1790 871 1850 Heiden.
890 1787 1014 1835 Denn
1030 1793 1076 1841 ſie

237 1858 408 1914 meinen,
413 1853 473 1917 ſie
497 1859 625 1915 werden
645 1858 818 1916 erhoͤret,
825 1868 938 1901 wenn
945 1856 992 1905 ſie
998 1858 1076 1900 viel
