1847 2927
777 459 837 495 551

352 547 422 593 ſeine
443 539 655 585 Mitmenſchen
671 543 787 583 waren.
834 532 933 582 Denn
961 535 1008 567 als
1033 541 1062 566 er
1084 526 1185 569 endlich
1207 527 1260 567 das

351 619 438 653 ganze
456 608 546 653 Dorf
558 605 744 646 Wuſtrau,
772 599 884 642 obzwar
902 590 1116 640 groͤßtentheils
1135 591 1184 638 mit
1204 589 1266 629 auf⸗

353 681 509 725 geliehenen
522 670 707 718 Kapitalien,
720 671 764 696 an
778 659 827 690 ſich
842 652 955 689 gekauft
970 651 1060 683 hatte,
1081 658 1139 693 und
1153 637 1268 690 darauf,

355 747 488 781 vermoͤge
503 743 587 776 ſeiner
607 732 744 779 raſtloſen
752 726 931 776 Thaͤtigkeit,
958 722 1114 764 ungeheure
1126 721 1272 764 Verbeſſe⸗

356 819 465 852 rungen
480 801 680 837 unternahm,
692 800 731 822 da
742 798 793 829 zog
809 796 837 833 er
851 787 918 832 auch
934 788 963 819 in
980 783 1201 825 Wintertagen,
1225 788 1271 827 wo

358 883 407 905 der
426 866 600 909 Landmann
616 859 714 910 Muße
713 858 823 907 hatte,
851 855 906 888 alle
927 853 1053 892 fremden
1069 847 1275 896 Dorfſchaften

359 942 413 972 mit
426 938 540 974 Wagen
560 932 622 969 und
632 926 764 971 Pferden
779 931 811 963 zu
828 923 876 962 ſich
898 921 965 960 hin,
988 923 1044 960 und
1068 913 1273 956 bereicherte
1233 909 1280 957 ſie

361 1000 480 1036 wirklich
501 995 583 1034 durch
600 989 751 1032 freigebige
766 982 950 1035 Bezahlung.
990 981 1042 1020 Jn
1064 979 1166 1020 ſolchen
1182 977 1278 1016 Zeiten

362 1068 458 1108 ſtralte
478 1064 519 1097 die
542 1059 642 1102 ſuͤßeſte
663 1057 770 1099 Freude
790 1058 846 1088 aus
870 1055 921 1086 den
937 1049 1037 1092 Augen
1062 1051 1111 1081 des
1133 1045 1211 1081 edeln
1238 1051 1280 1076 ar⸗

364 1136 516 1168 beitſamen
542 1116 874 1163 menſchenfreundlichen
895 1110 1033 1155 Greiſes,
1068 1112 1113 1143 der
1135 1106 1205 1147 ſeine
1226 1106 1284 1141 Ab⸗

366 1207 492 1239 neigung
513 1203 598 1234 gegen
613 1197 671 1236 den
690 1189 806 1237 Goͤtzen
825 1185 850 1227 ſo
880 1184 964 1221 vieler
986 1180 1142 1224 Menſchen
1164 1177 1231 1220 auch
1254 1176 1284 1211 in

361 1273 492 1304 Worten
513 1265 657 1302 ausließ,
670 1261 731 1308 und
751 1260 839 1303 unter
856 1253 1018 1303 andern
984 1247 1021 1301 zu
1030 1241 1221 1297 Jemanden,
1240 1247 1287 1288 der

369 1334 448 1367 wohl
459 1330 564 1361 befugt
586 1331 655 1360 war
665 1310 771 1366 einige
768 1313 1004 1359 Einwendungen
1026 1309 1148 1348 dagegen
1169 1311 1210 1351 zu
1228 1310 1289 1350 ma⸗

370 1400 456 1433 chen,
479 1398 558 1429 ganz
575 1383 722 1438 entruͤſtet
722 1382 824 1429 ſagte:
847 1387 908 1426 „er
929 1378 1005 1425 hoffe
1024 1376 1117 1419 nicht,
1144 1374 1199 1415 daß
1220 1379 1290 1411 man

361 1463 428 1501 auf
439 1461 545 1499 ſolchen
556 1452 636 1497 Koth
651 1449 761 1494 einigen
784 1441 879 1496 Werth,
896 1439 972 1492 legen
986 1441 1137 1481 koͤnnte!“

451 1530 554 1569 Dieſer
575 1524 655 1566 kurze
668 1521 759 1563 Abriß
776 1523 823 1558 der
835 1515 1004 1567 Veredlung
1028 1512 1094 1548 aller
1119 1506 1294 1554 eigenthuͤm⸗

375 1601 462 1646 lichen
468 1590 646 1643 Neigungen
658 1598 827 1634 Zietens,
839 1584 904 1620 und
919 1579 962 1618 die
969 1568 1083 1619 Anſicht
1092 1571 1179 1605 ſeines
1189 1574 1296 1610 ganzen

376 1653 538 1692 bisherigen
545 1652 796 1696 Lebenswandels,
810 1631 891 1688 fuͤhrt
907 1648 966 1678 uns
979 1639 1082 1677 endlich
1097 1644 1131 1673 zu
1143 1639 1190 1672 der
1202 1634 1296 1677 reinen

353 1730 500 1774 Quelle,
516 1732 581 1766 aus
596 1720 714 1757 welcher
716 1732 744 1749 er
760 1725 819 1750 von
827 1694 963 1748 Jugend
971 1700 1025 1747 auf
1036 1697 1087 1730 alle
1103 1699 1172 1742 ſeine
1186 1697 1300 1743 Tugen⸗

379 1783 486 1824 genden
506 1784 647 1824 ſchoͤpfte,
679 1780 738 1816 und
766 1774 825 1819 eine
835 1772 875 1817 ſo
893 1771 959 1817 feſte
983 1754 1164 1815 Sittlichkeit
1179 1763 1300 1813 erhielt.

381 1859 428 1902 Es
449 1859 514 1892 war
532 1859 578 1882 die
595 1845 788 1883 Religion.
821 1817 952 1882 Zieten
957 1846 1020 1869 war
1036 1841 1138 1867 immer
1152 1837 1196 1864 ein
1212 1825 1301 1867 from⸗

380 1935 441 1963 mer
459 1926 516 1959 und
545 1918 670 1964 thaͤtiger
687 1903 799 1968 Chriſt,
804 1902 922 1971 deſſen
943 1905 1084 1957 Glauben
1112 1910 1170 1948 und
1193 1909 1299 1946 ganzes

385 1981 597 2030 Chriſtenthum
618 1980 648 2020 in
662 1975 853 2024 demuͤthigem
868 1970 1071 2021 unbedingtem
1087 1968 1255 2007 Vertrauen
1270 1973 1303 2006 zu

390 2059 492 2095 Gott,
521 2053 582 2085 dem
601 2046 702 2089 Herrn
729 2048 787 2080 und
809 2039 944 2086 Regierer
967 2039 1035 2074 aller
1056 2037 1156 2080 Dinge
1181 2033 1307 2078 beſtand,

387 2130 452 2160 dem
475 2129 505 2153 er
527 2119 569 2159 die
589 2114 718 2157 Lenkung
738 2111 806 2158 uͤber
823 2110 873 2149 die
883 2105 1043 2149 Schickſale
1065 2109 1111 2142 der
1127 2100 1306 2147 Menſchheit

389 2194 546 2231 zutraute,
562 2190 625 2220 dem
639 2188 667 2230 er
691 2178 734 2215 die
747 2173 865 2222 ſeinigen
879 2173 931 2208 mit
942 2168 1104 2215 Zuverſicht
1118 2167 1257 2220 uͤberließ;
1278 2163 1305 2209 ſo

937 2245 1017 2281 Mm
1038 2250 1058 2278 4
