1532 2371
519 596 589 636 nia,
608 594 728 640 Jthaca
747 598 811 629 und
825 593 1032 638 Zacynthus,
1057 593 1133 635 auch
1150 591 1267 630 Leucas

524 648 590 680 und
614 646 660 679 ein
684 643 785 681 Stuͤck
808 650 869 677 von
894 641 1107 682 Acarnanien,
1139 640 1269 681 welches

524 697 630 732 leztere
679 692 721 737 er
722 700 794 726 vom
824 690 1005 735 Jcarius
1038 693 1141 732 geerbt
1171 691 1268 731 hatte.

524 737 711 791 Ovidius
743 746 907 779 Metam.
936 750 986 784 13,
1019 744 1050 782 6,
1078 740 1160 785 zaͤhlt
1184 745 1270 783 auch

522 799 707 841 Dulichium
732 803 795 832 und
812 798 952 835 Neritus
975 801 1065 832 unter
1089 797 1183 838 deſſen
1209 796 1270 833 Be⸗

525 852 687 896 ſitzungen,
703 853 807 885 davon
824 850 898 887 aber
914 849 1041 892 erſteres
1055 850 1131 889 nach
1148 848 1271 883 Stra⸗

525 906 575 943 bo
609 916 644 948 zu
674 908 729 939 den
754 904 858 947 Zeiten
878 906 938 939 des
954 898 1143 950 trojiſchen
1161 901 1271 944 Kriegs

527 959 614 994 einen
646 957 753 997 eignen
777 954 903 999 Koͤnig,
932 957 989 990 den
1005 954 1181 996 Meges,
1213 954 1270 989 des

525 1010 693 1051 Augias
723 1016 786 1043 von
811 1009 887 1047 Elis
911 1004 1004 1046 Enkel
1027 1006 1121 1049 hatte.
1144 1017 1173 1040 v.
1196 1006 1273 1038 Not.

522 1057 636 1094 Dacier
655 1060 692 1092 ad
707 1057 814 1096 Odyſſ.
823 1060 862 1097 4,
883 1064 915 1094 p.
937 1062 1003 1097 204
1017 1055 1051 1089 it.
1075 1060 1129 1094 24,
1150 1061 1180 1093 p.
1197 1058 1272 1093 322.

523 1108 612 1144 Sein
633 1105 735 1144 Sohn
753 1093 1022 1143 Telemachus
1042 1102 1100 1148 von
1120 1104 1185 1144 der
1206 1101 1274 1142 Pe⸗

527 1157 674 1199 nelope
697 1153 796 1198 folgte
812 1152 875 1196 ihm
895 1154 927 1190 in
942 1153 995 1190 der
1010 1154 1192 1194 Regierung
1209 1157 1274 1186 von

526 1213 663 1258 Jthaca,
700 1212 764 1246 und
788 1207 967 1254 heyrathete
988 1208 1034 1246 die
1057 1206 1273 1252 Nauſicea,

527 1272 588 1306 des
612 1266 820 1305 Alcinous
841 1264 983 1308 Tochter.
1026 1264 1076 1308 Jn
1101 1258 1153 1300 der
1176 1263 1275 1307 Folge

526 1319 613 1366 ward
647 1315 836 1361 Cephalenia
867 1321 930 1351 von
966 1311 1045 1352 einer
1069 1314 1199 1352 Colonie
1222 1315 1274 1349 der

526 1369 714 1411 Corinther,
745 1368 793 1403 die
808 1358 890 1410 auch
906 1366 1026 1403 Leucas
1057 1365 1185 1410 beſezten
1208 1367 1274 1400 und

530 1428 578 1461 die
602 1426 702 1464 daſige
738 1422 889 1464 Erdzunge
910 1416 1108 1467 abſtachen,
1108 1424 1172 1455 und
1197 1425 1271 1454 vom

531 1477 739 1522 Cypſelus
761 1480 826 1511 und
849 1473 1082 1517 Gargaſus
1103 1480 1157 1509 um
1188 1474 1277 1513 3326

528 1530 606 1570 nach
629 1525 794 1564 Strabo
826 1533 877 1561 10,
900 1533 932 1564 p.
955 1527 1035 1565 452.
1060 1522 1268 1570 ausgeſchickt

531 1580 681 1617 wurden,
712 1579 775 1611 und
791 1570 977 1620 Zacynthus
1003 1573 1055 1620 von
1075 1571 1159 1622 einer
1173 1570 1281 1615 Achaͤi⸗

532 1632 617 1680 ſchen
643 1623 777 1678 beſezt.
785 1629 892 1674 Beyde
906 1624 1019 1672 Jnſeln
1038 1627 1154 1670 muſten
1177 1628 1209 1662 in
1225 1634 1276 1668 pe⸗

532 1684 778 1730 loponneſiſchen
787 1682 897 1726 Kriege
915 1687 969 1716 den
985 1681 1139 1723 Athenern
1157 1682 1277 1719 dienen,

530 1737 579 1778 die
604 1737 642 1779 ſie
665 1737 741 1776 nach
770 1735 851 1776 ihrer
876 1731 1093 1776 Bezwingung
1123 1738 1187 1768 von
1218 1722 1278 1768 den

509 1789 744 1833 Spartanern
761 1791 848 1830 3580
868 1784 1040 1826 verließen:
1070 1785 1145 1822 aber
1169 1781 1279 1825 gleich⸗

533 1843 622 1883 wohl
635 1840 710 1880 nach
732 1840 836 1882 dieſem
852 1838 963 1879 Kriege
980 1843 1043 1874 von
1064 1838 1151 1882 jenen
1166 1835 1278 1872 wieder

534 1894 786 1937 eingenommen,
812 1895 877 1930 und
904 1898 994 1935 3597
1018 1892 1052 1927 in
1065 1891 1196 1935 Frieden
1219 1892 1278 1928 des
