3000 3510
752 519 818 564 163

1089 530 1290 563 AHMET

787 595 971 630 Stimmen;
994 595 1039 625 ein
1055 595 1278 636 Compendium
1294 607 1348 638 pro
1368 599 1507 634 tenellis;
1531 602 1581 634 ein
1581 602 1669 636 drey⸗

785 634 892 668 faches
915 637 1016 664 Zehen
1040 637 1199 670 allerhand
1223 638 1466 680 Symphonien,
1490 634 1668 679 Paduanen,

782 681 942 710 Balletten
959 684 1022 709 und
1032 680 1246 722 Allemanden;
1269 688 1328 714 den
1344 683 1572 724 thuͤringiſchen
1580 688 1669 724 Luſt⸗

785 723 928 755 Garten,
954 723 984 749 in
998 722 1148 759 welchem
1170 727 1208 755 26
1232 725 1379 765 geiſtliche
1394 720 1593 767 muſicaliſche
1605 732 1667 761 Ge⸗

782 763 899 799 waͤchſe
917 769 982 791 von
1002 770 1067 801 3,4,
1088 772 1119 802 5⸗
1129 774 1167 795 10
1183 762 1244 797 und
1261 771 1349 808 mehr
1372 769 1540 805 Stimmen
1561 780 1595 805 zu
1614 774 1665 804 be⸗

781 806 907 843 finden;
929 807 997 839 vier
1007 809 1106 846 Zehen
1122 811 1272 849 geiſtliche
1287 813 1382 845 Arien
1394 823 1460 846 von
1478 821 1555 850 1,2,
1569 822 1586 853 3
1602 820 1664 847 und

781 858 801 888 4
815 852 998 892 Stimmen;
1034 862 1072 893 14
1089 848 1190 887 Stuͤck
1208 856 1357 896 geiſtliche
1370 857 1665 901 Feſt⸗Andachten;

783 898 823 927 50
841 889 942 922 Stuͤck
955 892 1106 932 geiſtliche
1117 888 1502 939 Sonntags⸗Andachten;
1511 895 1565 938 10
1580 900 1662 939 geiſt⸗

778 932 854 972 liche
869 929 1047 975 Chorſtuͤcke
1062 946 1128 969 von
1144 946 1161 975 5
1179 938 1229 968 bis
1260 946 1264 975 8
1281 940 1469 980 Stimmen;
1490 948 1536 975 ein
1554 942 1662 977 kleines

774 972 956 1016 Tractaͤtgen
974 977 1008 1006 de
1025 979 1279 1021 progreſſionibus
1298 982 1581 1018 conſonantiarum;
1592 994 1659 1017 neu⸗

774 1017 916 1057 verfaßte
933 1021 1147 1061 Chor⸗Muſic.
1194 1024 1236 1057 Er
1253 1025 1306 1065 hat
1321 1024 1393 1064 auch
1410 1026 1544 1067 deutſche
1564 1028 1659 1066 kurtze

771 1060 936 1099 Anleitung
949 1073 1001 1098 zur
1016 1064 1245 1109 Singe⸗Kunſt
1265 1066 1459 1110 geſchrieben,
1481 1070 1583 1112 welche
1602 1073 1660 1113 ſein

773 1108 872 1144 Sohn
895 1104 925 1144 in
936 1110 1036 1145 Druck
1053 1113 1186 1154 gegeben.

729 1143 915 1176 AHMET
938 1149 1007 1178 oder
1020 1140 1167 1180 Achmed,
1189 1148 1235 1181 ein
1245 1147 1342 1190 Sohn
1352 1149 1528 1192 Arabſchia,
1541 1152 1594 1193 hat
1606 1155 1659 1187 um

770 1192 850 1224 1431
868 1187 973 1228 gelebt,
995 1192 1056 1223 und
1077 1191 1137 1225 eine
1150 1192 1303 1225 hiſtoriam
1318 1195 1442 1229 Timuri
1458 1200 1526 1231 oder
1550 1198 1657 1231 Temir-

768 1230 844 1260 lanis
864 1230 922 1268 auf
934 1231 1061 1273 arabiſch
1082 1234 1265 1276 geſchrieben,
1276 1238 1376 1277 welche
1393 1238 1445 1278 erſt
1454 1242 1525 1277 Jac.
1536 1241 1655 1275 Golius

768 1271 930 1312 lateiniſch,
953 1274 1013 1306 und
1031 1269 1153 1314 hernach
1170 1278 1284 1316 Petrus
1304 1279 1464 1314 Valterius
1481 1279 1655 1324 frantzoͤſiſch

766 1317 882 1351 vertirt.
928 1321 1056 1361 Hotting.
1070 1322 1135 1354 hiſt.
1152 1324 1267 1356 Eccleſ.

723 1354 922 1390 AHMET,
949 1355 1165 1395 Adherbigiani
1179 1361 1359 1398 zugenannt,
1389 1359 1454 1394 weil
1470 1369 1499 1394 er
1517 1360 1653 1400 vielleicht

764 1399 827 1431 aus
848 1401 897 1431 der
914 1399 1065 1444 perſiſchen
1081 1398 1221 1445 Provintz
1240 1405 1412 1447 Adirbeizan
1425 1404 1561 1450 gebuͤrtig
1573 1415 1651 1445 war,

765 1439 867 1482 ſchrieb
884 1443 923 1476 im
934 1442 1106 1483 Arabiſchen
1123 1447 1182 1480 eine
1196 1440 1338 1488 arabiſche
1347 1448 1558 1488 Grammatic,
1580 1452 1650 1486 wel⸗

763 1487 808 1523 che
825 1488 907 1518 Ekſir
920 1491 945 1518 al
964 1488 1069 1520 Saadet
1086 1491 1197 1525 betitelt
1212 1492 1261 1533 iſt,
1286 1496 1346 1527 und
1363 1494 1439 1533 ſtarb
1462 1497 1497 1528 im
1504 1496 1587 1536 Jahr
1602 1499 1652 1531 der

764 1528 880 1571 Hegiraͤ
904 1538 976 1568 800.
1020 1536 1096 1567 Her.

719 1563 903 1597 AHMET
928 1568 986 1597 ben
1009 1568 1080 1601 Ali,
1111 1573 1278 1609 zugenannt
1300 1572 1490 1611 Monaggem
1511 1576 1580 1607 oder
1601 1577 1651 1608 der

759 1609 986 1644 Aſtronomus,
1002 1610 1056 1648 hat
1072 1614 1158 1643 unter
1176 1614 1240 1644 dem
1255 1613 1350 1648 Titel:
1374 1616 1465 1655 Bejan
1481 1627 1518 1647 an
1536 1618 1651 1650 Tarikh

759 1651 829 1679 Sem
849 1652 875 1678 al
892 1651 1032 1685 Zamam,
1051 1653 1098 1684 ein
1112 1650 1294 1696 weitlaͤuftig
1314 1654 1527 1701 chronologiſch
1548 1659 1651 1695 Werck

760 1700 947 1741 geſchrieben.
991 1706 1065 1737 Her.

718 1734 902 1764 AHMET
923 1737 982 1765 ben
1004 1738 1097 1770 Edris,
1116 1734 1161 1768 ein
1177 1734 1453 1780 mahometaniſcher
1460 1737 1647 1783 Theologus,

758 1779 876 1818 welcher
890 1787 944 1813 vor
957 1781 1070 1822 einigen
1086 1782 1219 1818 Seculis
1233 1786 1278 1818 ein
1287 1785 1373 1826 Buch
1386 1795 1447 1822 von
1463 1788 1645 1825 Controver⸗

758 1821 817 1856 ſien
838 1825 930 1852 wider
945 1824 988 1853 die
1012 1820 1143 1861 Chriſten
1159 1823 1349 1864 geſchrieben,
1369 1827 1505 1860 worinne
1520 1827 1571 1867 ſich
1589 1828 1646 1862 viel

759 1863 919 1903 fabelhafte
942 1868 996 1895 und
1011 1869 1075 1902 zum
1075 1865 1148 1904 theil
1166 1865 1325 1907 laͤcherliche
1341 1868 1545 1911 Erzehlungen
1555 1871 1646 1911 befin⸗

761 1912 825 1943 den.
867 1913 1024 1952 Hottinger
1037 1916 1115 1947 Bibl.
1125 1917 1182 1946 Or.

717 1959 899 1987 AHMET
922 1952 982 1978 ben
1003 1951 1092 1980 Fares
1112 1951 1173 1981 ben
1182 1951 1316 1986 Zakaria,
1333 1950 1523 1994 beygenannt
1535 1955 1645 1988 al-Ra-

760 1996 801 2028 zi,
827 1999 879 2026 von
893 1996 958 2038 Rei,
979 1997 1056 2028 einer
1077 1996 1181 2031 Stadt
1197 1999 1228 2031 in
1249 1998 1383 2040 Perſien,
1417 2000 1569 2043 gebuͤrtig,
1592 2002 1646 2042 hat

759 2038 805 2068 ein
820 2038 983 2076 arabiſches
1000 2038 1196 2076 Woͤrterbuch
1212 2044 1300 2072 unter
1317 2044 1382 2076 dem
1396 2043 1473 2079 Titel
1485 2043 1644 2084 Mogemal

761 2085 831 2117 oder
847 2084 1000 2124 Mugimel
1017 2086 1202 2127 geſchrieben.
1244 2091 1319 2121 Her.

720 2127 899 2164 AHMET
922 2129 982 2158 ben
1004 2127 1112 2159 Haſſan
1136 2129 1326 2166 al-Katib,
1360 2131 1405 2164 ein
1429 2132 1645 2175 mahometani⸗

760 2174 831 2213 ſcher
848 2174 1000 2215 Prediger,
1023 2174 1140 2219 ließ
1097 2172 1165 2223 ſich
1169 2186 1210 2211 um
1226 2180 1285 2211 das
1293 2179 1378 2219 Jahr
1394 2184 1443 2214 der
1452 2179 1569 2222 Hegiraͤ
1569 2180 1646 2222 712,

761 2216 867 2254 Chriſti
891 2218 959 2246 aber
981 2224 1078 2256 1312,
1108 2217 1263 2258 ſonderlich
1280 2228 1312 2261 zu
1335 2220 1579 2262 Conſtantinopel
1595 2222 1646 2264 hoͤ⸗

760 2262 828 2292 ren,
853 2260 952 2297 ſchrieb
972 2259 1042 2299 auch
1059 2261 1103 2293 ein
1113 2260 1237 2303 Gedicht
1251 2268 1310 2296 von
1328 2266 1378 2298 der
1391 2262 1646 2308 Artzney ⸗ Kunſt.

760 2312 836 2344 Her.

717 2346 905 2377 AHMET
932 2346 993 2376 ben
1017 2345 1132 2388 Joſeph
1165 2349 1247 2380 Abul
1271 2351 1397 2390 Abbas,
1424 2354 1593 2394 zugenannt
1614 2353 1642 2384 al

760 2393 953 2426 Demeſchki,
974 2397 1040 2426 weil
1056 2403 1084 2425 er
1099 2401 1157 2427 von
1174 2395 1327 2436 Damaſco
1344 2396 1493 2439 gebuͤrtig,
1515 2395 1553 2441 hat
1575 2402 1640 2435 eine

758 2434 886 2472 Chronic
903 2437 968 2464 oder
984 2436 1149 2474 allgemeine
1165 2436 1308 2482 Hiſtorie,
1319 2432 1361 2473 die
1372 2434 1526 2473 Akhbar
1503 2435 1537 2479 al
1537 2441 1639 2474 Doval

758 2478 869 2509 betitelt
885 2476 926 2514 iſt,
953 2480 1014 2509 und
1029 2479 1082 2516 ſich
1099 2479 1153 2511 mit
1172 2483 1235 2512 dem
1254 2486 1331 2517 1008
1347 2480 1430 2523 Jahr
1448 2486 1496 2518 der
1512 2479 1637 2526 Hegiraͤ,

757 2522 869 2565 Chriſti
869 2523 958 2567 1599
973 2529 1095 2565 endiget,
1111 2529 1291 2568 geſchrieben.
1334 2534 1410 2565 Her.

714 2566 899 2598 AHMET
921 2567 981 2598 ben
1004 2558 1125 2604 Naſſer,
1148 2570 1216 2601 oder
1232 2569 1304 2608 nach
1327 2573 1439 2606 andern
1462 2574 1522 2605 ben
1542 2574 1642 2607 Nezir

756 2613 816 2640 ben
831 2612 972 2645 Maleck,
994 2615 1164 2654 zugenannt
1184 2615 1348 2652 Alkhorai,
1368 2619 1401 2658 iſt
1423 2620 1498 2653 einer
1519 2622 1568 2654 der
1591 2620 1637 2654 be⸗

754 2650 927 2693 ruͤhmteſten
939 2649 1121 2691 Scribenten
1131 2663 1189 2689 von
1205 2661 1257 2691 den
1274 2658 1552 2701 mahometaniſchen
1561 2662 1637 2699 Tra⸗

753 2699 893 2728 ditionen.
945 2698 989 2731 Er
1006 2698 1077 2730 lebte
1102 2702 1188 2732 unter
1203 2704 1254 2734 der
1268 2701 1438 2742 Regierung
1459 2705 1515 2737 des
1534 2704 1635 2739 arabi⸗

750 2739 827 2777 ſchen
838 2739 936 2777 Califs
950 2740 1075 2773 Aarons
1089 2743 1127 2778 ll,
1144 2738 1226 2786 ſonſt
1217 2738 1475 2786 Vathek ⸗ Billah
1491 2748 1634 2786 genannt,

752 2782 867 2816 welcher
883 2781 932 2820 ihn
948 2783 978 2814 in
995 2783 1053 2816 das
1068 2781 1241 2826 Gefaͤngniß
1257 2786 1375 2826 werffen
1388 2791 1448 2821 und
1459 2786 1560 2823 toͤdten
1569 2790 1635 2831 ließ,

754 2824 854 2862 theils,
875 2824 939 2856 weil
954 2832 983 2856 er
1000 2826 1074 2865 nicht
1091 2819 1232 2861 bekennen
1250 2829 1349 2866 wolte,
1371 2829 1430 2869 daß
1446 2836 1495 2866 der
1515 2833 1635 2868 Alcoran

753 2866 905 2905 erſchaffen
921 2869 1052 2901 worden,
1075 2869 1163 2908 theils
1182 2869 1264 2909 auch,
1280 2871 1381 2906 weilen
1397 2873 1447 2912 ihn
1467 2872 1634 2915 diejenigen,

755 2909 855 2946 welche
873 2909 924 2949 ſich
940 2910 1029 2944 wider
1053 2915 1108 2945 den
1123 2912 1207 2951 Calif
1217 2913 1410 2956 verſchworen
1427 2916 1548 2959 hatten,
1569 2925 1634 2958 zum

752 2954 867 2994 Califat
883 2955 1002 2995 erheben
1016 2960 1136 2992 wolten.
1178 2960 1254 2993 Her.

715 3000 904 3033 AHMET.
925 3001 994 3041 ſiehe
1009 3002 1148 3034 Achmet.

1840 521 2128 560 AHUMADA
2237 523 2419 571 AJALA

2560 527 2633 571 164

1705 594 1741 626 de
1762 595 2020 631 AHUMADA
2044 597 2198 632 Mendoza
2219 600 2317 641 (Jo.),
2340 603 2385 635 ein
2401 601 2566 641 Carmelit,
2589 606 2631 639 im

1750 646 1789 678 17
1805 637 1941 675 Seculo,
1964 646 2028 672 war
2043 642 2139 677 Lector
2162 634 2324 685 Theologia
2348 646 2515 688 primarius
2530 656 2563 690 zu
2580 649 2630 684 Al⸗

1743 681 1817 714 cala,
1841 681 1905 712 und
1938 679 2039 720 ſchrieb
2063 683 2201 723 ſermones
2217 692 2294 724 para
2312 693 2355 716 tos
2373 687 2531 727 Domingos
2545 696 2566 727 y
2581 686 2630 728 fe-

1745 724 1805 754 rias
1828 726 1998 765 principales
2017 729 2049 757 de
2070 728 2096 757 la
2119 727 2288 770 Quareſina.
2330 732 2402 762 Ant.

1701 777 1938 814 AHYTHO,
1961 779 2031 819 ſiehe
2047 781 2154 812 Hatto.

1701 818 1875 859 AJADH
1897 822 1956 853 ben
1977 823 2075 853 Muſſa
2096 824 2123 854 al
2141 821 2267 863 Jahaſſi,
2289 828 2456 868 zugenannt
2471 828 2627 866 al-Sebti,

1738 865 1806 900 weil
1823 877 1853 902 er
1873 873 1933 901 von
1942 867 2084 911 Septah,
2106 873 2135 911 ſo
2151 872 2287 914 heutiges
2296 873 2397 915 Tages
2412 876 2507 911 Ceuta
2522 885 2627 912 genen⸗

1743 910 1792 938 net
1807 907 1893 943 wird,
1916 907 2051 950 gebuͤrtig
2066 917 2141 943 war.
2185 912 2228 947 Er
2245 915 2319 947 wird
2336 914 2407 953 auch
2421 916 2516 956 oͤfters
2525 916 2628 955 Cadhi

1738 951 1852 992 Ajadh,
1874 952 1941 986 weil
1959 963 1987 986 er
2001 955 2044 988 die
2059 953 2173 990 Wuͤrde
2197 959 2279 993 eines
2300 958 2394 998 Cadhi
2413 960 2544 1001 erlanget
2561 961 2624 1000 hat,

1738 991 1895 1035 ingleichen
1905 996 2133 1038 al ⸗ Magrebi
2145 1003 2294 1039 geuannt,
2316 1005 2417 1041 wegen
2443 1003 2529 1042 ſeiner
2548 1004 2625 1045 Her⸗

1736 1034 1822 1076 kunft
1836 1039 1898 1072 aus
1911 1038 2021 1080 Africa.
2064 1039 2107 1075 Er
2120 1044 2204 1074 ward
2224 1051 2263 1074 im
2275 1044 2337 1083 Jahr
2364 1036 2416 1077 der
2414 1038 2545 1086 Hegiraͤ
2545 1042 2622 1087 470,

1736 1078 1843 1120 Chriſti
1867 1086 1948 1120 1077
1960 1078 2119 1122 gebohren,
2151 1085 2214 1117 und
2234 1084 2335 1125 ſchrieb
2351 1091 2437 1119 unter
2457 1090 2570 1122 andern
2585 1089 2623 1121 ei⸗

1734 1125 1770 1152 ne
1788 1119 1915 1161 Hiſtorie
1931 1127 1992 1156 von
2008 1121 2130 1157 Cordua
2153 1128 2240 1158 unter
2265 1128 2331 1160 dem
2351 1126 2449 1164 Titel:
2477 1131 2580 1162 Akbat
2594 1132 2623 1162 al

1736 1160 1926 1197 Corthobin;
1953 1164 1998 1196 ein
2022 1164 2177 1207 geiſtliches
2203 1166 2287 1206 Buch
2313 1172 2446 1210 genannt
2470 1171 2569 1204 Azhar
2592 1173 2621 1204 al

1734 1203 1830 1236 Riadh
1845 1207 1912 1239 oder
1926 1206 1971 1240 die
1985 1199 2118 1242 Blumen
2137 1210 2186 1242 der
2206 1210 2339 1252 Wieſen;
2372 1212 2480 1245 Schafa
2500 1214 2519 1245 ſi
2532 1216 2629 1247 taarif

1734 1245 1836 1278 bokuk
1855 1248 1881 1279 al
1898 1248 2044 1284 Moſtafa,
2069 1251 2137 1282 oder
2153 1257 2212 1284 von
2222 1255 2276 1286 den
2283 1253 2468 1294 Vorrechten
2476 1256 2529 1289 des
2539 1257 2616 1293 Ma⸗

1730 1287 1860 1329 homets,
1882 1291 2004 1331 welches
2018 1293 2123 1335 letztere
2143 1294 2172 1327 in
2186 1296 2235 1328 der
2252 1295 2425 1337 koͤniglichen
2437 1297 2620 1341 Bibliotheck

1729 1338 1765 1379 zu
1779 1332 1875 1373 Paris
1891 1335 2040 1377 befindlich
2057 1337 2107 1376 iſt,
2130 1340 2190 1372 und
2211 1348 2272 1373 von
2286 1345 2340 1375 den
2357 1343 2619 1383 Mahometanern

1729 1375 1799 1411 hoch
1812 1374 1948 1416 gehalten
1962 1376 2049 1415 wird,
2071 1374 2198 1413 daruͤber
2206 1380 2277 1419 auch
2284 1381 2459 1420 Schemeni
2467 1385 2527 1418 eine
2535 1386 2619 1419 Aus⸗

1728 1416 1836 1456 legung
1849 1418 1981 1458 gemacht
1996 1418 2066 1460 hat;
2087 1421 2197 1453 Aklam
2211 1423 2231 1454 ſi
2245 1423 2373 1457 Scharch
2385 1426 2538 1463 Moslem,
2558 1429 2583 1459 d.
2595 1425 2617 1459 i.

1729 1463 1790 1493 von
1804 1462 1858 1495 den
1868 1459 2174 1505 Vollkommenheiten
2188 1467 2243 1501 des
2250 1468 2379 1504 Wortes
2391 1468 2618 1510 Muſulmann;

1730 1500 1896 1536 Mecharek
1911 1505 2062 1539 Alanuar,
2082 1509 2110 1539 d.
2132 1506 2151 1540 i.
2174 1508 2217 1541 die
2241 1508 2422 1550 aufgehende
2438 1512 2552 1546 Sonne
2567 1516 2616 1546 der

1726 1545 1840 1587 Lichter.
1885 1549 1928 1584 Er
1950 1549 2026 1591 ſtarb
2045 1552 2086 1585 im
2105 1549 2189 1592 Jahr
2206 1554 2256 1587 der
2270 1550 2383 1595 Hegiraͤ
2407 1563 2486 1595 544,
2508 1556 2617 1599 Chriſti

1731 1597 1824 1631 1149.
1863 1594 1941 1625 Her.

1685 1631 1845 1671 AJALA
1866 1634 1953 1674 (Ant.
1969 1636 2031 1675 de),
2052 1636 2098 1670 ein
2113 1636 2270 1680 ſpaniſcher
2277 1639 2378 1680 Jeſuit
2392 1647 2453 1674 von
2461 1641 2614 1685 Sevilien,

1727 1679 1791 1710 trat
1806 1684 1839 1719 zu
1851 1677 1932 1713 Lima
1951 1679 2042 1717 1600,
2062 1681 2093 1714 in
2109 1681 2213 1721 ſeinem
2228 1687 2319 1722 25ten
2332 1684 2428 1725 Jahr,
2451 1688 2481 1721 in
2491 1689 2534 1722 die
2542 1690 2613 1723 So⸗

1724 1715 1829 1754 cietaͤt,
1863 1717 1925 1759 gab
1953 1720 2036 1755 einen
2059 1719 2316 1765 Heydenbekehrer
2335 1726 2397 1762 ab,
2417 1730 2480 1762 und
2499 1727 2614 1770 ſchaffte

1723 1761 1810 1804 durch
1825 1764 1897 1806 ſeine
1909 1763 2074 1808 Predigten
2093 1768 2206 1810 groſſen
2226 1769 2358 1810 Nutzen,
2377 1770 2444 1806 kam
2457 1772 2539 1813 aber,
2560 1774 2612 1808 als

1721 1812 1750 1835 er
1769 1811 1830 1837 von
1858 1804 1940 1847 Peru
1964 1807 2035 1846 nach
2057 1806 2178 1848 Mexico
2201 1808 2385 1852 uͤberſchiffen
2408 1813 2514 1852 wolte,
2536 1816 2612 1850 ums

1720 1846 1804 1886 Jahr
1815 1848 1897 1880 1626
1910 1850 1953 1883 im
1969 1847 2158 1891 Schiffbruch
2173 1859 2235 1889 um,
2257 1856 2319 1887 und
2339 1854 2492 1897 hinterließ
2513 1857 2617 1890 roſam

1724 1889 1762 1916 de
1769 1887 1915 1927 Jericho,
1938 1891 2008 1925 oder
2030 1892 2076 1925 ein
2088 1893 2189 1927 Werck
2200 1896 2237 1925 de
2252 1897 2284 1926 B.
2295 1894 2444 1936 Virgine,
2467 1898 2521 1930 wie
2536 1897 2611 1936 auch

1725 1926 1915 1965 Conciones,
1935 1929 2038 1971 welche
2059 1930 2150 1973 beyde
2170 1934 2241 1976 noch
2256 1936 2297 1970 im
2311 1936 2394 1967 MSt.
2415 1939 2515 1977 liegen.
2558 1939 2610 1972 Al.

1719 1975 1794 2006 Ant.

1680 2010 1717 2040 de
1746 2010 1908 2054 AJALA
1929 2010 2151 2057 (Athanaſius),
2179 2016 2261 2051 eines
2276 2018 2435 2056 Soldaten
2451 2018 2548 2061 Sohn
2567 2020 2608 2055 im

1719 2057 1859 2098 Anfange
1872 2060 1927 2093 des
1936 2069 1973 2100 17
1985 2060 2105 2099 Seculi,
2125 2061 2178 2100 hat
2195 2062 2334 2104 anfangs
2352 2075 2388 2105 24
2396 2065 2479 2108 Jahr
2495 2070 2524 2101 in
2543 2072 2608 2103 dem

1725 2096 2051 2137 Soldaten ⸗ Stande
2065 2100 2176 2143 gelebt,
2199 2097 2403 2146 nachgehends
2422 2108 2466 2142 die
2480 2109 2608 2151 Jugend

1725 2139 1931 2176 unterrichtet,
1950 2139 2023 2176 auch
2045 2146 2079 2180 zu
2093 2140 2217 2177 Madrit
2239 2144 2264 2174 el
2280 2143 2396 2186 viſonno
2417 2139 2553 2186 inſtruido
2573 2157 2607 2177 en

1722 2183 1752 2213 la
1770 2184 1923 2225 diſciplina
1949 2188 2062 2219 militar
2080 2188 2265 2228 geſchrieben.
2306 2192 2382 2223 Ant.

1680 2222 1717 2252 de
1738 2222 1900 2263 AJALA
1921 2225 2055 2266 Balth.),
2078 2227 2124 2259 ein
2137 2227 2296 2270 ſpaniſcher
2310 2229 2538 2271 Dominicaner,
2551 2233 2606 2274 flo⸗

1721 2268 1792 2302 rirte
1809 2273 1905 2309 1538,
1927 2272 1988 2304 und
2003 2271 2062 2312 gab
2080 2274 2110 2307 in
2126 2272 2244 2314 ſolchem
2257 2274 2357 2316 Jahre
2372 2279 2417 2312 ein
2443 2279 2546 2315 Werck
2568 2282 2605 2315 de

1720 2314 1753 2345 B.
1763 2312 1894 2353 Virgine
1908 2320 1942 2354 zu
1961 2314 2086 2355 Tortoſa
2101 2311 2234 2360 heraus.
2255 2319 2328 2351 Ech.

1677 2358 1836 2401 AJALA
1855 2357 2007 2402 (Balth.),
2017 2356 2069 2402 aus
2092 2364 2183 2398 einem
2192 2363 2352 2409 ſpaniſchen
2360 2367 2534 2412 Geſchlechte
2554 2366 2604 2409 von

1714 2402 1894 2444 Antwerpen
1920 2400 2039 2446 buͤrtig,
2062 2411 2127 2441 war
2144 2409 2449 2447 General ⸗ Auditeur
2466 2414 2519 2455 bey
2534 2418 2601 2449 dem

1714 2443 1840 2486 Hertzog
1856 2451 1915 2480 von
1931 2447 2065 2488 Parma,
2087 2452 2149 2482 und
2170 2450 2293 2494 hernach
2313 2453 2401 2495 Rath
2419 2456 2471 2496 bey
2488 2460 2538 2491 der
2553 2456 2601 2493 koͤ⸗

1716 2487 1858 2531 niglichen
1871 2490 2043 2533 Regierung
2055 2500 2088 2533 zu
2095 2494 2250 2534 Mecheln,
2268 2498 2370 2538 ſchrieb
2384 2500 2465 2533 einen
2474 2499 2601 2537 Tractat

1717 2530 1755 2561 de
1783 2531 1849 2570 jure
1870 2533 1899 2564 &
1926 2534 2035 2568 officiis
2060 2535 2196 2572 bellicis,
2221 2548 2254 2567 ac
2281 2539 2407 2573 militari
2428 2540 2598 2582 diſciplina,

1718 2576 1781 2609 und
1796 2572 1873 2614 ſtarb
1893 2581 1972 2615 1583
1984 2579 2053 2611 oder
2069 2582 2151 2620 1584
2160 2581 2201 2614 im
2215 2581 2305 2620 36ten
2312 2582 2408 2624 Jahr.
2450 2586 2524 2617 Ant.
2539 2588 2577 2617 A.

1675 2618 1711 2650 de
1732 2618 1890 2656 AJALA
1911 2620 2043 2659 (Didacus
2067 2615 2180 2661 Curle),
2201 2627 2247 2658 ein
2256 2624 2397 2666 Prediger
2411 2635 2445 2663 zu
2459 2629 2597 2667 Madrit,

1713 2655 1767 2697 hat
1782 2656 1924 2689 Sermones
1939 2661 1973 2689 de
1988 2659 2128 2691 Adviento
2148 2661 2350 2704 herausgehen
2366 2664 2469 2705 laſſen,
2494 2666 2596 2705 welche

1708 2699 1922 2741 Hieronymus
1943 2702 2135 2743 Bruſſonius
2152 2713 2187 2746 zu
2202 2706 2336 2748 Venedig
2336 2702 2365 2751 in
2399 2710 2444 2742 die
2462 2708 2595 2747 italiaͤni⸗

1708 2744 1765 2786 ſche
1779 2743 1919 2785 Sprache
1933 2743 2090 2789 uͤberſetzet.
2132 2751 2205 2781 Ant.

1667 2782 1704 2814 de
1726 2782 1852 2823 AJALA
1908 2785 2052 2825 (Didacus
2068 2787 2195 2829 Lopez),
2220 2790 2265 2824 ein
2282 2790 2459 2827 Canonicus
2468 2796 2516 2828 der
2525 2795 2594 2830 Kir⸗

1712 2825 1779 2864 chen
1797 2833 1830 2868 zu
1844 2825 1972 2867 Toledo,
2002 2830 2091 2865 allwo
2111 2838 2140 2865 er
2165 2832 2237 2871 auch
2251 2832 2408 2877 gebohren,
2430 2835 2484 2876 hat
2498 2837 2538 2872 im
2557 2839 2596 2872 16

1712 2868 1830 2905 Seculo
1852 2869 1961 2911 gelebt,
1999 2874 2060 2905 und
2083 2875 2108 2905 el
2127 2874 2278 2908 Laborinto
2298 2876 2332 2907 de
2349 2888 2426 2908 amor
2446 2890 2479 2911 ex
2503 2881 2596 2914 Philo-

1711 2918 1792 2947 coro,
1809 2905 1936 2952 Joannis
1962 2913 2091 2945 Boccacii
2108 2916 2234 2948 Arcadia
2251 2918 2286 2948 de
2304 2917 2415 2957 Jacobo
2435 2920 2591 2957 Sanazaro,

1709 2957 1772 2989 und
1783 2957 1875 2991 andre
1889 2955 2065 3000 italiaͤniſche
2072 2960 2238 3004 Schrifften
2247 2962 2277 2997 in
2286 2963 2329 2998 die
2338 2964 2478 3006 ſpaniſche
2488 2965 2594 3007 Spra⸗

1709 3001 1754 3043 che
1771 3000 1925 3044 uͤberſetzet.
1966 3003 2042 3035 Ant.

2553 3045 2594 3082 de
