1682 2501
1018 490 1051 529 §.
1088 495 1126 526 2.

693 581 775 619 Die
809 580 994 627 Beklagten
1031 579 1155 623 warfen
1187 579 1242 618 der
1273 579 1444 624 Klaͤgerin,
1486 589 1542 616 au⸗

605 625 660 672 ßer
703 625 756 663 der
806 614 895 671 ſchon
935 623 1086 673 geruͤgten
1126 623 1404 672 Sittenloſigkeit,
1458 631 1541 670 zwey

604 675 876 723 Entwendungen
909 686 973 715 von
1009 677 1118 720 Gelde
1149 679 1216 715 und
1249 668 1369 718 andern
1404 676 1542 719 Sachen

601 741 672 774 vor,
717 734 809 770 deren
845 734 884 776 ſie
919 735 975 780 ſich
1012 733 1070 778 bey
1113 741 1196 780 zwey
1234 733 1320 780 ihrer
1354 726 1542 780 Brodherr⸗

602 786 738 831 ſchaften
773 785 910 832 ſchuldig
945 787 1087 831 gemacht
1119 784 1211 832 habe.

707 878 813 919 Ueber
846 879 905 917 den
927 873 1044 928 letzten
1075 878 1248 925 Vorwurf
1271 887 1373 918 traten
1406 880 1446 924 ſie
1481 882 1541 918 den

602 924 747 965 Beweis
779 924 872 965 durch
908 923 1040 969 Zeugen
1074 933 1151 967 an,
1184 927 1249 961 und
1290 925 1444 972 behielten
1484 926 1542 966 ſich

603 982 653 1015 die
696 978 879 1026 Erklaͤrung
904 976 1004 1019 uͤber
1055 979 1115 1017 den
1157 976 1257 1025 ihnen
1294 977 1543 1025 zugeſchobenen

603 1029 678 1074 Eyd
706 1039 787 1068 vor.

1008 1189 1044 1227 §.
1098 1193 1136 1227 3.

644 1260 791 1310 Nun
829 1271 881 1306 litt
915 1266 951 1307 es
993 1271 1099 1307 keinen
1136 1268 1289 1315 Zweifel,
1313 1263 1403 1314 daß,
1447 1278 1542 1306 wenn

602 1329 667 1355 von
703 1322 764 1355 den
798 1319 981 1364 Beklagten
1007 1322 1135 1356 einmal
1168 1322 1314 1362 erwieſen
1349 1329 1436 1360 war,
1480 1320 1542 1364 daß

602 1370 652 1406 die
680 1367 839 1412 Klaͤgerin
874 1367 930 1412 ſich
963 1368 1022 1413 bey
1047 1360 1138 1412 ihren
1167 1370 1298 1416 vorigen
1327 1366 1541 1416 Brodherren

602 1417 810 1462 Diebereyen
852 1416 938 1465 hatte
974 1428 1010 1467 zu
1045 1418 1218 1459 Schulden
1241 1408 1397 1459 kommen
1435 1419 1542 1462 laſſen,

603 1474 653 1510 ein
674 1472 868 1521 ehemaliges
886 1471 1155 1520 Eheverſprechen
1176 1474 1257 1514 nicht
1284 1477 1386 1518 gelten
1418 1470 1566 1517 konnte,

602 1525 696 1559 wenn
725 1513 815 1564 auch
832 1525 865 1559 in
893 1522 946 1560 der
970 1523 1070 1569 Folge
1105 1524 1158 1559 der
1192 1523 1444 1570 vollkommenſte
1472 1522 1559 1564 Be⸗

601 1580 683 1615 weis
711 1575 849 1615 daruͤber
871 1575 1018 1625 gefuͤhret
1045 1567 1167 1630 wuͤrde.

705 1671 757 1711 Es
797 1671 835 1713 iſt
874 1670 1051 1716 allerdings
1098 1672 1166 1707 eine
1198 1669 1383 1718 vollguͤltige
1409 1671 1545 1712 Urſache

602 1723 638 1758 zu
675 1713 728 1752 der
761 1713 961 1761 Aufhebung
995 1718 1084 1753 eines
1117 1706 1366 1754 vollkommenen
1404 1713 1545 1760 Ehever⸗

601 1764 761 1806 ſpruches,
786 1771 891 1805 wenn,
920 1756 996 1803 nach
1020 1764 1207 1806 demſelben,
1236 1766 1304 1802 eine
1331 1763 1427 1808 ſolche
1454 1763 1545 1804 wich⸗

603 1827 666 1860 tige
690 1821 934 1866 Veraͤnderung
958 1821 1012 1859 der
1033 1822 1210 1864 Umſtaͤnde
1239 1822 1297 1864 bey
1326 1824 1395 1857 dem
1422 1822 1543 1857 andern

603 1868 717 1914 Theile
744 1869 801 1910 ſich
829 1867 977 1913 ereignet,
1011 1871 1135 1910 welche,
1163 1878 1257 1906 wenn
1287 1879 1362 1906 man
1390 1870 1430 1914 ſie
1458 1870 1544 1909 haͤtte

601 1909 812 1962 vorherſehen
850 1908 984 1957 koͤnnen,
1031 1917 1200 1960 jemanden
1233 1926 1297 1957 von
1332 1919 1386 1954 der
1413 1916 1545 1959 Schlie⸗

604 1964 692 2013 ßung
718 1968 773 2006 des
793 1965 1073 2013 Eheverloͤbniſſes
1089 1958 1199 2010 wuͤrde
1212 1966 1403 2013 abgehalten
1426 1967 1543 2012 haben,

604 2017 644 2053 da
685 2021 756 2053 dem
794 2019 917 2055 audern
944 2008 1069 2065 Theile
1103 2015 1191 2063 wohl
1223 2018 1325 2070 nicht
1342 2017 1545 2065 zugemuthet

602 2073 730 2111 werden
758 2071 851 2114 kann,
896 2072 964 2109 eine
990 2068 1061 2119 Ehe
1088 2061 1126 2119 zu
1161 2069 1323 2120 ſchließen,
1369 2073 1417 2108 die
1445 2073 1544 2118 ſeiner
