1473 2248
386 355 696 397 Sub-Rectoraten
728 356 895 409 gelangen
935 349 1101 412 moͤchten.
1153 368 1206 408 Es
1231 371 1368 411 bleibt

386 406 573 455 deshalben
594 409 665 451 eine
679 410 908 464 Unwarheit/
910 414 978 464 daß
995 416 1043 465 ich
1062 419 1124 458 den
1140 421 1233 468 Hrn.
1252 427 1331 460 Ad-

385 456 510 504 junctis
524 468 561 507 zu
584 459 670 508 nahe
683 463 837 514 geredet/
852 462 907 515 als
906 471 1080 508 worunter
1101 467 1149 515 ich
1170 475 1329 519 vernuͤnf⸗

382 504 476 558 tige/
475 509 615 557 gelehrte
630 515 699 555 und
710 513 887 567 chriſtliche
896 512 1055 561 Maͤnner
1064 517 1256 577 hochachte/
1260 529 1329 563 und

384 572 453 605 nur
478 566 516 603 in
538 566 697 618 ſingulari
722 569 816 612 eines
843 571 975 622 einigen
997 573 1204 624 Mitgliedes
1227 578 1371 628 abge⸗

381 608 584 660 ſchmacktes
606 617 676 655 und
697 616 970 666 unverſchaͤmtes
995 620 1130 670 Weſen
1160 622 1329 668 deteſtiret

381 662 485 709 habe/
497 668 561 708 wie
580 667 631 708 ein
648 670 736 713 jeder
753 670 846 721 ſelbſt
873 671 935 718 bey
961 675 1037 715 dem
1064 672 1233 725 nachleſen
1261 680 1324 721 den

381 713 574 754 Cenſorem
596 714 661 762 auf
675 718 764 759 einer
785 721 1057 774 unanſtaͤndigen
1074 726 1325 774 exaggeration

378 765 497 812 allhier
515 773 679 814 ertappen
698 772 801 811 wird.

428 815 465 863 §.
474 823 554 862 XI.
582 825 652 868 Jm
664 824 804 871 uͤbrigen
820 828 909 875 weiß
923 830 973 876 ich
987 830 1053 880 faſt
1068 830 1182 881 nicht/
1177 835 1259 875 was
1275 833 1326 882 ich

378 877 419 909 zu
435 873 493 906 der
513 870 640 921 letztlich
650 872 939 923 vorgeworffenen
956 876 1078 925 Haͤrte
1085 888 1192 925 gegen
1201 878 1320 930 Herrn

379 919 429 957 D.
442 916 618 966 Mayern/
630 922 699 961 und
716 926 783 961 von
802 923 877 961 dem
902 921 1159 974 hochmuͤthigen
1184 930 1326 968 floſculo

376 963 477 1015 ſagen
493 967 578 1020 ſoll/
583 966 643 1023 daß
664 970 742 1022 ſich
762 972 942 1018 mancher
966 986 1063 1017 vom
1081 977 1339 1026 Schwindel

371 1015 460 1068 jetzo
498 1030 734 1072 getrievener
763 1025 814 1071 in
850 1033 895 1068 D.
923 1028 1098 1079 Mayers
1123 1032 1326 1076 Schatten

373 1065 525 1115 moͤchte
544 1083 683 1126 tragen
703 1076 829 1129 laſſen.
854 1078 942 1124 Der
963 1087 1041 1130 gute
1049 1081 1173 1126 Mann
1183 1084 1223 1132 iſt
1232 1096 1320 1126 nun⸗

373 1124 493 1171 mehro
513 1122 605 1170 todt/
608 1129 677 1169 und
692 1129 753 1175 hat
771 1129 878 1179 ſeinen
889 1132 1042 1181 Richter.
1097 1135 1150 1179 Es
1173 1137 1213 1184 iſt
1233 1138 1319 1184 auch

375 1173 560 1224 dazumahl
577 1175 698 1222 ſeiner/
699 1181 744 1217 da
764 1189 798 1217 er
821 1181 904 1227 noch
917 1180 1073 1229 gelebet/
1080 1194 1145 1225 nur
1167 1182 1319 1232 beylaͤuf⸗

372 1222 424 1270 fig
445 1224 509 1264 mit
517 1225 630 1272 wenig
640 1228 799 1272 Worten
818 1239 935 1273 wegen
957 1232 1045 1273 einer
1055 1230 1322 1285 gleichmaͤßigen

371 1270 676 1329 untheologiſchen
693 1272 887 1324 Præfation
901 1282 1040 1331 gedacht
1056 1288 1220 1338 worden/
1236 1288 1319 1339 und/

369 1321 459 1370 nach
478 1323 597 1373 ſeinem
619 1327 727 1375 hohen
738 1326 873 1381 Titul/
869 1338 929 1376 am
947 1333 1044 1376 Ende
1061 1342 1126 1375 nur
1141 1336 1194 1375 ein
1213 1336 1319 1376 weni⸗

371 1382 435 1424 ges
451 1385 519 1419 von
539 1380 641 1428 ſeiner
660 1381 994 1435 Ketzermacherſucht
1018 1389 1193 1437 gemeldet.
1221 1392 1317 1438 Soll

369 1437 443 1467 nun
465 1429 569 1476 dieſes
586 1430 720 1475 letztere/
728 1432 793 1472 wie
811 1434 858 1482 ich
885 1437 1031 1485 erachte/
1037 1435 1087 1487 die
1096 1437 1212 1487 Haͤrte
1223 1437 1318 1489 ſeyn/

370 1475 407 1525 ſo
426 1476 520 1524 frage
540 1479 588 1527 ich
604 1484 667 1522 den
680 1481 875 1523 Cenſorem
890 1487 958 1536 auf
974 1487 1040 1535 ſein
1057 1483 1232 1538 Gewiſſen

427 1535 465 1574 1)
482 1532 547 1575 Ob
573 1534 662 1576 nicht
687 1538 800 1576 daran
826 1536 877 1577 die
893 1552 979 1588 pure
994 1539 1167 1587 Warheit
1180 1541 1316 1591 geredet

368 1567 443 1616 ſey/
445 1573 523 1618 was
541 1578 608 1612 von
627 1575 810 1620 demſelben
825 1579 981 1629 gedacht/
988 1586 1057 1618 und
1076 1584 1119 1620 ob
1136 1592 1169 1621 er
1180 1583 1313 1621 verlan⸗

366 1629 429 1665 ge/
441 1628 507 1676 daß
525 1632 596 1672 eine
616 1631 767 1680 Sache/
783 1633 816 1680 ſo
843 1633 909 1684 faſt
926 1637 1175 1689 offenbahrer/
1178 1641 1235 1680 als
1258 1642 1324 1683 die

366 1677 508 1722 Sonne
534 1688 594 1718 am
612 1683 715 1729 hellen
737 1681 919 1733 Mittage/
928 1684 1033 1734 ferner
1054 1687 1130 1735 ſolle
1156 1686 1311 1740 erwieſen

366 1729 532 1771 werden?
546 1732 723 1770 Videatur
737 1731 774 1769 in
791 1734 996 1774 anteceſſum
1016 1736 1096 1785 Hn.
1110 1736 1206 1779 Prof.
1222 1739 1317 1783 Lan⸗

364 1784 453 1828 gens
463 1779 623 1830 Richtige
633 1783 917 1836 Mittel⸗Straße
926 1790 1015 1834 Part.
1026 1789 1050 1824 I.
1061 1801 1093 1836 p.
1105 1800 1180 1833 147.
1190 1788 1314 1841 ſeqq.

416 1842 453 1882 2.
464 1832 529 1881 Ob
547 1838 585 1878 es
601 1833 690 1887 nicht
706 1837 886 1890 abermahl
901 1842 973 1887 eine
1000 1839 1195 1894 offenbahre
1210 1847 1309 1897 Par⸗
