1717 2467
614 368 685 412 552

858 365 1108 418 Syſtematiſche
1108 365 1283 418 Theologie.

662 463 707 505 †)
731 464 793 502 Auf
809 465 880 502 dieſe
896 464 1124 506 dogmatiſchen
1141 466 1230 510 Saͤtze
1249 464 1377 509 ſchraͤnkt
1397 476 1467 504 man
1488 468 1540 510 ſich

748 508 777 539 in
796 510 846 541 der
861 509 994 549 Polemik
1009 510 1071 548 ein,
1095 508 1221 551 obgleich
1240 513 1292 548 mit
1307 513 1376 546 eben
1393 516 1421 552 ſo
1437 516 1540 546 vielem

748 550 842 586 Recht
859 553 931 588 auch
953 552 1178 591 Streitigkeiten
1195 550 1265 588 uͤber
1275 554 1364 598 Saͤtze
1381 558 1432 589 der
1444 558 1539 594 chriſt⸗

749 591 837 627 lichen
863 593 973 629 Moral
994 587 1117 628 koͤnnten
1141 593 1201 627 und
1235 594 1331 631 ſollten
1360 599 1541 636 hineingezo⸗

749 641 822 671 gen,
845 637 914 669 oder
937 639 992 671 den
1011 635 1185 675 Einwuͤrfen
1211 638 1341 678 dagegen
1361 642 1423 674 eine
1445 643 1541 678 beſon⸗

749 665 799 705 dre
810 671 1025 712 Unterſuchung
1044 676 1196 709 gewidmet
1212 679 1338 708 werden.
1382 683 1454 714 Daß
1469 689 1539 710 man

750 716 839 755 dieſes
862 719 906 751 nie
930 718 958 753 in
982 714 1031 753 der
1044 712 1185 761 Polemik
1206 720 1314 760 gethan
1338 723 1416 761 hat,
1453 726 1542 762 ruͤhrt

748 759 829 798 wohl
844 759 955 799 daher,
976 762 1043 795 weil
1067 769 1138 795 man
1156 761 1207 801 ſich
1231 764 1347 802 ehedem
1371 767 1539 804 uͤberhaupt

750 800 818 833 weit
846 801 974 841 weniger
1004 809 1055 834 um
1084 811 1228 842 genauere
1249 805 1463 845 Unterſuchung
1489 815 1540 839 der

747 845 857 879 Moral
878 847 925 878 als
949 847 998 879 der
1024 846 1188 883 Dogmatik
1218 846 1437 888 bekuͤmmerte,
1475 854 1542 884 weil

748 881 877 918 daruͤber
901 885 986 923 ſelten
1005 879 1231 927 Streitigkeiten
1255 890 1308 920 mit
1330 895 1440 929 ganzen
1460 895 1541 930 Par⸗

746 925 853 964 theyen
871 927 1050 965 entſtanden,
1074 930 1134 962 und
1150 929 1215 963 weil
1232 936 1301 963 man
1319 930 1436 970 ehedem
1451 937 1540 969 ſolche

746 969 872 1009 ſtreitige
897 968 986 1014 Saͤtze
1010 973 1059 1005 der
1081 971 1213 1010 Moral,
1249 976 1287 1007 da
1312 976 1384 1014 dieſe
1408 984 1466 1009 von
1488 982 1540 1011 der

747 1002 911 1050 Dogmatik
925 1010 994 1049 noch
1012 1010 1088 1049 nicht
1114 1013 1306 1054 abgeſondert
1326 1021 1411 1054 war,
1432 1021 1487 1049 mit
1510 1023 1542 1050 in

746 1052 793 1085 die
809 1052 974 1095 Dogmatik
989 1053 1154 1095 aufnahm,
1176 1057 1270 1095 daher
1291 1062 1362 1094 auch
1387 1066 1444 1092 nur
1467 1064 1540 1098 dieſe

745 1097 880 1137 wenigen
906 1098 1130 1142 Streitigkeiten
1153 1098 1226 1137 uͤber
1262 1099 1431 1145 moraliſche
1451 1106 1541 1148 Saͤtze

750 1140 780 1171 in
819 1141 862 1176 die
902 1140 1018 1183 heutige
1051 1140 1185 1184 Polemik
1223 1144 1278 1180 mit
1312 1143 1541 1187 uͤbergegangen

747 1180 821 1222 ſind.

1032 1318 1121 1350 479.

726 1387 840 1426 Wenn
868 1397 946 1426 man
971 1389 1058 1434 dieſe
1081 1389 1210 1438 Abſicht
1234 1393 1302 1430 und
1325 1389 1538 1440 Einrichtung

625 1431 680 1468 der
707 1430 927 1477 ſogenannten
945 1435 1148 1479 polemiſchen
1165 1438 1338 1483 Theologie
1361 1447 1448 1484 wohl
1471 1453 1538 1476 und

621 1488 701 1524 ohne
722 1480 932 1541 Vorurtheile
947 1482 1114 1542 uͤberlegt;
1142 1488 1173 1533 ſo
1189 1491 1257 1540 laͤßt
1277 1494 1336 1538 ſich
1362 1498 1417 1531 der
1438 1501 1538 1542 groſſe

621 1516 770 1575 Nutzen,
806 1532 866 1566 den
900 1533 940 1575 ſie
968 1535 1077 1580 haben
1108 1543 1209 1580 kan,
1242 1547 1327 1576 nicht
1352 1551 1537 1574 verkennen.

614 1585 738 1630 Schon
758 1587 826 1626 dies
843 1587 929 1628 waͤre
949 1594 995 1636 1)
1013 1591 1075 1627 viel
1089 1597 1205 1639 werth,
1233 1600 1298 1635 daß
1316 1609 1393 1631 man
1413 1605 1537 1630 daraus

612 1642 668 1679 die
685 1641 898 1688 verſchiednen
917 1642 1169 1691 Vorſtellungen
1186 1659 1249 1683 von
1266 1653 1379 1695 Lehren
1396 1656 1450 1686 der
1466 1655 1536 1687 Re⸗

620 1691 744 1738 ligion,
784 1693 844 1731 mit
868 1694 956 1744 ihren
980 1696 1350 1744 Beſtimmungen
1287 1707 1350 1751 und
1367 1706 1532 1740 Gruͤnden

611 1738 734 1776 kennen
752 1740 860 1778 lernte.
917 1744 1078 1787 Dadurch
1105 1750 1237 1782 wuͤrden
1266 1757 1423 1791 einſeitige
1440 1759 1534 1784 Vor⸗

610 1794 785 1841 ſtellungen
816 1796 1019 1846 verhindert,
1053 1805 1120 1837 und
1144 1803 1222 1837 man
1243 1808 1344 1840 lernte
1369 1812 1534 1850 einſehen,

615 1850 681 1894 daß
701 1847 809 1897 unſre
822 1852 929 1902 eigne
940 1852 1151 1902 Vorſtellung
1172 1866 1233 1900 gar
1249 1861 1333 1898 nicht
1347 1865 1397 1894 die
1413 1865 1533 1904 einzige

615 1895 766 1947 moͤgliche
778 1900 840 1946 ſey,
853 1901 913 1939 mit
925 1907 980 1941 der
991 1905 1040 1941 die
1050 1905 1140 1954 Lehre
1159 1911 1247 1952 ſelbſt
1262 1913 1369 1954 ſtuͤnde
1385 1919 1460 1946 oder
1478 1919 1531 1952 fie⸗

613 1949 663 1996 le,
693 1955 759 1988 und
777 1953 862 1999 daß,
890 1964 984 1991 wenn
1000 1958 1063 1992 wir
1081 1960 1309 2003 unaufloͤsliche
1324 1966 1457 2004 Zweifel
1479 1976 1534 2006 ge⸗

613 2015 674 2047 gen
698 2008 787 2050 unſre
805 2009 1015 2056 Vorſtellung
1038 2009 1245 2058 bekommen,
1271 2020 1352 2059 dieſe
1374 2025 1438 2051 uns
1456 2022 1532 2059 noch

613 2037 823 2099 keinesweges
840 2056 888 2091 die
906 2055 996 2102 Lehre
1021 2063 1108 2103 ſelbſt
1133 2066 1328 2103 aufzugeben
1352 2071 1528 2107 noͤthigten.

1427 2138 1532 2179 Man
