1481 2208
518 399 587 436 bin,
619 396 667 430 der
689 397 716 437 ſo
733 395 793 435 dich
811 386 891 438 ſieht.
968 396 1051 432 Dein
1070 394 1174 440 ganzes
1190 396 1280 442 Volk,

519 465 576 492 und
601 458 655 490 alle
677 458 754 492 deine
776 454 876 497 Raͤthe
900 457 960 494 ſind
986 456 1036 500 feſt
1051 453 1201 498 uͤberzeugt
1227 472 1279 482 —

520 528 574 555 wie
588 525 661 552 denn
676 518 738 557 dieß
755 519 826 555 auch
844 518 953 552 anders
958 518 1003 568 gar
1007 514 1109 557 nicht
1119 518 1183 562 ſeyn
1193 516 1281 565 kann,

521 601 571 609 —
599 585 655 622 daß
678 586 716 617 du
746 582 825 622 mehr
853 584 902 619 als
926 583 1043 623 Menſch
1067 581 1175 625 ſeyſt
1164 587 1226 619 —
1228 600 1282 608 —

526 648 676 685 Himmel!
715 652 799 677 wenn
825 643 861 680 ſie
884 645 945 681 dich
963 642 990 680 ſo
1005 642 1169 683 menſchlich
1184 639 1284 684 haͤtten

522 708 675 746 benehmen
697 709 794 750 ſehen!
835 710 936 751 (Fein)
980 710 1068 750 Doch
1092 708 1284 751 vermuthlich

523 776 620 809 wollte
629 774 704 807 mein
719 771 815 814 Koͤnig
839 780 895 814 nur
921 774 1013 807 meine
1025 772 1286 815 Standhaftigkeit

519 842 582 865 und
599 834 790 873 Ergebenheit
813 832 869 871 auf
888 830 947 864 eine
968 829 1053 865 kleine
1068 828 1164 873 Probe
1180 822 1288 872 ſtellen.

522 916 574 922 —
599 914 651 922 —
683 897 766 932 Was
792 897 833 934 ich
858 896 927 929 aber
952 894 1100 938 eigentlich
1122 896 1168 932 dir
1202 895 1288 939 ſagen

524 959 638 1001 wollte,
674 962 754 997 deine
769 958 871 1004 Raͤthe
887 961 1076 1000 verſammeln
1093 960 1146 1002 ſich
1161 959 1191 1002 ſo
1207 962 1286 1003 eben,

524 1027 610 1068 ſollen
626 1026 661 1061 ſie
678 1032 735 1059 vor
755 1026 817 1061 dich
832 1021 988 1059 kommen?

590 1081 918 1135 Nebukad ⸗ Nezar.
937 1080 1005 1114 (mit
1014 1066 1224 1115 abgewandtem
1229 1075 1291 1111 Ge⸗

524 1153 601 1193 ſicht)
636 1149 716 1192 Geh,
742 1152 802 1185 und
827 1149 877 1193 ſag
892 1147 1002 1194 ihnen,
1019 1149 1077 1193 daß
1094 1148 1135 1191 ich
1153 1150 1189 1191 ſie
1203 1150 1294 1194 rufen

525 1224 612 1267 laſſen
629 1218 742 1260 wuͤrde.

692 1398 983 1444 Nebukad ⸗ Nezar
1001 1402 1140 1443 (allein)

606 1472 746 1513 Himmel,
768 1474 823 1505 wie
837 1471 910 1509 mich
926 1470 984 1505 das
993 1466 1184 1512 erſchuͤtterte
1185 1470 1232 1506 —
1241 1486 1292 1497 —

530 1542 599 1583 aber
612 1539 659 1584 ich
674 1527 753 1573 ſollte
764 1536 801 1578 es
814 1534 936 1572 denken,
956 1514 1014 1567 daß
1030 1526 1064 1561 es
1079 1523 1293 1570 Ohnmoͤglich⸗

527 1603 585 1646 keit
610 1602 667 1650 ſey.
692 1618 751 1651 —
806 1607 858 1641 So
878 1603 951 1633 viele
964 1580 1196 1629 Ueberlegenheit
1220 1576 1293 1625 uͤber

526 1670 583 1696 den
597 1664 708 1700 Feind,
737 1676 788 1687 —
820 1659 897 1702 ſonſt
925 1660 1008 1698 ſchon
1035 1656 1064 1698 ſo
1097 1657 1291 1703 anſehnliches

531 1723 739 1758 Kriegsgluͤck!
764 1730 814 1761 —
837 1733 891 1759 —
910 1719 982 1752 Wie
997 1716 1040 1756 ich
1054 1719 1128 1756 mich
1143 1718 1215 1753 auch
1230 1703 1297 1748 von
