1679 2570
226 439 495 497 Wachtmeiſter,
523 439 603 493 dann
621 437 676 496 hat
702 449 736 478 er
754 441 831 485 nach
858 438 958 485 ſeinen
976 437 1146 488 Begriffen
1165 434 1252 481 Ehre

226 509 292 542 und
321 499 409 540 Gluͤk
437 508 559 544 genug,
598 501 662 534 und
690 485 774 533 kann
796 496 874 539 auch
911 494 956 529 im
980 497 1071 528 Alter
1094 499 1153 536 auf
1175 497 1253 533 eine,

183 567 324 617 ſeiner
352 565 422 611 Lage
454 564 555 610 nach,
583 558 765 610 anſtaͤndige
789 558 999 609 Verſorgung
1024 558 1165 600 rechnen.
1207 556 1254 599 Je

229 628 319 677 mehr
352 639 385 666 er
416 637 483 665 nun
510 620 643 671 nuͤzliche
661 620 845 670 Kenntniſſe
870 623 902 659 in
924 611 1025 666 ſeiner
1044 614 1180 660 Jugend
1206 626 1255 658 ge⸗

226 674 311 720 lernt
335 684 411 727 hat,
441 674 535 725 deſto
551 678 661 724 ſichrer
696 676 780 713 kann
805 684 842 711 er
874 675 938 717 auf
957 676 1031 717 eine
1058 675 1256 715 Bedienung

230 740 392 785 Anſpruch
418 736 570 784 machen,
595 735 643 772 die
675 735 731 781 ihn
757 731 912 780 ernaͤhren
935 726 1026 768 wird.
1077 730 1198 776 Selbſt
1223 736 1257 765 in

228 807 357 843 niedern
385 800 549 845 Staͤnden
579 798 665 845 giebt
696 803 730 835 es
757 794 1094 842 Unterbedienungen,
1136 795 1182 827 bei
1208 797 1258 826 de⸗

230 877 292 905 nen
319 862 573 913 mathematiſche
598 857 804 911 Kenntniſſe,
850 867 901 897 wo
934 856 1021 905 nicht
1042 855 1257 904 nothwendig,

230 923 307 971 doch
333 917 452 969 nuͤzlich
479 907 541 967 ſein
564 914 700 958 koͤnnen.

334 977 450 1012 Wenn
477 988 557 1008 man
576 977 655 1016 auch
671 975 720 1007 bei
741 979 813 1006 dem
824 962 1026 1010 Unterrichte
1046 977 1080 1002 in
1103 980 1161 1001 den
1177 977 1260 1000 mili⸗

232 1042 672 1093 taͤriſch ⸗ mathematiſchen
698 1031 960 1087 Wiſſenſchaften
997 1033 1054 1082 fuͤr
1082 1034 1262 1081 angehende

232 1107 399 1153 Offiziere,
441 1106 505 1148 auf
532 1105 591 1140 den
614 1099 810 1147 entferntern
827 1096 947 1146 Nuzen
972 1096 1057 1144 nicht
1078 1096 1174 1142 ſieht,
1207 1100 1263 1131 der

231 1168 293 1216 ſich
323 1165 371 1203 bei
402 1163 488 1202 einer
527 1159 690 1209 kuͤnftigen
717 1155 947 1208 Verſorgung,
996 1163 1091 1190 wenn
1120 1156 1159 1199 ſie
1190 1160 1263 1191 dem

234 1225 368 1267 Staate
390 1225 442 1262 als
467 1220 616 1271 Offiziere
641 1220 727 1265 nicht
751 1220 842 1266 mehr
862 1217 974 1253 dienen
995 1215 1138 1260 koͤnnen,
1166 1217 1263 1257 zeigt;

234 1277 267 1329 ſo
287 1269 428 1317 verdient
445 1275 520 1320 doch
542 1284 688 1319 erwogen
710 1281 748 1318 zu
769 1279 913 1316 werden,
952 1279 1017 1315 daß
1042 1277 1116 1314 dieſe
1135 1276 1263 1304 Kennt⸗

237 1348 311 1395 niſſe
335 1339 419 1398 auch
433 1334 501 1397 fuͤr
509 1336 699 1391 diejenigen,
731 1341 781 1378 die
800 1340 837 1377 in
864 1338 965 1386 ihrem
980 1337 1074 1380 Altar
1093 1328 1187 1375 keine
1205 1337 1264 1385 Be⸗

237 1410 376 1452 dienung
393 1404 594 1454 annehmen,
619 1406 675 1442 der
696 1400 776 1452 beſte
791 1399 1004 1455 Zeitvertreib
1023 1404 1090 1438 und
1107 1401 1156 1435 die
1172 1410 1267 1441 ange⸗

236 1465 377 1517 nehmſte
399 1461 652 1514 Beſchaͤftigung
675 1462 736 1508 ſein
757 1461 900 1505 koͤnnen,
927 1459 998 1498 weil
1019 1461 1059 1502 ſie
1080 1461 1195 1494 immer
1221 1471 1268 1492 an

236 1524 335 1571 große
352 1518 419 1563 und
435 1515 499 1561 edle
517 1522 648 1569 Thaten
665 1519 832 1568 erinnern,
858 1521 924 1553 und
944 1521 1083 1564 dadurch
1100 1525 1159 1552 den
1174 1521 1269 1561 Geiſt

237 1584 438 1636 aufheitern.
483 1584 569 1626 Wer
577 1580 736 1629 uͤbrigens
757 1583 817 1619 den
833 1579 930 1628 feſten
942 1579 1071 1624 Vorſaz
1093 1581 1168 1621 hat,
1194 1585 1267 1614 dem

181 1635 373 1688 Staate
390 1641 453 1680 mit
472 1641 550 1680 aller
564 1639 692 1684 Treue,
716 1638 1019 1684 Rechtſchaffenheit
1039 1642 1101 1688 und
1109 1638 1269 1682 Klugheit

236 1719 277 1758 zu
301 1712 434 1754 dienen,
468 1713 524 1747 der
540 1708 621 1744 wird
645 1706 725 1752 auch
749 1704 830 1751 ohne
855 1702 930 1749 dieſe
951 1691 1121 1751 Anſtalten
1139 1697 1198 1749 ſich
1218 1701 1269 1736 be⸗

233 1758 378 1816 muͤhen,
395 1748 442 1806 ſo
468 1757 527 1794 viel
555 1763 620 1794 von
641 1755 739 1806 dieſen
755 1755 1020 1801 Wiſſenſchaften
1044 1770 1085 1796 zu
1111 1765 1266 1796 erlernen,

240 1833 293 1870 als
318 1833 366 1868 die
385 1824 562 1873 Erfuͤllung
578 1823 675 1870 ſeiner
689 1821 849 1870 Pflichten
866 1825 931 1857 von
948 1820 1015 1866 ihm
1033 1823 1194 1863 fordert.

288 1888 432 1937 Ohne
453 1885 629 1936 ziemlichen
651 1883 818 1932 Aufwand
837 1881 875 1929 iſt
895 1887 931 1918 es
958 1878 1158 1928 unmoͤglich,
1201 1875 1268 1925 daß

239 1946 389 1995 Offiziere
402 1951 465 1985 das
483 1944 576 1994 ihnen
594 1940 741 1992 Noͤthige
764 1940 870 1980 lernen
891 1936 1033 1985 koͤnnen,
1063 1942 1159 1974 wenn
1171 1939 1270 1982 nicht

241 2006 290 2046 bei
321 2012 381 2042 den
406 2001 637 2055 Regimentern
656 1997 738 2054 fuͤr
753 1997 983 2045 zwekmaͤßigen
1007 1999 1188 2041 Unterricht
1215 2007 1270 2037 ge⸗

223 2063 326 2114 ſorgt
348 2063 441 2102 wird.

343 2126 438 2169 Man
455 2124 552 2174 findet
570 2122 663 2170 ſelten
684 2116 834 2168 jemand,
871 2121 925 2156 der
942 2117 1000 2164 ſich
1020 2119 1101 2165 ohne
1123 2119 1183 2154 alle
1205 2121 1274 2156 An⸗

207 2183 378 2238 weiſung
412 2183 539 2234 richtige
552 2185 628 2222 und
651 2176 869 2233 zwekmaͤßige
892 2174 1068 2233 Kenntniſſe
1086 2178 1189 2230 dieſer
1208 2167 1305 2226 Art
