1880 2726
679 349 722 377 10
809 342 909 385 Erſter
920 344 1042 387 Abſchn.
1050 343 1207 390 Betracht.
1220 344 1296 385 uͤber
1312 348 1359 385 die
1374 345 1576 396 Beſchaffenh.

676 439 912 485 Marthrertod
935 443 998 481 wol
1020 440 1177 491 erklaͤren,
1205 442 1286 492 ohne
1304 455 1349 483 an
1366 446 1433 497 ihre
1447 445 1618 490 Kenntnis
1642 452 1710 489 und

676 493 924 540 Ueberzeugung
947 501 1010 533 von
1039 496 1140 535 einem
1158 497 1339 547 gluͤcklichen
1358 502 1447 543 leben
1462 507 1515 541 der
1531 503 1708 551 Frommen

676 548 756 593 nach
778 552 848 584 dem
862 548 934 587 Tod
957 552 1023 587 und
1049 558 1112 588 von
1140 549 1237 597 einer
1240 550 1450 602 zukuͤnftigen
1471 555 1708 606 Auferſtehung

674 605 730 637 der
756 598 1020 651 Verſtorbenen,
1051 604 1107 638 der
1140 614 1178 650 zu
1202 602 1300 652 Aſche
1326 605 1542 646 verbrannten
1580 612 1648 647 und
1672 609 1709 647 in

675 647 825 691 Stroͤme
850 652 1050 699 geworfenen
1065 651 1195 698 Koͤrper
1223 665 1259 703 zu
1285 654 1424 703 denken,
1450 658 1559 706 welche
1587 659 1636 698 als
1657 661 1708 699 die

674 700 792 752 Urſach
827 706 911 754 ihrer
932 705 1127 755 Großmuth
1163 716 1258 747 unter
1283 713 1337 749 der
1373 710 1587 760 Nachrichter
1610 711 1707 763 Haͤn⸗

674 759 760 800 den,
789 755 874 798 nicht
903 764 968 793 von
994 758 1091 807 ihnen
1119 759 1238 806 allein,
1260 759 1394 809 ſondern
1416 762 1495 812 auch
1521 771 1586 803 von
1614 764 1707 814 ihren

672 806 817 857 Feinden
840 809 1020 858 angegeben
1039 810 1190 853 werden?

1126 912 1158 957 §.
1184 915 1241 950 III.

776 970 852 1017 Alſo
880 970 984 1022 haben
1022 971 1071 1011 die
1105 974 1191 1013 alten
1223 973 1374 1026 Chriſten
1408 976 1513 1026 gewiß
1544 979 1613 1019 eine
1639 980 1708 1023 Er⸗

672 1023 821 1065 kenntnis
851 1028 904 1063 der
932 1026 1039 1073 lehren
1067 1031 1121 1065 der
1151 1027 1328 1077 Religion,
1360 1029 1470 1077 welche
1497 1034 1538 1081 ſie
1569 1032 1705 1074 bekannt

671 1080 738 1113 und
776 1075 953 1123 ausgeuͤbet
988 1078 1118 1127 haben,
1157 1079 1225 1120 eine
1257 1081 1320 1122 mit
1353 1081 1599 1134 Ueberzeugung
1635 1090 1704 1124 und

669 1129 732 1178 auf
751 1131 792 1174 ſie
821 1132 888 1181 ſehr
910 1131 1096 1179 wirkſamen
1121 1133 1257 1183 Beyfall
1279 1136 1480 1178 verbundene
1500 1138 1704 1184 Erkenntnis

669 1185 794 1235 gehabt.
849 1188 927 1231 Aus
949 1187 1084 1235 welcher
1101 1189 1229 1235 Quelle
1253 1194 1291 1241 iſt
1317 1195 1396 1243 dieſe
1418 1195 1630 1241 Erkenntnis
1647 1206 1704 1246 ge⸗

667 1237 823 1289 floſſen?
863 1238 928 1287 auf
962 1239 1104 1290 welchen
1134 1240 1565 1293 Ueberzeugungsgruͤnden
1607 1248 1703 1292 beru⸗

666 1292 741 1341 hete
762 1293 862 1342 dieſer
888 1293 1070 1344 Beyfall?
1121 1299 1222 1347 Dieſe
1253 1300 1340 1339 beide
1366 1300 1499 1348 Fragen
1530 1302 1630 1348 fallen
1661 1305 1703 1344 ei⸗

666 1353 740 1381 nem
768 1343 854 1390 jeden
881 1343 962 1392 bey,
1001 1348 1055 1385 der
1088 1346 1164 1387 uͤber
1195 1348 1244 1388 die
1272 1349 1472 1394 Erkenntnis
1507 1353 1613 1402 ſelbſt,
1653 1355 1704 1394 die

666 1402 730 1430 von
765 1394 860 1442 ihnen
889 1394 1082 1444 unleugbare
1115 1397 1297 1448 Geſchichte
1334 1402 1478 1447 meldet,
1511 1403 1702 1453 vernuͤnftig

665 1446 881 1492 nachdenket,
928 1453 995 1487 und
1026 1450 1077 1489 die
1109 1450 1268 1499 Urſachen
1299 1454 1412 1499 ſolcher
1437 1453 1638 1507 Thatſachen
1656 1466 1702 1503 zu

666 1499 838 1549 erforſchen
867 1500 923 1546 ſich
951 1501 1174 1551 angewoͤhnet.
1231 1505 1320 1555 Jhre
1341 1505 1606 1559 Unterſuchung,
1630 1509 1699 1559 ihre

663 1550 758 1595 durch
785 1551 1027 1599 glaubwuͤrdige
1055 1553 1185 1601 Zeugen
1210 1554 1396 1605 erweisliche
1428 1558 1700 1607 Beantwortung

664 1607 703 1653 iſt
727 1607 827 1653 jedem
852 1606 1151 1658 Geſchichtforſcher
1171 1610 1321 1660 Pflicht,
1359 1614 1488 1658 welcher
1514 1615 1564 1654 die
1591 1615 1700 1663 Bege⸗

663 1657 828 1702 benheiten
862 1663 915 1699 der
951 1660 1138 1712 chriſtlichen
1174 1663 1333 1712 Religion
1374 1666 1461 1716 ſelbſt
1486 1664 1697 1718 pragmatiſch

661 1707 799 1751 kennen,
836 1708 908 1742 oder
937 1705 1003 1757 ihre
1033 1701 1260 1761 pragmatiſche
1284 1709 1456 1755 Kenntnis
1481 1713 1545 1761 bey
1572 1710 1695 1755 andern

659 1759 827 1811 befoͤrdern
850 1762 927 1804 will.

1114 1863 1147 1913 §.
1178 1869 1237 1902 IV.

764 1910 828 1950 So
865 1911 942 1957 lang
984 1914 1063 1960 dieſe
1098 1900 1229 1961 Fragen
1270 1920 1352 1963 ohne
1385 1920 1513 1956 weitere
1547 1906 1692 1970 Beſtim-

656 1980 760 2017 mung
786 1970 957 2011 betrachtet
979 1979 1137 2022 werden,
1176 1976 1216 2025 iſt
1240 1978 1308 2029 ihre
1332 1973 1603 2031 Beantwortung
1629 1991 1692 2021 we⸗

656 2031 711 2066 der
737 2015 867 2074 ſchwer,
896 2028 972 2075 noch
992 2028 1128 2076 einigem
1150 2029 1284 2079 Zweifel
1309 2034 1539 2083 unterworfen.
1591 2039 1690 2081 Man

656 2081 716 2120 kan
749 2080 837 2130 nicht
856 2081 1012 2131 leugnen,
1037 2085 1102 2132 daß
1126 2087 1279 2138 Chriſtus
1302 2088 1336 2127 in
1358 2095 1419 2129 den
1441 2090 1555 2140 Tagen
1585 2091 1688 2141 ſeines

655 2133 766 2173 ebens
797 2134 859 2182 auf
890 2137 1003 2177 Erden
1037 2136 1143 2188 ſeinen
1177 2136 1348 2188 Zuhoͤrern
1382 2142 1585 2194 theoretiſche
1617 2150 1694 2186 und

652 2189 818 2237 praktiſche
844 2189 1127 2239 Religionslehren
1151 2200 1383 2243 vorgetragen;
1408 2195 1502 2245 ſolche
1531 2198 1609 2244 nach
1633 2199 1688 2248 ſei⸗

652 2248 727 2278 nem
753 2241 826 2282 Tod
862 2246 923 2284 den
953 2241 1134 2295 Menſchen
1162 2245 1298 2286 bekannt
1317 2255 1373 2293 zu
1408 2248 1538 2299 machen
1578 2250 1684 2300 ſeinen

1616 2295 1685 2340 ver⸗
