1636 2458
580 460 657 509 586

798 464 1040 516 Vierzehende
1056 466 1299 525 Abtheilung/

577 559 873 611 wohlgearbeiteten
884 562 995 607 Kleide
1012 565 1051 608 ſie
1069 566 1160 609 einen
1170 567 1287 618 Staat
1303 568 1467 623 gemacht;
1477 580 1510 612 ſo

574 615 653 654 gebe
663 613 708 654 ich
718 612 833 655 endlich
843 609 1018 661 Beyfall/
1033 612 1097 661 daß
1113 623 1212 656 wenn
1224 627 1304 659 man
1321 619 1351 668 ſo
1363 612 1512 670 vortreff⸗

577 666 634 706 lich
645 671 679 708 zu
690 665 834 715 wehlen/
827 668 893 715 und
904 668 981 705 was
994 667 1113 715 rechtes
1129 670 1341 722 auszuſuchen
1359 670 1453 723 weiß/
1454 671 1513 720 als

576 717 664 766 Sie/
666 715 765 765 koͤnne
776 716 895 766 endlich
909 722 985 760 was
990 719 1152 772 gefunden
1170 729 1322 770 werden/
1329 725 1395 774 daß
1403 735 1502 772 einem

571 769 782 812 vollkommen
800 768 981 821 geſchickten
1005 778 1071 814 und
1088 774 1329 827 annehmlichen
1357 780 1503 831 Frauen⸗

568 822 732 872 zimmer/
738 819 798 861 wie
808 821 927 872 Jhnen
942 824 1028 874 wohl
1037 826 1186 877 anſtehet.
1238 830 1311 880 Jch
1320 833 1503 883 gratulire

567 876 634 908 von
642 871 777 917 Hertzen
787 871 908 922 hierzu/
910 877 977 914 und
987 869 1144 927 wuͤnſche/
1145 870 1208 928 daß
1223 878 1297 924 Sie
1309 881 1501 931 dergleichen

567 923 705 970 hundert
731 929 767 960 in
792 922 893 964 lauter
916 919 1137 977 Vergnuͤgen
1159 933 1228 973 und
1247 927 1503 984 Gluͤckſeeligkeit

567 971 732 1019 zerreiſſen
741 967 875 1019 moͤgen.
927 973 1034 1020 Solte
1047 978 1135 1029 nun/
1144 979 1206 1020 wie
1221 979 1269 1029 ich
1283 981 1430 1031 urtheile/
1431 981 1503 1025 wel⸗

566 1025 638 1073 ches
648 1022 914 1075 Frauenzimmer
927 1026 1061 1079 neidiſch
1068 1033 1217 1076 werden/
1225 1039 1292 1075 und
1300 1035 1381 1087 nach
1388 1036 1501 1087 dieſem

564 1071 796 1126 vortrefflichen
807 1078 1003 1131 Muſterſich
1011 1082 1092 1130 auch
1100 1082 1213 1128 kleiden
1222 1082 1339 1135 laſſen/
1341 1083 1370 1130 ſo
1380 1087 1500 1130 moͤgen

566 1125 606 1172 ſie
617 1129 652 1165 es
668 1126 784 1167 immer
792 1126 884 1177 thun.
910 1128 1022 1175 Denn
1031 1135 1095 1174 das
1112 1131 1387 1188 unvergleichliche
1394 1129 1498 1190 Fraͤu⸗

565 1176 626 1219 lein
642 1177 707 1207 von
724 1175 773 1210 N.
788 1175 872 1211 wird
887 1176 965 1220 doch
981 1174 1065 1222 nicht
1088 1173 1225 1220 drinnen
1246 1177 1371 1230 ſtecken.
1423 1178 1500 1232 Sie

566 1223 719 1268 erlauben
729 1226 774 1266 im
788 1224 952 1278 uͤbrigen/
962 1228 1028 1277 daß
1040 1233 1087 1288 ich
1102 1234 1183 1283 mich
1197 1236 1232 1277 in
1247 1238 1316 1286 ihre
1327 1237 1461 1285 Gnade/
1463 1235 1497 1283 in

561 1276 674 1329 dieſem
690 1272 823 1329 ſchoͤnen
833 1276 961 1329 Kleide/
966 1275 1000 1325 ſo
1004 1285 1090 1326 wohl
1107 1289 1161 1328 als
1169 1288 1203 1328 in
1211 1291 1282 1331 dem
1291 1289 1425 1341 vorigen
1439 1293 1493 1323 re-

563 1331 864 1373 commandire,
890 1332 956 1372 und
967 1327 1081 1384 ſolches
1091 1332 1149 1377 mit
1163 1332 1289 1388 einigen
1298 1336 1435 1391 Verſen
1445 1339 1492 1382 be⸗

563 1391 655 1441 ehre;

659 1481 756 1527 Wie
762 1482 885 1538 ſchoͤn/
890 1486 938 1528 du
949 1484 1092 1538 ſchoͤnes
1099 1487 1236 1542 Kind/
1251 1491 1295 1545 iſt
1303 1494 1392 1543 doch
1411 1493 1490 1538 dein

934 1544 1050 1588 Kleid
1065 1542 1252 1597 gemacht/

667 1583 731 1620 Es
745 1583 886 1637 ſcheint/
891 1588 947 1621 als
956 1589 1002 1621 ob
1015 1596 1055 1624 es
1064 1585 1159 1636 ſelbſt
1177 1598 1265 1630 vom
1273 1589 1408 1642 Glantz
1416 1587 1487 1632 und

942 1646 1109 1696 Anmuht
1118 1646 1238 1697 lacht/

654 1687 730 1735 Die
754 1688 892 1735 Sonne
917 1689 1044 1725 ſtrahlt
1058 1693 1239 1730 darauff/
1261 1708 1335 1740 und
1362 1673 1488 1739 ſcheint

935 1748 1056 1791 darein
1067 1750 1240 1802 verliebt/

651 1789 756 1833 Weil
773 1800 812 1829 es
829 1793 894 1832 den
914 1794 1154 1847 Gegenſchein
1174 1797 1207 1849 ſo
1215 1792 1383 1857 trefflich
1403 1795 1484 1848 wie⸗

937 1846 996 1896 der
1011 1855 1123 1903 giebt.

651 1890 719 1943 So
737 1904 838 1938 ſchoͤn
850 1904 891 1937 es
900 1906 974 1941 nun
984 1896 1074 1942 auch
1084 1905 1153 1945 iſt/
1169 1896 1202 1937 ſo
1219 1896 1288 1927 kan
1304 1893 1378 1938 ihm
1394 1881 1480 1935 doch

936 1957 1133 2000 darneben/

649 2004 750 2041 Dein
767 1997 868 2039 ſchoͤn
891 2005 965 2032 und
981 2003 1080 2040 artig
1100 1999 1219 2045 ſeyn/
1246 1998 1336 2049 noch
1360 1996 1479 2047 mehre

924 2050 1136 2105 Schoͤnheit
1151 2052 1287 2105 geben.

1343 2105 1476 2140 XVIII.
