1780 2738
720 534 790 578 Die
802 533 925 579 Daͤnen
933 534 1034 582 ruͤſten
1044 533 1101 582 ſich
1111 533 1345 583 gleichergeſtalt
1374 528 1406 587 zu
1391 534 1525 586 Waſſer
1535 540 1603 578 und

686 592 722 633 zu
732 585 849 631 Lande/
853 594 920 629 und
928 590 1033 634 ſuchen
1044 589 1092 631 die
1101 587 1303 635 Schweden/
1315 590 1376 637 daß
1386 590 1422 637 ſie
1432 590 1525 635 ihnen
1534 591 1603 632 Ge⸗

687 639 859 684 rechtigkeit
867 638 1089 686 wiederfahren
1098 638 1202 686 laſſen.
1243 639 1314 684 Die
1323 637 1546 688 Moſcowiter/
1551 642 1604 681 als

687 689 735 725 die
745 684 923 732 ſchlaueſten
933 693 1022 726 unter
1030 686 1124 736 allen/
1139 689 1202 731 thun
1219 684 1273 732 ſich
1292 680 1362 737 nicht
1386 688 1466 735 wenig
1484 686 1615 737 hervor/

689 744 756 779 und
767 739 870 786 wiſſen
882 741 957 784 dieſe
974 743 1041 780 und
1049 740 1115 788 jene
1124 741 1270 790 Parthey
1286 742 1378 782 durch
1386 739 1602 791 vorgeſchuͤtzte

687 786 970 833 Schein⸗Gruͤnde
980 796 1015 834 zu
1026 784 1242 835 unterhalten/
1241 787 1352 831 wobey
1362 787 1400 834 ſie
1408 791 1441 830 in
1450 795 1502 832 der
1510 792 1603 837 That

689 840 771 880 keine
781 843 893 880 andere
902 839 1027 888 Abſicht
1036 837 1149 886 haben/
1163 844 1214 884 als
1224 841 1286 888 ihre
1295 841 1399 883 eigene
1409 841 1603 887 Angelegen⸗

689 880 791 928 heiten
809 890 844 929 zu
856 881 1047 936 befoͤrdern/
1059 889 1126 925 und
1137 884 1195 932 auf
1208 887 1256 927 die
1265 874 1367 929 Seite
1384 883 1557 930 derjenigen
1568 895 1603 932 zu

689 935 807 986 treten/
817 940 928 984 welche
941 939 1032 984 ihnen
1046 939 1094 980 die
1106 939 1394 990 vortheilhaffteſten
1405 939 1604 989 Vorſchlaͤge

689 987 770 1032 thun
785 991 922 1028 werden.
978 988 1054 1034 Der
1068 989 1161 1038 Fuͤrſt
1176 980 1344 1038 Ragotsky
1361 988 1521 1035 verſpricht
1541 996 1602 1031 den

687 1043 880 1088 Schweden
889 1040 1198 1090 Wunder⸗Dinge/
1210 1051 1286 1085 man
1296 1041 1421 1091 glaubet
1433 1038 1532 1086 aber/
1540 1045 1602 1090 daß

689 1093 786 1136 dieſes
797 1093 872 1132 alles
882 1102 935 1133 am
945 1092 1038 1136 Ende
1047 1096 1099 1134 der
1108 1093 1291 1142 Rechnung
1299 1089 1358 1141 auf
1371 1092 1473 1136 nichts
1483 1093 1601 1137 hinaus

688 1142 807 1190 lauffen
818 1150 930 1184 werde.
955 1143 1048 1185 Man
1060 1143 1160 1192 ſpuͤret
1169 1143 1294 1193 nichts/
1298 1146 1349 1187 als
1358 1143 1455 1185 lauter
1464 1144 1602 1187 Untreue

688 1194 747 1239 bey
768 1195 864 1240 dieſen
880 1194 1181 1243 Unbeſchnittenen;
1206 1196 1280 1242 Sie
1297 1197 1364 1244 ſind
1381 1194 1513 1243 thoͤricht
1533 1199 1602 1237 und

690 1238 799 1286 blind/
799 1248 865 1284 und
875 1243 980 1286 wiſſen
993 1243 1076 1292 ſelbſt
1085 1242 1194 1286 nicht/
1186 1249 1258 1286 was
1270 1243 1308 1286 ſie
1317 1245 1519 1286 vornehmen.

738 1294 793 1343 Jn
803 1295 964 1340 Spanien
974 1294 1063 1341 ſiehet
1078 1300 1112 1337 es
1130 1296 1212 1343 nicht
1228 1296 1318 1346 beſſer
1327 1300 1409 1339 aus/
1434 1297 1539 1338 indem
1548 1298 1602 1337 der

688 1340 801 1389 Koͤnig
810 1341 894 1390 groſe
905 1339 1124 1390 Zuruͤſtungen
1134 1343 1271 1390 machet/
1283 1344 1317 1384 in
1329 1341 1494 1391 Portugal
1504 1342 1602 1391 einzu⸗

686 1391 803 1443 fallen/
796 1390 859 1438 und
867 1395 943 1442 dieſe
943 1395 1054 1442 Crone
1060 1396 1173 1438 wieder
1181 1395 1223 1439 an
1233 1398 1289 1442 ſich
1299 1407 1335 1445 zu
1346 1396 1494 1445 bringen/
1493 1396 1602 1442 wobey

686 1455 718 1487 er
727 1439 849 1492 hoffet/
844 1449 906 1486 aus
916 1449 974 1485 den
984 1444 1166 1489 innerlichen
1176 1445 1408 1495 Spaltungen/
1425 1447 1534 1490 welche
1544 1445 1601 1492 ſich

687 1497 772 1535 allda
789 1495 841 1541 ſeit
850 1500 920 1535 dem
938 1498 1026 1538 Tode
1039 1500 1096 1537 des
1107 1499 1183 1532 Don
1191 1497 1274 1544 Juan
1285 1504 1348 1536 von
1358 1498 1535 1544 Bragança,
1544 1499 1602 1536 des

687 1547 788 1595 letzten
796 1544 927 1594 Koͤnigs
935 1546 968 1585 in
976 1540 1156 1594 Portugal/
1160 1546 1401 1595 hervorgethan/
1414 1546 1531 1594 einigen
1549 1541 1606 1590 Nu⸗

686 1599 746 1644 tzen
757 1604 791 1644 zu
799 1597 911 1643 ziehen.
920 1596 967 1641 Er
978 1604 1110 1644 erweget
1120 1598 1219 1646 nicht/
1238 1593 1284 1647 daß
1287 1597 1335 1646 die
1335 1597 1515 1649 Frantzoſen
1525 1600 1600 1639 eben

688 1649 783 1694 ſolche
792 1649 879 1690 Leute
890 1642 991 1696 ſind/
994 1653 1061 1690 und
1072 1647 1147 1696 ihm
1157 1651 1190 1692 in
1200 1645 1347 1699 Jtalien/
1377 1649 1518 1699 Flandern
1533 1656 1601 1687 und

686 1697 879 1742 Catalonien
889 1696 1020 1745 Haͤndel
1031 1702 1156 1743 machen
1164 1696 1299 1748 koͤnnen.
1309 1699 1398 1744 Von
1406 1703 1477 1741 dem
1488 1700 1603 1744 Scha⸗

685 1750 768 1790 den/
777 1748 910 1792 welchen
919 1751 986 1793 ihm
994 1747 1042 1788 die
1050 1743 1264 1797 Engellaͤnder
1270 1759 1323 1798 zur
1331 1749 1409 1794 See
1418 1750 1481 1795 ohn
1490 1751 1601 1790 Unter⸗

682 1794 736 1841 laß
745 1792 907 1844 zufuͤgen/
907 1798 973 1834 und
982 1802 1045 1836 von
1055 1800 1127 1838 dem
1140 1797 1301 1848 Verluſt/
1313 1797 1445 1841 welchen
1454 1808 1484 1836 er
1495 1796 1600 1844 bißher

687 1848 722 1890 in
730 1848 875 1890 America
895 1847 1035 1894 erlitten/
1051 1849 1116 1890 will
1129 1850 1173 1893 ich
1183 1849 1266 1894 nicht
1275 1848 1410 1893 einmahl
1419 1849 1599 1896 gedencken.

684 1899 753 1951 Jch
763 1899 820 1941 kan
830 1899 877 1940 dir
886 1909 945 1941 nur
955 1899 1015 1941 mit
1040 1893 1130 1947 einem
1145 1894 1235 1949 Worte
1257 1894 1366 1948 ſagen/
1369 1898 1430 1943 daß
1439 1906 1524 1947 gantz
1531 1901 1599 1943 Eu⸗

688 1955 769 1992 ropa
784 1944 909 1994 vorjetzo
924 1946 956 1987 in
967 1946 998 1991 ſo
1009 1947 1110 1996 groſer
1117 1948 1337 1995 Verwirrung
1355 1944 1483 1996 ſtecket/
1486 1949 1547 1994 daß
1563 1951 1600 1987 es

688 1994 771 2048 nicht
787 1988 851 2048 Zeit
868 1997 957 2045 hat/
966 1994 1015 2035 ein
1027 1994 1119 2044 Auge
1128 1994 1189 2044 auf
1201 1995 1306 2042 unſere
1314 1992 1590 2043 Bewegungen
1554 1984 1604 2037 in

686 2044 854 2092 Orient
824 2048 862 2097 zu
864 2047 1009 2085 wenden.
1040 2046 1105 2090 Ein
1115 2046 1201 2094 jedes
1209 2043 1398 2094 Koͤnigreich
1408 2050 1475 2088 und
1483 2047 1599 2089 Staat

686 2095 723 2140 iſt
745 2095 804 2134 mit
820 2094 1020 2140 Beſorgung
1047 2098 1140 2137 ſeiner
1161 2096 1289 2140 eigenen
1315 2092 1597 2140 Angelegenheiten

684 2146 828 2192 gaͤntzlich
842 2145 1095 2196 beſchaͤfftiget/
1090 2149 1159 2186 und
1170 2139 1324 2193 Venedig
1333 2147 1393 2192 kan
1399 2144 1460 2192 auf
1472 2137 1599 2190 nichts/

686 2197 737 2239 als
746 2195 805 2243 auf
818 2195 895 2241 ſeine
908 2194 1011 2243 eigene
1020 2196 1141 2248 Macht
1158 2197 1257 2244 einige
1265 2189 1448 2244 Rechnung
1459 2197 1601 2237 machen.
