1731 2692
269 541 412 582 höhen,
445 538 673 587 (erhitzende
690 546 848 593 Mittel,)
871 548 985 583 heben
1005 547 1149 596 mäſsige
1165 550 1253 586 Ent-

274 606 497 649 zündungen.
554 603 760 650 Allgemein
802 616 939 654 erregte
975 610 1146 647 Reaction
1190 613 1251 647 des

271 666 590 719 Gefäſs - Syſtems,
626 680 657 704 z.
677 670 716 705 B.
743 672 854 706 durch
875 674 1061 716 Gewürze,
1092 674 1178 711 hebt
1195 673 1252 712 die

268 731 419 770 geſtörte
441 730 572 761 Action
599 728 663 762 der
680 728 907 777 Hautgefäſse
930 734 980 765 im
994 723 1249 772 Fieberfroſte.

268 794 393 829 Durch
426 796 642 832 excitirende
675 795 933 836 Nervenmittel
957 803 1101 836 werden
1130 803 1249 837 kram-

264 859 358 902 pfige
380 861 456 897 und
462 858 721 900 ſchmerzhafte
758 858 1041 915 Local - Zufälle
1046 867 1236 911 gehoben.

369 911 442 956 Das
462 919 601 956 Geſetz:
635 922 707 963 daſs
732 925 810 956 eine
837 922 1023 967 allgemein
1052 927 1248 965 verſtärkte

262 979 469 1022 Antagonie
498 979 561 1012 der
583 979 726 1028 Organe
752 984 809 1017 die
836 983 964 1019 örtlich
983 985 1154 1022 erhöhete
1175 990 1248 1021 mä-

262 1041 346 1079 ſsigt
361 1041 448 1070 oder
464 1037 625 1080 aufhebt;
640 1042 772 1075 würde
794 1042 831 1073 in
857 1044 917 1075 der
932 1041 1172 1088 Anwendung
1189 1044 1248 1078 auf

263 1105 319 1138 die
337 1104 443 1146 Reize
460 1104 549 1138 oder
570 1105 662 1140 nach
678 1106 759 1144 dem
778 1107 923 1144 Geſetze
949 1111 1009 1144 des
1026 1108 1245 1156 Antagonis-

260 1176 339 1200 mus
365 1166 429 1201 der
446 1165 553 1202 Reize
580 1166 617 1203 ſo
639 1166 796 1205 heiſsen:
823 1169 891 1204 Ein
910 1170 1145 1219 allgemeiner
1157 1174 1244 1213 Reiz

261 1229 478 1258 verdunkelt
494 1231 562 1260 den
586 1230 780 1272 örtlichen;
807 1230 927 1268 jener,
966 1232 1016 1262 als
1034 1236 1091 1267 ein
1112 1224 1243 1266 ſtärke-

259 1301 319 1325 rer
333 1292 437 1333 Reiz,
464 1291 602 1334 dieſen,
628 1294 679 1329 als
696 1296 766 1328 den
784 1296 1021 1334 ſchwächern.
1047 1301 1088 1346 ⁴⁷)

283 1354 406 1392 In
428 1352 539 1389 dieſer
564 1352 636 1389 Art
652 1355 712 1389 des
737 1353 1015 1400 Antagonismus
1042 1361 1107 1393 der
1131 1362 1242 1396 Reize

259 1413 302 1448 iſt
320 1419 424 1449 unter
436 1414 579 1463 andern
591 1419 648 1450 ein
665 1416 789 1453 Grund
808 1430 851 1451 zu
868 1419 1006 1460 finden,
1033 1432 1165 1454 warum
1184 1424 1245 1457 die

257 1474 436 1521 Wirkung
467 1476 567 1506 einer
596 1464 751 1525 Arzenei
782 1476 894 1515 durch
926 1480 983 1514 die
1009 1478 1241 1525 Verbindung

256 1543 323 1578 mit
339 1541 439 1571 einer
454 1538 587 1576 andern
605 1538 820 1584 abgeändert
836 1542 936 1577 wird.
980 1543 1237 1582 Verſchiedene

257 1602 459 1651 ätheriſche
470 1603 607 1648 Oehle,
640 1609 841 1652 gewürzige
852 1607 1068 1645 Subſtanzen
1089 1620 1242 1657 erregen

254 1668 351 1700 eine
370 1664 594 1718 allgemeine
611 1666 806 1712 Reaction,
850 1671 920 1704 und
946 1671 1113 1718 mäſsigen
1135 1678 1172 1708 in
1201 1674 1238 1709 ſo

252 1730 334 1767 fern
349 1731 405 1775 die
425 1730 744 1779 Local - Wirkung
760 1735 824 1771 der
840 1735 979 1772 Brech-
998 1740 1071 1773 und
1088 1738 1236 1784 Purgir-

251 1790 393 1834 Mittel,
425 1803 530 1828 wenn
554 1804 638 1828 man
664 1793 707 1831 ſie
732 1799 797 1832 mit
816 1796 931 1834 dieſen
949 1802 987 1834 in
1005 1797 1236 1846 Verbindung

252 1844 406 1897 reicht.
428 1853 473 1897 Je
490 1855 592 1892 mehr
609 1857 676 1894 ſich
696 1860 752 1894 die
770 1859 946 1905 Wirkung
962 1860 1061 1895 einer
1075 1853 1236 1914 Arzenei,

251 1906 418 1960 vermöge
438 1917 503 1959 der
519 1916 739 1953 Aſſociation
756 1920 819 1954 der
842 1919 1006 1964 Organe,
1032 1925 1235 1963 ausbreitet,

251 1978 346 2012 deſto
362 1977 572 2021 ſchwächer
596 1978 656 2022 iſt,
685 1986 850 2026 vermöge
871 1982 933 2015 der
948 1982 1152 2028 Antagonie
1169 1985 1235 2024 der

250 2038 415 2082 Organe,
431 2039 510 2073 ihre
524 2032 855 2088 Local - Wirkung.
899 2041 982 2077 Und
1002 2042 1233 2090 umgekehrt:

249 2098 453 2134 Arzeneien
484 2109 556 2132 von
587 2101 726 2137 ſtarker
758 2100 1093 2147 Local - Wirkung
1115 2102 1235 2140 haben

249 2163 413 2196 meiſtens
438 2165 522 2201 eine
542 2157 726 2200 ſchwache
757 2167 1230 2213 Aſſociations - Wirkung.

283 2299 329 2336 47)
343 2295 376 2327 S.
390 2292 460 2330 über
472 2299 528 2329 den
539 2298 756 2341 Antagonismus
773 2303 821 2333 der
835 2304 933 2338 Reize,
953 2303 981 2333 S.
996 2311 1055 2342 129.
