1477 2176
256 459 308 486 voll
324 454 566 490 unausſprechlicher
583 453 677 480 Freude
694 459 771 478 traten
786 452 826 475 wir
839 458 883 475 vor
896 451 942 475 den

255 518 324 545 Altar
339 514 400 541 hin;
421 512 460 538 die
476 512 557 538 Sonne
574 511 726 540 beleuchtete
738 509 784 535 mit
797 510 852 533 dem
864 509 944 533 reine-

255 579 306 606 ſten
329 577 409 603 Glanz
427 577 475 603 den
502 573 606 608 heiligen
626 572 693 602 Ort,
722 571 789 604 jedes
809 568 946 604 Geſchöpfe

256 636 335 665 ſchien
353 636 382 662 da
403 631 466 671 ſein
488 633 537 670 Lob
544 634 601 659 dem
626 633 702 657 Herrn
723 639 753 656 zu
773 631 877 663 opfern;
906 628 946 654 die

255 698 357 723 Blumen
376 696 465 721 umher
486 693 615 723 erfülleten
636 693 676 716 die
695 691 757 715 Luft
767 692 814 715 mit
823 692 871 715 den
884 691 948 715 lieb-

257 751 357 775 lichſten
378 748 523 774 Gerüchen,
551 738 611 769 und
623 745 661 769 die
674 744 762 768 Baume
775 743 878 766 ſtreuten
898 753 948 765 von

259 814 316 837 dem
324 803 525 843 mannigfaltigen
536 806 643 832 Schmuk
656 807 721 831 ihrer
728 804 832 831 Blüthen
845 806 891 829 auf
900 804 947 830 den

259 875 329 896 Altar
338 870 401 894 hin:
419 870 468 894 Die
486 866 585 894 kleinen
604 864 750 897 beflügelten
762 862 894 888 Bewohner
905 863 949 889 des

258 929 347 957 Graſes
365 928 475 963 liſpelten
494 928 547 954 ihre
567 927 670 958 Freud',
692 925 743 951 und
754 924 793 949 die
805 924 886 957 Vögel
896 923 950 949 ſan-

260 999 307 1024 gen
326 990 470 1018 unermüdet
487 990 538 1016 von
557 989 604 1016 den
628 987 744 1015 Bàumen.
795 985 834 1012 Da
851 985 950 1011 knieten

262 1054 303 1080 wir
315 1052 373 1080 hin,
400 1048 649 1079 Freuden - Thränen
665 1046 797 1075 entſanken
812 1046 868 1072 dem
880 1044 951 1077 Auge

262 1121 321 1139 zum
339 1110 551 1145 Morgen - Thau
572 1110 618 1135 auf
627 1109 742 1137 Blumen,
770 1109 822 1132 und
831 1106 903 1131 unſer
915 1106 952 1129 in-

263 1170 410 1203 brünſtiges
416 1170 504 1194 Gebet
520 1168 584 1199 ſtieg
598 1173 630 1191 zu
649 1166 706 1190 dem
726 1166 805 1190 Herrn
815 1166 861 1190 der
870 1164 954 1188 Natur

265 1233 361 1256 empor,
378 1224 406 1257 zu
422 1223 496 1251 Gott,
510 1224 554 1248 der
565 1222 643 1247 lauter
650 1220 723 1244 Gnad
735 1219 772 1246 iſt,
789 1219 840 1242 und
854 1218 897 1241 der
910 1225 953 1243 aus

264 1283 346 1315 jedem
359 1278 558 1307 anſcheinendem
571 1277 646 1305 Böſen
660 1276 739 1301 nichts
758 1276 792 1299 als
808 1274 887 1300 Gutes
902 1283 953 1302 em-

267 1355 313 1381 por
326 1346 418 1372 blühen
433 1346 497 1372 läſst.

318 1401 380 1429 Nun
390 1403 443 1428 hub
456 1403 495 1428 ich
509 1409 538 1427 an
550 1400 590 1426 ein
602 1396 698 1427 kleines
711 1398 769 1425 Feld
783 1405 822 1422 am
829 1397 910 1429 Hügel
923 1399 955 1421 zu

269 1464 365 1479 bauen,
388 1462 437 1475 und
452 1444 607 1482 geſammelte
624 1456 726 1472 Saamen
746 1455 770 1471 in
791 1452 829 1469 die
843 1452 955 1470 befruch-

270 1525 343 1552 tende
361 1523 423 1550 Erde
446 1531 478 1549 zu
496 1522 611 1550 ſtreuen,
647 1520 707 1546 oder
725 1516 884 1544 fruchtreiche
905 1517 957 1544 Ge-

272 1586 359 1615 wächſe
371 1593 401 1611 an
411 1585 459 1610 den
465 1584 547 1618 Hügel
566 1592 598 1609 zu
608 1582 778 1616 verpflanzen,
797 1580 836 1606 die
850 1579 887 1605 ich
902 1580 958 1607 weit
