2468 3051
816 563 913 607 nung
928 555 1054 608 dahin;
1080 559 1179 606 Man
1188 559 1274 610 habe
1284 561 1363 610 dieſe
1374 562 1503 612 Sache
1515 564 1611 615 Jhro
1621 564 1861 618 Hochwuͤrden
1869 570 1945 614 dem
1955 570 2050 624 Hrn.
2066 571 2249 621 Superin⸗

820 612 996 652 tendenten
1017 610 1256 661 fuͤrzutragen,
1280 614 1352 656 und
1371 613 1538 660 denſelben
1560 618 1741 665 geziemend
1772 626 1808 666 zu
1837 618 2012 670 erſuchen:
2057 622 2103 667 Er
2125 621 2252 673 moͤchte

815 664 920 709 durch
931 665 980 705 ein
991 662 1095 715 Paar
1104 664 1289 717 Deputirte
1301 667 1417 714 unſers
1430 671 1627 712 Miniſterii
1643 675 1701 719 bey
1721 673 1796 713 dem
1811 675 2015 723 regierenden
2032 676 2126 727 Hrn.
2147 677 2250 721 Bur⸗

819 718 1001 760 germeiſter
1019 716 1202 763 anhalten,
1231 714 1299 762 daß
1322 717 1483 762 Nobiliſſ.
1505 723 1663 763 Senatus
1686 723 1770 771 nach
1791 725 1896 765 denen
1919 727 2052 767 Ferien
2080 727 2146 775 auf
2170 727 2251 776 dieſe

819 768 964 819 Wahl,
994 771 1062 810 und
1074 768 1138 819 auf
1146 770 1318 819 dasjenige
1332 779 1410 816 was
1423 775 1528 823 dabey
1546 771 1801 825 fuͤrgegangen,
1829 785 1941 825 genau
1960 779 2181 832 inquiriren,
2200 785 2251 825 die

818 825 853 856 in
865 825 967 857 denen
981 821 1161 865 Beylagen
1173 819 1374 870 ſpecificirte
1387 824 1456 862 und
1467 821 1499 866 ſo
1511 827 1601 864 dann
1611 832 1649 872 zu
1668 827 1839 869 nennende
1857 825 2034 878 Perſonen
2055 830 2168 878 eidlich
2186 833 2252 873 ab⸗

816 872 919 924 hoͤren
938 893 1055 917 laſſen,
1081 875 1150 913 und
1162 876 1212 912 die
1232 870 1326 916 Acta
1341 875 1473 924 darauf
1488 877 1535 915 ad
1551 877 1772 929 impartiales
1790 880 1981 931 verſchicken
2004 887 2119 932 wolle;
2144 888 2250 931 Weil

818 931 900 961 man
920 932 964 962 an
980 925 1110 969 Seiten
1130 925 1188 966 des
1207 924 1399 968 Miniſterii
1417 926 1475 977 ſich
1488 936 1566 978 zum
1585 929 1766 971 Examine
1787 933 1877 975 eines
1899 930 2021 983 ſolchen
2036 931 2247 986 Candidati,

816 978 952 1022 welcher
973 983 1034 1028 dem
1052 974 1321 1028 glaubwuͤrdigen
1337 979 1479 1028 Bericht
1495 983 1603 1030 nach,
1628 983 1773 1025 nulliter
1794 984 1951 1034 erwaͤhlet
1974 987 2136 1034 worden,
2161 990 2248 1037 nicht

814 1030 980 1076 verſtehen
991 1026 1111 1072 koͤnne;
1157 1025 1307 1076 Zumahl
1320 1034 1364 1070 da
1374 1032 1441 1072 das
1455 1033 1622 1073 Examen
1634 1038 1689 1075 der
1698 1038 1788 1078 alten
1799 1036 2014 1087 Obſervantz
2034 1037 2118 1084 nach
2130 1040 2192 1080 mit
2207 1042 2251 1081 ei⸗

813 1088 872 1120 ner
882 1076 1094 1128 wuͤrcklichen
1113 1080 1313 1132 Reception
1322 1082 1512 1126 verbunden
1522 1084 1594 1135 ſey,
1621 1089 1690 1129 und
1701 1091 1744 1131 da
1756 1088 1806 1130 die
1815 1086 2039 1142 Inquiſition
2049 1088 2132 1142 doch
2149 1091 2249 1143 noth⸗

813 1137 948 1186 wendig
964 1142 1025 1180 vor
1041 1141 1091 1182 der
1100 1139 1325 1183 Ordination
1343 1140 1513 1191 geſchehen
1524 1142 1642 1196 muͤſſe.

916 1191 1031 1240 Solte
1044 1201 1127 1235 man
1133 1194 1235 1247 wider
1253 1192 1351 1249 alles
1343 1197 1564 1245 Vermuthen
1577 1203 1639 1242 mit
1654 1199 1773 1250 ſolcher
1783 1204 1885 1249 Bitte
1900 1203 1970 1248 kein
1988 1205 2109 1255 Gehoͤr
2121 1205 2249 1256 finden,

811 1244 845 1293 ſo
860 1250 944 1287 wird
963 1253 1072 1285 weiter
1089 1256 1127 1291 zu
1145 1244 1318 1293 uͤberlegen
1341 1249 1439 1296 ſeyn,
1463 1256 1542 1292 was
1559 1251 1620 1299 bey
1631 1255 1728 1299 dieſer
1740 1253 1869 1303 Sache
1880 1266 1920 1303 zu
1937 1257 2023 1302 thun
2034 1255 2103 1301 ſey;
2130 1258 2249 1303 wobey

811 1303 859 1345 ich
872 1303 920 1338 die
931 1298 1094 1337 membra
1110 1293 1301 1340 reverendi
1314 1301 1516 1346 Miniſterii
1527 1302 1691 1354 dienſtlich
1704 1305 1845 1356 erſuche,
1871 1316 1970 1351 wenn
1980 1309 2020 1355 ſie
2035 1311 2132 1357 dieſer
2144 1313 2249 1357 Mey⸗

807 1361 904 1397 nung
919 1352 1131 1400 beyſtimmen
1152 1354 1280 1400 ſolten,
1309 1356 1430 1404 ſolches
1445 1358 1545 1408 durch
1558 1359 1853 1413 Unterſchreibung
1872 1361 1955 1413 ihrer
1970 1362 2116 1411 Namen
2139 1373 2176 1416 zu
2193 1370 2247 1404 at-

805 1408 960 1457 teſtiren,
986 1410 1093 1451 damit
1106 1418 1190 1453 man
1201 1409 1380 1463 ordentlich
1393 1413 1497 1464 hierin
1508 1405 1685 1465 verfahren
1699 1413 1815 1461 koͤnne.

1791 1496 1859 1553 S.
1873 1497 2064 1557 Tappen,
2082 1498 2246 1546 Senior.

905 1569 1088 1616 Nachdem
1101 1574 1171 1610 von
1187 1569 1263 1610 dem
1281 1569 1377 1620 Hrn.
1392 1571 1550 1613 Seniore
1569 1576 1603 1616 in
1615 1575 1672 1617 der
1679 1573 1838 1627 Beylage
1853 1576 2118 1630 gegenwaͤrtiger
2127 1581 2245 1623 Miſſi-

805 1629 853 1656 ve
868 1619 899 1665 ſo
913 1622 1166 1667 handgreifliche
1178 1621 1312 1660 indicia
1341 1623 1543 1678 beygebracht
1576 1628 1704 1675 worden,
1719 1622 1838 1675 welche
1852 1627 2019 1677 gnugſam
2028 1620 2071 1672 an
2083 1632 2144 1672 den
2157 1630 2243 1680 Tag

803 1679 909 1719 legen,
937 1676 1003 1721 daß
1014 1678 1092 1715 viele
1103 1674 1437 1728 unverantwortliche
1449 1678 1612 1728 Suͤnden
1626 1684 1684 1729 bey
1695 1685 1749 1724 der
1762 1682 2027 1738 quæſtionirten
2044 1688 2164 1733 Wahl
2175 1695 2242 1729 von

802 1726 1083 1773 unterſchiedenen
1099 1729 1273 1778 Perſonen
1297 1729 1472 1779 begangen
1498 1735 1658 1780 worden;
1693 1735 1765 1781 So
1786 1737 1914 1786 ſtimme
1930 1737 2036 1788 deſſen
2056 1740 2241 1788 Meynung

803 1784 906 1821 hierin
920 1787 991 1819 bey,
1018 1781 1084 1822 daß
1095 1786 1173 1819 rev.
1186 1781 1439 1820 Miniſterium
1450 1783 1529 1828 dieſe
1544 1782 1674 1829 Sache
1690 1785 1904 1836 ampliſſimo
1922 1784 2061 1827 ſenatui
2078 1797 2133 1837 zur
2143 1786 2240 1831 recht⸗

801 1837 902 1867 lichen
919 1834 1167 1872 Unterſuchung
1179 1833 1425 1875 denunciire,
1458 1838 1530 1868 und
1547 1843 1662 1878 wegen
1679 1839 1736 1872 des
1753 1835 1944 1873 Examinis
1960 1835 2022 1885 ſich
2041 1840 2106 1879 das
2129 1835 2240 1879 Recht

800 1888 1014 1920 vorbehalte,
1030 1888 1169 1922 welches
1187 1890 1223 1916 es
1238 1893 1305 1916 von
1322 1893 1413 1920 200.
1429 1887 1571 1929 Jahren
1591 1887 1677 1930 her,
1706 1889 1791 1933 ohne
1807 1886 2053 1937 Widerſpruch
2070 1882 2240 1927 exerciret

799 1947 873 2000 hat.
925 1940 1143 2001 Hildesheim
1155 1952 1222 1995 den
1240 1962 1302 2003 17.
1320 1951 1417 1998 Dec.
1435 1961 1553 2003 1742.

1602 2022 1665 2064 M.
1680 2018 1865 2078 Ludolph
1887 2021 2032 2072 Anton
2052 2019 2235 2082 Hanſen.

802 2097 879 2134 NB.
902 2098 1033 2144 Hiebey
1050 2099 1088 2142 iſt
1102 2107 1141 2142 zu
1157 2100 1307 2144 melden,
1330 2101 1394 2140 wie
1413 2101 1470 2142 der
1483 2100 1554 2150 Hr.
1567 2101 1622 2140 M.
1632 2102 1780 2151 Hanſen
1790 2101 1960 2150 muͤndlich
1969 2111 2071 2152 gegen
2083 2107 2167 2155 mich
2181 2108 2237 2149 be⸗

910 2160 1031 2191 zeuget,
1060 2157 1126 2197 daß
1138 2162 1170 2187 er
1182 2156 1374 2200 allenfalls,
1401 2158 1473 2197 und
1489 2162 1597 2197 wann
1609 2160 1711 2197 wider
1722 2151 1917 2206 Verhoffen
1930 2157 2041 2201 unſere
2052 2159 2152 2205 Bitte
2164 2161 2235 2204 kein

911 2201 1031 2246 Gehoͤr
1046 2206 1159 2250 finden
1172 2208 1281 2253 ſollte,
1304 2209 1339 2246 in
1350 2208 1402 2247 die
1411 2205 1652 2259 Appellation
1666 2207 1713 2249 ad
1727 2201 1901 2253 Cæſarem
1918 2212 2075 2262 willige;
2094 2212 2234 2265 Jnglei⸗

909 2252 1003 2295 chen,
1031 2256 1098 2298 daß
1114 2260 1161 2301 ich
1175 2261 1341 2304 nachhero
1353 2258 1489 2305 Urſache
1507 2257 1674 2308 gefunden
1691 2270 1798 2305 meine
1807 2261 1953 2304 Miſſive
1972 2274 2017 2309 an
2029 2269 2080 2308 die
2092 2266 2247 2309 uͤbrigen

909 2304 1082 2339 Membra
1082 2310 1146 2349 des
1161 2312 1357 2340 Miniſterii
1374 2316 1409 2343 in
1420 2316 1530 2343 etwas
1543 2320 1579 2351 zu
1589 2311 1788 2352 veraͤndern,
1815 2313 1884 2347 und
1899 2310 2036 2356 alſofort
2050 2311 2100 2356 ihr
2110 2304 2232 2358 ſchrift⸗

908 2363 1007 2414 liches
1018 2363 1158 2402 Votum
1167 2374 1281 2414 wegen
1295 2369 1351 2410 der
1365 2368 1605 2423 Appellation
1618 2379 1664 2415 an
1680 2370 1740 2417 den
1748 2369 1926 2434 Kayſer
1889 2372 1925 2433 zu
1936 2376 2129 2422 verlangen.
