1486 2233
151 448 223 497 ſehr
251 442 451 496 unglaͤubig,
484 448 555 487 und
589 443 836 492 behaupteten,
873 445 939 492 daß
974 448 1063 487 der”

150 495 279 538 Comet
297 492 370 532 dem
387 494 515 541 Herrn
528 491 668 541 Caßini
688 494 883 537 entwiſchen
902 488 1062 532 wuͤrde.”

151 547 229 590 Sie
240 544 370 585 blieben
382 542 552 592 beſtaͤndig
563 543 615 584 bis
626 543 691 588 auf
702 544 750 583 die
764 543 848 586 letzte
859 542 1064 585 Stunde.”

150 595 219 636 Als
238 593 277 638 ſie
293 594 374 633 aber
403 591 535 639 ſahen/
550 592 616 636 daß
633 591 689 638 ſich
713 592 771 631 der
795 590 922 632 Comet
948 594 1062 632 voll⸗”

150 642 307 683 kommen
327 640 439 689 ergab,
455 642 525 682 und
544 641 626 688 nach
645 642 699 679 der
719 640 840 684 vorher
858 643 1062 686 gezeigten”

150 694 224 734 Art
239 689 355 739 zuruͤck
374 690 450 738 lief:
490 692 521 738 ſo
549 689 760 736 ſchwenckten
780 692 837 737 ſich
866 682 959 734 dieſe
983 678 1065 733 Un⸗”

150 739 348 787 glaͤubigen,
360 740 421 779 wie
431 741 487 778 der
495 737 635 783 Comet,
647 737 716 777 und
730 736 879 777 lenckten
892 737 956 779 um
956 737 1066 778 mit”

151 800 261 849 ihrem
274 792 464 848 Urtheil.”
494 802 550 846 (*)

250 892 378 939 Dieſer
400 887 624 940 regelmaͤßige
643 889 732 933 Lauf
745 892 799 931 der
818 890 989 933 Cometen
1013 896 1063 930 er⸗

152 919 272 973 laubet
288 936 359 971 uns
375 933 465 976 nicht
482 931 580 976 mehr
598 929 638 975 ſie
652 929 709 971 als
723 929 914 973 Verboten
937 928 1065 973 einiger

153 988 453 1040 Begebenheiten,
478 991 556 1031 oder
575 988 726 1036 Fackeln,
754 989 871 1036 welche
890 992 947 1030 der
966 987 1063 1031 Erde

151 1049 230 1088 zum
245 1039 440 1090 Schrecken
467 1038 679 1091 angezuͤndet
697 1042 844 1082 worden,
860 1036 1062 1083 anzuſehen.

151 1088 247 1131 Aber
276 1089 339 1128 wie
362 1086 435 1127 eine
461 1077 741 1128 vollkommenere
765 1075 978 1133 Erkentniß,
1005 1083 1064 1126 als

152 1143 274 1191 uͤnſere
287 1141 500 1192 Vorfahren
523 1140 648 1189 gehabt
671 1140 801 1187 haben,
821 1143 890 1181 uns
917 1140 1065 1183 hindert,

152 1194 205 1238 die
222 1192 393 1240 Cometen
392 1183 464 1242 fuͤr
474 1187 759 1238 uͤbernatuͤrliche
770 1191 1064 1235 Schreck⸗Bilder

150 1242 365 1292 anzuſehen:
378 1238 418 1296 ſo
444 1242 552 1290 lehret
562 1245 632 1285 uns
643 1245 724 1284 eben
734 1242 813 1284 dieſe
826 1241 987 1284 Einſicht,
997 1241 1065 1286 daß

151 1295 196 1344 ſie
223 1291 413 1344 natuͤrliche
441 1291 610 1341 Urſachen
637 1289 762 1345 groſſer
799 1291 1065 1341 Welt⸗Bege⸗

150 1347 330 1398 benheiten
346 1350 422 1401 ſeyn
434 1346 589 1392 koͤnnen.

256 1442 339 1493 Faſt
355 1442 420 1484 alle
440 1429 624 1487 Cometen,
648 1446 716 1478 von
736 1438 881 1487 welchen
900 1445 985 1477 man
1011 1444 1063 1486 ge⸗

154 1502 246 1536 naue
266 1489 564 1540 Beobachtungen
580 1490 655 1534 hat,
675 1490 745 1535 ſind
758 1495 815 1532 der
832 1491 969 1533 Sonne
996 1491 1063 1532 viel

149 1544 272 1589 naͤher,
291 1541 348 1586 als
364 1543 414 1585 die
430 1541 526 1587 Erde
543 1541 750 1593 gekommen,
762 1541 873 1581 indem
895 1539 934 1584 ſie
954 1539 1012 1586 ſich
1027 1551 1064 1582 in

152 1595 260 1643 dieſen
273 1590 659 1643 Himmels⸗Gegenden
675 1591 853 1635 befunden.
904 1591 985 1638 Faſt
998 1595 1062 1633 alle

150 1646 226 1694 ſind
237 1646 338 1693 durch
348 1637 658 1693 dieLauf⸗Bahnen
670 1644 729 1684 des
760 1640 950 1686 Saturnus,
965 1639 1064 1689 Jupi⸗

151 1699 238 1740 ters,
254 1696 314 1737 des
328 1695 443 1736 Mars
453 1695 523 1735 und
543 1695 600 1734 der
611 1692 706 1737 Erde
716 1698 908 1739 gegangen.
960 1692 1066 1740 Nach

150 1746 217 1784 des
227 1743 357 1791 Herrn
370 1741 511 1793 Halley
524 1739 789 1785 Ausrechnung,
806 1735 875 1788 (**)
893 1740 991 1785 gieng
1010 1739 1067 1782 der

150 1793 297 1833 Comet
298 1792 501 1831 1680 den
515 1797 620 1832 11ten
631 1782 837 1832 November
843 1782 885 1832 ſo
895 1781 988 1832 nahe
1005 1790 1068 1837 bey

504 1847 574 1889 B
614 1855 633 1889 3

1010 1844 1068 1886 der

151 1919 209 1966 (*)
230 1917 361 1951 Hiſt.de
370 1915 564 1949 l'Academie
575 1914 612 1945 de
640 1921 714 1953 1712.
726 1914 824 1959 Eloge
836 1912 937 1948 deMr.
948 1914 1070 1953 Caſſini,

260 1967 315 1998 par
334 1958 397 1992 Mr.
414 1955 451 1989 de
463 1956 660 1989 Fontenelle.

151 2010 223 2055 (**)
236 2004 419 2043 Transact.
431 2005 541 2048 philoſ.
566 2012 618 2038 no.
634 2011 708 2046 297.
