1753 2484
671 411 842 458 arbeitſam,
867 416 966 462 fremd
989 413 1085 465 Guth
1096 420 1176 456 wird
1199 429 1231 455 er
1250 414 1405 468 genieſſen,
1426 419 1580 468 Schande

670 469 732 498 und
755 463 849 508 Laſter
866 463 941 509 muß
959 475 990 501 er
1010 465 1113 508 leiden,
1130 476 1166 510 er
1183 458 1315 513 verſucht
1333 471 1392 506 viel
1403 469 1514 517 Krieg,
1531 474 1580 508 der

668 515 856 567 vierfuͤßigen
875 518 986 561 Thiere
1012 520 1088 567 muß
1101 533 1132 559 er
1144 520 1259 570 Sorge
1268 522 1384 571 haben,
1400 529 1460 564 viel
1479 518 1583 568 Trau⸗

667 573 779 620 rigkeit
806 580 862 613 und
883 566 993 626 Elends
1007 576 1085 625 muß
1102 588 1136 616 er
1151 579 1256 623 leiden,
1279 587 1342 617 von
1360 583 1434 624 drey
1454 582 1583 627 Frauen

668 627 745 663 wird
767 638 797 664 er
813 626 940 671 Toͤchter
959 629 1068 675 haben,
1083 631 1116 667 in
1139 634 1190 668 der
1210 631 1303 679 erſten
1322 633 1391 680 Zeit
1412 633 1502 681 ſeiner
1516 636 1583 683 Ju⸗

667 680 744 727 gend
763 676 840 717 wird
857 692 888 719 er
913 683 972 720 viel
990 686 1146 729 wandern,
1164 686 1209 721 im
1230 695 1290 731 15.
1304 685 1402 734 Jahre
1414 689 1491 726 wird
1513 689 1580 737 ihm

667 735 727 771 viel
746 730 935 783 Reichthum
963 735 1114 783 gegeben,
1132 747 1163 775 er
1184 740 1263 778 wird
1287 740 1502 790 mannhaftig,
1523 743 1583 779 mit

665 786 762 820 einem
796 785 950 834 ehrſamen
964 777 1138 832 Menſchen
1160 791 1238 827 wird
1267 799 1300 826 er
1332 792 1496 835 wandeln,
1522 791 1582 833 viel

665 836 798 882 Aufſatz,
819 838 998 883 Hinterrede
1013 843 1073 876 und
1086 834 1140 886 Liſt
1153 842 1230 878 wird
1248 852 1279 878 er
1298 831 1390 891 wider
1404 844 1459 889 ſich
1472 843 1583 893 haben,

664 893 757 939 durch
777 895 905 933 Weiber
926 893 1002 935 wird
1020 908 1052 934 er
1075 896 1173 943 reich,
1192 893 1238 945 im
1243 900 1369 948 Waſſer
1384 904 1462 940 wird
1486 915 1517 940 er
1534 905 1581 941 be⸗

666 943 770 991 truͤbt,
794 957 854 985 von
875 952 925 986 der
946 948 1038 998 Hoͤhe
1055 950 1123 999 faͤllt
1138 962 1180 996 er,
1198 954 1229 1002 in
1253 954 1331 992 allen
1348 955 1480 1004 Dingen
1494 957 1583 996 bleibt

666 1012 697 1039 er
718 1000 818 1050 ſtarck,
838 1004 881 1039 im
900 1008 934 1046 8.
947 1003 1053 1051 Jahre
1067 1008 1144 1043 wird
1155 1018 1187 1045 er
1208 1018 1249 1045 an
1263 1013 1313 1048 der
1335 1004 1445 1057 Bruſt,
1460 1005 1528 1053 oder
1530 1020 1583 1049 am

663 1051 790 1099 Hertzen
810 1051 1011 1101 Schmertzen
1032 1056 1135 1100 leiden,
1156 1065 1217 1093 von
1230 1059 1299 1094 dem
1313 1054 1371 1105 26.
1383 1054 1468 1107 Jahre
1493 1061 1584 1101 bleibt

664 1114 696 1140 er
721 1105 800 1145 nicht
819 1105 929 1150 keuſch,
950 1116 982 1141 er
1004 1106 1081 1145 lebet
1101 1103 1187 1152 100.
1199 1109 1316 1154 Jahre,
1334 1121 1366 1147 1.
1380 1108 1513 1157 Monat,
1526 1122 1584 1157 15.

663 1156 763 1201 Tage,
779 1167 811 1200 3.
813 1149 1109 1204 Stunden,
992 1149 1043 1207 an
1050 1153 1109 1204 dem
1115 1154 1288 1207 Dienſtage
1299 1162 1351 1207 ſoll
1365 1174 1396 1202 er
1411 1163 1473 1213 ſein
1473 1164 1583 1214 Haupt

659 1208 747 1241 nicht
765 1206 909 1244 waſchen,
923 1205 999 1244 auch
1011 1204 1075 1240 kein
1095 1211 1188 1241 neues
1201 1196 1293 1243 Kleid
1313 1208 1450 1256 anlegen.

716 1258 843 1304 Welche
870 1257 998 1307 Tochter
1019 1263 1052 1298 in
1073 1265 1138 1300 dem
1169 1253 1395 1316 Chriſtmonate
1420 1262 1581 1316 gebohren,

660 1317 708 1355 die
732 1314 859 1364 ſchaͤmet
879 1320 940 1356 und
961 1316 1089 1368 fuͤrchtet
1100 1318 1161 1368 ſich
1184 1329 1234 1371 gar
1249 1313 1353 1373 leicht,
1372 1320 1437 1370 ihre
1460 1323 1581 1366 Kinder

662 1372 740 1410 wird
763 1369 829 1425 ſie
844 1371 1011 1421 uͤberleben,
1038 1384 1099 1412 von
1123 1374 1296 1424 Maͤnnern
1322 1380 1400 1429 wird
1432 1380 1482 1426 ſie
1496 1379 1583 1419 uͤber⸗

661 1425 804 1466 wunden,
824 1423 857 1460 in
884 1423 964 1465 ihrer
988 1423 1082 1472 erſten
1101 1424 1234 1474 Jugend
1253 1429 1331 1467 wird
1353 1419 1391 1474 ſie
1407 1422 1473 1478 viel
1494 1431 1581 1473 Elend

659 1477 833 1519 verſuchen,
857 1471 908 1520 ſie
919 1478 997 1515 wird
1020 1479 1160 1526 bemuͤhet
1185 1489 1239 1518 um
1263 1483 1315 1520 der
1337 1470 1447 1523 Arbeit
1465 1483 1580 1528 willen,

661 1536 693 1571 in
715 1538 782 1572 dem
805 1544 863 1579 33.
883 1534 989 1583 Jahre
1011 1540 1091 1577 wird
1110 1540 1158 1588 ihr
1180 1539 1368 1590 Reichthum
1382 1542 1526 1588 gegeben,
1545 1545 1580 1581 in

659 1585 728 1617 dem
747 1590 810 1628 11.
785 1586 917 1628 Jahre
936 1586 1015 1620 wird
1032 1584 1077 1628 ſie
1096 1584 1175 1632 ihrer
1202 1584 1343 1634 Freunde
1358 1577 1459 1635 Guth
1478 1590 1579 1635 erben,

656 1637 698 1683 ſie
721 1637 799 1675 wird
820 1638 878 1681 ſich
893 1639 977 1683 ihres
992 1639 1140 1679 Mannes
1157 1644 1282 1686 freuen,
1301 1644 1340 1687 ſie
1352 1647 1430 1682 wird
1449 1644 1513 1693 ſehr
1533 1646 1577 1685 be⸗

659 1688 744 1729 truͤbt
778 1686 815 1737 in
815 1693 882 1727 dem
901 1691 1039 1737 Waſſer,
1058 1694 1098 1738 ſie
1124 1695 1194 1739 faͤllt
1220 1705 1283 1733 von
1302 1698 1354 1733 der
1381 1694 1491 1746 Hoͤhe,
1513 1702 1579 1738 und

661 1751 716 1778 um
739 1740 818 1789 ihrer
836 1740 975 1789 Freunde
997 1744 1097 1783 willen
1114 1746 1194 1783 wird
1215 1745 1254 1790 ſie
1275 1746 1368 1797 groſſe
1387 1748 1580 1791 Widerwaͤr⸗

659 1794 758 1840 tigkeit
779 1796 882 1839 leiden,
907 1796 938 1832 in
956 1799 1024 1834 dem
1049 1801 1106 1844 38.
1123 1795 1226 1844 Jahre
1238 1798 1353 1839 kommt
1373 1801 1412 1848 ſie
1437 1812 1473 1850 zu
1496 1803 1578 1851 ihrer

658 1851 758 1895 beſten
781 1851 859 1899 Zeit,
870 1855 932 1891 und
950 1853 986 1899 ſie
1001 1856 1079 1893 wird
1092 1852 1222 1902 erhaben
1242 1866 1294 1904 zur
1314 1859 1521 1909 Wuͤrdigkeit,
1542 1863 1577 1898 in

658 1906 727 1936 dem
749 1910 804 1937 21.
819 1902 913 1949 Jahre
942 1904 1019 1941 wird
1039 1904 1077 1951 ſie
1097 1904 1177 1948 nicht
1195 1902 1374 1956 heyrathen,
1398 1909 1431 1945 in
1437 1897 1520 1946 dem
1542 1919 1576 1956 5.

659 1958 764 2010 Jahre
782 1965 858 1999 wird
860 1957 922 2016 ſie
918 1963 1138 2012 Hunds⸗Biſſe
1148 1964 1252 2010 leiden,
1264 1969 1296 2005 in
1316 1972 1382 2006 dem
1409 1980 1465 2016 17.
1482 1968 1576 2018 Jahre

659 2016 738 2049 wird
757 2010 795 2057 ſie
807 2011 1011 2061 Schmertzen
1025 2018 1075 2054 der
1088 2016 1200 2063 Augen
1215 2013 1324 2065 haben,
1345 2019 1384 2063 ſie
1401 2020 1476 2058 lebet
1493 2028 1576 2059 100.

658 2062 760 2113 Jahr,
781 2063 817 2110 ſie
833 2065 917 2104 bittet
928 2066 1079 2115 Gott,
1025 2065 1089 2117 und
1111 2055 1296 2112 uͤberwindet
1308 2073 1365 2111 alle
1376 2070 1500 2117 Dinge.
