<?xml version="1.0" encoding="utf-8"?>
<PcGts xmlns="http://schema.primaresearch.org/PAGE/gts/pagecontent/2019-07-15" xmlns:xsi="http://www.w3.org/2001/XMLSchema-instance" pcGtsId="PAGE_01" xsi:schemaLocation="http://schema.primaresearch.org/PAGE/gts/pagecontent/2019-07-15 http://schema.primaresearch.org/PAGE/gts/pagecontent/2019-07-15/pagecontent.xsd">
  <Metadata>
    <Creator>OCR-D DFG Phase III</Creator>
    <Created>2024-01-19T13:09:17Z</Created>
    <LastChange>2024-01-19T13:09:17Z</LastChange>
    <Comments>ODEM: OCR-D extension for mass digitization (2021-2024)</Comments>
  </Metadata>
  <Page imageFilename="https://opendata.uni-halle.de/retrieve/d2341b63-eda4-48ff-b24d-b22095bf7f97/00001000.jpg" imageWidth="2595" imageHeight="2930" type="content" primaryLanguage="German">
    <Border>
      <Coords points="312,326 312,2746 2452,2755 2456,388"/>
    </Border>
    <ReadingOrder>
      <OrderedGroup id="ro_1679306877552" caption="Regions reading order">
        <RegionRefIndexed index="0" regionRef="TextRegion_1679299658191_2270"/>
      </OrderedGroup>
    </ReadingOrder>
    <TextRegion orientation="-1.5957817" readingDirection="left-to-right" id="TextRegion_1679299658191_2270" custom="readingOrder {index:0;}">
      <Coords points="824,601 2259,601 2259,2355 2215,2410 823,2410 824,2355"/>
      <TextLine id="region0005_line0001" custom="readingOrder {index:0;}">
        <Coords points="2144,612 2137,619 2107,615 2096,619 2048,622 1991,621 1943,610 1868,608 1836,610 1824,615 1801,617 1760,608 1732,606 1681,606 1637,613 1628,606 1616,606 1604,613 1598,613 1591,606 1583,606 1575,613 1531,610 1510,604 1501,604 1493,608 1432,609 1423,602 1411,601 1395,608 1355,610 1255,601 1243,607 1212,610 1184,609 1179,605 1171,605 1165,610 1136,610 1070,607 1064,602 1053,601 1049,604 1041,601 986,602 936,607 863,605 858,610 857,648 862,652 922,658 940,664 957,661 1002,664 1007,669 1017,671 1047,660 1060,664 1120,661 1160,663 1166,671 1176,671 1182,664 1196,662 1268,665 1274,663 1289,664 1305,658 1321,663 1389,666 1391,670 1400,673 1412,673 1419,667 1431,667 1447,662 1461,668 1471,663 1529,670 1608,668 1619,674 1631,667 1640,671 1648,668 1769,673 1780,683 1792,681 1799,684 1817,685 1822,681 1844,684 1923,687 1954,683 1968,685 1979,678 2014,676 2087,678 2092,683 2101,684 2107,679 2122,679 2129,687 2139,688 2145,680 2258,678 2258,620 2164,619 2153,612"/>
        <Baseline points="857,646 1446,652 1902,675 1992,667 2227,667 2258,662"/>
        <Word id="region0005_line0001_word0000" custom="readingOrder {index:0;}">
          <Coords points="939,653 975,654 976,614 951,613 939,614"/>
          <TextEquiv conf="0.3768599">
            <Unicode>8.</Unicode>
          </TextEquiv>
        </Word>
        <Word id="region0005_line0001_word0001" custom="readingOrder {index:1;}">
          <Coords points="996,655 1183,660 1185,609 1184,609 1179,605 1171,605 1165,610 1136,610 1070,607 1064,602 1053,601 1049,604 1041,601 997,602"/>
          <TextEquiv>
            <Unicode>Hierauf</Unicode>
          </TextEquiv>
        </Word>
        <Word id="region0005_line0001_word0002" custom="readingOrder {index:2;}">
          <Coords points="1251,602 1243,607 1212,610 1193,609 1193,656 1296,659 1296,604 1284,603"/>
          <TextEquiv conf="0.92168474">
            <Unicode>rufft</Unicode>
          </TextEquiv>
        </Word>
        <Word id="region0005_line0001_word0003" custom="readingOrder {index:3;}">
          <Coords points="1306,611 1376,613 1375,655 1305,653"/>
          <TextEquiv conf="0.9318598">
            <Unicode>der</Unicode>
          </TextEquiv>
        </Word>
        <Word id="region0005_line0001_word0004" custom="readingOrder {index:4;}">
          <Coords points="1470,610 1392,608 1385,608 1384,665 1389,666 1389,667 1418,667 1419,667 1431,667 1447,662 1461,668 1468,664"/>
          <TextEquiv conf="0.89737487">
            <Unicode>Hr.</Unicode>
          </TextEquiv>
        </Word>
        <Word id="region0005_line0001_word0005" custom="readingOrder {index:5;}">
          <Coords points="1482,609 1480,664 1529,670 1608,668 1617,673 1621,673 1631,667 1640,671 1648,668 1769,673 1774,677 1866,680 1868,620 1605,613 1604,613 1598,613 1597,612 1576,612 1575,613 1541,611"/>
          <TextEquiv conf="0.72648424">
            <Unicode>Gerichts⸗Voigt:</Unicode>
          </TextEquiv>
        </Word>
        <Word id="region0005_line0001_word0006" custom="readingOrder {index:6;}">
          <Coords points="1881,619 1954,622 1952,680 1879,678"/>
          <TextEquiv conf="0.90485245">
            <Unicode>Jſt</Unicode>
          </TextEquiv>
        </Word>
        <Word id="word_1679299782981_2294" custom="readingOrder {index:7;}">
          <Coords points="1963,623 2127,622 2145,623 2152,628 2152,679 2139,688 1961,682"/>
          <TextEquiv>
            <Unicode>jemand/</Unicode>
          </TextEquiv>
        </Word>
        <Word id="region0005_line0001_word0009" custom="readingOrder {index:8;}">
          <Coords points="2249,631 2162,628 2160,679 2247,678"/>
          <TextEquiv conf="0.0">
            <Unicode>der“</Unicode>
          </TextEquiv>
        </Word>
        <TextEquiv>
          <Unicode>8. Hierauf rufft der Hr. Gerichts⸗Voigt: Jſt jemand/ der“</Unicode>
        </TextEquiv>
      </TextLine>
      <TextLine id="region0005_line0002" custom="readingOrder {index:1;}">
        <Coords points="1631,668 1619,675 1608,669 1598,674 1581,674 1500,672 1485,670 1478,664 1470,664 1462,669 1447,663 1428,669 1419,668 1412,674 1393,671 1323,668 1322,664 1312,660 1293,662 1287,667 1274,664 1268,666 1235,665 1223,668 1218,665 1196,663 1189,665 1185,671 1176,672 1142,668 1136,663 1120,662 1114,666 1092,664 1088,666 1066,667 1047,661 1040,663 1036,668 1017,672 1006,669 964,670 958,662 940,665 933,661 887,654 825,651 824,708 825,714 900,716 1017,714 1082,720 1086,717 1178,718 1185,715 1213,719 1234,717 1242,721 1287,722 1302,719 1307,723 1422,724 1437,727 1444,724 1463,725 1464,729 1476,733 1489,730 1490,726 1529,727 1539,722 1560,728 1568,728 1578,722 1606,728 1625,728 1631,725 1654,728 1669,724 1683,715 1715,715 1720,710 1721,682 1716,677 1665,673 1659,669 1640,672"/>
        <Baseline points="824,704 1611,715 1721,703"/>
        <Word id="region0005_line0002_word0000" custom="readingOrder {index:0;}">
          <Coords points="876,665 875,706 1025,710 1025,670 1017,672 1006,669 964,670 961,667"/>
          <TextEquiv conf="0.9155211">
            <Unicode>Titium</Unicode>
          </TextEquiv>
        </Word>
        <Word id="region0005_line0002_word0001" custom="readingOrder {index:1;}">
          <Coords points="1038,666 1037,711 1083,712 1084,667 1071,666 1066,667 1064,666"/>
          <TextEquiv conf="0.9308815">
            <Unicode>in</Unicode>
          </TextEquiv>
        </Word>
        <Word id="region0005_line0002_word0002" custom="readingOrder {index:2;}">
          <Coords points="1096,670 1095,711 1216,714 1217,673 1176,672 1176,672 1176,672"/>
          <TextEquiv conf="0.7219426">
            <Unicode>Mevii</Unicode>
          </TextEquiv>
        </Word>
        <Word id="region0005_line0002_word0003" custom="readingOrder {index:3;}">
          <Coords points="1342,721 1343,671 1232,667 1231,717 1233,717 1234,717 1234,717 1300,719 1302,719 1303,720"/>
          <TextEquiv conf="0.9166521">
            <Unicode>Erbe</Unicode>
          </TextEquiv>
        </Word>
        <Word id="region0005_line0002_word0004" custom="readingOrder {index:4;}">
          <Coords points="1359,672 1358,723 1422,724 1437,727 1444,724 1463,725 1464,729 1476,733 1489,730 1490,726 1529,727 1539,722 1540,722 1541,677 1413,673 1412,674 1408,673"/>
          <TextEquiv conf="0.92637926">
            <Unicode>entſetzen</Unicode>
          </TextEquiv>
        </Word>
        <Word id="region0005_line0002_word0005" custom="readingOrder {index:5;}">
          <Coords points="1658,681 1556,678 1555,726 1570,726 1578,722 1603,727 1623,728 1625,728 1631,725 1654,728 1657,727"/>
          <TextEquiv conf="0.7062834">
            <Unicode>wil?</Unicode>
          </TextEquiv>
        </Word>
        <TextEquiv conf="0.8529433">
          <Unicode>Titium in Mevii Erbe entſetzen wil?</Unicode>
        </TextEquiv>
      </TextLine>
      <TextLine id="region0005_line0003" custom="readingOrder {index:2;}">
        <Coords points="2053,729 2044,732 2040,741 1932,733 1927,730 1896,734 1859,731 1855,728 1842,730 1817,730 1813,727 1786,729 1780,724 1769,723 1761,730 1709,731 1696,729 1685,721 1675,721 1664,728 1654,729 1631,726 1621,730 1599,728 1596,731 1589,723 1578,723 1572,730 1562,730 1539,723 1527,729 1493,730 1476,734 1444,726 1412,728 1309,727 1302,720 1292,720 1286,723 1285,727 1244,726 1239,720 1224,718 1210,725 1206,719 1196,716 1181,717 1168,726 1132,726 1038,716 976,716 940,726 871,726 865,731 865,760 869,765 926,771 929,778 938,780 952,775 1043,779 1071,775 1094,779 1113,775 1165,779 1177,785 1199,777 1214,778 1219,783 1229,784 1241,779 1258,778 1349,782 1376,778 1391,782 1489,784 1542,783 1560,780 1595,787 1611,785 1624,790 1633,784 1643,782 1655,782 1662,788 1672,790 1678,783 1788,788 1872,787 1893,791 1899,787 1915,789 1988,786 2258,794 2258,740 2178,740 2166,736 2152,741 2068,742 2064,731"/>
        <Baseline points="865,756 1049,767 1974,774 2258,783"/>
        <Word id="region0005_line0003_word0000" custom="readingOrder {index:0;}">
          <Coords points="938,727 974,728 973,764 937,763"/>
          <TextEquiv conf="0.9277876">
            <Unicode>9.</Unicode>
          </TextEquiv>
        </Word>
        <Word id="region0005_line0003_word0001" custom="readingOrder {index:1;}">
          <Coords points="1004,760 1156,764 1156,726 1132,726 1038,716 1004,716"/>
          <TextEquiv conf="0.90876794">
            <Unicode>Wann</Unicode>
          </TextEquiv>
        </Word>
        <Word id="region0005_line0003_word0002" custom="readingOrder {index:2;}">
          <Coords points="1189,716 1181,717 1172,722 1171,772 1241,774 1242,724 1239,720 1224,718 1210,725 1206,719 1198,716"/>
          <TextEquiv conf="0.90876794">
            <Unicode>ſich</Unicode>
          </TextEquiv>
        </Word>
        <Word id="region0005_line0003_word0003" custom="readingOrder {index:3;}">
          <Coords points="1256,766 1452,772 1453,728 1444,726 1412,728 1309,727 1302,720 1292,720 1286,723 1285,727 1256,726"/>
          <TextEquiv conf="0.92011887">
            <Unicode>niemand</Unicode>
          </TextEquiv>
        </Word>
        <Word id="word_1679299813484_2300" custom="readingOrder {index:4;}">
          <Coords points="1465,731 1534,725 1546,725 1631,726 1651,728 1650,782 1627,787 1464,782"/>
          <TextEquiv>
            <Unicode>meldet/</Unicode>
          </TextEquiv>
        </Word>
        <Word id="region0005_line0003_word0006" custom="readingOrder {index:5;}">
          <Coords points="1702,732 1664,730 1662,785 1675,785 1678,783 1700,784"/>
          <TextEquiv conf="0.9202698">
            <Unicode>ſo</Unicode>
          </TextEquiv>
        </Word>
        <Word id="region0005_line0003_word0007" custom="readingOrder {index:6;}">
          <Coords points="1720,733 1829,736 1827,783 1718,780"/>
          <TextEquiv conf="0.9249538">
            <Unicode>wird</Unicode>
          </TextEquiv>
        </Word>
        <Word id="region0005_line0003_word0008" custom="readingOrder {index:7;}">
          <Coords points="1846,740 1930,742 1928,787 1844,785"/>
          <TextEquiv conf="0.91503435">
            <Unicode>das</Unicode>
          </TextEquiv>
        </Word>
        <Word id="region0005_line0003_word0009" custom="readingOrder {index:8;}">
          <Coords points="1947,739 2149,745 2147,787 1945,781"/>
          <TextEquiv conf="0.84247404">
            <Unicode>Proclama</Unicode>
          </TextEquiv>
        </Word>
        <Word id="region0005_line0003_word0010" custom="readingOrder {index:9;}">
          <Coords points="2164,750 2247,753 2246,793 2163,790"/>
          <TextEquiv conf="0.93123263">
            <Unicode>von</Unicode>
          </TextEquiv>
        </Word>
        <TextEquiv>
          <Unicode>9. Wann ſich niemand meldet/ ſo wird das Proclama von</Unicode>
        </TextEquiv>
      </TextLine>
      <TextLine id="region0005_line0004" custom="readingOrder {index:3;}">
        <Coords points="2180,791 2164,791 2159,795 2127,796 2087,795 2082,791 2065,794 2055,792 2050,788 1988,787 1926,793 1899,788 1887,793 1849,793 1844,793 1839,787 1827,787 1821,792 1795,793 1784,793 1778,787 1771,786 1764,787 1759,794 1725,794 1677,789 1665,791 1655,783 1633,785 1624,791 1611,786 1579,788 1570,782 1560,781 1543,783 1537,787 1435,789 1427,783 1412,782 1408,789 1393,789 1390,782 1376,779 1368,782 1367,789 1270,784 1237,783 1222,785 1210,779 1199,778 1177,786 1167,782 1131,783 1128,779 1108,776 1095,779 1093,785 1085,777 1071,776 1058,780 1055,785 1034,785 946,780 936,781 887,773 824,771 824,815 825,830 890,832 901,829 930,832 942,829 971,832 977,839 986,840 997,832 1096,832 1280,838 1286,844 1300,844 1340,835 1418,835 1449,836 1468,840 1493,837 1505,842 1535,842 1540,848 1551,850 1562,844 1615,843 1665,838 1686,839 1690,847 1707,849 1713,846 1714,839 1750,838 1819,844 1842,842 1846,846 1864,847 1912,844 1972,847 1988,852 2000,852 2005,849 2027,853 2035,850 2093,846 2185,853 2199,845 2211,846 2219,852 2259,852 2258,799 2205,797 2196,791"/>
        <Baseline points="824,818 2258,841"/>
        <Word id="region0005_line0004_word0000" custom="readingOrder {index:0;}">
          <Coords points="873,813 969,816 969,781 946,780 936,781 887,773 873,772"/>
          <TextEquiv conf="0.9157987">
            <Unicode>dem</Unicode>
          </TextEquiv>
        </Word>
        <Word id="region0005_line0004_word0001" custom="readingOrder {index:1;}">
          <Coords points="980,823 1273,832 1273,784 1270,784 1237,783 1222,785 1210,779 1199,778 1177,786 1167,782 1131,783 1128,779 1108,776 1095,779 1093,785 1085,777 1071,776 1058,780 1055,785 1034,785 980,781"/>
          <TextEquiv conf="0.9142338">
            <Unicode>præſidirenden</Unicode>
          </TextEquiv>
        </Word>
        <Word id="region0005_line0004_word0002" custom="readingOrder {index:2;}">
          <Coords points="1372,780 1368,782 1367,789 1289,785 1289,832 1402,835 1418,835 1449,836 1450,836 1490,837 1493,837 1494,837 1515,838 1515,787 1435,789 1427,783 1412,782 1408,789 1393,789 1390,782 1382,780"/>
          <TextEquiv>
            <Unicode>graduirten</Unicode>
          </TextEquiv>
        </Word>
        <Word id="region0005_line0004_word0003" custom="readingOrder {index:3;}">
          <Coords points="1541,784 1537,787 1530,787 1530,842 1535,842 1536,844 1560,844 1562,844 1614,843 1615,787 1611,786 1579,788 1574,785"/>
          <TextEquiv conf="0.9187524">
            <Unicode>Hr.</Unicode>
          </TextEquiv>
        </Word>
        <Word id="region0005_line0004_word0004" custom="readingOrder {index:4;}">
          <Coords points="1630,789 1629,841 1665,838 1686,839 1688,844 1713,845 1714,839 1750,838 1819,844 1842,842 1846,846 1864,847 1889,845 1891,796 1760,792 1759,794 1725,794 1693,790 1670,790 1665,791 1663,789"/>
          <TextEquiv conf="0.8978872">
            <Unicode>Deputierten</Unicode>
          </TextEquiv>
        </Word>
        <Word id="region0005_line0004_word0005" custom="readingOrder {index:5;}">
          <Coords points="1899,799 1973,801 1972,845 1898,843"/>
          <TextEquiv conf="0.9273009">
            <Unicode>des</Unicode>
          </TextEquiv>
        </Word>
        <Word id="region0005_line0004_word0006" custom="readingOrder {index:6;}">
          <Coords points="2244,806 1982,798 1981,848 2038,849 2093,846 2185,853 2199,845 2211,846 2219,852 2242,852"/>
          <TextEquiv>
            <Unicode>Nieder⸗Ge⸗</Unicode>
          </TextEquiv>
        </Word>
        <TextEquiv>
          <Unicode>dem præſidirenden graduirten Hr. Deputierten des Nieder⸗Ge⸗</Unicode>
        </TextEquiv>
      </TextLine>
      <TextLine id="region0005_line0005" custom="readingOrder {index:4;}">
        <Coords points="2199,846 2181,856 2093,847 2014,854 1973,851 1969,848 1941,850 1940,847 1919,846 1892,851 1849,850 1842,843 1831,843 1824,848 1815,845 1789,847 1781,841 1750,839 1737,847 1694,849 1681,840 1665,839 1651,843 1618,842 1605,846 1562,845 1551,851 1535,846 1504,845 1503,840 1493,838 1484,838 1474,843 1459,843 1455,838 1449,837 1432,836 1419,843 1355,842 1347,837 1340,836 1332,841 1300,845 1176,844 1027,841 1009,839 1005,834 997,833 986,841 977,840 971,833 955,838 954,833 939,830 928,833 924,837 917,837 915,833 901,830 893,836 825,834 824,887 882,891 912,887 928,888 931,893 939,895 949,893 954,887 979,887 991,892 995,889 1159,886 1166,898 1171,899 1181,896 1183,888 1214,889 1226,886 1289,894 1420,897 1423,901 1431,903 1440,901 1443,896 1478,897 1480,901 1489,905 1496,903 1503,896 1545,900 1644,900 1649,905 1684,901 1731,902 1737,910 1743,911 1751,904 1768,906 1770,902 1811,903 1814,909 1819,910 1832,908 1834,903 1876,905 1887,903 1898,907 1902,904 1939,905 1960,901 1976,903 1984,908 1996,906 2027,909 2031,906 2258,912 2258,858 2219,857 2211,847"/>
        <Baseline points="824,876 1232,878 2258,902"/>
        <Word id="region0005_line0005_word0000" custom="readingOrder {index:0;}">
          <Coords points="870,876 1001,880 1002,833 997,833 986,841 977,840 971,833 955,838 954,833 939,830 928,833 924,837 917,837 915,833 901,830 893,836 871,835"/>
          <TextEquiv conf="0.9210041">
            <Unicode>richts</Unicode>
          </TextEquiv>
        </Word>
        <Word id="region0005_line0005_word0001" custom="readingOrder {index:1;}">
          <Coords points="1019,842 1066,843 1066,869 1019,868"/>
          <TextEquiv conf="0.92023116">
            <Unicode>ex</Unicode>
          </TextEquiv>
        </Word>
        <Word id="region0005_line0005_word0002" custom="readingOrder {index:2;}">
          <Coords points="1081,881 1288,886 1289,846 1197,844 1176,844 1081,842"/>
          <TextEquiv conf="0.9014885">
            <Unicode>tempore,</Unicode>
          </TextEquiv>
        </Word>
        <Word id="region0005_line0005_word0003" custom="readingOrder {index:3;}">
          <Coords points="1334,839 1332,841 1313,843 1312,883 1407,885 1408,842 1355,842 1351,839"/>
          <TextEquiv conf="0.9300199">
            <Unicode>oder</Unicode>
          </TextEquiv>
        </Word>
        <Word id="region0005_line0005_word0004" custom="readingOrder {index:4;}">
          <Coords points="1430,837 1428,838 1426,894 1503,896 1503,896 1507,896 1629,900 1631,843 1616,843 1605,846 1562,845 1551,851 1535,846 1504,845 1503,840 1498,839 1483,839 1474,843 1459,843 1455,838 1454,838"/>
          <TextEquiv conf="0.9233335">
            <Unicode>ſtehendes</Unicode>
          </TextEquiv>
        </Word>
        <Word id="word_1679299858466_2315" custom="readingOrder {index:5;}">
          <Coords points="1651,844 1838,843 1842,843 1861,850 1860,904 1833,905 1649,900"/>
          <TextEquiv>
            <Unicode>Fueſſes/</Unicode>
          </TextEquiv>
        </Word>
        <Word id="region0005_line0005_word0007" custom="readingOrder {index:6;}">
          <Coords points="1857,852 1940,854 1939,901 1856,899"/>
          <TextEquiv conf="0.930163">
            <Unicode>mit</Unicode>
          </TextEquiv>
        </Word>
        <Word id="region0005_line0005_word0008" custom="readingOrder {index:7;}">
          <Coords points="2048,904 2049,860 1956,858 1955,901 1960,901 1970,902"/>
          <TextEquiv conf="0.914502">
            <Unicode>dem</Unicode>
          </TextEquiv>
        </Word>
        <Word id="region0005_line0005_word0009" custom="readingOrder {index:8;}">
          <Coords points="2069,849 2066,849 2065,905 2241,910 2242,857 2219,857 2215,853 2187,852 2181,856 2130,850"/>
          <TextEquiv conf="0.92945105">
            <Unicode>Worte:</Unicode>
          </TextEquiv>
        </Word>
        <TextEquiv>
          <Unicode>richts ex tempore, oder ſtehendes Fueſſes/ mit dem Worte:</Unicode>
        </TextEquiv>
      </TextLine>
      <TextLine id="region0005_line0006" custom="readingOrder {index:5;}">
        <Coords points="1960,902 1945,905 1943,909 1898,909 1884,904 1873,909 1853,907 1776,912 1769,911 1768,907 1751,905 1743,912 1686,910 1683,904 1638,908 1632,902 1620,901 1613,906 1520,903 1511,897 1503,897 1496,904 1489,906 1479,901 1432,904 1421,900 1394,901 1387,897 1347,901 1300,899 1292,898 1288,894 1274,894 1270,898 1246,897 1245,890 1241,888 1226,887 1211,897 1183,896 1171,900 1166,899 1159,887 1143,889 1137,895 1101,894 1097,889 1083,888 1071,894 1050,890 1044,894 1012,895 987,895 979,888 954,888 949,894 939,896 931,894 928,889 905,887 882,892 825,891 824,951 920,954 989,949 1018,951 1041,946 1064,948 1072,954 1085,945 1097,949 1161,948 1171,951 1191,947 1201,953 1217,947 1257,951 1286,948 1296,952 1311,950 1330,954 1368,954 1378,951 1397,954 1448,956 1455,953 1591,958 1615,957 1620,954 1668,959 1757,957 1766,949 1772,950 1778,957 1803,958 1822,956 1840,961 1882,961 1894,971 1914,971 1924,963 1937,963 1944,968 1951,969 1968,963 1993,964 2011,960 2036,964 2039,968 2059,973 2076,965 2110,961 2121,966 2134,961 2147,963 2186,960 2191,955 2192,922 2187,917 2121,913 2116,909 2074,913 2051,912 2045,907 2031,907 2027,910 2013,907 2007,911 1981,910 1976,904"/>
        <Baseline points="824,942 1093,937 2087,953 2191,947"/>
        <Word id="word_1679299869963_2321" custom="readingOrder {index:0;}">
          <Coords points="870,891 905,887 979,888 1078,890 1092,891 1091,946 870,936"/>
          <TextEquiv>
            <Unicode>Erkant/</Unicode>
          </TextEquiv>
        </Word>
        <Word id="region0005_line0006_word0002" custom="readingOrder {index:1;}">
          <Coords points="1148,888 1143,889 1137,895 1101,894 1101,894 1100,939 1309,945 1310,899 1300,899 1292,898 1288,894 1274,894 1270,898 1246,897 1245,891 1221,890 1211,897 1183,896 1171,900 1166,899 1160,889"/>
          <TextEquiv conf="0.9181812">
            <Unicode>erlaubet;</Unicode>
          </TextEquiv>
        </Word>
        <Word id="region0005_line0006_word0003" custom="readingOrder {index:2;}">
          <Coords points="1320,902 1403,904 1402,947 1319,945"/>
          <TextEquiv conf="0.9291861">
            <Unicode>und</Unicode>
          </TextEquiv>
        </Word>
        <Word id="region0005_line0006_word0004" custom="readingOrder {index:3;}">
          <Coords points="1510,897 1503,897 1496,904 1489,906 1479,901 1437,903 1436,955 1448,956 1455,953 1509,954"/>
          <TextEquiv conf="0.54882276">
            <Unicode>von</Unicode>
          </TextEquiv>
        </Word>
        <Word id="region0005_line0006_word0005" custom="readingOrder {index:4;}">
          <Coords points="1524,906 1595,908 1594,951 1523,949"/>
          <TextEquiv conf="0.54882276">
            <Unicode>dem</Unicode>
          </TextEquiv>
        </Word>
        <Word id="region0005_line0006_word0006" custom="readingOrder {index:5;}">
          <Coords points="1607,906 1606,950 1760,954 1766,949 1772,950 1776,955 1794,955 1795,911 1792,911 1776,912 1769,911 1769,910 1746,910 1743,912 1686,910 1685,908 1648,907 1638,908 1637,907"/>
          <TextEquiv>
            <Unicode>Actuario</Unicode>
          </TextEquiv>
        </Word>
        <Word id="region0005_line0006_word0007" custom="readingOrder {index:6;}">
          <Coords points="1839,908 1807,910 1805,958 1822,956 1840,961 1882,961 1894,971 1914,971 1924,963 1937,963 1944,968 1951,969 1968,963 1993,964 2011,960 2036,964 2039,968 2059,973 2076,965 2110,961 2121,966 2129,963 2131,916 1873,909 1873,909 1871,909"/>
          <TextEquiv conf="0.9251783">
            <Unicode>ausgefertiget.</Unicode>
          </TextEquiv>
        </Word>
        <TextEquiv>
          <Unicode>Erkant/ erlaubet; und von dem Actuario ausgefertiget.</Unicode>
        </TextEquiv>
      </TextLine>
      <TextLine id="region0005_line0007" custom="readingOrder {index:6;}">
        <Coords points="2219,962 2205,973 2148,970 2145,963 2134,962 2121,967 2111,962 2091,966 2084,965 2065,973 2054,973 2039,969 2036,965 2011,961 1961,966 1951,970 1920,968 1910,972 1891,971 1882,962 1873,962 1869,967 1834,966 1832,960 1821,957 1804,958 1797,964 1776,964 1778,958 1772,951 1764,951 1757,961 1753,958 1743,958 1738,963 1702,959 1690,962 1636,963 1635,958 1631,956 1620,955 1612,962 1565,963 1469,961 1467,956 1455,954 1446,959 1433,956 1428,960 1400,959 1394,953 1378,952 1368,955 1351,954 1346,959 1337,958 1317,956 1311,951 1296,953 1283,949 1251,954 1235,954 1228,949 1216,948 1202,954 1191,948 1181,948 1169,954 1161,949 1151,948 1123,955 1098,954 1096,949 1084,946 1078,952 1069,955 1064,949 1041,947 1028,952 1009,952 988,958 888,958 883,963 882,992 887,997 967,1001 981,1003 986,1007 995,1007 999,1004 1025,1006 1029,1011 1044,1013 1079,1004 1091,1008 1130,1008 1140,1012 1148,1012 1151,1008 1203,1009 1209,1016 1222,1016 1230,1010 1287,1014 1319,1012 1328,1008 1345,1009 1352,1012 1360,1008 1372,1015 1379,1016 1381,1012 1454,1015 1459,1019 1472,1019 1476,1022 1486,1022 1497,1016 1539,1016 1546,1013 1556,1024 1563,1025 1576,1021 1583,1015 1600,1017 1607,1021 1615,1021 1623,1013 1634,1014 1638,1017 1699,1020 1743,1018 1759,1014 1781,1016 1789,1011 1797,1012 1800,1023 1803,1024 1819,1024 1826,1018 1853,1018 1929,1022 1955,1020 1974,1023 1978,1020 2010,1023 2029,1020 2038,1023 2093,1024 2095,1028 2105,1031 2118,1024 2134,1029 2143,1022 2156,1020 2171,1026 2200,1026 2208,1032 2218,1031 2223,1026 2258,1027 2258,973 2242,973 2235,963"/>
        <Baseline points="882,986 1104,997 2258,1016"/>
        <Word id="region0005_line0007_word0000" custom="readingOrder {index:0;}">
          <Coords points="933,958 998,960 997,991 932,989"/>
          <TextEquiv>
            <Unicode>10.</Unicode>
          </TextEquiv>
        </Word>
        <Word id="region0005_line0007_word0001" custom="readingOrder {index:1;}">
          <Coords points="1084,946 1078,952 1069,955 1064,949 1041,947 1032,951 1030,1000 1120,1002 1121,955 1098,954 1096,949 1085,946"/>
          <TextEquiv conf="0.93145144">
            <Unicode>Fuͤr</Unicode>
          </TextEquiv>
        </Word>
        <Word id="region0005_line0007_word0002" custom="readingOrder {index:2;}">
          <Coords points="1149,948 1137,951 1137,1004 1253,1007 1253,953 1251,954 1235,954 1229,950 1211,949 1202,954 1193,949 1178,949 1169,954 1161,949 1155,948"/>
          <TextEquiv conf="0.9229862">
            <Unicode>ſolche</Unicode>
          </TextEquiv>
        </Word>
        <Word id="word_1679299897185_2341" custom="readingOrder {index:3;}">
          <Coords points="1267,952 1275,950 1622,955 1631,956 1647,962 1646,1017 1617,1019 1580,1018 1322,1011 1266,1009"/>
          <TextEquiv>
            <Unicode>Ausfertigunge/</Unicode>
          </TextEquiv>
        </Word>
        <Word id="region0005_line0007_word0005" custom="readingOrder {index:4;}">
          <Coords points="1645,966 1730,968 1729,1012 1644,1010"/>
          <TextEquiv conf="0.92976105">
            <Unicode>und</Unicode>
          </TextEquiv>
        </Word>
        <Word id="region0005_line0007_word0006" custom="readingOrder {index:5;}">
          <Coords points="1762,953 1757,961 1753,958 1745,958 1743,1018 1759,1014 1781,1016 1789,1011 1797,1012 1799,1019 1824,1020 1824,1020 1826,958 1821,957 1804,958 1797,964 1776,964 1778,958 1774,954"/>
          <TextEquiv conf="0.92056227">
            <Unicode>daß</Unicode>
          </TextEquiv>
        </Word>
        <Word id="region0005_line0007_word0007" custom="readingOrder {index:6;}">
          <Coords points="1842,972 1887,973 1886,1015 1841,1014"/>
          <TextEquiv conf="0.92056227">
            <Unicode>es</Unicode>
          </TextEquiv>
        </Word>
        <Word id="region0005_line0007_word0008" custom="readingOrder {index:7;}">
          <Coords points="1905,978 1979,980 1978,1020 1904,1018"/>
          <TextEquiv conf="0.92574203">
            <Unicode>am</Unicode>
          </TextEquiv>
        </Word>
        <Word id="region0005_line0007_word0009" custom="readingOrder {index:8;}">
          <Coords points="1994,971 1993,1021 2010,1023 2029,1020 2038,1023 2093,1024 2095,1028 2105,1031 2118,1024 2134,1029 2143,1022 2156,1020 2171,1026 2200,1026 2208,1032 2218,1031 2223,1026 2241,1027 2243,978 2065,973 2065,973 2054,973 2053,973"/>
          <TextEquiv conf="0.9134418">
            <Unicode>Rathhauſe</Unicode>
          </TextEquiv>
        </Word>
        <TextEquiv>
          <Unicode>10. Fuͤr ſolche Ausfertigunge/ und daß es am Rathhauſe</Unicode>
        </TextEquiv>
      </TextLine>
      <TextLine id="region0005_line0008" custom="readingOrder {index:7;}">
        <Coords points="2156,1021 2143,1023 2134,1030 2116,1027 2104,1032 2094,1028 2064,1027 2059,1023 2041,1026 2035,1022 2021,1021 2011,1025 1998,1026 1964,1025 1955,1021 1944,1020 1938,1024 1891,1025 1887,1020 1874,1019 1869,1024 1815,1026 1800,1024 1797,1013 1789,1012 1781,1017 1747,1017 1740,1023 1639,1021 1634,1015 1623,1014 1615,1022 1607,1022 1583,1016 1576,1022 1563,1026 1555,1025 1546,1014 1538,1017 1536,1021 1497,1017 1480,1023 1458,1019 1386,1019 1372,1016 1360,1009 1353,1012 1352,1017 1345,1010 1328,1009 1315,1016 1256,1014 1222,1017 1189,1013 1140,1013 1130,1009 1123,1013 1093,1013 1092,1009 1079,1005 1070,1012 1056,1010 1044,1014 950,1012 940,1009 932,1001 898,1000 888,1007 825,1010 824,1058 929,1060 937,1070 947,1072 956,1071 966,1063 1057,1067 1061,1073 1067,1074 1075,1072 1080,1067 1133,1065 1241,1069 1263,1066 1271,1074 1284,1079 1294,1078 1302,1071 1322,1071 1328,1077 1339,1078 1347,1071 1398,1072 1405,1082 1424,1085 1433,1082 1440,1073 1502,1073 1603,1076 1609,1081 1618,1081 1626,1077 1637,1076 1697,1077 1707,1078 1715,1086 1725,1086 1731,1078 1736,1079 1742,1085 1753,1085 1759,1078 1810,1080 1820,1090 1838,1090 1851,1081 1887,1082 1899,1090 1914,1091 1931,1082 2011,1081 2016,1089 2028,1092 2040,1082 2083,1082 2130,1087 2137,1093 2150,1094 2159,1087 2258,1085 2258,1030 2222,1029 2208,1033 2202,1030 2173,1029"/>
        <Baseline points="824,1047 1451,1065 2258,1076"/>
        <Word id="word_1679299912669_2347" custom="readingOrder {index:0;}">
          <Coords points="867,1007 896,1000 1082,1005 1109,1013 1108,1065 1088,1066 866,1058"/>
          <TextEquiv>
            <Unicode>affigieret/</Unicode>
          </TextEquiv>
        </Word>
        <Word id="region0005_line0008_word0002" custom="readingOrder {index:1;}">
          <Coords points="1125,1011 1123,1013 1105,1013 1104,1054 1199,1057 1200,1014 1195,1013 1169,1013 1140,1013 1137,1011"/>
          <TextEquiv conf="0.9194698">
            <Unicode>oder</Unicode>
          </TextEquiv>
        </Word>
        <Word id="region0005_line0008_word0003" custom="readingOrder {index:2;}">
          <Coords points="1324,1011 1315,1016 1256,1014 1222,1017 1213,1016 1211,1068 1241,1069 1263,1066 1267,1070 1302,1071 1302,1071 1322,1071 1323,1072 1345,1073 1347,1071 1398,1072 1399,1074 1438,1075 1440,1073 1477,1073 1479,1023 1458,1019 1386,1019 1372,1016 1365,1012 1354,1012 1353,1012 1352,1017 1347,1012"/>
          <TextEquiv conf="0.9268464">
            <Unicode>angehaͤnget</Unicode>
          </TextEquiv>
        </Word>
        <Word id="word_1679299921260_2353" custom="readingOrder {index:3;}">
          <Coords points="1496,1018 1623,1014 1634,1015 1639,1021 1637,1076 1618,1081 1617,1081 1494,1072"/>
          <TextEquiv>
            <Unicode>wird/</Unicode>
          </TextEquiv>
        </Word>
        <Word id="region0005_line0008_word0006" custom="readingOrder {index:4;}">
          <Coords points="1788,1012 1781,1017 1747,1017 1740,1023 1662,1021 1660,1076 1697,1077 1707,1078 1715,1086 1725,1086 1731,1078 1736,1079 1742,1085 1753,1085 1759,1078 1810,1080 1820,1090 1838,1090 1851,1081 1887,1082 1887,1082 1889,1022 1887,1020 1874,1019 1869,1024 1815,1026 1800,1024 1797,1013 1793,1012"/>
          <TextEquiv conf="0.92593837">
            <Unicode>empfaͤnget</Unicode>
          </TextEquiv>
        </Word>
        <Word id="region0005_line0008_word0007" custom="readingOrder {index:5;}">
          <Coords points="2107,1030 2104,1032 2094,1028 2064,1027 2059,1023 2041,1026 2035,1022 2021,1021 2011,1025 1998,1026 1964,1025 1955,1021 1944,1020 1938,1024 1912,1024 1911,1090 1914,1091 1931,1082 2011,1081 2016,1089 2028,1092 2040,1082 2083,1082 2106,1084"/>
          <TextEquiv conf="0.92593837">
            <Unicode>gedachter</Unicode>
          </TextEquiv>
        </Word>
        <Word id="region0005_line0008_word0008" custom="readingOrder {index:6;}">
          <Coords points="2241,1038 2123,1034 2122,1086 2130,1087 2137,1093 2148,1093 2150,1093 2159,1087 2240,1085"/>
          <TextEquiv conf="0.9194527">
            <Unicode>Herr</Unicode>
          </TextEquiv>
        </Word>
        <TextEquiv>
          <Unicode>affigieret/ oder angehaͤnget wird/ empfaͤnget gedachter Herr</Unicode>
        </TextEquiv>
      </TextLine>
      <TextLine id="region0005_line0009" custom="readingOrder {index:8;}">
        <Coords points="1255,1067 1243,1074 1200,1074 1153,1071 1149,1067 1133,1066 1126,1071 1101,1070 1067,1075 1026,1074 1022,1067 1007,1065 1000,1073 939,1072 929,1061 911,1062 906,1067 880,1063 876,1066 863,1066 824,1065 825,1117 1034,1116 1070,1117 1079,1122 1114,1118 1142,1128 1155,1128 1186,1121 1203,1126 1223,1121 1241,1122 1246,1127 1255,1128 1277,1119 1299,1121 1314,1121 1322,1117 1324,1087 1321,1083 1296,1078 1278,1079 1263,1067"/>
        <Baseline points="825,1107 1322,1110"/>
        <Word id="region0005_line0009_word0000" custom="readingOrder {index:0;}">
          <Coords points="868,1067 867,1108 1061,1114 1061,1074 1026,1074 1024,1071 1001,1071 1000,1073 939,1072 936,1069"/>
          <TextEquiv conf="0.8645132">
            <Unicode>Actuarius</Unicode>
          </TextEquiv>
        </Word>
        <Word id="region0005_line0009_word0001" custom="readingOrder {index:1;}">
          <Coords points="1081,1083 1116,1084 1115,1117 1080,1116"/>
          <TextEquiv conf="0.9195238">
            <Unicode>5.</Unicode>
          </TextEquiv>
        </Word>
        <Word id="region0005_line0009_word0002" custom="readingOrder {index:2;} unclear {offset:0; length:2;}">
          <Coords points="1185,1076 1129,1075 1128,1123 1173,1123 1184,1121"/>
          <TextEquiv>
            <Unicode>Ꝿ.</Unicode>
          </TextEquiv>
        </Word>
        <Word id="region0005_line0009_word0003" custom="readingOrder {index:3;}">
          <Coords points="1197,1086 1236,1087 1235,1120 1196,1119"/>
          <TextEquiv conf="0.9181295">
            <Unicode>5.</Unicode>
          </TextEquiv>
        </Word>
        <Word id="region0005_line0009_word0004" custom="readingOrder {index:4;} unclear {offset:0; length:2;}">
          <Coords points="1248,1076 1247,1125 1261,1125 1277,1119 1291,1120 1291,1078 1278,1079 1275,1076"/>
          <TextEquiv>
            <Unicode>Ꞵ.</Unicode>
          </TextEquiv>
        </Word>
        <TextEquiv>
          <Unicode>Actuarius 5. Ꝿ. 5. Ꞵ.</Unicode>
        </TextEquiv>
      </TextLine>
      <TextLine id="region0005_line0010" custom="readingOrder {index:9;}">
        <Coords points="2017,1126 2008,1131 1985,1131 1980,1133 1950,1136 1885,1134 1877,1127 1867,1126 1859,1133 1845,1133 1836,1124 1822,1123 1815,1132 1761,1134 1703,1133 1701,1126 1695,1120 1683,1121 1672,1132 1662,1133 1585,1129 1577,1123 1564,1123 1558,1128 1537,1126 1530,1125 1523,1119 1511,1118 1502,1124 1495,1124 1488,1119 1479,1118 1471,1123 1445,1121 1433,1125 1403,1128 1399,1128 1392,1121 1382,1121 1374,1129 1342,1129 1300,1127 1294,1120 1277,1120 1255,1129 1227,1122 1203,1127 1186,1122 1155,1129 1124,1125 1114,1119 1079,1123 1064,1118 1034,1117 966,1126 862,1126 857,1131 856,1161 861,1166 875,1169 978,1174 983,1178 993,1178 998,1174 1013,1174 1043,1177 1111,1178 1160,1178 1170,1174 1196,1178 1212,1174 1219,1178 1228,1179 1281,1176 1308,1179 1316,1176 1333,1179 1425,1181 1431,1186 1438,1186 1463,1178 1499,1181 1505,1186 1515,1187 1527,1181 1539,1180 1576,1180 1580,1185 1596,1186 1606,1179 1733,1179 1790,1183 1816,1181 1840,1187 1860,1185 1879,1189 1887,1186 1953,1191 1995,1188 2005,1195 2014,1195 2021,1189 2055,1192 2065,1181 2075,1187 2076,1199 2104,1187 2120,1190 2129,1188 2140,1192 2195,1192 2209,1190 2225,1195 2258,1196 2259,1141 2161,1137 2153,1131 2145,1131 2137,1137 2090,1136 2073,1134 2067,1128 2054,1127 2047,1132"/>
        <Baseline points="857,1157 1113,1166 1757,1169 2258,1185"/>
        <Word id="region0005_line0010_word0000" custom="readingOrder {index:0;}">
          <Coords points="929,1156 994,1158 994,1126 971,1125 966,1126 929,1126"/>
          <TextEquiv conf="0.6713188">
            <Unicode>11.</Unicode>
          </TextEquiv>
        </Word>
        <Word id="region0005_line0010_word0001" custom="readingOrder {index:1;}">
          <Coords points="1025,1158 1091,1160 1091,1121 1079,1123 1064,1118 1034,1117 1025,1118"/>
          <TextEquiv conf="0.8731419">
            <Unicode>Es</Unicode>
          </TextEquiv>
        </Word>
        <Word id="region0005_line0010_word0002" custom="readingOrder {index:2;}">
          <Coords points="1103,1160 1213,1163 1214,1124 1203,1127 1186,1122 1155,1129 1124,1125 1114,1119 1103,1120"/>
          <TextEquiv conf="0.8731419">
            <Unicode>lautet</Unicode>
          </TextEquiv>
        </Word>
        <Word id="region0005_line0010_word0003" custom="readingOrder {index:3;}">
          <Coords points="1320,1127 1300,1127 1294,1120 1277,1120 1255,1129 1244,1126 1243,1178 1281,1176 1308,1179 1316,1176 1319,1176"/>
          <TextEquiv conf="0.9279936">
            <Unicode>aber</Unicode>
          </TextEquiv>
        </Word>
        <Word id="region0005_line0010_word0004" custom="readingOrder {index:4;}">
          <Coords points="1379,1123 1374,1129 1356,1129 1355,1167 1420,1169 1421,1126 1403,1128 1399,1128 1395,1124"/>
          <TextEquiv conf="0.92766595">
            <Unicode>ein</Unicode>
          </TextEquiv>
        </Word>
        <Word id="region0005_line0010_word0005" custom="readingOrder {index:5;}">
          <Coords points="1441,1122 1434,1125 1432,1176 1578,1180 1580,1126 1561,1125 1558,1128 1537,1126 1530,1125 1530,1125 1502,1124 1502,1124 1495,1124 1495,1124"/>
          <TextEquiv conf="0.93222326">
            <Unicode>ſolches</Unicode>
          </TextEquiv>
        </Word>
        <Word id="region0005_line0010_word0006" custom="readingOrder {index:6;}">
          <Coords points="1674,1129 1672,1132 1662,1133 1587,1129 1586,1180 1603,1180 1606,1179 1733,1179 1790,1183 1803,1181 1805,1133 1795,1132 1761,1134 1703,1133 1702,1130"/>
          <TextEquiv conf="0.9152823">
            <Unicode>proclama,</Unicode>
          </TextEquiv>
        </Word>
        <Word id="region0005_line0010_word0007" custom="readingOrder {index:7;}">
          <Coords points="1897,1183 1899,1135 1817,1133 1815,1181 1816,1181 1816,1181 1816,1181"/>
          <TextEquiv conf="0.92181516">
            <Unicode>wie</Unicode>
          </TextEquiv>
        </Word>
        <Word id="region0005_line0010_word0008" custom="readingOrder {index:8;}">
          <Coords points="1914,1141 1997,1143 1996,1186 1913,1184"/>
          <TextEquiv conf="0.9274051">
            <Unicode>aus</Unicode>
          </TextEquiv>
        </Word>
        <Word id="region0005_line0010_word0009" custom="readingOrder {index:9;}">
          <Coords points="2238,1145 2005,1138 2004,1194 2005,1195 2014,1195 2021,1189 2055,1192 2065,1181 2075,1187 2075,1198 2077,1198 2104,1187 2120,1190 2129,1188 2140,1192 2195,1192 2209,1190 2225,1195 2237,1195"/>
          <TextEquiv conf="0.9272516">
            <Unicode>folgendem</Unicode>
          </TextEquiv>
        </Word>
        <TextEquiv conf="0.88972396">
          <Unicode>11. Es lautet aber ein ſolches proclama, wie aus folgendem</Unicode>
        </TextEquiv>
      </TextLine>
      <TextLine id="region0005_line0011" custom="readingOrder {index:10;}">
        <Coords points="2065,1182 2058,1187 2055,1196 2014,1196 2005,1196 1995,1189 1986,1189 1979,1193 1916,1193 1897,1187 1887,1187 1878,1191 1831,1187 1816,1182 1807,1182 1800,1186 1751,1186 1748,1181 1733,1180 1717,1180 1712,1183 1710,1189 1699,1190 1613,1187 1604,1181 1596,1187 1541,1184 1515,1188 1505,1187 1498,1183 1478,1184 1474,1180 1463,1179 1453,1185 1438,1187 1391,1183 1362,1184 1353,1181 1335,1182 1327,1177 1316,1177 1305,1182 1299,1181 1294,1177 1281,1177 1275,1182 1272,1179 1257,1178 1249,1182 1220,1181 1215,1176 1206,1175 1191,1180 1182,1175 1170,1175 1147,1181 1114,1181 1101,1178 1096,1181 1046,1182 1033,1182 1031,1177 1026,1175 1013,1175 1009,1176 1007,1183 987,1184 927,1181 894,1173 824,1169 824,1209 825,1225 861,1228 872,1226 911,1229 963,1226 1101,1232 1107,1229 1120,1230 1129,1234 1134,1231 1151,1233 1161,1229 1188,1228 1195,1230 1197,1237 1203,1241 1217,1237 1221,1233 1310,1236 1324,1241 1333,1236 1381,1234 1422,1238 1455,1235 1468,1238 1492,1232 1504,1232 1509,1236 1524,1234 1539,1234 1545,1237 1552,1234 1565,1237 1594,1237 1633,1236 1644,1232 1697,1238 1698,1244 1703,1247 1714,1247 1723,1237 1747,1242 1770,1243 1776,1239 1790,1239 1796,1242 1850,1246 1855,1243 1872,1244 1882,1242 1892,1245 1935,1247 1991,1245 2022,1250 2094,1246 2105,1252 2110,1249 2129,1253 2190,1253 2195,1259 2201,1260 2212,1252 2258,1253 2258,1200 2221,1198 2209,1191 2176,1193 2173,1196 2140,1193 2129,1189 2121,1191 2104,1188 2076,1200 2074,1187"/>
        <Baseline points="824,1214 2258,1240"/>
        <Word id="region0005_line0011_word0000" custom="readingOrder {index:0;}">
          <Coords points="865,1223 1082,1229 1083,1181 1046,1182 1033,1182 1031,1177 1026,1175 1013,1175 1009,1176 1007,1183 987,1184 927,1181 894,1173 866,1171"/>
          <TextEquiv conf="0.7248094">
            <Unicode>Formular,</Unicode>
          </TextEquiv>
        </Word>
        <Word id="region0005_line0011_word0001" custom="readingOrder {index:1;}">
          <Coords points="1267,1179 1257,1178 1249,1182 1220,1181 1215,1176 1206,1175 1191,1180 1182,1175 1170,1175 1147,1181 1114,1181 1105,1179 1104,1230 1105,1230 1107,1229 1120,1230 1121,1231 1155,1232 1161,1229 1188,1228 1195,1230 1196,1233 1220,1234 1221,1233 1265,1234"/>
          <TextEquiv conf="0.93128777">
            <Unicode>welches</Unicode>
          </TextEquiv>
        </Word>
        <Word id="region0005_line0011_word0002" custom="readingOrder {index:2;}">
          <Coords points="1350,1181 1335,1182 1327,1177 1316,1177 1305,1182 1299,1181 1294,1177 1283,1177 1282,1235 1332,1236 1333,1236 1348,1235"/>
          <TextEquiv conf="0.9112091">
            <Unicode>ich</Unicode>
          </TextEquiv>
        </Word>
        <Word id="region0005_line0011_word0003" custom="readingOrder {index:3;}">
          <Coords points="1344,1182 1343,1221 1425,1223 1425,1185 1393,1183 1388,1183 1362,1184 1356,1182"/>
          <TextEquiv conf="0.9112091">
            <Unicode>von</Unicode>
          </TextEquiv>
        </Word>
        <Word id="region0005_line0011_word0004" custom="readingOrder {index:4;}">
          <Coords points="1435,1222 1569,1226 1569,1185 1541,1184 1515,1188 1505,1187 1498,1183 1478,1184 1474,1180 1463,1179 1453,1185 1438,1187 1435,1186"/>
          <TextEquiv conf="0.92613816">
            <Unicode>einem</Unicode>
          </TextEquiv>
        </Word>
        <Word id="word_1679300660696_2390" custom="readingOrder {index:5;}">
          <Coords points="1584,1186 1604,1181 1816,1182 1822,1184 1821,1243 1583,1234"/>
          <TextEquiv>
            <Unicode>Exemplar/</Unicode>
          </TextEquiv>
        </Word>
        <Word id="region0005_line0011_word0007" custom="readingOrder {index:6;}">
          <Coords points="1907,1190 1897,1187 1887,1187 1878,1191 1840,1187 1839,1245 1850,1246 1855,1243 1872,1244 1882,1242 1892,1245 1906,1245"/>
          <TextEquiv conf="0.9322031">
            <Unicode>das</Unicode>
          </TextEquiv>
        </Word>
        <Word id="region0005_line0011_word0008" custom="readingOrder {index:7;}">
          <Coords points="1904,1196 1978,1198 1977,1239 1903,1237"/>
          <TextEquiv conf="0.9117198">
            <Unicode>vor</Unicode>
          </TextEquiv>
        </Word>
        <Word id="region0005_line0011_word0009" custom="readingOrder {index:8;}">
          <Coords points="2064,1182 2058,1187 2055,1196 2014,1196 2005,1196 1995,1189 1986,1189 1986,1241 2081,1243 2081,1197 2076,1200 2074,1187 2066,1182"/>
          <TextEquiv conf="0.9200728">
            <Unicode>dem</Unicode>
          </TextEquiv>
        </Word>
        <Word id="region0005_line0011_word0010" custom="readingOrder {index:9;}">
          <Coords points="2092,1194 2090,1246 2094,1246 2105,1252 2110,1249 2129,1253 2190,1253 2192,1255 2207,1255 2212,1252 2233,1252 2235,1199 2221,1198 2220,1198"/>
          <TextEquiv conf="0.83872885">
            <Unicode>Rath⸗</Unicode>
          </TextEquiv>
        </Word>
        <TextEquiv>
          <Unicode>Formular, welches ich von einem Exemplar/ das vor dem Rath⸗</Unicode>
        </TextEquiv>
      </TextLine>
      <TextLine id="region0005_line0012" custom="readingOrder {index:11;}">
        <Coords points="1644,1233 1633,1237 1618,1236 1612,1243 1575,1242 1556,1235 1545,1238 1539,1235 1524,1235 1515,1240 1509,1239 1504,1233 1492,1233 1471,1241 1446,1236 1439,1242 1421,1243 1404,1242 1398,1235 1381,1235 1374,1237 1369,1241 1318,1242 1308,1239 1304,1242 1279,1241 1249,1239 1245,1235 1234,1235 1228,1239 1215,1238 1203,1242 1196,1237 1195,1231 1174,1229 1161,1230 1148,1236 1140,1237 1128,1237 1120,1231 1107,1230 1095,1237 1026,1238 984,1238 980,1230 970,1227 955,1229 945,1237 938,1237 892,1235 887,1234 883,1228 873,1227 859,1231 825,1229 824,1280 825,1289 858,1290 870,1296 886,1290 927,1290 935,1287 942,1288 947,1294 953,1295 967,1286 983,1290 1041,1290 1050,1282 1060,1287 1060,1295 1065,1299 1078,1295 1081,1291 1101,1291 1102,1294 1113,1297 1124,1291 1147,1290 1151,1295 1173,1297 1181,1290 1198,1293 1227,1290 1245,1292 1255,1299 1266,1297 1276,1299 1285,1290 1306,1295 1363,1295 1364,1300 1374,1304 1383,1301 1385,1296 1417,1295 1427,1295 1433,1304 1443,1304 1450,1297 1507,1296 1521,1303 1528,1300 1529,1296 1539,1296 1541,1300 1552,1304 1566,1294 1580,1297 1595,1295 1616,1299 1643,1296 1672,1300 1759,1302 1761,1307 1771,1311 1787,1310 1798,1302 1829,1301 1839,1303 1845,1309 1862,1302 1876,1311 1891,1305 1915,1303 1925,1308 1974,1308 1976,1313 1981,1316 1995,1315 2003,1309 2040,1310 2052,1307 2066,1307 2089,1317 2103,1310 2117,1311 2134,1308 2155,1312 2165,1310 2186,1313 2258,1314 2258,1256 2212,1253 2201,1261 2150,1258 2130,1257 2122,1250 2110,1250 2105,1253 2097,1248 2088,1246 2048,1247 2010,1253 2006,1253 2002,1247 1986,1246 1976,1248 1972,1253 1957,1253 1927,1251 1921,1247 1907,1246 1903,1250 1894,1250 1893,1246 1882,1243 1872,1245 1854,1244 1848,1251 1831,1250 1816,1249 1812,1243 1795,1243 1790,1240 1776,1240 1764,1247 1739,1247 1737,1241 1723,1238 1714,1248 1703,1248 1660,1245 1659,1237"/>
        <Baseline points="824,1277 1590,1285 2258,1303"/>
        <Word id="region0005_line0012_word0000" custom="readingOrder {index:0;}">
          <Coords points="872,1227 863,1229 862,1284 964,1287 967,1286 974,1287 978,1288 980,1231 953,1230 945,1237 938,1237 892,1235 887,1234 883,1228 877,1227"/>
          <TextEquiv conf="0.9254947">
            <Unicode>hauſe</Unicode>
          </TextEquiv>
        </Word>
        <Word id="region0005_line0012_word0001" custom="readingOrder {index:1;}">
          <Coords points="1102,1233 1095,1237 1026,1238 992,1238 990,1290 1041,1290 1050,1282 1060,1287 1060,1292 1080,1292 1081,1291 1101,1291 1102,1293 1119,1294 1124,1291 1147,1290 1151,1294 1175,1295 1181,1290 1198,1293 1227,1290 1245,1292 1245,1292 1246,1237 1232,1237 1228,1239 1215,1238 1203,1242 1196,1237 1196,1236 1151,1234 1148,1236 1140,1237 1128,1237 1123,1234"/>
          <TextEquiv conf="0.9270959">
            <Unicode>angehefftet</Unicode>
          </TextEquiv>
        </Word>
        <Word id="word_1679300673225_2401" custom="readingOrder {index:2;}">
          <Coords points="1254,1239 1374,1237 1446,1236 1450,1236 1451,1236 1451,1304 1434,1304 1277,1298 1252,1297"/>
          <TextEquiv>
            <Unicode>geweſen/</Unicode>
          </TextEquiv>
        </Word>
        <Word id="region0005_line0012_word0004" custom="readingOrder {index:3;}">
          <Coords points="1473,1240 1471,1241 1466,1240 1465,1296 1507,1296 1521,1303 1528,1300 1529,1296 1539,1296 1541,1300 1552,1304 1566,1294 1580,1297 1595,1295 1616,1299 1643,1296 1672,1300 1688,1300 1688,1247 1665,1245"/>
          <TextEquiv conf="0.5966764">
            <Unicode>abſchreiben</Unicode>
          </TextEquiv>
        </Word>
        <Word id="word_1679300692100_2413" custom="readingOrder {index:4;}">
          <Coords points="1721,1250 1851,1247 1867,1247 1865,1304 1845,1309 1777,1311 1769,1310 1720,1301"/>
          <TextEquiv>
            <Unicode>laſſen/</Unicode>
          </TextEquiv>
        </Word>
        <Word id="region0005_line0012_word0007" custom="readingOrder {index:5;}">
          <Coords points="2004,1258 1874,1255 1873,1309 1876,1311 1891,1305 1915,1303 1925,1308 1974,1308 1976,1313 1981,1316 1995,1315 2003,1309 2003,1309"/>
          <TextEquiv conf="0.9278268">
            <Unicode>jedoch</Unicode>
          </TextEquiv>
        </Word>
        <Word id="region0005_line0012_word0008" custom="readingOrder {index:6;}">
          <Coords points="2141,1260 2017,1257 2016,1309 2040,1310 2052,1307 2066,1307 2089,1317 2103,1310 2117,1311 2134,1308 2139,1309"/>
          <TextEquiv conf="0.9272093">
            <Unicode>allhie</Unicode>
          </TextEquiv>
        </Word>
        <Word id="region0005_line0012_word0009" custom="readingOrder {index:7;}">
          <Coords points="2236,1267 2154,1264 2153,1311 2158,1311 2165,1310 2178,1311 2220,1313 2235,1313"/>
          <TextEquiv conf="0.92958105">
            <Unicode>mit</Unicode>
          </TextEquiv>
        </Word>
        <TextEquiv>
          <Unicode>hauſe angehefftet geweſen/ abſchreiben laſſen/ jedoch allhie mit</Unicode>
        </TextEquiv>
      </TextLine>
      <TextLine id="region0005_line0013" custom="readingOrder {index:12;}">
        <Coords points="2134,1309 2089,1318 2072,1314 2066,1308 2052,1308 2041,1310 2038,1314 1998,1314 1991,1317 1925,1312 1924,1308 1915,1304 1904,1303 1876,1312 1862,1303 1846,1310 1839,1304 1829,1302 1799,1304 1787,1311 1772,1312 1746,1307 1740,1302 1731,1302 1725,1306 1705,1306 1675,1303 1671,1300 1653,1297 1635,1298 1630,1301 1607,1300 1595,1296 1580,1298 1566,1295 1552,1305 1540,1300 1517,1304 1505,1297 1500,1301 1453,1302 1433,1305 1427,1296 1417,1296 1411,1302 1403,1297 1386,1297 1383,1302 1374,1305 1363,1300 1305,1301 1301,1299 1301,1295 1293,1291 1282,1292 1276,1300 1266,1298 1255,1300 1245,1293 1227,1291 1216,1295 1181,1291 1173,1298 1133,1296 1124,1292 1113,1298 1103,1295 1079,1295 1065,1300 1059,1295 1059,1287 1050,1283 1041,1291 1030,1291 1026,1295 1008,1294 1005,1290 992,1290 985,1294 980,1289 967,1287 953,1296 947,1295 942,1289 935,1288 870,1297 825,1294 824,1344 928,1347 936,1344 961,1345 968,1353 974,1354 982,1348 1029,1347 1239,1354 1248,1350 1259,1350 1263,1354 1291,1354 1302,1364 1322,1364 1335,1356 1398,1358 1400,1362 1410,1366 1418,1364 1422,1359 1446,1359 1681,1363 1696,1374 1712,1374 1724,1370 1731,1365 1750,1364 1866,1369 1897,1367 1902,1376 1913,1378 1924,1368 2044,1370 2052,1378 2060,1378 2071,1370 2110,1370 2115,1378 2126,1380 2133,1372 2152,1372 2161,1381 2172,1381 2180,1373 2187,1372 2258,1373 2259,1319 2180,1316 2165,1311 2151,1314 2142,1309"/>
        <Baseline points="824,1333 2258,1363"/>
        <Word id="region0005_line0013_word0000" custom="readingOrder {index:0;}">
          <Coords points="1047,1285 1041,1291 1030,1291 1026,1295 1008,1294 1005,1290 992,1290 985,1294 980,1289 967,1287 953,1296 947,1295 942,1289 935,1288 870,1297 862,1296 861,1345 911,1346 928,1347 936,1344 961,1345 963,1348 981,1348 982,1348 1029,1347 1093,1349 1094,1295 1079,1295 1065,1300 1059,1295 1059,1287 1056,1285"/>
          <TextEquiv conf="0.8343933">
            <Unicode>ertichteten</Unicode>
          </TextEquiv>
        </Word>
        <Word id="region0005_line0013_word0001" custom="readingOrder {index:1;}">
          <Coords points="1118,1301 1189,1303 1187,1347 1116,1345"/>
          <TextEquiv conf="0.93095815">
            <Unicode>des</Unicode>
          </TextEquiv>
        </Word>
        <Word id="word_1679300709603_2421" custom="readingOrder {index:2;}">
          <Coords points="1213,1298 1259,1299 1304,1300 1382,1302 1401,1303 1435,1306 1433,1359 1399,1360 1325,1362 1299,1361 1211,1353"/>
          <TextEquiv>
            <Unicode>Klaͤgers/</Unicode>
          </TextEquiv>
        </Word>
        <Word id="region0005_line0013_word0004" custom="readingOrder {index:3;}">
          <Coords points="1448,1311 1531,1313 1530,1359 1447,1357"/>
          <TextEquiv conf="0.92889714">
            <Unicode>und</Unicode>
          </TextEquiv>
        </Word>
        <Word id="region0005_line0013_word0005" custom="readingOrder {index:4;}">
          <Coords points="1794,1315 1555,1309 1553,1360 1681,1363 1695,1373 1712,1373 1724,1370 1731,1365 1750,1364 1793,1365"/>
          <TextEquiv conf="0.92889714">
            <Unicode>Beklagten</Unicode>
          </TextEquiv>
        </Word>
        <Word id="region0005_line0013_word0006" custom="readingOrder {index:5;}">
          <Coords points="2024,1321 1818,1315 1816,1366 1866,1369 1897,1367 1902,1376 1913,1378 1924,1368 2023,1369"/>
          <TextEquiv conf="0.92903703">
            <Unicode>Nahmen</Unicode>
          </TextEquiv>
        </Word>
        <Word id="region0005_line0013_word0007" custom="readingOrder {index:6;}">
          <Coords points="2236,1328 2046,1322 2045,1371 2052,1378 2060,1378 2071,1370 2110,1370 2115,1378 2126,1380 2133,1372 2152,1372 2161,1381 2172,1381 2180,1373 2187,1372 2235,1372"/>
          <TextEquiv conf="0.9297117">
            <Unicode>herſetzen</Unicode>
          </TextEquiv>
        </Word>
        <TextEquiv>
          <Unicode>ertichteten des Klaͤgers/ und Beklagten Nahmen herſetzen</Unicode>
        </TextEquiv>
      </TextLine>
      <TextLine id="region0005_line0014" custom="readingOrder {index:13;}">
        <Coords points="1248,1351 1235,1358 1046,1355 1040,1348 1029,1348 1023,1354 968,1354 961,1346 936,1345 924,1351 911,1352 824,1350 825,1404 1011,1409 1023,1412 1031,1407 1044,1406 1065,1412 1076,1405 1122,1407 1133,1410 1187,1407 1195,1411 1243,1412 1247,1417 1257,1418 1267,1413 1296,1415 1348,1414 1363,1410 1377,1414 1385,1410 1431,1407 1436,1402 1437,1372 1429,1366 1409,1367 1401,1363 1354,1360 1330,1361 1322,1365 1302,1365 1295,1360 1265,1359 1259,1351"/>
        <Baseline points="825,1394 1436,1398"/>
        <Word id="word_1679300719290_2427" custom="readingOrder {index:0;}">
          <Coords points="859,1352 1013,1357 1037,1358 1035,1406 1023,1412 858,1401"/>
          <TextEquiv>
            <Unicode>wollen/</Unicode>
          </TextEquiv>
        </Word>
        <Word id="region0005_line0014_word0002" custom="readingOrder {index:1;}">
          <Coords points="1104,1368 1054,1367 1052,1408 1065,1412 1076,1405 1102,1406"/>
          <TextEquiv conf="0.92522895">
            <Unicode>zu</Unicode>
          </TextEquiv>
        </Word>
        <Word id="region0005_line0014_word0003" custom="readingOrder {index:2;}">
          <Coords points="1120,1358 1118,1406 1122,1407 1133,1410 1187,1407 1195,1411 1243,1412 1247,1417 1253,1417 1257,1417 1267,1413 1296,1415 1348,1414 1363,1410 1377,1414 1380,1412 1382,1365 1325,1363 1322,1365 1302,1365 1298,1362"/>
          <TextEquiv conf="0.92319304">
            <Unicode>vernehmen.</Unicode>
          </TextEquiv>
        </Word>
        <TextEquiv>
          <Unicode>wollen/ zu vernehmen.</Unicode>
        </TextEquiv>
      </TextLine>
      <TextLine id="region0005_line0015" custom="readingOrder {index:14;}">
        <Coords points="1988,1417 1973,1423 1937,1427 1874,1425 1867,1419 1855,1419 1849,1424 1814,1424 1790,1421 1786,1418 1704,1412 1612,1420 1595,1420 1587,1411 1577,1411 1572,1419 1538,1417 1532,1412 1511,1410 1503,1410 1491,1417 1460,1418 1446,1418 1441,1414 1419,1415 1385,1411 1377,1415 1363,1411 1333,1415 1313,1420 1252,1419 1240,1414 1207,1410 1195,1412 1187,1408 1141,1411 1126,1411 1122,1408 1076,1406 1064,1413 1044,1407 1031,1408 1023,1413 1004,1409 981,1417 877,1416 872,1421 872,1430 853,1437 852,1458 890,1458 1049,1467 1058,1464 1132,1469 1156,1465 1168,1465 1178,1469 1293,1473 1347,1474 1362,1471 1366,1479 1372,1481 1383,1475 1447,1473 1484,1474 1494,1479 1503,1472 1512,1481 1520,1473 1555,1473 1560,1475 1562,1480 1575,1481 1583,1476 1631,1477 1661,1474 1688,1477 1706,1476 1725,1480 1733,1476 1751,1475 1756,1478 1766,1475 1817,1479 1906,1478 1940,1482 1994,1485 2051,1481 2073,1493 2088,1492 2097,1485 2201,1488 2208,1494 2221,1493 2226,1488 2258,1490 2259,1425 2236,1428 2222,1424 2215,1429 2208,1430 2168,1430 2162,1423 2149,1421 2134,1429 2062,1429 2037,1424 2029,1418 2017,1418 2011,1422 2004,1417"/>
        <Baseline points="879,1447 1299,1462 2258,1478"/>
        <Word id="region0005_line0015_word0000" custom="readingOrder {index:0;}">
          <Coords points="858,1425 1008,1422 1007,1451 857,1454"/>
          <TextEquiv>
            <Unicode>„12.</Unicode>
          </TextEquiv>
        </Word>
        <Word id="region0005_line0015_word0001" custom="readingOrder {index:1;}">
          <Coords points="1145,1409 1076,1406 1064,1413 1052,1409 1051,1466 1058,1464 1144,1469"/>
          <TextEquiv conf="0.9204132">
            <Unicode>Wir</Unicode>
          </TextEquiv>
        </Word>
        <Word id="region0005_line0015_word0002" custom="readingOrder {index:2;}">
          <Coords points="1159,1414 1158,1460 1343,1464 1343,1419 1313,1420 1252,1419 1245,1416"/>
          <TextEquiv conf="0.9228483">
            <Unicode>Marcus</Unicode>
          </TextEquiv>
        </Word>
        <Word id="word_1679300809382_2469" custom="readingOrder {index:3;}">
          <Coords points="1353,1415 1589,1415 1589,1479 1576,1480 1562,1480 1514,1479 1385,1475 1364,1474 1351,1473"/>
          <TextEquiv>
            <Unicode>Peterſſen/</Unicode>
          </TextEquiv>
        </Word>
        <Word id="region0005_line0015_word0005" custom="readingOrder {index:4;}">
          <Coords points="1671,1420 1607,1418 1600,1418 1599,1476 1606,1477 1636,1474 1663,1477 1669,1476"/>
          <TextEquiv conf="0.92176384">
            <Unicode>und</Unicode>
          </TextEquiv>
        </Word>
        <Word id="region0005_line0015_word0006" custom="readingOrder {index:5;}">
          <Coords points="1868,1429 1696,1425 1695,1476 1706,1476 1725,1480 1733,1476 1751,1475 1756,1478 1766,1475 1817,1479 1867,1478"/>
          <TextEquiv conf="0.92176384">
            <Unicode>Petrus</Unicode>
          </TextEquiv>
        </Word>
        <Word id="region0005_line0015_word0007" custom="readingOrder {index:6;}">
          <Coords points="1966,1481 1967,1441 1886,1439 1885,1478 1906,1478 1922,1479"/>
          <TextEquiv conf="0.82420623">
            <Unicode>von</Unicode>
          </TextEquiv>
        </Word>
        <Word id="word_1679300826489_2481" custom="readingOrder {index:7;}">
          <Coords points="1977,1431 2207,1434 2234,1435 2232,1488 2221,1493 2208,1494 2073,1493 1976,1484"/>
          <TextEquiv>
            <Unicode>Laͤngerken/</Unicode>
          </TextEquiv>
        </Word>
        <TextEquiv>
          <Unicode>„12. Wir Marcus Peterſſen/ und Petrus von Laͤngerken/</Unicode>
        </TextEquiv>
      </TextLine>
      <TextLine id="region0005_line0016" custom="readingOrder {index:15;}">
        <Coords points="856,1456 847,1437 848,1457 824,1457 825,1505 845,1506 853,1492 864,1494 869,1507 861,1519 863,1523 888,1525 901,1519 921,1516 1052,1525 1078,1520 1088,1528 1099,1525 1147,1526 1149,1530 1159,1533 1176,1522 1185,1522 1192,1527 1224,1529 1275,1530 1290,1526 1301,1529 1308,1526 1336,1527 1345,1538 1352,1536 1355,1530 1414,1533 1449,1532 1462,1527 1475,1528 1480,1531 1490,1528 1503,1532 1508,1530 1511,1536 1519,1539 1528,1539 1535,1536 1536,1532 1545,1532 1553,1540 1570,1541 1579,1535 1604,1533 1613,1525 1626,1534 1639,1533 1653,1537 1662,1538 1669,1534 1692,1536 1700,1534 1709,1527 1715,1527 1721,1533 1737,1535 1757,1531 1763,1539 1779,1534 1796,1537 1833,1538 1839,1535 1847,1535 1854,1539 1924,1541 1946,1539 2051,1541 2059,1538 2083,1538 2095,1543 2258,1545 2258,1493 2224,1492 2208,1495 2202,1491 2154,1486 2149,1489 2095,1489 2085,1493 2073,1494 2051,1482 2038,1482 2029,1488 1998,1488 1974,1484 1957,1486 1906,1479 1823,1478 1813,1481 1797,1477 1787,1481 1778,1476 1766,1476 1756,1479 1751,1476 1733,1477 1725,1481 1706,1477 1697,1480 1648,1474 1575,1482 1565,1482 1560,1476 1545,1473 1538,1480 1520,1474 1512,1482 1502,1473 1494,1480 1447,1474 1440,1478 1393,1477 1372,1482 1366,1480 1362,1472 1352,1472 1346,1478 1337,1479 1226,1477 1181,1473 1168,1466 1132,1470 1066,1465 1051,1468 888,1460 878,1449 885,1462 875,1458"/>
        <Baseline points="825,1492 851,1496 866,1498 910,1504 1071,1513 2258,1534"/>
        <Word id="word_1679300771680_2448" custom="readingOrder {index:0;}">
          <Coords points="859,1472 888,1467 986,1471 1027,1473 1027,1505 971,1516 868,1513 854,1499"/>
          <TextEquiv>
            <Unicode>„J.U.L.</Unicode>
          </TextEquiv>
        </Word>
        <Word id="word_1679300843054_2494" custom="readingOrder {index:1;}">
          <Coords points="1048,1467 1066,1465 1168,1466 1359,1472 1359,1515 1351,1524 1325,1523 1048,1507"/>
          <TextEquiv>
            <Unicode>Rathmanne/</Unicode>
          </TextEquiv>
        </Word>
        <Word id="region0005_line0016_word0004" custom="readingOrder {index:2;}">
          <Coords points="1387,1508 1472,1510 1472,1477 1447,1474 1440,1478 1393,1477 1387,1478"/>
          <TextEquiv conf="0.9314145">
            <Unicode>und</Unicode>
          </TextEquiv>
        </Word>
        <Word id="region0005_line0016_word0005" custom="readingOrder {index:3;}">
          <Coords points="1493,1522 1605,1525 1606,1479 1575,1482 1565,1482 1560,1476 1545,1473 1538,1480 1520,1474 1512,1482 1502,1473 1494,1480 1494,1480"/>
          <TextEquiv conf="0.9287821">
            <Unicode>itzige</Unicode>
          </TextEquiv>
        </Word>
        <Word id="region0005_line0016_word0006" custom="readingOrder {index:4;}">
          <Coords points="1632,1524 2135,1538 2136,1489 2095,1489 2085,1493 2073,1494 2051,1482 2038,1482 2029,1488 1998,1488 1974,1484 1957,1486 1906,1479 1823,1478 1813,1481 1797,1477 1787,1481 1778,1476 1766,1476 1756,1479 1751,1476 1733,1477 1725,1481 1706,1477 1697,1480 1648,1474 1632,1475"/>
          <TextEquiv conf="0.23819953">
            <Unicode>Gerichts⸗Verwaltere</Unicode>
          </TextEquiv>
        </Word>
        <Word id="region0005_line0016_word0007" custom="readingOrder {index:5;}">
          <Coords points="2155,1529 2228,1531 2228,1492 2224,1492 2208,1495 2202,1491 2155,1486"/>
          <TextEquiv conf="0.9304085">
            <Unicode>der</Unicode>
          </TextEquiv>
        </Word>
        <TextEquiv>
          <Unicode>„J.U.L. Rathmanne/ und itzige Gerichts⸗Verwaltere der</Unicode>
        </TextEquiv>
      </TextLine>
      <TextLine id="region0005_line0017" custom="readingOrder {index:16;}">
        <Coords points="1709,1528 1695,1540 1627,1538 1621,1530 1613,1526 1604,1534 1579,1536 1570,1542 1558,1542 1548,1538 1519,1540 1504,1536 1495,1529 1487,1530 1481,1535 1475,1529 1462,1528 1450,1532 1447,1536 1365,1536 1355,1534 1345,1539 1339,1535 1336,1528 1308,1527 1301,1530 1290,1527 1281,1533 1273,1534 1192,1532 1188,1525 1176,1523 1159,1534 1088,1529 1078,1521 1057,1526 1001,1524 987,1521 981,1525 928,1522 921,1517 901,1520 888,1526 877,1524 825,1537 825,1580 1027,1580 1048,1583 1057,1590 1071,1590 1083,1584 1112,1584 1131,1580 1141,1584 1188,1582 1196,1585 1215,1583 1220,1586 1239,1588 1250,1595 1265,1596 1285,1593 1291,1589 1305,1593 1315,1584 1332,1585 1339,1588 1344,1584 1357,1586 1365,1594 1377,1597 1391,1593 1397,1587 1475,1590 1507,1588 1512,1586 1583,1591 1588,1594 1604,1591 1608,1595 1626,1597 1639,1589 1648,1588 1671,1592 1687,1591 1692,1589 1717,1589 1724,1594 1731,1593 1733,1596 1742,1596 1750,1590 1760,1599 1769,1593 1819,1594 1824,1599 1834,1601 1846,1596 1965,1596 1979,1592 1995,1598 2040,1599 2050,1606 2069,1606 2077,1603 2078,1599 2259,1603 2258,1546 2233,1548 2218,1544 2207,1549 2182,1549 2096,1547 2090,1541 2059,1539 2045,1545 2036,1546 1964,1545 1958,1540 1946,1540 1939,1544 1899,1544 1856,1541 1847,1536 1839,1536 1832,1540 1785,1540 1779,1535 1763,1540 1757,1532 1737,1536 1721,1534 1715,1528"/>
        <Baseline points="825,1570 1706,1579 2259,1593"/>
        <Word id="region0005_line0017_word0000" custom="readingOrder {index:0;}">
          <Coords points="1031,1525 1001,1524 987,1521 981,1525 928,1522 921,1517 901,1520 888,1526 877,1524 854,1529 853,1580 1027,1580 1030,1580"/>
          <TextEquiv conf="0.9287708">
            <Unicode>„Stadt</Unicode>
          </TextEquiv>
        </Word>
        <Word id="word_1679300864379_2500" custom="readingOrder {index:1;}">
          <Coords points="1058,1525 1076,1521 1078,1521 1183,1524 1292,1530 1291,1588 1271,1588 1058,1582"/>
          <TextEquiv>
            <Unicode>Hamburg/</Unicode>
          </TextEquiv>
        </Word>
        <Word id="region0005_line0017_word0003" custom="readingOrder {index:2;}">
          <Coords points="1444,1536 1365,1536 1355,1534 1345,1539 1339,1535 1336,1528 1310,1527 1309,1589 1315,1584 1332,1585 1339,1588 1344,1584 1357,1586 1365,1594 1372,1595 1380,1596 1391,1593 1397,1587 1442,1588"/>
          <TextEquiv conf="0.9077734">
            <Unicode>fuͤegen</Unicode>
          </TextEquiv>
        </Word>
        <Word id="region0005_line0017_word0004" custom="readingOrder {index:3;}">
          <Coords points="1608,1530 1604,1534 1579,1536 1570,1542 1558,1542 1548,1538 1519,1540 1504,1536 1495,1529 1487,1530 1481,1535 1475,1529 1462,1528 1456,1530 1455,1589 1475,1590 1507,1588 1512,1586 1583,1591 1588,1594 1604,1591 1608,1595 1623,1597 1626,1597 1639,1589 1648,1588 1671,1592 1687,1591 1692,1589 1717,1589 1724,1594 1731,1593 1733,1596 1742,1596 1750,1590 1760,1599 1769,1593 1814,1594 1815,1540 1785,1540 1779,1535 1763,1540 1759,1534 1747,1534 1737,1536 1721,1534 1720,1533 1703,1533 1695,1540 1627,1538 1621,1531"/>
          <TextEquiv conf="0.9294248">
            <Unicode>hiemit</Unicode>
          </TextEquiv>
        </Word>
        <Word id="region0005_line0017_word0005" custom="readingOrder {index:4;}">
          <Coords points="1667,1539 1627,1538 1624,1534 1622,1596 1626,1597 1639,1589 1648,1588 1665,1591"/>
          <TextEquiv conf="0.7006904">
            <Unicode>zu</Unicode>
          </TextEquiv>
        </Word>
        <Word id="word_1679300874323_2506" custom="readingOrder {index:5;}">
          <Coords points="1685,1539 1703,1532 1747,1533 1779,1535 1814,1540 1853,1547 1852,1596 1841,1598 1760,1599 1685,1591"/>
          <TextEquiv>
            <Unicode>wiſſen/</Unicode>
          </TextEquiv>
        </Word>
        <Word id="region0005_line0017_word0008" custom="readingOrder {index:6;}">
          <Coords points="1857,1551 1957,1554 1956,1596 1856,1593"/>
          <TextEquiv conf="0.9261017">
            <Unicode>was</Unicode>
          </TextEquiv>
        </Word>
        <Word id="region0005_line0017_word0009" custom="readingOrder {index:7;}">
          <Coords points="2125,1553 1970,1548 1968,1595 1979,1592 1995,1598 2040,1599 2050,1606 2069,1606 2077,1603 2078,1599 2123,1600"/>
          <TextEquiv conf="0.92786837">
            <Unicode>maſſen</Unicode>
          </TextEquiv>
        </Word>
        <Word id="region0005_line0017_word0010" custom="readingOrder {index:8;}">
          <Coords points="2229,1560 2143,1557 2142,1600 2228,1602"/>
          <TextEquiv conf="0.93247473">
            <Unicode>uns</Unicode>
          </TextEquiv>
        </Word>
        <TextEquiv>
          <Unicode>„Stadt Hamburg/ fuͤegen hiemit zu wiſſen/ was maſſen uns</Unicode>
        </TextEquiv>
      </TextLine>
      <TextLine id="region0005_line0018" custom="readingOrder {index:17;}">
        <Coords points="1979,1593 1961,1600 1846,1597 1834,1602 1821,1598 1783,1597 1760,1600 1750,1591 1742,1597 1726,1597 1717,1590 1692,1590 1669,1594 1663,1590 1648,1589 1639,1590 1626,1598 1562,1592 1544,1587 1512,1587 1507,1589 1460,1588 1424,1593 1410,1593 1397,1588 1391,1594 1377,1598 1365,1595 1357,1587 1344,1585 1339,1589 1332,1586 1315,1585 1305,1594 1291,1590 1285,1594 1265,1597 1250,1596 1240,1591 1222,1590 1215,1584 1204,1584 1198,1590 1195,1585 1188,1583 1174,1582 1162,1589 1142,1588 1140,1584 1131,1581 1110,1587 1077,1587 1071,1591 1037,1586 1027,1581 1017,1581 1010,1586 973,1588 965,1587 959,1581 949,1581 942,1585 918,1581 840,1580 826,1587 824,1625 829,1631 840,1631 842,1635 849,1637 873,1637 883,1630 893,1630 1007,1638 1029,1636 1047,1640 1114,1641 1118,1646 1128,1647 1138,1637 1155,1638 1161,1645 1167,1646 1178,1638 1186,1638 1217,1642 1239,1642 1246,1645 1258,1643 1330,1648 1346,1644 1371,1647 1421,1645 1432,1649 1444,1645 1457,1647 1465,1644 1480,1650 1487,1639 1494,1639 1497,1642 1507,1639 1515,1647 1530,1648 1541,1648 1549,1645 1622,1643 1638,1645 1653,1655 1671,1654 1677,1651 1679,1645 1688,1645 1711,1648 1738,1645 1749,1651 1762,1646 1777,1654 1788,1655 1801,1650 1873,1650 1884,1645 1923,1652 1942,1648 1960,1649 1976,1659 1987,1658 1994,1652 2062,1652 2066,1655 2079,1653 2090,1657 2100,1654 2113,1663 2132,1664 2140,1658 2150,1658 2157,1665 2169,1667 2183,1666 2193,1660 2258,1660 2259,1608 2081,1603 2069,1607 2050,1607 2034,1602 1996,1601 1991,1596"/>
        <Baseline points="825,1618 1347,1635 1886,1637 2258,1648"/>
        <Word id="region0005_line0018_word0000" custom="readingOrder {index:0;}">
          <Coords points="861,1580 850,1580 850,1624 1001,1628 1002,1586 973,1588 965,1587 960,1582 946,1582 942,1585 923,1581"/>
          <TextEquiv conf="0.36734962">
            <Unicode>„Tutius</Unicode>
          </TextEquiv>
        </Word>
        <Word id="region0005_line0018_word0001" custom="readingOrder {index:1;}">
          <Coords points="1125,1582 1110,1587 1077,1587 1071,1591 1037,1586 1027,1581 1017,1581 1016,1635 1137,1637 1138,1637 1140,1637 1141,1587 1140,1584 1136,1582"/>
          <TextEquiv conf="0.9266575">
            <Unicode>durch</Unicode>
          </TextEquiv>
        </Word>
        <Word id="region0005_line0018_word0002" custom="readingOrder {index:2;}">
          <Coords points="1170,1584 1165,1587 1163,1637 1293,1641 1295,1591 1291,1590 1285,1594 1265,1597 1250,1596 1240,1591 1222,1590 1217,1586 1203,1585 1198,1590 1195,1585 1195,1585"/>
          <TextEquiv conf="0.928864">
            <Unicode>ſeinen</Unicode>
          </TextEquiv>
        </Word>
        <Word id="region0005_line0018_word0003" custom="readingOrder {index:3;}">
          <Coords points="1311,1589 1310,1590 1308,1640 1465,1644 1465,1644 1465,1644 1483,1645 1487,1639 1494,1639 1497,1642 1498,1642 1500,1594 1430,1592 1424,1593 1410,1593 1406,1592 1394,1591 1391,1594 1377,1598 1365,1595 1360,1590"/>
          <TextEquiv conf="0.92781276">
            <Unicode>Anwald</Unicode>
          </TextEquiv>
        </Word>
        <Word id="region0005_line0018_word0004" custom="readingOrder {index:4;}">
          <Coords points="1514,1594 1512,1644 1515,1647 1530,1648 1541,1648 1549,1645 1622,1643 1638,1645 1653,1655 1671,1654 1677,1651 1679,1645 1688,1645 1711,1648 1738,1645 1749,1651 1761,1646 1763,1601 1627,1597 1626,1598 1613,1596"/>
          <TextEquiv conf="0.9246741">
            <Unicode>Gerichtlich</Unicode>
          </TextEquiv>
        </Word>
        <Word id="region0005_line0018_word0005" custom="readingOrder {index:5;}">
          <Coords points="1827,1611 1776,1610 1775,1652 1777,1654 1788,1655 1801,1650 1826,1650"/>
          <TextEquiv conf="0.9259809">
            <Unicode>zu</Unicode>
          </TextEquiv>
        </Word>
        <Word id="region0005_line0018_word0006" custom="readingOrder {index:6;}">
          <Coords points="1847,1599 1845,1650 1873,1650 1884,1645 1923,1652 1942,1648 1960,1649 1976,1659 1987,1658 1994,1652 2062,1652 2066,1655 2079,1653 2090,1657 2092,1656 2094,1606 2073,1605 2069,1607 2050,1607 2042,1604"/>
          <TextEquiv conf="0.9286596">
            <Unicode>vernehmen</Unicode>
          </TextEquiv>
        </Word>
        <Word id="region0005_line0018_word0007" custom="readingOrder {index:7;}">
          <Coords points="2225,1619 2108,1616 2107,1658 2113,1663 2132,1664 2140,1658 2150,1658 2157,1665 2159,1665 2183,1665 2193,1660 2224,1660"/>
          <TextEquiv>
            <Unicode>gege⸗</Unicode>
          </TextEquiv>
        </Word>
        <TextEquiv>
          <Unicode>„Tutius durch ſeinen Anwald Gerichtlich zu vernehmen gege⸗</Unicode>
        </TextEquiv>
      </TextLine>
      <TextLine id="region0005_line0019" custom="readingOrder {index:18;}">
        <Coords points="1884,1646 1871,1652 1809,1652 1788,1656 1777,1655 1762,1647 1749,1652 1738,1646 1727,1646 1711,1649 1679,1646 1678,1651 1671,1655 1653,1656 1638,1646 1621,1644 1549,1646 1540,1650 1515,1652 1515,1648 1507,1640 1497,1643 1494,1640 1487,1640 1480,1651 1465,1645 1456,1649 1444,1646 1432,1650 1423,1648 1362,1650 1356,1645 1346,1645 1335,1651 1296,1650 1274,1648 1267,1644 1251,1646 1217,1644 1213,1641 1186,1639 1178,1639 1167,1647 1161,1646 1155,1639 1138,1638 1128,1648 1115,1645 1086,1644 1080,1641 1037,1643 1029,1637 1018,1637 1013,1639 1011,1644 907,1641 903,1634 883,1631 873,1638 838,1636 834,1639 833,1653 825,1654 825,1694 926,1695 987,1690 1044,1695 1052,1691 1068,1691 1075,1695 1122,1697 1126,1701 1144,1701 1154,1697 1256,1697 1263,1694 1275,1694 1282,1699 1289,1699 1303,1695 1348,1695 1351,1700 1364,1701 1378,1696 1430,1693 1451,1697 1553,1698 1584,1702 1596,1697 1617,1706 1625,1702 1653,1702 1658,1693 1662,1693 1668,1701 1693,1696 1698,1702 1709,1699 1715,1702 1748,1706 1759,1700 1772,1704 1834,1706 1864,1701 1899,1705 1912,1712 1924,1707 1989,1708 2052,1713 2058,1709 2097,1710 2106,1714 2157,1714 2175,1718 2258,1719 2258,1666 2187,1665 2178,1668 2160,1667 2152,1662 2113,1664 2100,1655 2085,1659 2079,1654 2066,1656 2062,1653 2050,1653 2044,1657 1990,1657 1976,1660 1970,1655 1963,1655 1960,1650 1942,1649 1932,1653 1923,1653"/>
        <Baseline points="825,1685 1427,1683 2258,1708"/>
        <Word id="region0005_line0019_word0000" custom="readingOrder {index:0;}">
          <Coords points="848,1678 955,1681 955,1642 907,1641 903,1634 883,1631 873,1638 848,1636"/>
          <TextEquiv conf="0.91582406">
            <Unicode>„ben</Unicode>
          </TextEquiv>
        </Word>
        <Word id="region0005_line0019_word0001" custom="readingOrder {index:1;}">
          <Coords points="968,1679 1050,1682 1050,1642 1037,1643 1029,1637 1018,1637 1013,1639 1011,1644 968,1642"/>
          <TextEquiv conf="0.9329578">
            <Unicode>wie</Unicode>
          </TextEquiv>
        </Word>
        <Word id="region0005_line0019_word0002" custom="readingOrder {index:2;}">
          <Coords points="1070,1687 1153,1690 1154,1640 1136,1639 1128,1648 1115,1645 1086,1644 1080,1641 1070,1641"/>
          <TextEquiv conf="0.9323004">
            <Unicode>daß</Unicode>
          </TextEquiv>
        </Word>
        <Word id="region0005_line0019_word0003" custom="readingOrder {index:3;}">
          <Coords points="1175,1641 1169,1644 1169,1686 1231,1688 1231,1644 1217,1644 1214,1642"/>
          <TextEquiv conf="0.91239476">
            <Unicode>Er</Unicode>
          </TextEquiv>
        </Word>
        <Word id="region0005_line0019_word0004" custom="readingOrder {index:4;}">
          <Coords points="1242,1647 1241,1687 1293,1689 1293,1649 1278,1648"/>
          <TextEquiv conf="0.8997223">
            <Unicode>A.</Unicode>
          </TextEquiv>
        </Word>
        <Word id="region0005_line0019_word0005" custom="readingOrder {index:5;}">
          <Coords points="1426,1652 1337,1649 1335,1651 1305,1650 1305,1692 1404,1694 1425,1693"/>
          <TextEquiv conf="0.7173129">
            <Unicode>1691.</Unicode>
          </TextEquiv>
        </Word>
        <Word id="region0005_line0019_word0006" custom="readingOrder {index:6;}">
          <Coords points="1484,1643 1480,1651 1465,1645 1456,1649 1444,1646 1437,1648 1437,1691 1559,1694 1559,1645 1549,1646 1540,1650 1515,1652 1515,1648 1510,1643"/>
          <TextEquiv>
            <Unicode>Mevii</Unicode>
          </TextEquiv>
        </Word>
        <Word id="region0005_line0019_word0007" custom="readingOrder {index:7;}">
          <Coords points="1578,1653 1577,1701 1584,1702 1596,1697 1610,1703 1622,1703 1625,1702 1653,1702 1658,1693 1662,1693 1668,1701 1693,1696 1698,1702 1701,1701 1702,1657 1659,1655 1653,1656 1652,1655"/>
          <TextEquiv>
            <Unicode>Bekl.</Unicode>
          </TextEquiv>
        </Word>
        <Word id="region0005_line0019_word0008" custom="readingOrder {index:8;}">
          <Coords points="1719,1653 1718,1702 1748,1706 1759,1700 1772,1704 1834,1706 1864,1701 1899,1705 1912,1712 1912,1712 1924,1707 1981,1708 1983,1661 1792,1655 1788,1656 1777,1655 1777,1655"/>
          <TextEquiv>
            <Unicode>Brau⸗Erbe</Unicode>
          </TextEquiv>
        </Word>
        <Word id="region0005_line0019_word0009" custom="readingOrder {index:9;}">
          <Coords points="2083,1666 2000,1663 1999,1708 2002,1709 2055,1710 2058,1709 2082,1709"/>
          <TextEquiv conf="0.931129">
            <Unicode>mit</Unicode>
          </TextEquiv>
        </Word>
        <Word id="region0005_line0019_word0010" custom="readingOrder {index:10;}">
          <Coords points="2222,1716 2224,1671 2098,1668 2097,1710 2104,1713 2138,1714 2157,1714 2159,1714"/>
          <TextEquiv conf="0.9177555">
            <Unicode>denen</Unicode>
          </TextEquiv>
        </Word>
        <TextEquiv>
          <Unicode>„ben wie daß Er A. 1691. Mevii Bekl. Brau⸗Erbe mit denen</Unicode>
        </TextEquiv>
      </TextLine>
      <TextLine id="region0005_line0020" custom="readingOrder {index:19;}">
        <Coords points="1690,1697 1679,1701 1670,1701 1665,1705 1617,1707 1593,1698 1580,1704 1516,1704 1476,1702 1436,1694 1408,1695 1364,1702 1333,1701 1327,1696 1313,1696 1309,1700 1280,1700 1275,1695 1263,1695 1255,1700 1144,1702 1078,1700 1068,1692 1052,1692 1044,1696 987,1691 978,1694 927,1695 905,1701 824,1700 824,1743 839,1744 840,1747 849,1750 872,1750 878,1745 954,1748 960,1751 1020,1753 1046,1750 1053,1758 1060,1758 1072,1750 1086,1751 1092,1748 1145,1752 1158,1749 1171,1760 1182,1760 1194,1757 1197,1753 1217,1751 1293,1756 1299,1753 1341,1753 1431,1759 1444,1757 1484,1759 1491,1755 1520,1759 1578,1755 1588,1766 1599,1759 1610,1759 1623,1755 1633,1759 1688,1765 1697,1759 1732,1755 1751,1763 1765,1751 1781,1751 1788,1760 1840,1764 1850,1769 1859,1767 1862,1763 1885,1767 1897,1760 1904,1762 1909,1767 1942,1764 1971,1769 2051,1774 2060,1769 2067,1769 2073,1774 2142,1773 2147,1777 2162,1777 2167,1773 2258,1774 2258,1723 2171,1721 2157,1715 2145,1715 2139,1719 2121,1719 2109,1717 2097,1711 2058,1710 2049,1715 1981,1713 1974,1708 1962,1708 1956,1712 1912,1713 1899,1706 1878,1706 1870,1703 1840,1704 1830,1708 1773,1707 1767,1702 1759,1701 1748,1707 1717,1705 1709,1700 1698,1703"/>
        <Baseline points="824,1733 1013,1741 1721,1746 2258,1763"/>
        <Word id="region0005_line0020_word0000" custom="readingOrder {index:0;}">
          <Coords points="848,1704 945,1708 944,1740 847,1736"/>
          <TextEquiv>
            <Unicode>„10.</Unicode>
          </TextEquiv>
        </Word>
        <Word id="region0005_line0020_word0001" custom="readingOrder {index:1;}">
          <Coords points="987,1691 978,1694 927,1695 948,1699 946,1746 1071,1750 1072,1750 1081,1751 1086,1751 1092,1748 1145,1752 1158,1749 1163,1753 1196,1754 1197,1753 1217,1751 1243,1753 1245,1700 1144,1702 1078,1700 1070,1693 1050,1693 1044,1696 988,1691"/>
          <TextEquiv conf="0.920827">
            <Unicode>Wohnungen</Unicode>
          </TextEquiv>
        </Word>
        <Word id="region0005_line0020_word0002" custom="readingOrder {index:2;}">
          <Coords points="1258,1700 1302,1701 1300,1748 1256,1747"/>
          <TextEquiv conf="0.9261423">
            <Unicode>in</Unicode>
          </TextEquiv>
        </Word>
        <Word id="region0005_line0020_word0003" custom="readingOrder {index:3;}">
          <Coords points="1316,1705 1386,1707 1385,1750 1315,1748"/>
          <TextEquiv conf="0.93087685">
            <Unicode>der</Unicode>
          </TextEquiv>
        </Word>
        <Word id="word_1679300963879_2551" custom="readingOrder {index:4;}">
          <Coords points="1401,1699 1753,1704 1767,1704 1767,1768 1587,1765 1431,1759 1399,1757"/>
          <TextEquiv>
            <Unicode>Brauerſtraſſen/</Unicode>
          </TextEquiv>
        </Word>
        <Word id="region0005_line0020_word0006" custom="readingOrder {index:5;}">
          <Coords points="1785,1709 1784,1754 1788,1760 1840,1764 1850,1769 1859,1767 1862,1763 1885,1767 1897,1760 1904,1762 1909,1767 1942,1764 1953,1766 1954,1714 1917,1713 1912,1713 1912,1713"/>
          <TextEquiv>
            <Unicode>zwiſchen</Unicode>
          </TextEquiv>
        </Word>
        <Word id="region0005_line0020_word0007" custom="readingOrder {index:6;}">
          <Coords points="1976,1711 1974,1769 2042,1773 2043,1714 1981,1713 1978,1711"/>
          <TextEquiv conf="0.93045694">
            <Unicode>der</Unicode>
          </TextEquiv>
        </Word>
        <Word id="region0005_line0020_word0008" custom="readingOrder {index:7;}">
          <Coords points="2221,1726 2046,1722 2045,1773 2052,1773 2060,1769 2067,1769 2072,1773 2077,1773 2142,1773 2145,1775 2162,1776 2167,1773 2220,1773"/>
          <TextEquiv conf="0.9304513">
            <Unicode>Kirchen</Unicode>
          </TextEquiv>
        </Word>
        <TextEquiv>
          <Unicode>„10. Wohnungen in der Brauerſtraſſen/ zwiſchen der Kirchen</Unicode>
        </TextEquiv>
      </TextLine>
      <TextLine id="region0005_line0021" custom="readingOrder {index:20;}">
        <Coords points="1765,1752 1751,1764 1732,1756 1697,1760 1688,1766 1661,1762 1634,1763 1631,1758 1623,1756 1614,1757 1611,1762 1596,1763 1588,1767 1578,1756 1571,1756 1564,1759 1563,1764 1541,1766 1510,1765 1508,1759 1491,1756 1482,1761 1444,1758 1431,1760 1348,1757 1330,1754 1324,1756 1299,1754 1293,1757 1233,1757 1228,1753 1217,1752 1211,1757 1192,1758 1182,1761 1171,1761 1158,1750 1143,1754 1131,1754 1120,1750 1092,1749 1060,1759 1053,1759 1048,1752 1040,1751 1032,1753 1030,1758 1023,1759 965,1755 954,1749 933,1750 930,1752 881,1748 849,1751 825,1748 825,1803 838,1803 843,1810 869,1810 878,1804 927,1807 932,1812 946,1812 956,1807 1018,1804 1103,1811 1196,1812 1203,1818 1217,1809 1291,1814 1301,1807 1321,1811 1346,1810 1354,1804 1400,1813 1408,1808 1424,1812 1442,1812 1455,1806 1470,1811 1578,1815 1589,1829 1621,1819 1659,1820 1707,1814 1718,1814 1727,1820 1746,1816 1759,1820 1760,1823 1769,1826 1776,1825 1787,1816 1834,1822 1882,1819 1899,1821 1906,1827 1921,1824 1958,1825 1970,1836 1984,1835 1996,1824 2013,1828 2040,1825 2052,1832 2058,1825 2079,1827 2103,1825 2108,1828 2125,1830 2134,1837 2146,1839 2159,1838 2168,1831 2184,1827 2204,1832 2258,1833 2258,1779 2203,1776 2157,1779 2089,1777 2073,1775 2067,1770 2060,1770 2050,1776 1980,1775 1956,1772 1955,1768 1942,1765 1926,1767 1923,1771 1915,1771 1909,1770 1904,1763 1897,1761 1885,1768 1875,1766 1873,1769 1860,1767 1850,1770 1842,1767 1789,1763 1781,1752"/>
        <Baseline points="825,1790 1524,1801 2258,1822"/>
        <Word id="region0005_line0021_word0000" custom="readingOrder {index:0;}">
          <Coords points="848,1791 925,1793 926,1752 881,1748 849,1751 849,1751"/>
          <TextEquiv conf="0.2511801">
            <Unicode>„St.</Unicode>
          </TextEquiv>
        </Word>
        <Word id="region0005_line0021_word0001" custom="readingOrder {index:1;}">
          <Coords points="935,1795 1071,1798 1071,1755 1060,1759 1053,1759 1048,1752 1040,1751 1032,1753 1030,1758 1023,1759 965,1755 954,1749 935,1749"/>
          <TextEquiv conf="0.48709828">
            <Unicode>Jacobi</Unicode>
          </TextEquiv>
        </Word>
        <Word id="word_1679300984283_2566" custom="readingOrder {index:2;}">
          <Coords points="1082,1751 1091,1749 1217,1752 1228,1753 1239,1757 1237,1810 1215,1810 1082,1804"/>
          <TextEquiv>
            <Unicode>Erbe/</Unicode>
          </TextEquiv>
        </Word>
        <Word id="region0005_line0021_word0004" custom="readingOrder {index:3;}">
          <Coords points="1333,1754 1330,1754 1324,1756 1299,1754 1293,1757 1265,1757 1263,1812 1291,1814 1301,1807 1321,1811 1332,1810"/>
          <TextEquiv conf="0.9207981">
            <Unicode>und</Unicode>
          </TextEquiv>
        </Word>
        <Word id="region0005_line0021_word0005" custom="readingOrder {index:4;}">
          <Coords points="1424,1759 1353,1757 1352,1805 1354,1804 1400,1813 1408,1808 1423,1811"/>
          <TextEquiv conf="0.90696335">
            <Unicode>dem</Unicode>
          </TextEquiv>
        </Word>
        <Word id="region0005_line0021_word0006" custom="readingOrder {index:5;}">
          <Coords points="1485,1758 1482,1761 1444,1758 1432,1759 1432,1801 1580,1806 1581,1762 1563,1761 1563,1764 1541,1766 1510,1765 1508,1759"/>
          <TextEquiv>
            <Unicode>Caland</Unicode>
          </TextEquiv>
        </Word>
        <Word id="region0005_line0021_word0007" custom="readingOrder {index:6;}">
          <Coords points="1612,1760 1611,1762 1596,1763 1591,1766 1589,1829 1621,1819 1659,1820 1693,1816 1695,1762 1694,1762 1688,1766 1661,1762 1634,1763 1632,1760"/>
          <TextEquiv conf="0.9272759">
            <Unicode>zum</Unicode>
          </TextEquiv>
        </Word>
        <Word id="region0005_line0021_word0008" custom="readingOrder {index:7;}">
          <Coords points="1759,1756 1751,1764 1732,1756 1708,1758 1707,1814 1718,1814 1727,1820 1746,1816 1759,1820 1760,1823 1761,1823 1777,1823 1787,1816 1834,1822 1862,1820 1863,1767 1860,1767 1850,1770 1842,1767 1789,1763 1784,1756"/>
          <TextEquiv conf="0.9213526">
            <Unicode>Dhum</Unicode>
          </TextEquiv>
        </Word>
        <Word id="word_1679301002575_2581" custom="readingOrder {index:8;}">
          <Coords points="1883,1768 1887,1767 2065,1769 2065,1837 1984,1835 1968,1834 1906,1827 1881,1819"/>
          <TextEquiv>
            <Unicode>belegen/</Unicode>
          </TextEquiv>
        </Word>
        <Word id="region0005_line0021_word0011" custom="readingOrder {index:9;}">
          <Coords points="2217,1776 2203,1776 2157,1779 2093,1777 2092,1825 2103,1825 2108,1828 2125,1830 2134,1837 2146,1839 2159,1838 2168,1831 2184,1827 2204,1832 2216,1832"/>
          <TextEquiv conf="0.9320245">
            <Unicode>wegen</Unicode>
          </TextEquiv>
        </Word>
        <TextEquiv>
          <Unicode>„St. Jacobi Erbe/ und dem Caland zum Dhum belegen/ wegen</Unicode>
        </TextEquiv>
      </TextLine>
      <TextLine id="region0005_line0022" custom="readingOrder {index:21;}">
        <Coords points="1455,1807 1431,1815 1414,1809 1396,1813 1354,1805 1346,1811 1321,1812 1301,1808 1291,1815 1269,1816 1229,1817 1227,1813 1217,1810 1203,1819 1188,1820 1174,1819 1168,1811 1152,1813 1151,1819 1148,1820 1099,1810 1035,1809 1033,1806 1018,1805 1005,1810 989,1810 979,1818 929,1817 909,1816 904,1808 893,1806 877,1815 847,1814 826,1822 825,1868 867,1869 874,1864 951,1860 981,1862 985,1866 1013,1862 1027,1869 1040,1869 1045,1865 1052,1870 1067,1865 1122,1868 1125,1874 1142,1876 1145,1875 1147,1869 1212,1867 1239,1871 1245,1868 1257,1870 1268,1865 1295,1868 1300,1872 1308,1867 1315,1869 1320,1866 1335,1867 1350,1872 1382,1874 1457,1874 1466,1881 1470,1882 1480,1871 1492,1871 1496,1880 1503,1880 1511,1875 1519,1875 1524,1881 1532,1883 1540,1875 1576,1876 1581,1876 1586,1867 1591,1871 1599,1866 1611,1870 1617,1866 1623,1866 1629,1873 1643,1872 1651,1877 1665,1874 1684,1877 1696,1885 1723,1882 1741,1874 1779,1886 1787,1884 1792,1878 1828,1880 1841,1878 1854,1884 1862,1884 1867,1878 1908,1885 1944,1883 1964,1888 1982,1886 1988,1890 1997,1890 2017,1883 2037,1885 2044,1882 2056,1882 2064,1886 2081,1887 2087,1892 2101,1891 2106,1887 2170,1890 2171,1894 2179,1897 2193,1895 2197,1891 2259,1891 2258,1838 2201,1836 2199,1832 2190,1829 2172,1831 2167,1836 2151,1840 2113,1833 2103,1826 2088,1826 2076,1830 2058,1826 2052,1833 2040,1826 2019,1827 2014,1830 2007,1825 1996,1825 1984,1836 1970,1837 1958,1826 1950,1830 1906,1828 1899,1822 1874,1820 1815,1824 1808,1819 1787,1817 1776,1826 1769,1827 1745,1817 1727,1821 1718,1815 1707,1815 1686,1817 1677,1821 1624,1822 1621,1831 1615,1832 1610,1824 1589,1830 1581,1820 1571,1819 1565,1814 1555,1814 1543,1819 1528,1817 1523,1812 1506,1811 1497,1815 1494,1812 1470,1812"/>
        <Baseline points="825,1854 962,1850 2259,1881"/>
        <Word id="word_1679301045037_2610" custom="readingOrder {index:0;}">
          <Coords points="844,1814 847,1814 877,1815 887,1809 905,1809 909,1816 929,1817 979,1818 986,1811 997,1811 997,1860 844,1856"/>
          <TextEquiv>
            <Unicode>„6000.</Unicode>
          </TextEquiv>
        </Word>
        <Word id="region0005_line0022_word0001" custom="readingOrder {index:1;} unclear {offset:0; length:2;}">
          <Coords points="1064,1809 1035,1809 1033,1806 1018,1805 1016,1863 1027,1869 1040,1869 1045,1865 1052,1870 1062,1866"/>
          <TextEquiv>
            <Unicode>Ꝿ.</Unicode>
          </TextEquiv>
        </Word>
        <Word id="region0005_line0022_word0002" custom="readingOrder {index:2;}">
          <Coords points="1078,1817 1077,1866 1122,1868 1124,1871 1146,1872 1147,1869 1212,1867 1239,1871 1242,1869 1243,1821 1192,1820 1188,1820 1181,1819 1151,1819 1151,1819 1148,1820 1141,1819"/>
          <TextEquiv conf="0.8074082">
            <Unicode>Capital,</Unicode>
          </TextEquiv>
        </Word>
        <Word id="region0005_line0022_word0003" custom="readingOrder {index:3;}">
          <Coords points="1333,1818 1267,1816 1265,1816 1265,1866 1268,1865 1295,1868 1300,1872 1308,1867 1315,1869 1320,1866 1332,1866"/>
          <TextEquiv conf="0.9318502">
            <Unicode>und</Unicode>
          </TextEquiv>
        </Word>
        <Word id="word_1679301058495_2620" custom="readingOrder {index:4;}">
          <Coords points="1343,1814 1581,1820 1589,1830 1610,1824 1615,1832 1621,1831 1624,1822 1626,1821 1677,1822 1677,1875 1665,1874 1651,1877 1643,1872 1629,1873 1623,1866 1617,1866 1611,1870 1599,1866 1591,1871 1586,1867 1581,1876 1576,1876 1540,1875 1532,1883 1524,1881 1519,1875 1511,1875 1503,1880 1496,1880 1492,1871 1480,1871 1470,1882 1466,1881 1457,1874 1382,1874 1350,1872 1341,1869"/>
          <TextEquiv>
            <Unicode>Ruͤckſtaͤndigen</Unicode>
          </TextEquiv>
        </Word>
        <Word id="region0005_line0022_word0005" custom="readingOrder {index:5;}">
          <Coords points="1701,1818 1699,1884 1723,1882 1741,1874 1779,1886 1787,1884 1792,1878 1828,1880 1837,1878 1838,1822 1815,1824 1811,1821 1782,1820 1776,1826 1769,1827 1750,1819 1735,1819 1727,1821 1723,1818"/>
          <TextEquiv conf="0.92693985">
            <Unicode>Zinſen</Unicode>
          </TextEquiv>
        </Word>
        <Word id="region0005_line0022_word0006" custom="readingOrder {index:6;}">
          <Coords points="2108,1842 1855,1835 1853,1884 1854,1884 1862,1884 1867,1878 1908,1885 1944,1883 1964,1888 1982,1886 1988,1890 1997,1890 2017,1883 2037,1885 2044,1882 2056,1882 2064,1886 2081,1887 2087,1892 2101,1891 2106,1887 2106,1887"/>
          <TextEquiv conf="0.9302279">
            <Unicode>Gerichtlich</Unicode>
          </TextEquiv>
        </Word>
        <Word id="region0005_line0022_word0007" custom="readingOrder {index:7;}">
          <Coords points="2255,1846 2129,1843 2127,1888 2170,1890 2171,1894 2179,1897 2193,1895 2197,1891 2253,1891"/>
          <TextEquiv>
            <Unicode>ach⸗</Unicode>
          </TextEquiv>
        </Word>
        <TextEquiv>
          <Unicode>„6000. Ꝿ. Capital, und Ruͤckſtaͤndigen Zinſen Gerichtlich ach⸗</Unicode>
        </TextEquiv>
      </TextLine>
      <TextLine id="region0005_line0023" custom="readingOrder {index:22;}">
        <Coords points="1617,1867 1611,1871 1599,1867 1586,1879 1539,1879 1532,1884 1524,1882 1519,1876 1511,1876 1503,1881 1496,1881 1492,1872 1480,1872 1470,1883 1458,1877 1340,1874 1335,1868 1320,1867 1315,1870 1308,1868 1300,1873 1295,1869 1268,1866 1252,1870 1249,1874 1142,1877 1095,1873 1089,1867 1076,1868 1073,1872 1064,1868 1031,1872 1008,1872 1005,1866 984,1867 974,1871 969,1864 959,1861 945,1862 936,1870 894,1869 889,1865 879,1865 873,1870 825,1872 824,1925 831,1927 931,1926 935,1930 944,1928 950,1922 956,1922 963,1926 981,1926 994,1933 1010,1936 1038,1924 1055,1924 1060,1927 1060,1931 1074,1934 1081,1931 1083,1926 1096,1923 1117,1923 1159,1930 1181,1927 1240,1929 1253,1935 1276,1935 1282,1930 1295,1931 1304,1926 1318,1927 1321,1934 1327,1936 1347,1928 1382,1932 1396,1922 1401,1924 1408,1932 1415,1925 1436,1930 1446,1928 1452,1921 1459,1922 1475,1937 1483,1937 1495,1928 1508,1934 1521,1929 1541,1935 1597,1935 1617,1941 1634,1937 1641,1943 1647,1943 1665,1935 1691,1934 1698,1940 1699,1945 1703,1946 1715,1945 1732,1938 1749,1938 1758,1946 1777,1946 1804,1933 1817,1934 1823,1938 1838,1934 1869,1940 1909,1941 1920,1937 1944,1941 1948,1944 1958,1940 1972,1941 1979,1945 2006,1946 2258,1951 2258,1896 2199,1894 2181,1898 2149,1893 2087,1893 2082,1890 2065,1888 2056,1883 2044,1883 2037,1886 2017,1884 1997,1891 1988,1891 1982,1887 1964,1889 1950,1888 1944,1884 1934,1883 1927,1887 1900,1886 1897,1882 1867,1879 1862,1885 1848,1884 1841,1879 1828,1881 1814,1879 1779,1887 1769,1883 1757,1883 1751,1876 1741,1875 1723,1883 1696,1886 1665,1875 1653,1878 1643,1873 1629,1874 1623,1867"/>
        <Baseline points="824,1915 1480,1918 2258,1941"/>
        <Word id="word_1679301086644_2635" custom="readingOrder {index:0;}">
          <Coords points="844,1871 879,1865 943,1864 1089,1867 1108,1874 1107,1923 1082,1929 842,1922"/>
          <TextEquiv>
            <Unicode>„terfolget/</Unicode>
          </TextEquiv>
        </Word>
        <Word id="region0005_line0023_word0002" custom="readingOrder {index:1;}">
          <Coords points="1294,1873 1251,1872 1249,1874 1142,1877 1101,1873 1099,1923 1117,1923 1136,1926 1178,1927 1181,1927 1240,1929 1241,1929 1281,1931 1282,1930 1292,1931"/>
          <TextEquiv conf="0.9278426">
            <Unicode>worauff</Unicode>
          </TextEquiv>
        </Word>
        <Word id="region0005_line0023_word0003" custom="readingOrder {index:2;}">
          <Coords points="1389,1876 1299,1874 1297,1929 1304,1926 1318,1927 1319,1931 1337,1931 1347,1928 1382,1932 1387,1928"/>
          <TextEquiv conf="0.9278426">
            <Unicode>ihm</Unicode>
          </TextEquiv>
        </Word>
        <Word id="region0005_line0023_word0004" custom="readingOrder {index:3;}">
          <Coords points="1399,1878 1397,1922 1401,1924 1408,1932 1415,1925 1436,1930 1446,1928 1452,1921 1459,1922 1475,1937 1483,1937 1495,1928 1496,1928 1497,1881 1496,1881 1495,1879 1473,1879 1470,1883 1462,1879"/>
          <TextEquiv conf="0.9183243">
            <Unicode>auch</Unicode>
          </TextEquiv>
        </Word>
        <Word id="region0005_line0023_word0005" custom="readingOrder {index:4;}">
          <Coords points="1582,1889 1506,1887 1505,1932 1508,1934 1521,1929 1541,1935 1581,1935"/>
          <TextEquiv conf="0.93238825">
            <Unicode>der</Unicode>
          </TextEquiv>
        </Word>
        <Word id="region0005_line0023_word0006" custom="readingOrder {index:5;}">
          <Coords points="1596,1872 1594,1935 1597,1935 1617,1941 1634,1937 1641,1943 1647,1943 1665,1935 1691,1934 1698,1940 1699,1945 1703,1946 1715,1945 1732,1938 1748,1938 1750,1876 1739,1875 1723,1883 1696,1886 1665,1875 1653,1878 1643,1873 1640,1873 1629,1874 1627,1872"/>
          <TextEquiv conf="0.88917536">
            <Unicode>Ringk</Unicode>
          </TextEquiv>
        </Word>
        <Word id="region0005_line0023_word0007" custom="readingOrder {index:6;}">
          <Coords points="1760,1886 1758,1946 1777,1946 1804,1933 1817,1934 1823,1938 1838,1934 1869,1940 1909,1941 1920,1937 1944,1941 1948,1944 1958,1940 1958,1940 1960,1891 1781,1887 1779,1887 1778,1886"/>
          <TextEquiv conf="0.92076486">
            <Unicode>geliefert.</Unicode>
          </TextEquiv>
        </Word>
        <Word id="word_1679301100126_2642" custom="readingOrder {index:7;}">
          <Coords points="1995,1892 2068,1893 2068,1946 1994,1945"/>
          <TextEquiv>
            <Unicode>Ob</Unicode>
          </TextEquiv>
        </Word>
        <Word id="word_1679301100126_2641" custom="readingOrder {index:8;}">
          <Coords points="2068,1893 2114,1895 2113,1948 2068,1946"/>
          <TextEquiv>
            <Unicode>er</Unicode>
          </TextEquiv>
        </Word>
        <Word id="region0005_line0023_word0009" custom="readingOrder {index:9;}">
          <Coords points="2126,1906 2213,1908 2212,1950 2125,1948"/>
          <TextEquiv conf="0.9231198">
            <Unicode>nun</Unicode>
          </TextEquiv>
        </Word>
        <TextEquiv>
          <Unicode>„terfolget/ worauff ihm auch der Ringk geliefert. Ob er nun</Unicode>
        </TextEquiv>
      </TextLine>
      <TextLine id="region0005_line0024" custom="readingOrder {index:23;}">
        <Coords points="1452,1922 1446,1929 1436,1931 1415,1926 1408,1933 1401,1925 1396,1923 1382,1933 1347,1929 1327,1937 1321,1935 1315,1927 1300,1928 1294,1935 1276,1936 1253,1936 1240,1930 1226,1931 1222,1935 1193,1934 1188,1929 1173,1929 1170,1933 1151,1929 1138,1932 1136,1927 1115,1924 1096,1924 1074,1935 1059,1932 1055,1925 1038,1925 1010,1937 963,1929 956,1923 950,1923 944,1929 935,1931 887,1930 883,1927 874,1927 869,1930 825,1930 824,1984 903,1984 917,1981 934,1983 939,1980 954,1983 1035,1983 1037,1989 1043,1990 1056,1980 1066,1980 1071,1984 1082,1983 1083,1989 1088,1991 1115,1982 1126,1986 1157,1986 1159,1991 1169,1993 1179,1985 1205,1984 1216,1984 1220,1988 1261,1989 1311,1984 1319,1989 1336,1990 1357,1984 1373,1985 1380,1988 1437,1993 1445,1987 1465,1990 1483,1987 1500,1991 1507,1987 1516,1988 1522,1984 1529,1989 1528,1997 1534,2000 1544,1999 1564,2002 1579,1991 1590,1996 1674,1994 1677,1999 1690,2001 1701,1994 1707,1995 1716,1991 1733,1993 1751,2006 1760,2007 1769,2006 1778,1994 1792,1992 1811,1995 1824,1992 1841,1994 1846,1997 1854,1996 1856,2001 1866,2004 1882,1996 1906,1997 1916,1993 1928,1999 1952,1997 1957,2001 1965,2001 1974,1998 2006,1997 2153,2003 2259,2002 2258,1959 2021,1952 1981,1947 1972,1942 1943,1945 1940,1942 1918,1938 1909,1942 1901,1941 1898,1943 1881,1943 1880,1939 1869,1941 1843,1935 1831,1937 1824,1942 1817,1935 1804,1934 1777,1947 1728,1942 1703,1947 1699,1946 1691,1935 1665,1936 1647,1944 1635,1940 1602,1940 1597,1936 1585,1936 1580,1940 1530,1935 1521,1930 1513,1935 1495,1929 1483,1938 1475,1938 1459,1923"/>
        <Baseline points="825,1972 1063,1970 2258,1992"/>
        <Word id="word_1679301117805_2657" custom="readingOrder {index:0;}">
          <Coords points="840,1930 874,1927 950,1923 956,1923 1055,1925 1091,1926 1188,1929 1197,1934 1195,1984 1176,1988 1175,1988 1104,1986 1035,1984 839,1978"/>
          <TextEquiv>
            <Unicode>„wolverhoffet/</Unicode>
          </TextEquiv>
        </Word>
        <Word id="region0005_line0024_word0002" custom="readingOrder {index:1;}">
          <Coords points="1195,1936 1240,1937 1239,1979 1194,1978"/>
          <TextEquiv conf="0.9169769">
            <Unicode>es</Unicode>
          </TextEquiv>
        </Word>
        <Word id="region0005_line0024_word0003" custom="readingOrder {index:2;}">
          <Coords points="1401,1925 1396,1923 1382,1933 1347,1929 1327,1937 1321,1935 1315,1927 1300,1928 1294,1935 1247,1935 1245,1987 1311,1984 1319,1989 1336,1990 1357,1984 1373,1985 1380,1988 1400,1989"/>
          <TextEquiv conf="0.9169769">
            <Unicode>wuͤrde</Unicode>
          </TextEquiv>
        </Word>
        <Word id="region0005_line0024_word0004" custom="readingOrder {index:3;}">
          <Coords points="1449,1926 1446,1929 1436,1931 1430,1930 1428,1992 1437,1993 1445,1987 1465,1990 1483,1987 1500,1991 1507,1987 1516,1988 1522,1984 1529,1989 1528,1997 1530,1998 1568,1999 1579,1991 1590,1996 1634,1995 1636,1940 1635,1940 1602,1940 1597,1936 1585,1936 1580,1940 1530,1935 1521,1930 1513,1935 1495,1929 1483,1938 1475,1938 1462,1926"/>
          <TextEquiv conf="0.92407835">
            <Unicode>Beklagter</Unicode>
          </TextEquiv>
        </Word>
        <Word id="region0005_line0024_word0005" custom="readingOrder {index:4;}">
          <Coords points="1659,1941 1657,1994 1674,1994 1676,1998 1693,1998 1701,1994 1707,1995 1716,1991 1730,1992 1732,1943 1724,1942 1703,1947 1699,1946 1696,1942"/>
          <TextEquiv conf="0.92407835">
            <Unicode>ihn</Unicode>
          </TextEquiv>
        </Word>
        <Word id="region0005_line0024_word0006" custom="readingOrder {index:5;}">
          <Coords points="1798,1936 1777,1947 1743,1943 1742,1999 1751,2006 1760,2007 1769,2006 1778,1994 1792,1992 1811,1995 1824,1992 1841,1994 1846,1997 1854,1996 1856,2001 1866,2004 1882,1996 1906,1997 1916,1993 1928,1999 1952,1997 1957,2001 1965,2001 1974,1998 1984,1997 1985,1947 1981,1947 1972,1942 1943,1945 1940,1942 1931,1940 1913,1939 1909,1942 1901,1941 1898,1943 1881,1943 1880,1939 1869,1941 1857,1938 1830,1937 1824,1942 1819,1937"/>
          <TextEquiv conf="0.9096482">
            <Unicode>gebuͤhrlich</Unicode>
          </TextEquiv>
        </Word>
        <Word id="region0005_line0024_word0007" custom="readingOrder {index:6;}">
          <Coords points="2008,1966 2213,1971 2213,2000 2008,1995"/>
          <TextEquiv conf="0.6338207">
            <Unicode>contentie-</Unicode>
          </TextEquiv>
        </Word>
        <TextEquiv>
          <Unicode>„wolverhoffet/ es wuͤrde Beklagter ihn gebuͤhrlich contentie-</Unicode>
        </TextEquiv>
      </TextLine>
      <TextLine id="region0005_line0025" custom="readingOrder {index:24;}">
        <Coords points="1916,1994 1897,1998 1882,1997 1866,2005 1847,2000 1841,1995 1824,1993 1811,1999 1804,1993 1792,1993 1774,1998 1769,2007 1760,2008 1751,2007 1747,2002 1726,1993 1716,1992 1690,2002 1659,1999 1652,1995 1639,1994 1633,1998 1590,1997 1579,1992 1564,2003 1532,2000 1526,2007 1519,2007 1517,2001 1519,1997 1527,1996 1528,1989 1524,1985 1516,1989 1507,1988 1498,1996 1483,1988 1468,1989 1460,1994 1456,1988 1445,1988 1437,1994 1376,1992 1373,1986 1357,1985 1339,1992 1318,1991 1311,1985 1303,1985 1288,1991 1277,1987 1267,1991 1230,1992 1222,1992 1216,1985 1205,1985 1198,1991 1179,1986 1169,1994 1163,1994 1156,1987 1148,1986 1140,1985 1134,1990 1128,1990 1118,1983 1106,1987 1101,1986 1093,1992 1071,1988 1066,1981 1056,1981 1043,1991 1018,1984 1004,1988 955,1987 955,1984 946,1981 939,1981 932,1987 927,1982 917,1982 910,1986 824,1985 824,2033 825,2039 860,2044 866,2040 920,2040 922,2043 932,2045 941,2039 951,2041 964,2038 974,2043 994,2042 1004,2039 1019,2040 1023,2044 1090,2042 1103,2048 1108,2044 1147,2046 1183,2042 1188,2045 1206,2046 1208,2050 1219,2055 1231,2055 1248,2046 1269,2046 1281,2042 1297,2043 1303,2048 1316,2047 1319,2044 1424,2047 1430,2053 1444,2053 1452,2048 1458,2053 1465,2054 1475,2046 1484,2046 1492,2039 1502,2047 1507,2048 1519,2039 1535,2043 1538,2039 1546,2040 1547,2043 1565,2051 1573,2044 1582,2049 1590,2043 1597,2050 1611,2049 1618,2054 1706,2052 1712,2058 1723,2059 1752,2043 1757,2050 1765,2049 1773,2054 1794,2055 1799,2049 1807,2048 1821,2060 1829,2062 1839,2060 1846,2054 1893,2055 1902,2047 1914,2058 1942,2060 1953,2065 1992,2059 2011,2063 2158,2066 2162,2072 2170,2074 2180,2072 2185,2066 2259,2069 2258,2008 2212,2007 2208,2004 2196,2004 2190,2007 2186,2003 2170,2002 2157,2008 2151,2008 2147,2003 2133,2003 2129,2009 2101,2009 2061,2007 2055,2001 2045,2001 2039,2005 1997,2002 1994,1999 1974,1999 1965,2002 1957,2002 1952,1998 1928,2000"/>
        <Baseline points="824,2027 1744,2040 2259,2058"/>
        <Word id="region0005_line0025_word0000" custom="readingOrder {index:0;}">
          <Coords points="916,1982 910,1986 839,1985 838,2035 945,2038 947,1983 936,1982 932,1987 927,1982"/>
          <TextEquiv conf="0.58678955">
            <Unicode>„ret/</Unicode>
          </TextEquiv>
        </Word>
        <Word id="region0005_line0025_word0001" custom="readingOrder {index:1;}">
          <Coords points="964,1988 1023,1990 1022,2034 963,2032"/>
          <TextEquiv conf="0.6277169">
            <Unicode>und</Unicode>
          </TextEquiv>
        </Word>
        <Word id="region0005_line0025_word0002" custom="readingOrder {index:2;}">
          <Coords points="1052,1984 1048,1987 1046,2043 1090,2042 1102,2047 1104,2047 1108,2044 1147,2046 1183,2042 1188,2045 1206,2046 1208,2050 1208,2050 1239,2051 1248,2046 1269,2046 1281,2042 1285,2042 1286,1990 1285,1990 1270,1990 1267,1991 1230,1992 1222,1992 1219,1988 1202,1988 1198,1991 1184,1987 1177,1987 1169,1994 1163,1994 1156,1987 1153,1987 1138,1986 1134,1990 1128,1990 1122,1986 1110,1986 1106,1987 1101,1986 1093,1992 1071,1988 1069,1985"/>
          <TextEquiv conf="0.9297843">
            <Unicode>befriediget</Unicode>
          </TextEquiv>
        </Word>
        <Word id="word_1679301144375_2664" custom="readingOrder {index:3;}">
          <Coords points="1294,1991 1425,1994 1451,1995 1450,2049 1445,2052 1434,2052 1302,2047 1293,2043"/>
          <TextEquiv>
            <Unicode>haben/</Unicode>
          </TextEquiv>
        </Word>
        <Word id="region0005_line0025_word0005" custom="readingOrder {index:4;}">
          <Coords points="1500,1998 1460,1997 1459,2052 1467,2052 1475,2046 1484,2046 1492,2039 1499,2044"/>
          <TextEquiv conf="0.9296566">
            <Unicode>ſo</Unicode>
          </TextEquiv>
        </Word>
        <Word id="region0005_line0025_word0006" custom="readingOrder {index:5;}">
          <Coords points="1509,1991 1507,2048 1519,2039 1535,2043 1538,2039 1546,2040 1547,2043 1561,2049 1566,2049 1573,2044 1582,2049 1590,2043 1597,2050 1611,2049 1613,2050 1630,2051 1631,1997 1590,1997 1580,1992 1578,1992 1564,2003 1532,2000 1526,2007 1519,2007 1517,2001 1519,1997 1527,1996 1527,1991"/>
          <TextEquiv>
            <Unicode>waͤre</Unicode>
          </TextEquiv>
        </Word>
        <Word id="region0005_line0025_word0007" custom="readingOrder {index:6;}">
          <Coords points="1735,2004 1641,2001 1640,2053 1706,2052 1712,2058 1723,2059 1734,2052"/>
          <TextEquiv conf="0.93233734">
            <Unicode>doch</Unicode>
          </TextEquiv>
        </Word>
        <Word id="region0005_line0025_word0008" custom="readingOrder {index:7;}">
          <Coords points="1746,2005 1745,2046 1752,2043 1757,2050 1765,2049 1773,2054 1794,2055 1799,2049 1807,2048 1821,2060 1829,2062 1839,2060 1846,2054 1892,2054 1893,2009 1769,2005 1769,2007 1760,2008 1751,2007 1749,2005"/>
          <TextEquiv>
            <Unicode>ſolches</Unicode>
          </TextEquiv>
        </Word>
        <Word id="region0005_line0025_word0009" custom="readingOrder {index:8;}">
          <Coords points="1971,2009 1908,2007 1907,2051 1914,2058 1942,2060 1953,2065 1970,2062"/>
          <TextEquiv conf="0.927818">
            <Unicode>biß</Unicode>
          </TextEquiv>
        </Word>
        <Word id="region0005_line0025_word0010" custom="readingOrder {index:9;}">
          <Coords points="1994,2000 1992,2059 2011,2063 2075,2064 2076,2007 2061,2007 2055,2001 2044,2001 2039,2005 1997,2002 1995,2000"/>
          <TextEquiv conf="0.92655104">
            <Unicode>dato</Unicode>
          </TextEquiv>
        </Word>
        <Word id="region0005_line0025_word0011" custom="readingOrder {index:10;}">
          <Coords points="2210,2017 2100,2014 2099,2065 2158,2066 2162,2072 2170,2074 2170,2074 2180,2072 2185,2066 2208,2067"/>
          <TextEquiv conf="0.9295214">
            <Unicode>nicht</Unicode>
          </TextEquiv>
        </Word>
        <TextEquiv>
          <Unicode>„ret/ und befriediget haben/ ſo waͤre doch ſolches biß dato nicht</Unicode>
        </TextEquiv>
      </TextLine>
      <TextLine id="region0005_line0026" custom="readingOrder {index:25;}">
        <Coords points="1902,2048 1895,2052 1893,2061 1848,2060 1829,2063 1821,2061 1807,2049 1799,2050 1794,2056 1784,2054 1779,2058 1761,2050 1748,2059 1730,2057 1712,2059 1618,2055 1611,2050 1597,2051 1590,2044 1582,2050 1573,2045 1565,2052 1547,2044 1546,2041 1538,2040 1535,2044 1519,2040 1514,2042 1507,2052 1502,2051 1502,2048 1492,2040 1484,2047 1475,2047 1465,2055 1455,2052 1439,2055 1425,2051 1303,2049 1297,2044 1281,2043 1264,2049 1245,2050 1231,2056 1190,2051 1183,2043 1169,2042 1155,2049 1122,2048 1108,2045 1103,2049 1090,2043 1078,2048 1055,2048 1024,2046 1014,2040 1004,2040 991,2045 975,2045 964,2039 951,2042 941,2040 932,2046 918,2043 825,2046 824,2099 855,2099 859,2105 879,2103 884,2108 895,2106 898,2101 912,2101 915,2105 922,2106 928,2106 932,2101 947,2100 952,2105 960,2106 972,2100 1003,2100 1010,2105 1017,2105 1022,2100 1040,2101 1041,2108 1051,2116 1060,2109 1061,2102 1071,2102 1087,2105 1098,2102 1162,2103 1163,2106 1172,2108 1184,2102 1294,2105 1305,2100 1340,2102 1344,2099 1367,2103 1404,2101 1417,2105 1437,2104 1471,2109 1508,2109 1516,2115 1540,2116 1549,2109 1568,2109 1580,2105 1601,2113 1605,2107 1725,2112 1748,2109 1762,2110 1765,2114 1790,2119 1799,2117 1806,2110 1860,2104 1906,2107 1911,2110 1913,2119 1918,2121 1930,2121 1943,2114 1953,2113 2016,2114 2039,2116 2041,2121 2052,2124 2063,2122 2065,2118 2098,2122 2109,2118 2120,2126 2134,2117 2258,2121 2258,2076 2227,2075 2222,2070 2213,2069 2207,2074 2170,2075 2008,2069 2006,2063 2001,2060 1988,2061 1983,2067 1953,2066 1912,2062 1912,2058"/>
        <Baseline points="824,2087 1870,2095 2060,2107 2258,2110"/>
        <Word id="word_1679301168595_2684" custom="readingOrder {index:0;}">
          <Coords points="838,2046 941,2040 964,2039 1014,2040 1090,2043 1096,2046 1095,2095 1060,2107 856,2101 836,2099"/>
          <TextEquiv>
            <Unicode>„geſchehen/</Unicode>
          </TextEquiv>
        </Word>
        <Word id="region0005_line0026_word0002" custom="readingOrder {index:1;}">
          <Coords points="1105,2095 1255,2100 1256,2049 1245,2050 1231,2056 1190,2051 1183,2043 1169,2042 1155,2049 1122,2048 1108,2045 1106,2046"/>
          <TextEquiv conf="0.9283609">
            <Unicode>dahero</Unicode>
          </TextEquiv>
        </Word>
        <Word id="region0005_line0026_word0003" custom="readingOrder {index:2;}">
          <Coords points="1272,2046 1267,2047 1267,2093 1331,2095 1331,2049 1303,2049 1300,2047"/>
          <TextEquiv conf="0.93218476">
            <Unicode>Er</Unicode>
          </TextEquiv>
        </Word>
        <Word id="region0005_line0026_word0004" custom="readingOrder {index:3;}">
          <Coords points="1491,2040 1484,2047 1475,2047 1465,2055 1455,2052 1439,2055 1425,2051 1340,2050 1338,2102 1340,2102 1344,2099 1367,2103 1404,2101 1417,2105 1437,2104 1471,2109 1508,2109 1510,2110 1546,2111 1549,2109 1568,2109 1580,2105 1600,2113 1601,2113 1605,2107 1609,2107 1611,2050 1597,2051 1590,2044 1582,2050 1573,2045 1565,2052 1547,2044 1546,2042 1537,2042 1535,2044 1525,2041 1516,2041 1514,2042 1507,2052 1502,2051 1502,2048 1493,2041"/>
          <TextEquiv>
            <Unicode>veranlaſſet/</Unicode>
          </TextEquiv>
        </Word>
        <Word id="region0005_line0026_word0005" custom="readingOrder {index:4;}">
          <Coords points="1757,2052 1748,2059 1730,2057 1712,2059 1627,2055 1626,2107 1725,2112 1748,2109 1762,2110 1765,2114 1773,2115 1799,2116 1806,2110 1823,2108 1824,2061 1821,2061 1812,2053 1796,2053 1794,2056 1784,2054 1779,2058 1766,2052"/>
          <TextEquiv conf="0.9274163">
            <Unicode>vermoͤge</Unicode>
          </TextEquiv>
        </Word>
        <Word id="region0005_line0026_word0006" custom="readingOrder {index:5;}">
          <Coords points="1898,2049 1895,2052 1893,2061 1848,2060 1837,2061 1837,2099 1905,2101 1905,2051 1903,2049"/>
          <TextEquiv>
            <Unicode>art.</Unicode>
          </TextEquiv>
        </Word>
        <Word id="region0005_line0026_word0007" custom="readingOrder {index:6;}">
          <Coords points="1954,2075 1919,2074 1918,2119 1933,2119 1943,2114 1953,2113 1953,2113"/>
          <TextEquiv conf="0.746481">
            <Unicode>3.</Unicode>
          </TextEquiv>
        </Word>
        <Word id="region0005_line0026_word0008" custom="readingOrder {index:7;}">
          <Coords points="1984,2065 1983,2067 1973,2067 1971,2113 2010,2114 2016,2114 2017,2114 2037,2117 2039,2073 2008,2069 2007,2066"/>
          <TextEquiv conf="0.8361403">
            <Unicode>tit.</Unicode>
          </TextEquiv>
        </Word>
        <Word id="region0005_line0026_word0009" custom="readingOrder {index:8;}">
          <Coords points="2104,2072 2057,2070 2056,2123 2063,2122 2065,2118 2098,2122 2103,2120"/>
          <TextEquiv conf="0.8361403">
            <Unicode>42.</Unicode>
          </TextEquiv>
        </Word>
        <Word id="region0005_line0026_word0010" custom="readingOrder {index:9;}">
          <Coords points="2153,2082 2120,2081 2119,2121 2127,2121 2134,2117 2152,2117"/>
          <TextEquiv conf="0.8522786">
            <Unicode>p.</Unicode>
          </TextEquiv>
        </Word>
        <Word id="region0005_line0026_word0011" custom="readingOrder {index:10;}">
          <Coords points="2170,2075 2219,2076 2218,2111 2169,2110"/>
          <TextEquiv conf="0.7906941">
            <Unicode>1.</Unicode>
          </TextEquiv>
        </Word>
        <TextEquiv>
          <Unicode>„geſchehen/ dahero Er veranlaſſet/ vermoͤge art. 3. tit. 42. p. 1.</Unicode>
        </TextEquiv>
      </TextLine>
      <TextLine id="region0005_line0027" custom="readingOrder {index:26;}">
        <Coords points="1860,2105 1845,2108 1839,2113 1804,2114 1790,2120 1779,2119 1764,2114 1601,2114 1580,2106 1564,2112 1547,2113 1540,2117 1516,2116 1446,2110 1437,2105 1428,2104 1420,2108 1404,2102 1391,2104 1379,2102 1361,2107 1358,2101 1344,2100 1338,2104 1325,2101 1305,2101 1294,2106 1255,2108 1184,2103 1172,2109 1153,2107 1094,2108 1093,2105 1081,2106 1071,2103 1067,2109 1061,2109 1051,2117 1041,2109 1011,2107 1003,2101 972,2101 960,2107 949,2105 894,2107 884,2109 879,2104 827,2106 825,2157 854,2158 872,2151 888,2154 954,2154 965,2151 988,2150 1090,2157 1104,2161 1299,2163 1305,2160 1321,2164 1375,2163 1380,2168 1390,2169 1399,2164 1414,2164 1420,2165 1422,2171 1437,2175 1445,2173 1448,2166 1465,2164 1497,2166 1501,2176 1518,2178 1535,2174 1540,2168 1559,2168 1562,2172 1571,2173 1580,2171 1582,2167 1683,2168 1695,2163 1702,2163 1711,2173 1716,2174 1730,2167 1744,2170 1749,2167 1805,2168 1830,2164 1835,2164 1847,2175 1854,2175 1860,2170 1889,2167 1898,2178 1911,2172 1948,2175 1955,2172 1995,2180 2000,2175 2072,2179 2086,2176 2147,2182 2164,2173 2179,2177 2188,2177 2191,2173 2203,2169 2258,2169 2258,2130 2210,2127 2167,2122 2155,2118 2134,2118 2120,2127 2110,2121 2052,2125 2028,2121 2016,2115 1996,2114 1989,2120 1958,2120 1953,2115 1944,2115 1930,2122 1918,2122 1912,2119 1910,2110 1906,2108 1890,2107 1881,2113 1874,2113 1869,2108"/>
        <Baseline points="825,2143 963,2140 1507,2157 1801,2154 2071,2165 2258,2161"/>
        <Word id="region0005_line0027_word0000" custom="readingOrder {index:0;}">
          <Coords points="835,2138 959,2141 959,2106 949,2105 894,2107 884,2109 879,2104 835,2105"/>
          <TextEquiv>
            <Unicode>„Stat.</Unicode>
          </TextEquiv>
        </Word>
        <Word id="region0005_line0027_word0001" custom="readingOrder {index:1;}">
          <Coords points="971,2143 1115,2147 1116,2108 1094,2108 1093,2105 1081,2106 1071,2103 1067,2109 1061,2109 1051,2117 1041,2109 1011,2107 1003,2101 972,2101 972,2101"/>
          <TextEquiv conf="0.9106912">
            <Unicode>Hamb.</Unicode>
          </TextEquiv>
        </Word>
        <Word id="region0005_line0027_word0002" custom="readingOrder {index:2;}">
          <Coords points="1183,2103 1172,2109 1153,2107 1124,2107 1124,2147 1205,2149 1205,2104 1193,2103"/>
          <TextEquiv conf="0.92713964">
            <Unicode>mit</Unicode>
          </TextEquiv>
        </Word>
        <Word id="region0005_line0027_word0003" custom="readingOrder {index:3;}">
          <Coords points="1219,2107 1287,2109 1286,2152 1218,2150"/>
          <TextEquiv conf="0.9300861">
            <Unicode>der</Unicode>
          </TextEquiv>
        </Word>
        <Word id="region0005_line0027_word0004" custom="readingOrder {index:4;}">
          <Coords points="1342,2101 1338,2104 1325,2101 1305,2101 1294,2106 1291,2106 1291,2162 1299,2163 1305,2160 1321,2164 1375,2163 1378,2166 1394,2166 1399,2164 1414,2164 1420,2165 1420,2167 1447,2168 1448,2166 1465,2164 1497,2166 1498,2169 1537,2170 1540,2168 1557,2168 1557,2112 1547,2113 1540,2117 1516,2116 1446,2110 1437,2105 1428,2104 1420,2108 1406,2103 1398,2102 1391,2104 1381,2102 1378,2102 1361,2107 1358,2101"/>
          <TextEquiv conf="0.9198497">
            <Unicode>Entſetzunge</Unicode>
          </TextEquiv>
        </Word>
        <Word id="region0005_line0027_word0005" custom="readingOrder {index:5;}">
          <Coords points="1571,2109 1564,2112 1564,2112 1563,2164 1684,2168 1695,2163 1700,2163 1701,2114 1601,2114 1590,2110"/>
          <TextEquiv conf="0.9254622">
            <Unicode>ferner</Unicode>
          </TextEquiv>
        </Word>
        <Word id="region0005_line0027_word0006" custom="readingOrder {index:6;}">
          <Coords points="1761,2125 1710,2123 1709,2170 1710,2172 1719,2172 1730,2167 1744,2170 1749,2167 1760,2167"/>
          <TextEquiv conf="0.8346686">
            <Unicode>zu</Unicode>
          </TextEquiv>
        </Word>
        <Word id="word_1679301216252_2711" custom="readingOrder {index:7;}">
          <Coords points="1768,2115 1994,2115 2011,2116 2009,2175 1995,2180 1994,2180 1897,2177 1847,2175 1767,2167"/>
          <TextEquiv>
            <Unicode>verfahren/</Unicode>
          </TextEquiv>
        </Word>
        <Word id="region0005_line0027_word0009" custom="readingOrder {index:8;}">
          <Coords points="2011,2126 2107,2128 2106,2175 2010,2173"/>
          <TextEquiv conf="0.9279488">
            <Unicode>dero</Unicode>
          </TextEquiv>
        </Word>
        <Word id="region0005_line0027_word0010" custom="readingOrder {index:9;}">
          <Coords points="2208,2132 2114,2130 2113,2178 2152,2178 2164,2173 2179,2177 2188,2177 2191,2173 2203,2169 2207,2169"/>
          <TextEquiv conf="0.9109378">
            <Unicode>Be⸗</Unicode>
          </TextEquiv>
        </Word>
        <TextEquiv>
          <Unicode>„Stat. Hamb. mit der Entſetzunge ferner zu verfahren/ dero Be⸗</Unicode>
        </TextEquiv>
      </TextLine>
      <TextLine id="region0005_line0028" custom="readingOrder {index:27;}">
        <Coords points="2198,2172 2188,2178 2179,2178 2164,2174 2147,2183 2118,2183 2116,2180 2086,2177 2071,2183 1986,2181 1966,2173 1955,2173 1949,2177 1926,2173 1922,2176 1897,2179 1889,2168 1871,2170 1867,2175 1847,2176 1835,2165 1830,2165 1818,2166 1811,2172 1799,2173 1778,2170 1747,2172 1730,2168 1715,2175 1711,2174 1702,2164 1695,2164 1677,2170 1578,2172 1571,2174 1551,2174 1518,2179 1473,2175 1471,2169 1465,2165 1448,2167 1445,2174 1437,2176 1405,2170 1384,2170 1375,2165 1322,2168 1312,2161 1302,2162 1292,2168 1158,2167 965,2152 945,2155 938,2160 901,2161 890,2159 885,2153 872,2152 854,2159 825,2158 824,2210 832,2213 858,2214 868,2211 879,2217 901,2211 924,2214 940,2212 946,2220 962,2222 970,2220 972,2216 1000,2215 1076,2219 1084,2216 1102,2218 1132,2215 1148,2220 1243,2222 1311,2218 1340,2221 1496,2218 1556,2223 1567,2232 1576,2233 1590,2222 1603,2225 1654,2226 1662,2222 1687,2223 1692,2228 1702,2229 1714,2222 1719,2224 1732,2219 1746,2226 1761,2216 1768,2216 1773,2220 1776,2230 1793,2223 1800,2227 1806,2226 1807,2231 1816,2234 1822,2233 1828,2226 1840,2223 1870,2229 1872,2233 1881,2236 1890,2235 1897,2230 1911,2232 1926,2228 1947,2240 1957,2237 1960,2233 2004,2234 2043,2238 2065,2233 2080,2234 2086,2238 2258,2240 2259,2178 2209,2177"/>
        <Baseline points="824,2198 1212,2210 1706,2211 2258,2229"/>
        <Word id="region0005_line0028_word0000" custom="readingOrder {index:0;}">
          <Coords points="835,2203 978,2207 979,2153 965,2152 945,2155 938,2160 901,2161 890,2159 885,2153 872,2152 854,2159 836,2158"/>
          <TextEquiv conf="0.9274372">
            <Unicode>„hueff</Unicode>
          </TextEquiv>
        </Word>
        <Word id="region0005_line0028_word0001" custom="readingOrder {index:1;}">
          <Coords points="988,2155 987,2201 1049,2203 1050,2158 1014,2155"/>
          <TextEquiv conf="0.92792124">
            <Unicode>Er</Unicode>
          </TextEquiv>
        </Word>
        <Word id="word_1679301270649_2720" custom="readingOrder {index:2;}">
          <Coords points="1058,2159 1158,2167 1176,2167 1176,2205 1058,2202"/>
          <TextEquiv>
            <Unicode>dann</Unicode>
          </TextEquiv>
        </Word>
        <Word id="word_1679301270649_2719" custom="readingOrder {index:3;}">
          <Coords points="1176,2167 1267,2167 1266,2208 1176,2205"/>
          <TextEquiv>
            <Unicode>nun</Unicode>
          </TextEquiv>
        </Word>
        <Word id="region0005_line0028_word0003" custom="readingOrder {index:4;}">
          <Coords points="1312,2161 1302,2162 1292,2168 1279,2168 1277,2206 1342,2208 1344,2167 1322,2168 1312,2161"/>
          <TextEquiv conf="0.9036088">
            <Unicode>ein</Unicode>
          </TextEquiv>
        </Word>
        <Word id="region0005_line0028_word0004" custom="readingOrder {index:5;}">
          <Coords points="1456,2166 1448,2167 1445,2174 1437,2176 1405,2170 1384,2170 1375,2165 1354,2166 1354,2205 1553,2211 1554,2174 1551,2174 1518,2179 1473,2175 1471,2169 1467,2166"/>
          <TextEquiv conf="0.8316027">
            <Unicode>Proclama</Unicode>
          </TextEquiv>
        </Word>
        <Word id="region0005_line0028_word0005" custom="readingOrder {index:6;}">
          <Coords points="1617,2179 1566,2177 1565,2226 1583,2226 1590,2222 1603,2225 1616,2225"/>
          <TextEquiv conf="0.9189132">
            <Unicode>zu</Unicode>
          </TextEquiv>
        </Word>
        <Word id="region0005_line0028_word0006" custom="readingOrder {index:7;}">
          <Coords points="1678,2169 1677,2170 1627,2170 1626,2224 1656,2224 1662,2222 1687,2223 1689,2225 1706,2226 1714,2222 1719,2224 1732,2219 1746,2226 1755,2219 1757,2172 1750,2171 1747,2172 1745,2171 1723,2170 1715,2175 1711,2174 1707,2170"/>
          <TextEquiv conf="0.9189132">
            <Unicode>rechte</Unicode>
          </TextEquiv>
        </Word>
        <Word id="word_1679301295323_2739" custom="readingOrder {index:8;}">
          <Coords points="1765,2171 1789,2171 1966,2173 1972,2175 1971,2233 1947,2240 1813,2233 1776,2230 1763,2216"/>
          <TextEquiv>
            <Unicode>geſuchet/</Unicode>
          </TextEquiv>
        </Word>
        <Word id="region0005_line0028_word0009" custom="readingOrder {index:9;}">
          <Coords points="1989,2182 2095,2185 2094,2232 1988,2229"/>
          <TextEquiv conf="0.87323374">
            <Unicode>damit</Unicode>
          </TextEquiv>
        </Word>
        <Word id="region0005_line0028_word0010" custom="readingOrder {index:10;}">
          <Coords points="2196,2172 2188,2178 2179,2178 2164,2174 2147,2183 2121,2183 2120,2238 2202,2239 2203,2174 2199,2172"/>
          <TextEquiv conf="0.87323374">
            <Unicode>alle</Unicode>
          </TextEquiv>
        </Word>
        <TextEquiv>
          <Unicode>„hueff Er dann nun ein Proclama zu rechte geſuchet/ damit alle</Unicode>
        </TextEquiv>
      </TextLine>
      <TextLine id="region0005_line0029" custom="readingOrder {index:28;}">
        <Coords points="1761,2217 1753,2225 1754,2230 1745,2229 1735,2220 1714,2223 1702,2230 1692,2229 1687,2224 1607,2227 1590,2223 1576,2234 1567,2233 1561,2229 1508,2228 1496,2219 1484,2219 1475,2224 1463,2221 1458,2225 1427,2219 1415,2226 1364,2228 1336,2227 1328,2220 1311,2219 1291,2222 1285,2228 1224,2229 1183,2226 1177,2220 1159,2220 1153,2224 1145,2224 1143,2220 1132,2216 1116,2218 1110,2223 1102,2222 1096,2217 1084,2217 1079,2222 1018,2222 1014,2217 1000,2216 994,2221 962,2223 946,2221 940,2213 928,2214 923,2219 912,2218 905,2212 893,2213 889,2216 879,2218 868,2212 858,2215 825,2212 825,2269 921,2271 924,2276 935,2277 943,2272 972,2272 985,2267 996,2268 1002,2273 1010,2265 1015,2265 1019,2269 1025,2269 1031,2279 1043,2274 1062,2273 1076,2282 1094,2274 1103,2274 1104,2278 1114,2282 1119,2281 1126,2274 1141,2274 1300,2276 1361,2283 1374,2279 1410,2280 1415,2286 1423,2286 1429,2280 1478,2281 1484,2286 1493,2286 1502,2281 1540,2284 1565,2278 1598,2279 1611,2283 1635,2279 1652,2280 1673,2285 1772,2284 1773,2288 1784,2291 1798,2284 1808,2286 1840,2283 1853,2283 1858,2286 1878,2285 1881,2288 1900,2290 1911,2295 1918,2295 1925,2290 2061,2294 2063,2298 2072,2301 2091,2293 2137,2296 2183,2295 2196,2289 2208,2293 2259,2291 2258,2245 2179,2241 2116,2243 2087,2241 2080,2235 2065,2234 2044,2239 2002,2234 1995,2238 1958,2237 1947,2241 1926,2229 1917,2230 1912,2236 1893,2234 1881,2237 1873,2234 1856,2233 1855,2228 1840,2224 1828,2227 1822,2234 1816,2235 1801,2232 1800,2228 1793,2224 1776,2231 1773,2221 1768,2217"/>
        <Baseline points="825,2257 1731,2271 2036,2282 2258,2281"/>
        <Word id="word_1679301307182_2746" custom="readingOrder {index:0;}">
          <Coords points="834,2212 905,2212 1092,2217 1092,2267 1075,2267 834,2258"/>
          <TextEquiv>
            <Unicode>„diejenige/</Unicode>
          </TextEquiv>
        </Word>
        <Word id="region0005_line0029_word0002" custom="readingOrder {index:1;}">
          <Coords points="1110,2266 1149,2267 1149,2224 1145,2224 1143,2220 1132,2216 1116,2218 1110,2222"/>
          <TextEquiv conf="0.9216625">
            <Unicode>ſo</Unicode>
          </TextEquiv>
        </Word>
        <Word id="region0005_line0029_word0003" custom="readingOrder {index:2;}">
          <Coords points="1160,2256 1338,2261 1338,2227 1336,2227 1328,2220 1311,2219 1291,2222 1285,2228 1224,2229 1183,2226 1177,2220 1160,2220"/>
          <TextEquiv>
            <Unicode>Intereſſe</Unicode>
          </TextEquiv>
        </Word>
        <Word id="region0005_line0029_word0004" custom="readingOrder {index:3;}">
          <Coords points="1354,2229 1408,2231 1407,2269 1353,2267"/>
          <TextEquiv conf="0.8811706">
            <Unicode>an</Unicode>
          </TextEquiv>
        </Word>
        <Word id="region0005_line0029_word0005" custom="readingOrder {index:4;}">
          <Coords points="1427,2219 1417,2225 1416,2274 1564,2278 1565,2278 1598,2279 1598,2279 1629,2280 1630,2280 1631,2226 1607,2227 1594,2224 1589,2224 1576,2234 1567,2233 1561,2229 1508,2228 1499,2221 1481,2221 1475,2224 1463,2221 1458,2225 1429,2219"/>
          <TextEquiv>
            <Unicode>ſothaneln</Unicode>
          </TextEquiv>
        </Word>
        <Word id="region0005_line0029_word0006" custom="readingOrder {index:5;}">
          <Coords points="1743,2227 1735,2220 1714,2223 1702,2230 1692,2229 1687,2224 1653,2225 1652,2280 1673,2285 1742,2284"/>
          <TextEquiv conf="0.9198545">
            <Unicode>Erbe</Unicode>
          </TextEquiv>
        </Word>
        <Word id="word_1679301332284_2762" custom="readingOrder {index:6;}">
          <Coords points="1773,2223 1840,2224 1928,2234 1926,2288 1784,2291 1773,2288 1772,2284"/>
          <TextEquiv>
            <Unicode>haben/</Unicode>
          </TextEquiv>
        </Word>
        <Word id="region0005_line0029_word0009" custom="readingOrder {index:7;}">
          <Coords points="1943,2240 1942,2284 2027,2286 2028,2242 1949,2240 1947,2241 1945,2240"/>
          <TextEquiv conf="0.9320467">
            <Unicode>und</Unicode>
          </TextEquiv>
        </Word>
        <Word id="region0005_line0029_word0010" custom="readingOrder {index:8;}">
          <Coords points="2046,2239 2044,2294 2061,2294 2061,2294 2086,2295 2091,2293 2115,2295 2117,2243 2116,2243 2087,2241 2086,2240"/>
          <TextEquiv conf="0.9253521">
            <Unicode>ihn</Unicode>
          </TextEquiv>
        </Word>
        <Word id="region0005_line0029_word0011" custom="readingOrder {index:9;}">
          <Coords points="2127,2248 2203,2250 2202,2289 2126,2287"/>
          <TextEquiv conf="0.5101008">
            <Unicode>we⸗</Unicode>
          </TextEquiv>
        </Word>
        <TextEquiv>
          <Unicode>„diejenige/ ſo Intereſſe an ſothaneln Erbe haben/ und ihn we⸗</Unicode>
        </TextEquiv>
      </TextLine>
      <TextLine id="region0005_line0030" custom="readingOrder {index:29;}">
        <Coords points="2195,2290 2178,2298 2109,2299 2103,2294 2091,2294 2085,2300 2072,2302 2064,2299 1960,2296 1955,2293 1911,2296 1885,2291 1877,2286 1866,2286 1860,2291 1853,2284 1840,2284 1826,2288 1811,2285 1806,2289 1793,2289 1784,2292 1771,2288 1660,2288 1652,2281 1635,2280 1623,2287 1603,2285 1598,2280 1586,2280 1580,2285 1565,2279 1540,2285 1508,2282 1493,2287 1444,2286 1441,2282 1429,2281 1423,2287 1415,2287 1410,2281 1399,2282 1393,2286 1383,2280 1374,2280 1365,2282 1363,2288 1351,2288 1338,2288 1332,2280 1318,2278 1312,2287 1266,2278 1195,2282 1171,2281 1166,2277 1156,2277 1150,2281 1146,2275 1141,2275 1125,2275 1119,2282 1114,2283 1105,2280 1085,2279 1075,2283 1061,2274 1051,2274 1031,2280 1025,2270 1010,2266 1001,2274 1001,2278 996,2269 985,2268 970,2273 966,2278 824,2277 824,2319 825,2334 849,2332 857,2340 865,2340 870,2336 881,2337 890,2332 961,2331 993,2331 1003,2342 1019,2343 1026,2341 1034,2333 1052,2332 1115,2335 1125,2343 1136,2343 1145,2337 1250,2336 1284,2337 1292,2346 1304,2346 1312,2337 1346,2336 1408,2339 1413,2348 1424,2349 1432,2340 1506,2342 1535,2346 1540,2351 1551,2352 1558,2348 1609,2342 1618,2342 1624,2349 1634,2349 1641,2342 1686,2345 1694,2352 1707,2353 1720,2345 1765,2344 1820,2345 1825,2351 1834,2351 1839,2347 1859,2348 1863,2354 1881,2354 1886,2348 1912,2348 2069,2353 2258,2355 2258,2292 2212,2294"/>
        <Baseline points="824,2322 2258,2346"/>
        <Word id="region0005_line0030_word0000" custom="readingOrder {index:0;}">
          <Coords points="830,2321 937,2324 937,2277 830,2277"/>
          <TextEquiv conf="0.925429">
            <Unicode>„gen</Unicode>
          </TextEquiv>
        </Word>
        <Word id="region0005_line0030_word0001" custom="readingOrder {index:1;}">
          <Coords points="949,2326 1216,2334 1217,2280 1195,2282 1171,2281 1166,2277 1156,2277 1150,2281 1146,2275 1141,2275 1125,2275 1119,2282 1114,2283 1105,2280 1085,2279 1075,2283 1061,2274 1051,2274 1031,2280 1025,2270 1010,2266 1001,2274 1001,2278 996,2269 985,2268 970,2273 966,2278 950,2277"/>
          <TextEquiv conf="0.92617774">
            <Unicode>obgedachten</Unicode>
          </TextEquiv>
        </Word>
        <Word id="word_1679301343270_2768" custom="readingOrder {index:2;}">
          <Coords points="1235,2279 1243,2279 1429,2281 1441,2282 1445,2286 1444,2340 1428,2344 1424,2344 1235,2333"/>
          <TextEquiv>
            <Unicode>Capitals/</Unicode>
          </TextEquiv>
        </Word>
        <Word id="region0005_line0030_word0004" custom="readingOrder {index:3;}">
          <Coords points="1468,2287 1530,2288 1529,2332 1467,2331"/>
          <TextEquiv conf="0.93101615">
            <Unicode>und</Unicode>
          </TextEquiv>
        </Word>
        <Word id="region0005_line0030_word0005" custom="readingOrder {index:4;}">
          <Coords points="1674,2288 1660,2288 1652,2281 1635,2280 1623,2287 1603,2285 1598,2280 1586,2280 1580,2285 1565,2279 1550,2283 1548,2348 1558,2348 1558,2348 1609,2342 1618,2342 1624,2349 1634,2349 1641,2342 1672,2344"/>
          <TextEquiv conf="0.9264727">
            <Unicode>Zinſen</Unicode>
          </TextEquiv>
        </Word>
        <Word id="region0005_line0030_word0006" custom="readingOrder {index:5;}">
          <Coords points="1745,2297 1696,2296 1695,2346 1717,2346 1720,2345 1744,2344"/>
          <TextEquiv conf="0.9317621">
            <Unicode>zu</Unicode>
          </TextEquiv>
        </Word>
        <Word id="region0005_line0030_word0007" custom="readingOrder {index:6;}">
          <Coords points="1754,2290 1753,2344 1765,2344 1820,2345 1823,2348 1836,2349 1839,2347 1859,2348 1860,2349 1883,2350 1886,2348 1912,2348 1936,2348 1937,2295 1928,2294 1911,2296 1900,2294 1787,2290 1784,2292 1779,2290"/>
          <TextEquiv conf="0.9296177">
            <Unicode>entſetzen</Unicode>
          </TextEquiv>
        </Word>
        <Word id="word_1679301354780_2775" custom="readingOrder {index:7;}">
          <Coords points="1946,2293 2195,2290 2204,2292 2203,2354 2199,2354 2178,2354 1946,2348"/>
          <TextEquiv>
            <Unicode>vermeinen/</Unicode>
          </TextEquiv>
        </Word>
        <TextEquiv>
          <Unicode>„gen obgedachten Capitals/ und Zinſen zu entſetzen vermeinen/</Unicode>
        </TextEquiv>
      </TextLine>
      <TextLine id="region0006_line0001" custom="readingOrder {index:30;}">
        <Coords points="1801,2336 1794,2345 1767,2341 1762,2345 1695,2345 1687,2338 1678,2338 1672,2345 1651,2345 1612,2344 1607,2333 1595,2332 1587,2333 1577,2344 1531,2345 1367,2334 1317,2342 1298,2341 1293,2337 1285,2337 1278,2342 1225,2341 1164,2339 1160,2333 1151,2329 1141,2329 1132,2338 1051,2337 1043,2328 1032,2329 1026,2337 968,2335 960,2328 950,2328 944,2334 930,2333 927,2328 906,2327 900,2332 893,2328 863,2327 852,2336 826,2343 825,2389 850,2390 857,2397 866,2397 874,2391 899,2390 905,2398 918,2399 926,2391 1293,2398 1351,2405 1356,2409 1369,2410 1376,2406 1397,2406 1440,2400 1521,2401 1529,2411 1542,2413 1555,2411 1564,2402 1578,2401 1658,2403 1664,2411 1674,2411 1681,2404 1796,2404 1823,2405 1830,2415 1842,2416 1851,2406 1907,2407 1912,2417 1924,2418 1935,2408 2039,2412 2131,2411 2159,2403 2181,2403 2192,2396 2202,2398 2207,2393 2216,2395 2216,2353 2155,2349 2140,2346 2134,2349 2115,2346 2067,2353 2044,2350 2038,2354 1995,2354 1989,2344 1970,2344 1961,2352 1939,2351 1937,2345 1928,2340 1919,2340 1905,2349 1854,2347 1846,2338 1837,2337 1826,2342"/>
        <Baseline points="825,2380 1993,2400 2216,2391"/>
        <Word id="region0006_line0001_word0000" custom="readingOrder {index:0;}">
          <Coords points="829,2381 927,2384 928,2331 927,2328 906,2327 900,2332 893,2328 863,2327 852,2336 830,2341"/>
          <TextEquiv conf="0.8115651">
            <Unicode>„ſich</Unicode>
          </TextEquiv>
        </Word>
        <Word id="region0006_line0001_word0001" custom="readingOrder {index:1;}">
          <Coords points="946,2331 945,2332 945,2377 989,2378 989,2335 968,2335 963,2331"/>
          <TextEquiv conf="0.9286605">
            <Unicode>in</Unicode>
          </TextEquiv>
        </Word>
        <Word id="region0006_line0001_word0002" custom="readingOrder {index:2;}">
          <Coords points="1030,2330 1026,2337 1011,2336 1011,2379 1118,2382 1118,2337 1051,2337 1045,2330"/>
          <TextEquiv>
            <Unicode>einer</Unicode>
          </TextEquiv>
        </Word>
        <Word id="region0006_line0001_word0003" custom="readingOrder {index:3;}">
          <Coords points="1136,2333 1135,2334 1135,2383 1343,2389 1345,2339 1337,2338 1317,2342 1298,2341 1293,2337 1284,2337 1278,2342 1225,2341 1164,2339 1160,2333"/>
          <TextEquiv conf="0.9280042">
            <Unicode>benanten</Unicode>
          </TextEquiv>
        </Word>
        <Word id="region0006_line0001_word0004" custom="readingOrder {index:4;}">
          <Coords points="1452,2343 1359,2340 1357,2399 1430,2401 1440,2400 1450,2400"/>
          <TextEquiv conf="0.92924887">
            <Unicode>Zeit</Unicode>
          </TextEquiv>
        </Word>
        <Word id="word_1679301377299_2788" custom="readingOrder {index:5;}">
          <Coords points="1473,2341 1579,2340 1676,2340 1689,2340 1693,2344 1692,2404 1674,2411 1669,2411 1523,2404 1472,2400"/>
          <TextEquiv>
            <Unicode>angeben/</Unicode>
          </TextEquiv>
        </Word>
        <Word id="region0006_line0001_word0007" custom="readingOrder {index:6;}">
          <Coords points="1709,2353 1796,2355 1794,2401 1707,2399"/>
          <TextEquiv conf="0.92913735">
            <Unicode>und</Unicode>
          </TextEquiv>
        </Word>
        <Word id="region0006_line0001_word0008" custom="readingOrder {index:7;}">
          <Coords points="1897,2353 1804,2351 1802,2404 1823,2405 1827,2411 1845,2412 1851,2406 1895,2406"/>
          <TextEquiv conf="0.9252437">
            <Unicode>ihre</Unicode>
          </TextEquiv>
        </Word>
        <Word id="region0006_line0001_word0009" custom="readingOrder {index:8;}">
          <Coords points="2093,2359 1913,2354 1911,2415 1926,2415 1935,2408 2039,2412 2091,2411"/>
          <TextEquiv conf="0.9281543">
            <Unicode>habende</Unicode>
          </TextEquiv>
        </Word>
        <Word id="region0006_line0001_word0010" custom="readingOrder {index:9;}">
          <Coords points="2195,2365 2106,2363 2105,2411 2113,2411 2131,2411 2159,2403 2181,2403 2192,2396 2194,2396"/>
          <TextEquiv conf="0.67247725">
            <Unicode>Be⸗</Unicode>
          </TextEquiv>
        </Word>
        <TextEquiv>
          <Unicode>„ſich in einer benanten Zeit angeben/ und ihre habende Be⸗</Unicode>
        </TextEquiv>
      </TextLine>
      <TextEquiv>
        <Unicode>8. Hierauf rufft der Hr. Gerichts⸗Voigt: Jſt jemand/ der“
Titium in Mevii Erbe entſetzen wil?
9. Wann ſich niemand meldet/ ſo wird das Proclama von
dem præſidirenden graduirten Hr. Deputierten des Nieder⸗Ge⸗
richts ex tempore, oder ſtehendes Fueſſes/ mit dem Worte:
Erkant/ erlaubet; und von dem Actuario ausgefertiget.
10. Fuͤr ſolche Ausfertigunge/ und daß es am Rathhauſe
affigieret/ oder angehaͤnget wird/ empfaͤnget gedachter Herr
Actuarius 5. Ꝿ. 5. Ꞵ.
11. Es lautet aber ein ſolches proclama, wie aus folgendem
Formular, welches ich von einem Exemplar/ das vor dem Rath⸗
hauſe angehefftet geweſen/ abſchreiben laſſen/ jedoch allhie mit
ertichteten des Klaͤgers/ und Beklagten Nahmen herſetzen
wollen/ zu vernehmen.
„12. Wir Marcus Peterſſen/ und Petrus von Laͤngerken/
„J.U.L. Rathmanne/ und itzige Gerichts⸗Verwaltere der
„Stadt Hamburg/ fuͤegen hiemit zu wiſſen/ was maſſen uns
„Tutius durch ſeinen Anwald Gerichtlich zu vernehmen gege⸗
„ben wie daß Er A. 1691. Mevii Bekl. Brau⸗Erbe mit denen
„10. Wohnungen in der Brauerſtraſſen/ zwiſchen der Kirchen
„St. Jacobi Erbe/ und dem Caland zum Dhum belegen/ wegen
„6000. Ꝿ. Capital, und Ruͤckſtaͤndigen Zinſen Gerichtlich ach⸗
„terfolget/ worauff ihm auch der Ringk geliefert. Ob er nun
„wolverhoffet/ es wuͤrde Beklagter ihn gebuͤhrlich contentie-
„ret/ und befriediget haben/ ſo waͤre doch ſolches biß dato nicht
„geſchehen/ dahero Er veranlaſſet/ vermoͤge art. 3. tit. 42. p. 1.
„Stat. Hamb. mit der Entſetzunge ferner zu verfahren/ dero Be⸗
„hueff Er dann nun ein Proclama zu rechte geſuchet/ damit alle
„diejenige/ ſo Intereſſe an ſothaneln Erbe haben/ und ihn we⸗
„gen obgedachten Capitals/ und Zinſen zu entſetzen vermeinen/
„ſich in einer benanten Zeit angeben/ und ihre habende Be⸗</Unicode>
      </TextEquiv>
    </TextRegion>
  </Page>
</PcGts>
