1688 2655
808 649 949 686 Fünftes
966 643 1237 694 Hauptſtück.

537 721 605 753 Von
619 721 677 754 den
691 721 865 756 kirchlichen
882 721 1014 757 Rechten
1028 726 1081 758 der
1095 724 1292 762 Mittelbaren
1306 726 1349 759 im
1360 728 1473 762 Lande.

930 838 964 871 §.
984 839 1069 870 138.

436 915 685 961 Einzelne
711 914 924 955 kirchliche
944 916 1110 964 Rechte,
1135 917 1417 961 insbeſondere
1446 921 1511 961 die

484 979 639 1028 Aufſicht
664 980 764 1016 über
780 979 959 1017 mehrere
979 978 1169 1038 Kirchen,
1208 982 1296 1022 und
1322 983 1386 1023 die
1407 981 1514 1025 kirch-

482 1045 564 1080 liche
593 1044 854 1083 Gerichtbarkeit
885 1042 950 1093 (ius
981 1043 1189 1097 conſiſtorii)
1212 1047 1378 1086 können
1409 1047 1510 1087 auch

481 1116 564 1141 von
582 1106 847 1154 Ausgezogenen
867 1109 1043 1152 (exemtis)
1061 1111 1099 1155 a)
1114 1109 1202 1146 und
1219 1109 1371 1149 andern
1389 1110 1512 1151 Land-

470 1160 605 1225 ſaſſen,
643 1173 831 1219 vermöge
863 1172 1102 1212 beſonderer
1135 1175 1344 1226 Vergleiche,
1387 1179 1511 1229 Obſer-

479 1245 630 1264 vanzen,
679 1227 911 1276 Konceſſionen
946 1220 1035 1264 und
1051 1228 1178 1265 einer
1211 1229 1506 1273 unvordenklichen

487 1292 729 1346 Verjährung,
752 1294 959 1334 erworben
977 1296 1144 1337 worden
1162 1296 1258 1348 ſeyn
1279 1296 1328 1351 b).

914 1447 956 1494 §.
971 1447 1053 1494 139.

574 1531 652 1570 Die
666 1527 996 1579 landesherrliche
1026 1531 1231 1585 Verleihung
1249 1532 1300 1571 iſt
1321 1546 1421 1583 enge
1438 1535 1500 1573 zu

471 1588 755 1634 interpretiren
769 1589 812 1629 c).
872 1587 1151 1627 Insbeſondere
1166 1590 1274 1627 muſs
1293 1593 1357 1629 die
1372 1595 1500 1632 kirch-

469 1650 571 1686 liche
593 1646 902 1695 Gerichtbarkeit
920 1648 1149 1689 ausdrücklich
1173 1650 1374 1692 verliehen
1401 1651 1498 1705 ſeyn

467 1717 518 1755 d).
570 1712 697 1752 Dabei
714 1711 804 1750 ſind
821 1713 961 1762 jedoch
978 1715 1106 1756 ſolche
1126 1715 1281 1765 Rechte,
1303 1717 1361 1755 im
1379 1722 1497 1760 zwei-

1359 1789 1494 1828 felhaf-

507 1875 542 1910 a)
576 1872 644 1907 Chr.
674 1872 771 1909 Gottl.
797 1874 947 1908 Biener
968 1876 1031 1918 diſſ.
1060 1877 1096 1909 de
1122 1878 1280 1912 territorio
1296 1878 1491 1921 ſubalterno,

542 1922 773 1962 ſuperioritatis
795 1919 990 1954 territorialis
1009 1922 1126 1954 aemulo
1150 1921 1232 1965 Lipſ.
1252 1932 1344 1966 1779.

506 1980 542 2029 b)
563 1977 589 2025 I.
600 1974 640 2023 H.
660 1975 870 2021 Böhmer's
886 1975 936 2014 ius
952 1978 1046 2013 eccleſ.
1064 1969 1244 2015 Proteſtant.
1262 1966 1313 2023 lib.
1331 1976 1356 2018 I.
1380 1977 1429 2021 tit.
1439 1979 1492 2024 23.

547 2042 647 2079 §.29.
669 2037 713 2079 (§.
734 2039 788 2072 50.
807 2041 849 2077 c.)

504 2091 535 2125 c)
562 2088 711 2124 Cramer's
727 2090 876 2123 Nebenſt.
896 2098 967 2126 III.
985 2094 1050 2127 Th.
1066 2092 1163 2125 Num.
1173 2096 1204 2132 8.

500 2145 543 2188 d)
543 2141 755 2191 Wernher
779 2141 814 2176 P.
831 2140 893 2175 IX.
919 2143 978 2184 obſ.
1004 2144 1056 2180 85.
1099 2142 1249 2179 Horn's
1273 2138 1398 2191 iurispr.
1417 2146 1489 2187 feu-

542 2196 603 2226 dal.
640 2204 704 2236 cap.
722 2202 755 2236 7.
785 2195 805 2235 §.
817 2196 876 2241 12.
926 2207 957 2231 v.
991 2198 1070 2232 Buri
1102 2201 1255 2235 Erläuter.
1283 2203 1337 2234 des
1371 2203 1485 2236 Lehnr.

540 2251 572 2288 S.
583 2250 657 2289 671.
678 2249 703 2281 f.
746 2250 774 2287 I.
794 2249 836 2287 H.
856 2249 1066 2287 Böhmer's
1086 2253 1136 2285 ius
1160 2252 1256 2295 eccleſ.
1281 2254 1370 2300 Prot.
1391 2256 1439 2289 lib.
1457 2255 1484 2289 I.

1436 2305 1486 2339 tit.
