1650 2786
448 553 552 602 gleich
566 559 642 596 und
651 550 980 604 Verhaͤltnißmaͤßig
991 553 1159 606 gemiſchet
1170 560 1317 603 werden,
1342 560 1412 598 aus
1426 557 1492 598 die⸗

455 606 501 651 ſer
520 603 850 654 Zuſammenſetzung
872 605 961 646 keine
979 607 1114 652 Weiße
1133 597 1398 657 hervorkommt;
1423 606 1492 654 alſo

453 655 546 695 kann
564 653 648 700 auch
667 653 764 702 dieſer
788 655 1003 699 moraliſche
1017 654 1212 705 Jnſtinkt,
1238 645 1388 702 woferne
1405 648 1492 703 nicht

451 712 504 751 die
525 711 625 757 erſten
638 710 891 759 Leidenſchaften
910 716 981 752 und
992 710 1185 760 Begierden
1201 711 1291 760 wohl
1307 708 1493 761 gemaͤßiget

451 764 525 803 und
543 761 601 801 ins
620 755 879 814 Gleichgewicht
900 756 1050 815 gebracht
1068 767 1221 811 werden,
1248 762 1307 812 ſich
1322 761 1375 804 nie
1390 762 1490 812 durch

451 814 523 854 eine
539 812 640 860 ſtarke
656 817 726 855 und
742 814 907 863 merkliche
921 814 1104 861 Wirkung
1123 815 1339 863 hervorthun.
1366 813 1491 860 Wenn

453 871 490 905 es
507 864 565 913 ſich
589 875 661 906 nun
677 867 741 907 mit
763 871 834 906 dem
854 865 1069 914 moraliſchen
1091 867 1197 911 Trieb
1226 871 1257 917 ſo
1276 865 1429 916 verhaͤlt;
1456 869 1490 917 ſo

453 920 492 962 iſt
507 930 540 959 er
555 917 708 968 offenbar
721 928 782 959 vor
799 921 858 969 ſich
881 919 998 959 alleine
1021 928 1057 966 zu
1075 918 1228 967 ſchwach,
1244 919 1353 968 durch
1384 920 1492 969 ſeinen

452 971 595 1020 Einfluß
619 972 669 1012 die
683 973 825 1020 Uebung
841 976 896 1012 der
908 970 1056 1020 Tugend
1078 983 1122 1020 zu
1136 972 1272 1014 wirken.

526 1020 655 1064 Wenn
684 1020 734 1061 die
755 1020 969 1070 moraliſche
996 1019 1265 1072 Empfindung
1286 1029 1341 1068 zur
1361 1017 1489 1070 Regel,

449 1078 524 1117 und
550 1074 744 1122 beſonders,
777 1082 877 1114 wenn
907 1073 947 1123 ſie
972 1083 1029 1123 zur
1052 1075 1194 1125 einzigen
1214 1076 1327 1116 Regel
1343 1076 1490 1125 gemacht

450 1126 539 1162 wird;
589 1123 620 1167 ſo
639 1121 677 1168 iſt
691 1126 727 1162 es
748 1120 984 1169 nothwendig,
1008 1122 1074 1169 daß
1083 1118 1199 1177 deſſen
1215 1110 1417 1179 Richtigkeit,
1436 1124 1489 1165 wie

451 1177 540 1216 einer
559 1172 665 1222 Regel
690 1172 873 1221 zukommt,
901 1174 1050 1220 bekannt
1065 1180 1137 1217 und
1154 1180 1209 1216 der
1229 1165 1348 1224 Menſch
1365 1175 1489 1225 derſel⸗

452 1230 515 1271 ben
534 1230 750 1280 vergewiſſert
765 1231 831 1281 ſey:
846 1231 955 1274 Allein
972 1231 1074 1280 dieſes
1082 1231 1180 1273 kann
1196 1231 1254 1280 bey
1273 1226 1367 1282 einem
1381 1227 1490 1280 Athei⸗

452 1285 519 1331 ſten
543 1273 630 1328 nicht
653 1282 739 1330 ſeyn.
816 1283 936 1327 Denn
931 1277 977 1336 ſo
1013 1273 1117 1332 lange
1146 1282 1234 1332 nicht
1256 1283 1490 1332 eingeſtanden

449 1334 559 1379 wird,
591 1332 655 1376 daß
679 1333 776 1378 unſer
809 1330 944 1386 Daſeyn
968 1331 1048 1376 eine
1074 1332 1209 1381 gewiſſe
1225 1323 1358 1381 Abſicht
1385 1334 1489 1381 habe;

449 1388 484 1433 ſo
507 1385 595 1425 kann
625 1382 862 1428 nimmermehr
872 1379 1049 1435 gezeiget
1063 1381 1196 1434 werden,
1232 1385 1297 1430 daß
1321 1385 1389 1427 eine
1412 1386 1488 1430 Be⸗

448 1435 558 1483 gierde
582 1432 816 1482 rechtmaͤßiger
841 1434 908 1483 ſey,
939 1428 996 1477 als
1025 1435 1075 1480 die
1100 1438 1238 1480 andere,
1261 1437 1312 1474 ob
1316 1429 1369 1486 ſie
1376 1436 1489 1485 ſchon

449 1489 610 1529 einander
632 1477 788 1535 entgegen
811 1486 883 1536 ſind
904 1491 965 1530 und
981 1477 1079 1536 neben
1115 1487 1272 1530 einander
1291 1487 1377 1537 nicht
1394 1490 1488 1540 beſte⸗

450 1542 514 1585 hen
547 1539 692 1578 koͤnnen.
768 1538 954 1586 Diejenige
978 1536 1148 1588 Begierde
1170 1537 1239 1587 alſo,
1248 1536 1410 1588 welche
1428 1528 1488 1585 am

451 1595 620 1644 heftigſten
638 1594 702 1643 auf
716 1593 782 1643 ihre
792 1594 959 1643 Stillung
968 1596 1047 1646 und
1057 1592 1265 1644 Saͤttigung
1265 1593 1395 1645 dringt,
1406 1593 1489 1642 muß

449 1649 513 1680 vor
535 1643 590 1679 die
607 1642 826 1687 rechtmaͤßige
857 1639 1002 1686 gehalten
1033 1643 1168 1683 werden,
1193 1631 1245 1694 ſo
1261 1630 1321 1694 ſehr
1357 1639 1401 1690 ſie
1402 1634 1485 1688 auch

448 1699 537 1748 ſonſt
553 1702 608 1738 der
620 1691 837 1746 moraliſchen
854 1698 1091 1750 Empfindung
1107 1697 1255 1746 zuwider
1276 1697 1323 1746 iſt.
1358 1698 1486 1746 Doch

449 1750 541 1803 laſſet
556 1755 626 1791 uns
642 1751 746 1799 ſetzen,
763 1753 829 1799 daß
850 1750 928 1797 dieſe
943 1750 1134 1801 moraliſche
1152 1752 1387 1801 Empfindung
1400 1753 1487 1802 nicht

448 1804 482 1848 ſo
498 1799 589 1846 leicht
604 1800 666 1839 mit
681 1804 809 1840 andern
827 1798 1022 1848 Begierden
1043 1800 1244 1849 verwechſelt
1260 1804 1391 1843 werden
1407 1800 1487 1843 koͤn⸗

449 1863 503 1892 ne.
553 1850 654 1900 Laſſet
675 1855 747 1892 uns
764 1841 1127 1900 annehmen,
993 1847 1057 1906 daß
1077 1847 1137 1906 ſie
1140 1856 1208 1890 von
1239 1855 1369 1896 andern
1389 1852 1486 1900 abge⸗

450 1907 580 1956 ſondert
601 1904 749 1951 erhalten
766 1905 1029 1954 werden
926 1905 1025 1954 koͤnne,
1039 1905 1115 1947 weil
1130 1907 1169 1954 ſie
1184 1913 1246 1947 vor
1263 1909 1324 1946 den
1345 1903 1487 1954 uͤbrigen

449 1957 529 2004 dieſe
549 1952 721 2001 beſondere
737 1952 1037 2003 Eigenſchaft
972 1952 1048 2009 hat,
1065 1955 1131 2005 daß
1147 1953 1187 2002 ſie
1210 1954 1272 1996 mit
1290 1952 1375 2000 einer
1399 1945 1485 2004 gan⸗

448 2019 511 2052 zen
525 2009 604 2046 oder
620 2003 821 2054 wenigſtens
838 2003 901 2043 mit
912 2004 1000 2046 einer
1016 2005 1176 2056 voͤlligen
1187 2005 1259 2046 Art
1283 2012 1371 2046 oder
1388 1999 1486 2048 Gat⸗

449 2072 541 2104 tung
557 2070 592 2109 zu
618 2061 705 2103 thun
729 2062 811 2113 hat;
835 2059 1044 2111 dahingegen
1059 2058 1123 2105 die
1139 2065 1268 2105 andern
1291 2064 1485 2112 Begierden

448 2123 512 2154 vor
528 2114 598 2158 ſich
615 2112 722 2151 allein
739 2114 816 2152 oder
840 2111 896 2155 bey
913 2111 1025 2150 einem
1037 2114 1195 2158 einzigen
1207 2111 1387 2169 Menſchen
1407 2113 1526 2154 blei⸗

450 2170 526 2213 ben,
534 2166 591 2211 (ᵏ)
605 2161 814 2214 ohnerachtet
829 2167 885 2204 der
901 2163 1026 2215 Atheiſt
1058 2154 1124 2215 auch
1151 2159 1264 2211 davon,
1302 2170 1339 2206 es
1356 2162 1485 2215 betreffe

1410 2232 1484 2261 nun

491 2296 525 2337 k)
536 2294 751 2338 Vermuthlich
772 2292 833 2332 will
851 2294 929 2336 Herr
944 2294 1128 2333 Warburton
1145 2292 1242 2337 ſagen:
1263 2294 1306 2332 die
1320 2294 1484 2338 moraliſche

533 2339 732 2383 Empfindung
748 2338 782 2382 iſt
800 2343 853 2383 bey
869 2339 946 2375 allen
968 2339 1136 2384 Menſchen,
1155 2342 1225 2388 aber
1239 2341 1344 2378 andere
1362 2341 1485 2383 Begier⸗
