1553 2381
164 417 265 458 B.7.
295 418 359 458 Br.
386 426 427 457 27
453 421 565 455 reden,
593 420 666 455 oder
697 420 768 454 der,
808 422 906 457 deſſen
931 420 1079 453 Sueton

165 474 258 506 unter
285 474 341 509 den
367 468 552 508 beruͤhmten
580 472 728 506 Rednern
755 476 901 507 gedenkt,
943 478 1078 507 welches

167 524 232 558 dem
264 522 303 560 J.
337 521 542 565 Caſaubon,
577 527 683 563 Voß,
716 528 868 565 Perizon
903 534 967 556 und
1001 533 1078 560 auch

165 574 233 609 mir
254 581 304 604 am
333 573 648 616 wahrſcheinlichſten
673 582 806 611 ſcheint;
832 582 862 607 ſo
884 583 919 607 iſt
950 585 1020 608 doch
1045 587 1079 606 in

167 627 220 661 der
241 623 325 663 That
343 633 378 666 zu
400 634 633 663 verwundern,
663 646 724 673 daß
740 649 786 670 die
809 647 904 676 Alten
924 647 1023 679 ſeiner
1049 641 1081 683 ſo

169 674 257 715 ſchoͤn
269 677 496 716 geſchriebenen
514 684 690 733 Geſchichte
705 698 786 723 nicht
803 697 950 730 erwaͤhnt
964 690 1081 733 haben.

166 726 252 766 Dies
273 730 374 768 alles,
399 735 482 768 nebſt
501 741 625 781 einigen
645 745 688 785 im
699 742 849 784 Curtius
864 751 921 784 mit
943 745 1080 786 derErd⸗

169 777 388 821 beſchreibung
401 788 484 819 nicht
494 794 581 821 wohl
596 798 629 821 zu
656 796 923 841 vereinbarenden
935 797 1081 843 Stellen,

171 835 359 876 dergleichen
380 838 453 875 aber
472 855 543 886 doch
566 861 655 887 auch,
679 855 736 888 wie
750 849 896 895 bekannt,
920 852 1009 895 beym
1024 851 1083 898 He⸗

169 886 267 941 rodot
284 891 339 935 (3)
353 895 416 927 und
434 897 554 932 andern
573 892 640 940 ſehr
652 904 867 953 angeſehenen
880 895 1082 951 Schriftſtel⸗

169 943 236 982 lern
258 943 476 986 vorkommen,
501 952 560 984 hat
582 964 701 990 endlich
723 968 828 992 einige
857 964 919 999 auf
944 964 993 1002 die
1017 962 1084 1006 Ge⸗

173 997 292 1039 danken
305 998 472 1040 gebracht,
489 1012 525 1042 zu
543 1008 744 1039 behaupten,
757 1022 816 1045 alle
838 1020 915 1048 dieſe
930 1016 1088 1061 demCur⸗

170 1048 244 1091 tius
262 1053 508 1095 zugeſchriebene
529 1060 653 1091 Buͤcher
671 1064 761 1091 ſeyen
787 1072 843 1108 vor
866 1067 1083 1113 dreyhundert

167 1102 299 1146 Jahren
316 1114 379 1144 von
401 1105 504 1147 einem
526 1115 687 1153 gelehrten
704 1115 872 1163 Jtaliener
891 1120 1083 1162 verfertiget

169 1158 310 1197 worden.
336 1160 385 1196 S.
405 1163 465 1197 den
495 1163 595 1196 Bodin
615 1165 681 1196 (4)
706 1170 749 1194 im
768 1173 862 1214 10ten
886 1172 968 1218 Cap.
984 1175 1085 1224 ſeiner

1008 1249 1085 1283 Me⸗

168 1295 200 1323 in
213 1290 303 1327 ſeinen
322 1287 530 1328 Anmerkungen
544 1299 604 1328 zum

168 1327 300 1360 Arrian
316 1328 360 1355 S.
376 1331 438 1359 260,
455 1335 498 1354 wo
518 1339 546 1354 er
563 1339 605 1358 zu⸗

169 1355 288 1392 weilen
292 1359 600 1403 Freinsbeims

169 1385 374 1425 Supplemente
405 1396 462 1421 und
496 1397 605 1435 Anmer⸗

170 1427 272 1460 kungen
281 1426 431 1460 verbeſſert.
444 1426 538 1467 Auſſer
546 1434 606 1461 dem

170 1453 264 1498 Rollin
277 1460 356 1490 Tom.
369 1464 393 1489 6.
412 1465 459 1489 der
471 1468 543 1493 alten
553 1470 607 1491 Ge⸗

169 1500 274 1532 ſchichte
293 1502 355 1531 nach
376 1503 422 1531 der
445 1500 537 1541 franz.
542 1507 608 1540 Aus⸗

169 1534 236 1565 gabe
256 1532 475 1567 (Bibliotheque
498 1539 607 1566 raiſon-

169 1570 233 1597 née.
260 1562 302 1600 T
302 1570 354 1603 13.
376 1577 403 1604 p.
424 1571 487 1603 90.)
482 1570 608 1602 raͤumt

170 1606 235 1636 auch
262 1604 424 1636 Arrians
456 1604 609 1639 Engliſcher

171 1641 329 1674 Ueberſetzer
345 1638 442 1672 Rook
458 1641 607 1671 demſelben

171 1671 223 1701 den
242 1670 354 1707 Vorzug
366 1671 422 1702 vor
438 1673 506 1702 dem
529 1677 610 1703 Cur⸗

170 1698 250 1732 tius
271 1709 332 1736 ein,
353 1711 387 1733 an
405 1711 464 1733 dem
484 1715 509 1731 er
531 1712 607 1733 uͤber⸗

171 1741 254 1775 haupt
264 1744 326 1775 viel
326 1744 424 1775 tadelt;
440 1743 490 1771 wie
500 1749 529 1776 er
529 1749 606 1775 denn

171 1782 234 1810 auch
266 1781 303 1809 Le
336 1775 463 1810 Clercs
488 1777 607 1814 kritiſche

171 1807 402 1847 Beurtheilung,
399 1815 477 1851 nebſt
491 1816 536 1837 des
559 1821 624 1851 Jac.

171 1842 351 1875 Perizons
384 1847 606 1878 Vertheidigung

172 1877 220 1908 des
252 1878 407 1911 Curtius
442 1894 540 1913 wieder
574 1903 607 1923 zu

172 1909 313 1945 London
327 1918 416 1948 1729.
437 1921 464 1957 8.
491 1921 536 1944 hat
555 1928 624 1952 auf⸗

172 1950 247 1984 legen
266 1951 358 1985 laſſen.
394 1955 460 1983 Daß
473 1958 533 1979 man
551 1960 611 1983 jun⸗

172 1994 221 2030 gen
250 1988 346 2027 Leuten
374 1993 423 2028 den
454 1992 607 2027 Curtius

640 1308 705 1333 eben
722 1311 791 1336 nicht
808 1309 852 1332 als
866 1313 909 1334 ein
918 1313 1027 1343 Muſter
1037 1319 1084 1338 der

634 1338 807 1368 Schreibart
813 1343 933 1363 vorlegen
956 1345 1026 1378 ſolle,
1042 1347 1087 1377 be⸗

642 1372 755 1395 hauptet
788 1375 866 1395 Jac.
896 1378 1084 1412 Brucker

640 1417 692 1441 aus
711 1413 860 1446 Augsburg
882 1412 917 1440 T.
938 1419 965 1445 9.
977 1410 1018 1441 S.
1035 1419 1084 1445 12.

641 1439 688 1468 der
696 1441 780 1474 Leipz.
790 1444 908 1475 Miſcell.

658 1479 711 1509 (3)
711 1478 756 1509 S.
765 1479 829 1511 auch
839 1479 890 1508 des
907 1478 937 1514 le
957 1473 1084 1513 Clercs

642 1507 697 1538 Ars
710 1514 804 1541 critica
815 1513 856 1541 Th
876 1513 897 1545 I.
910 1514 951 1544 S.
967 1519 1007 1548 33,
1031 1520 1084 1555 wie

644 1546 706 1567 auch
732 1547 920 1578 Benedict.
956 1549 1087 1583 Avera⸗

644 1582 680 1609 nt
707 1582 790 1613 dritte
814 1580 995 1619 Diſſertation
1017 1584 1084 1614 uͤber

644 1614 696 1634 den
732 1617 963 1653 Thucydides
1002 1621 1037 1653 T.
1058 1624 1084 1658 I.

643 1649 718 1683 Opp.
742 1652 786 1685 S.
800 1664 859 1679 232.

678 1687 723 1721 (4)
753 1687 877 1718 Bodin
908 1694 954 1716 hat
974 1683 1083 1724 hierinn

640 1720 701 1748 zum
718 1721 831 1756 Gegner
850 1722 1006 1754 bekommen
1031 1727 1082 1757 den

640 1751 790 1790 Johann
811 1754 973 1788 Ramold
993 1761 1026 1791 in
1026 1763 1087 1791 deſ⸗

642 1792 685 1813 ſen
699 1791 876 1818 hundertſten
889 1791 1034 1828 Vorleſung
1051 1797 1082 1825 in

641 1824 732 1856 libros
750 1827 931 1860 apocryphos
949 1832 981 1857 T.
997 1830 1020 1861 I.
1037 1832 1085 1861 S.

642 1863 718 1898 1239:
730 1863 792 1890 und
794 1860 940 1902 Motell
944 1868 1002 1892 den
1003 1864 1086 1902 Ma⸗

640 1896 732 1927 gnus
770 1896 904 1931 Daniel
941 1897 1081 1940 Omeis,

643 1931 708 1963 oder
716 1938 770 1957 den
781 1936 923 1962 Hermann
942 1935 1085 1971 Brever

645 1966 697 1995 aus
707 1966 778 1992 Riga
781 1969 818 2001 in
830 1966 916 2003 deſſen
929 1969 1036 2003 differt.
1045 1976 1084 2008 de

645 1999 735 2037 Curtii
751 2006 834 2034 ætate
850 2006 949 2040 Altorf.
968 2008 1077 2061 1633.4.
