1704 2469
352 384 411 444 in
411 384 485 444 die
485 384 623 444 Sache
623 384 764 444 unſers
764 384 896 444 Heils.

987 400 1063 442 151

184 484 250 533 ihre
292 487 525 536 Mitgenoßen,
557 486 627 534 doch
667 488 762 536 haßet
797 490 864 538 ihre
906 491 1067 538 Perſonen

182 536 274 582 nicht.
324 540 404 580 Nur
423 542 484 576 das
497 538 606 585 Arge,
634 541 694 578 den
709 538 897 586 Unglauben
914 545 979 579 und
998 543 1064 591 ihre

181 578 435 633 Verblendung,
464 587 511 624 die
526 590 631 637 haßet.
679 587 775 630 Liebet
800 593 838 634 ſie
863 590 956 637 aber,
982 590 1013 632 in
1037 592 1066 638 ſo

182 637 250 682 fern
267 641 305 683 ſie
327 651 399 677 eure
416 640 550 680 Bruͤder
566 639 640 685 nach
671 643 742 679 dem
764 641 874 688 Fleiſch
899 649 961 681 und
979 645 1066 683 Mit⸗

181 688 303 734 erloͤſete
328 694 385 729 des
411 689 519 738 Herrn
555 691 632 737 ſind.
681 693 782 733 Denn
802 692 841 731 ob
864 695 904 738 ſie
921 696 982 731 wol
1008 699 1066 732 den

180 738 286 787 Herrn
303 742 468 789 ſchaͤndlich
484 741 689 790 verleugnen,
712 745 740 789 ſo
770 745 828 792 hat
850 746 889 791 ſie
914 746 985 786 doch
1012 751 1065 784 der

180 789 266 838 Herr
283 795 341 831 mit
356 794 467 839 ſeinem
484 794 589 834 Blute
606 796 713 842 theuer
727 796 857 838 erkauft.
884 810 902 832 2
918 796 1010 842 Petr.
1035 808 1065 840 2,

181 852 208 880 1.
232 844 345 883 Bittet
360 845 421 889 alſo
439 852 502 882 aus
517 842 599 884 Liebe
623 856 661 892 zu
689 847 789 893 ihrem
803 846 974 895 Selenheil
1005 852 1064 886 den

179 893 296 938 großen
312 894 507 940 Erbarmer,
535 900 592 933 den
610 898 712 943 Gott,
737 900 789 934 der
809 900 848 935 da
866 896 1064 946 langmuͤthig

179 944 236 994 iſt,
262 951 327 987 und
343 951 391 988 die
406 949 517 994 Boͤſen
542 951 601 988 mit
617 949 741 990 Gedult
764 948 869 998 traͤgt,
896 949 986 989 bittet
1009 952 1065 1000 ihn

178 998 371 1049 flehentlich,
395 999 458 1044 daß
473 1010 532 1045 er,
553 1009 601 1037 wo
619 1000 771 1048 moͤglich,
794 1003 909 1049 ſolchen
926 1001 1065 1043 verblen⸗

178 1050 268 1088 deten
284 1050 391 1092 Selen
410 1051 587 1095 erleuchtete
600 1050 716 1099 Augen
733 1050 820 1099 gebe.
871 1053 963 1102 Habt
979 1056 1068 1096 Mit⸗

178 1101 278 1140 leiden
305 1103 364 1142 mit
397 1103 480 1152 ihrer
502 1103 685 1153 Blindheit.
762 1106 832 1147 Sie
857 1109 921 1154 ſind
944 1118 985 1144 an
1012 1106 1067 1155 ſich

178 1144 267 1187 elend
283 1159 408 1196 genug,
433 1146 474 1187 da
489 1153 528 1195 ſie
551 1153 605 1199 ſich
633 1152 776 1198 duͤnken,
802 1154 911 1200 ſehend
933 1164 969 1199 zu
995 1154 1088 1199 ſeyn

177 1204 242 1238 und
261 1204 331 1246 doch
352 1203 439 1240 blind
456 1206 533 1249 ſind.
583 1205 685 1244 Denn
709 1205 783 1241 eben
808 1207 859 1244 dis
879 1207 917 1246 iſt
942 1210 996 1244 der
1019 1218 1065 1243 er⸗

176 1248 370 1297 baͤrmlichſte
392 1253 492 1291 Grad
526 1258 580 1291 der
606 1253 859 1300 verderblichſten
881 1255 1066 1304 Blindheit.

174 1302 367 1349 Deſtomehr
394 1302 495 1348 haben
520 1303 611 1348 ſolche
627 1302 785 1351 Jrgeiſter
814 1315 902 1345 eurer
917 1305 1063 1353 Fuͤrbitte

175 1353 297 1400 noͤthig.
345 1354 456 1402 Flehet
474 1356 536 1402 alſo
560 1359 617 1394 den
634 1355 743 1407 Herrn
776 1360 852 1407 aufs
879 1357 1063 1411 bruͤnſtigſte

176 1414 233 1444 um
247 1406 315 1456 ihre
330 1405 539 1456 Bekehrung.

212 1505 322 1556 Seyd
339 1507 413 1549 aber
437 1510 472 1549 in
489 1508 615 1559 Abſicht
635 1512 698 1559 auf
716 1512 788 1555 euch
822 1512 907 1558 ſelbſt
932 1514 1059 1552 allemal

176 1559 260 1606 wohl
275 1552 336 1606 auf
350 1569 439 1598 eurer
454 1558 548 1608 Hut,
571 1562 635 1608 daß
656 1562 706 1610 ihr
720 1563 798 1607 aufs
821 1563 991 1610 treulichſte
1012 1565 1063 1602 be⸗

174 1607 311 1656 wahret,
334 1608 433 1647 worin
454 1609 503 1657 ihr
524 1611 660 1659 gelehret
688 1613 768 1659 ſeyd.
807 1625 812 1648 2
832 1612 920 1650 Tim.
948 1624 984 1657 3,
1010 1621 1058 1654 14.

173 1661 303 1706 Suchet
319 1663 415 1710 daher
441 1663 611 1712 deſtomehr
633 1666 664 1704 in
689 1668 741 1703 der
755 1665 897 1711 Schrift.
919 1666 1059 1714 Forſchet

173 1713 240 1749 und
268 1709 449 1759 uͤberzeuget
476 1712 547 1756 euch
568 1722 631 1751 von
646 1712 738 1759 Tage
761 1722 799 1759 zu
822 1711 913 1761 Tage
943 1716 1057 1755 immer

170 1754 323 1812 kraͤftiger
340 1755 404 1798 und
428 1759 623 1808 gruͤndlicher
645 1770 705 1799 von
730 1765 783 1799 der
804 1762 978 1813 Wahrheit
1003 1768 1057 1801 der

172 1816 327 1869 Gottheit
357 1818 456 1866 Jeſu.
507 1819 677 1866 Schaffet,
703 1820 766 1863 daß
796 1831 868 1859 euer
903 1822 986 1870 Herz
1009 1822 1054 1859 im

171 1858 324 1908 Glauben
342 1879 386 1906 an
400 1871 461 1907 den
474 1869 580 1918 Sohn
597 1870 718 1909 Gottes
739 1869 794 1918 feſt
809 1875 922 1911 werde.
952 1873 1055 1913 Denn

168 1923 249 1969 dieſe
267 1924 433 1972 Feſtigkeit
453 1928 508 1962 des
521 1926 666 1973 Herzens
683 1926 720 1971 iſt
735 1927 784 1964 ein
809 1928 925 1973 koͤſtlich
945 1928 1054 1974 Ding.

170 1967 273 2015 Hebr.
291 1981 382 2016 13,9.
432 1970 609 2020 Bewafnet
623 1969 695 2017 euch
717 1970 791 2010 aber
812 1974 887 2019 auch
906 1975 966 2013 mit
984 1978 1053 2013 dem

164 2024 310 2075 Schilde
330 2028 384 2065 des
389 2025 572 2072 Glaubens
583 2028 690 2073 gegen
705 2026 753 2066 die
769 2027 889 2077 liſtigen
908 2032 973 2067 und
989 2030 1054 2075 feu⸗

575 2086 629 2130 K
629 2086 666 2130 4

965 2084 1059 2127 rigen
