<?xml version='1.0' encoding='utf-8'?>
<PcGts xmlns="http://schema.primaresearch.org/PAGE/gts/pagecontent/2019-07-15" xmlns:xsi="http://www.w3.org/2001/XMLSchema-instance" pcGtsId="PAGE_01" xsi:schemaLocation="http://schema.primaresearch.org/PAGE/gts/pagecontent/2019-07-15 http://schema.primaresearch.org/PAGE/gts/pagecontent/2019-07-15/pagecontent.xsd">
  <Metadata>
    <Creator>OCR-D DFG Phase III</Creator>
    <Created>2024-01-19T13:10:18Z</Created>
    <LastChange>2024-01-19T13:10:18Z</LastChange>
    <Comments>ODEM: OCR-D extension for mass digitization (2021-2024)</Comments>
  </Metadata>
  <Page imageFilename="MAX/urn+nbn+de+gbv+3+1-792462-p0085-9_ger.png" imageWidth="1618" imageHeight="2471" type="content" primaryLanguage="German">
    <Border>
      <Coords points="63,217 56,2338 1290,2350 1288,222"/>
    </Border>
    <ReadingOrder>
      <OrderedGroup id="ro_1658915045312" caption="Regions reading order">
        <RegionRefIndexed index="0" regionRef="TextRegion_1658914822018_6075"/>
        <RegionRefIndexed index="1" regionRef="region0003"/>
      </OrderedGroup>
    </ReadingOrder>
    <TextRegion orientation="-0.48603952" readingDirection="left-to-right" id="TextRegion_1658914822018_6075" custom="readingOrder {index:0;}">
      <Coords points="146,441 1084,441 1084,609 452,651 146,651 146,592"/>
      <TextLine id="region0001_line0001" custom="readingOrder {index:0;}">
        <Coords points="741,441 731,449 681,452 665,450 656,443 640,441 601,442 569,450 500,445 498,442 452,442 450,446 418,448 399,448 393,441 381,441 369,442 363,447 328,445 324,448 259,449 252,446 240,449 172,446 167,442 157,442 147,445 147,491 198,492 204,497 214,497 218,494 288,491 303,493 322,489 341,489 350,493 365,492 377,495 481,492 491,497 502,492 528,489 614,497 650,495 660,501 682,498 687,493 699,493 704,496 795,496 856,501 897,500 905,501 910,507 919,507 926,502 963,504 975,501 1083,505 1084,460 1038,459 1032,450 1024,449 1003,458 989,457 979,449 969,447 932,449 910,454 903,446 892,446 884,453 875,454 871,449 859,445 851,445 843,452 805,452 788,450 779,446 756,449 751,442"/>
        <Baseline points="147,481 1084,493"/>
        <Word id="region0001_line0001_word0000" custom="readingOrder {index:0;}">
          <Coords points="152,449 220,450 220,488 152,487"/>
          <TextEquiv conf="0.92752194">
            <Unicode>ten,</Unicode>
          </TextEquiv>
        </Word>
        <Word id="region0001_line0001_word0001" custom="readingOrder {index:1;}">
          <Coords points="244,453 341,454 341,485 244,484"/>
          <TextEquiv conf="0.92580295">
            <Unicode>wenn</Unicode>
          </TextEquiv>
        </Word>
        <Word id="region0001_line0001_word0002" custom="readingOrder {index:2;}">
          <Coords points="367,447 367,492 409,492 409,448 399,448 398,447"/>
          <TextEquiv conf="0.9237436">
            <Unicode>ſie</Unicode>
          </TextEquiv>
        </Word>
        <Word id="region0001_line0001_word0003" custom="readingOrder {index:3;}">
          <Coords points="519,449 432,448 432,492 467,492 481,492 482,492 500,492 502,492 519,490"/>
          <TextEquiv conf="0.9289967">
            <Unicode>nicht</Unicode>
          </TextEquiv>
        </Word>
        <Word id="region0001_line0001_word0004" custom="readingOrder {index:4;}">
          <Coords points="636,492 636,449 575,448 569,450 544,448 544,490 550,491"/>
          <TextEquiv conf="0.93127465">
            <Unicode>wohl</Unicode>
          </TextEquiv>
        </Word>
        <Word id="region0001_line0001_word0005" custom="readingOrder {index:5;}">
          <Coords points="660,449 660,497 682,497 687,493 699,493 704,496 795,496 818,497 818,452 805,452 793,450 718,449 681,452 665,450 663,449"/>
          <TextEquiv conf="0.9286523">
            <Unicode>geordnet</Unicode>
          </TextEquiv>
        </Word>
        <Word id="region0001_line0001_word0006" custom="readingOrder {index:6;}">
          <Coords points="845,453 845,495 925,496 925,454 911,454 910,454 910,454 880,453 875,454 874,453"/>
          <TextEquiv conf="0.9316474">
            <Unicode>ſind,</Unicode>
          </TextEquiv>
        </Word>
        <Word id="region0001_line0001_word0007" custom="readingOrder {index:7;}">
          <Coords points="953,453 953,498 1079,499 1079,459 1038,459 1034,453 1013,453 1003,458 989,457 984,453"/>
          <TextEquiv conf="0.9298933">
            <Unicode>ſtreben</Unicode>
          </TextEquiv>
        </Word>
        <TextEquiv conf="0.9284416">
          <Unicode>ten, wenn ſie nicht wohl geordnet ſind, ſtreben</Unicode>
        </TextEquiv>
      </TextLine>
      <TextLine id="region0001_line0002" custom="readingOrder {index:1;}">
        <Coords points="520,490 491,498 481,493 470,493 465,496 423,499 386,499 365,493 353,496 341,490 322,490 312,494 278,493 272,497 244,500 204,499 198,493 175,493 171,498 147,499 146,542 376,543 385,544 393,551 408,551 417,549 421,544 464,543 548,546 555,543 655,546 662,543 811,546 828,543 840,548 903,547 917,552 940,553 948,557 962,552 974,553 989,559 1008,560 1020,555 1050,553 1083,554 1083,513 1058,511 1053,504 1040,504 1034,508 1029,505 1005,502 975,502 963,505 942,503 932,507 903,508 859,505 859,502 846,500 840,500 835,504 705,501 699,494 687,494 682,499 659,502 654,499 624,500 607,496 597,496 594,500 571,500 562,499 556,494"/>
        <Baseline points="146,532 800,535 1083,544"/>
        <Word id="region0001_line0002_word0000" custom="readingOrder {index:0;}">
          <Coords points="154,499 215,500 214,534 153,533"/>
          <TextEquiv conf="0.9253135">
            <Unicode>alle</Unicode>
          </TextEquiv>
        </Word>
        <Word id="region0001_line0002_word0001" custom="readingOrder {index:1;}">
          <Coords points="223,501 300,501 300,538 223,538"/>
          <TextEquiv conf="0.9323127">
            <Unicode>nach</Unicode>
          </TextEquiv>
        </Word>
        <Word id="region0001_line0002_word0002" custom="readingOrder {index:2;}">
          <Coords points="311,494 310,542 376,543 385,544 386,545 415,546 415,499 386,499 370,494 359,494 353,496 349,494"/>
          <TextEquiv conf="0.9204971">
            <Unicode>Krieg</Unicode>
          </TextEquiv>
        </Word>
        <Word id="region0001_line0002_word0003" custom="readingOrder {index:3;}">
          <Coords points="423,501 491,502 491,537 423,536"/>
          <TextEquiv conf="0.93279403">
            <Unicode>und</Unicode>
          </TextEquiv>
        </Word>
        <Word id="region0001_line0002_word0004" custom="readingOrder {index:4;}">
          <Coords points="503,498 502,544 552,544 555,543 615,545 645,545 646,499 624,500 619,499 595,499 594,500 571,500 562,499 561,498"/>
          <TextEquiv conf="0.9221264">
            <Unicode>Streit;</Unicode>
          </TextEquiv>
        </Word>
        <Word id="region0001_line0002_word0005" custom="readingOrder {index:5;}">
          <Coords points="680,499 666,500 666,537 790,539 790,502 705,501 703,499"/>
          <TextEquiv conf="0.9205005">
            <Unicode>koͤnnen</Unicode>
          </TextEquiv>
        </Word>
        <Word id="region0001_line0002_word0006" custom="readingOrder {index:6;}">
          <Coords points="808,505 808,539 868,539 868,505 859,505"/>
          <TextEquiv conf="0.92332155">
            <Unicode>wir</Unicode>
          </TextEquiv>
        </Word>
        <Word id="region0001_line0002_word0007" custom="readingOrder {index:7;}">
          <Coords points="940,503 932,507 903,508 891,507 891,546 979,547 979,504 967,503 963,505 948,503"/>
          <TextEquiv conf="0.9267889">
            <Unicode>wohl</Unicode>
          </TextEquiv>
        </Word>
        <Word id="region0001_line0002_word0008" custom="readingOrder {index:8;}">
          <Coords points="989,504 989,551 1079,552 1079,512 1058,511 1053,504 1039,504 1034,508 1029,505 1024,504"/>
          <TextEquiv>
            <Unicode>Frie⸗</Unicode>
          </TextEquiv>
        </Word>
        <TextEquiv>
          <Unicode>alle nach Krieg und Streit; koͤnnen wir wohl Frie⸗</Unicode>
        </TextEquiv>
      </TextLine>
      <TextLine id="region0001_line0003" custom="readingOrder {index:2;}">
        <Coords points="818,544 812,546 808,552 674,549 668,544 614,550 573,550 568,544 555,544 547,549 449,549 408,552 303,548 301,544 258,548 253,543 236,544 232,548 202,549 151,541 146,543 146,591 235,594 242,603 252,603 261,594 346,594 352,601 362,601 369,595 414,592 499,593 507,601 519,601 526,592 645,595 653,596 660,603 672,604 680,597 717,594 815,596 826,598 830,604 839,607 852,607 863,599 912,600 945,604 949,609 964,609 968,604 1032,605 1035,609 1083,605 1083,560 1068,559 1065,555 1041,555 1035,559 1008,561 981,559 974,554 962,553 951,558 940,554 912,554 903,548 895,549 891,553 846,554 837,553 832,545"/>
        <Baseline points="146,581 775,584 1083,595"/>
        <Word id="region0001_line0003_word0000" custom="readingOrder {index:0;}">
          <Coords points="152,548 152,584 215,585 215,549 206,548 202,549 200,548"/>
          <TextEquiv conf="0.92663383">
            <Unicode>den</Unicode>
          </TextEquiv>
        </Word>
        <Word id="region0001_line0003_word0001" custom="readingOrder {index:1;}">
          <Coords points="241,549 241,595 259,595 261,594 346,594 347,595 367,596 367,550 352,549"/>
          <TextEquiv conf="0.9249354">
            <Unicode>halten,</Unicode>
          </TextEquiv>
        </Word>
        <Word id="region0001_line0003_word0002" custom="readingOrder {index:2;}">
          <Coords points="398,557 496,555 496,583 398,585"/>
          <TextEquiv conf="0.9014237">
            <Unicode>wenn</Unicode>
          </TextEquiv>
        </Word>
        <Word id="region0001_line0003_word0003" custom="readingOrder {index:3;}">
          <Coords points="526,550 526,594 525,593 526,592 583,593 583,550 573,550"/>
          <TextEquiv>
            <Unicode>wir</Unicode>
          </TextEquiv>
        </Word>
        <Word id="region0001_line0003_word0004" custom="readingOrder {index:4;}">
          <Coords points="694,553 609,552 609,594 645,595 653,596 654,597 682,597 694,596"/>
          <TextEquiv conf="0.92892724">
            <Unicode>nicht</Unicode>
          </TextEquiv>
        </Word>
        <Word id="region0001_line0003_word0005" custom="readingOrder {index:5;}">
          <Coords points="810,549 808,552 720,550 720,594 815,596 826,598 826,598 919,599 919,554 912,554 906,550 894,550 891,553 846,554 837,553 835,549"/>
          <TextEquiv conf="0.91702193">
            <Unicode>vermoͤgend</Unicode>
          </TextEquiv>
        </Word>
        <Word id="region0001_line0003_word0006" custom="readingOrder {index:6;}">
          <Coords points="955,556 951,558 951,599 1018,599 1018,560 1008,561 981,559 976,556"/>
          <TextEquiv conf="0.92520684">
            <Unicode>ſind</Unicode>
          </TextEquiv>
        </Word>
        <Word id="region0001_line0003_word0007" custom="readingOrder {index:7;}">
          <Coords points="1039,558 1039,600 1080,600 1080,559 1068,559 1067,558"/>
          <TextEquiv conf="0.930861">
            <Unicode>ſie</Unicode>
          </TextEquiv>
        </Word>
        <TextEquiv>
          <Unicode>den halten, wenn wir nicht vermoͤgend ſind ſie</Unicode>
        </TextEquiv>
      </TextLine>
      <TextLine id="region0002_line0001" custom="readingOrder {index:3;}">
        <Coords points="362,592 352,598 295,600 272,599 267,595 237,598 235,593 216,593 209,598 154,597 147,599 147,648 166,651 229,644 247,644 249,650 272,650 276,645 326,646 330,651 343,651 349,646 354,646 357,650 372,650 383,645 443,644 451,639 450,593 425,593 422,596 383,598 377,598 371,592"/>
        <Baseline points="147,637 451,631"/>
        <Word id="region0002_line0001_word0000" custom="readingOrder {index:0;}">
          <Coords points="152,606 191,607 191,644 152,643"/>
          <TextEquiv conf="0.9301049">
            <Unicode>zu</Unicode>
          </TextEquiv>
        </Word>
        <Word id="region0002_line0001_word0001" custom="readingOrder {index:1;}">
          <Coords points="448,602 217,600 217,645 229,644 247,644 248,648 273,648 276,645 326,646 328,648 345,649 349,646 354,646 356,649 373,649 383,645 443,644 448,640"/>
          <TextEquiv conf="0.9050508">
            <Unicode>beherrſchen?</Unicode>
          </TextEquiv>
        </Word>
        <TextEquiv conf="0.91757786">
          <Unicode>zu beherrſchen?</Unicode>
        </TextEquiv>
      </TextLine>
      <TextEquiv>
        <Unicode>ten, wenn ſie nicht wohl geordnet ſind, ſtreben
alle nach Krieg und Streit; koͤnnen wir wohl Frie⸗
den halten, wenn wir nicht vermoͤgend ſind ſie
zu beherrſchen?</Unicode>
      </TextEquiv>
    </TextRegion>
    <TextRegion orientation="-0.48603952" readingDirection="left-to-right" id="region0003" custom="readingOrder {index:1;}">
      <Coords points="130,689 1081,689 1081,2099 130,2099"/>
      <TextLine id="region0003_line0001" custom="readingOrder {index:0;}">
        <Coords points="675,690 661,693 646,690 638,698 632,691 621,691 611,698 603,699 597,699 588,690 576,690 568,702 524,701 509,689 495,689 490,698 451,699 432,698 426,690 415,690 404,695 392,689 384,689 376,696 358,700 322,700 310,689 185,689 185,720 190,725 200,726 202,737 222,743 262,742 282,745 375,742 381,752 389,751 396,742 405,740 423,744 449,742 459,746 478,743 498,751 507,749 510,745 603,742 711,745 733,748 749,745 791,748 846,745 924,747 939,750 948,741 957,747 956,754 961,757 973,752 1080,755 1081,711 1037,708 1031,700 1020,699 1012,707 965,707 960,704 946,706 916,703 881,693 836,693 829,697 800,699 784,692 767,695 748,690"/>
        <Baseline points="201,732 673,732 1081,743"/>
        <Word id="region0003_line0001_word0000" custom="readingOrder {index:0;}">
          <Coords points="252,697 252,738 360,739 360,699 358,700 322,700 319,697"/>
          <TextEquiv conf="0.9222913">
            <Unicode>Denn</Unicode>
          </TextEquiv>
        </Word>
        <Word id="region0003_line0001_word0001" custom="readingOrder {index:1;}">
          <Coords points="379,698 379,744 394,744 396,742 405,740 423,744 449,742 456,744 465,744 472,743 472,699 457,698 451,699 445,698"/>
          <TextEquiv conf="0.9226726">
            <Unicode>ſehet,</Unicode>
          </TextEquiv>
        </Word>
        <Word id="region0003_line0001_word0002" custom="readingOrder {index:2;}">
          <Coords points="493,697 493,745 510,745 526,744 526,701 524,701 519,697"/>
          <TextEquiv conf="0.93229353">
            <Unicode>ſo</Unicode>
          </TextEquiv>
        </Word>
        <Word id="region0003_line0001_word0003" custom="readingOrder {index:3;}">
          <Coords points="545,737 605,738 605,701 569,700 568,702 545,701"/>
          <TextEquiv conf="0.92811716">
            <Unicode>wie</Unicode>
          </TextEquiv>
        </Word>
        <Word id="region0003_line0001_word0004" custom="readingOrder {index:4;}">
          <Coords points="620,702 671,703 671,740 620,739"/>
          <TextEquiv conf="0.9297366">
            <Unicode>die</Unicode>
          </TextEquiv>
        </Word>
        <Word id="region0003_line0001_word0005" custom="readingOrder {index:5;}">
          <Coords points="681,701 681,744 711,745 720,746 742,746 749,745 771,747 813,747 846,745 924,747 927,748 941,748 948,741 957,747 957,748 1008,748 1008,707 965,707 960,704 946,706 916,703 914,702"/>
          <TextEquiv conf="0.92604756">
            <Unicode>Geſichtsbildungen</Unicode>
          </TextEquiv>
        </Word>
        <Word id="region0003_line0001_word0006" custom="readingOrder {index:6;}">
          <Coords points="1020,704 1020,742 1077,743 1077,710 1037,708 1034,704"/>
          <TextEquiv conf="0.92655915">
            <Unicode>der</Unicode>
          </TextEquiv>
        </Word>
        <TextEquiv conf="0.9268169">
          <Unicode>Denn ſehet, ſo wie die Geſichtsbildungen der</Unicode>
        </TextEquiv>
      </TextLine>
      <TextLine id="region0003_line0002" custom="readingOrder {index:1;}">
        <Coords points="948,742 939,751 939,755 931,755 930,750 924,748 904,747 895,754 869,754 867,748 861,746 846,746 839,751 794,751 777,747 772,751 759,753 756,747 749,746 733,749 729,754 660,750 655,746 635,750 629,744 618,744 609,751 605,746 594,748 585,744 576,745 568,752 552,753 497,752 478,744 458,746 454,750 427,751 422,744 407,743 397,752 389,753 381,753 375,743 358,745 354,752 322,752 284,748 281,745 262,743 232,746 191,736 131,736 130,793 144,793 150,789 192,792 238,789 240,792 252,792 261,788 278,797 287,796 291,792 330,793 394,795 398,800 405,801 422,795 453,796 456,800 465,801 475,796 569,792 576,795 599,794 604,797 650,793 729,797 734,802 743,802 750,797 774,796 836,797 841,802 848,802 857,795 898,794 903,797 955,798 978,801 1000,797 1013,802 1050,804 1057,810 1067,810 1080,805 1080,759 1073,759 1065,754 1020,760 986,755 969,755 961,758 956,756 956,747"/>
        <Baseline points="130,781 907,786 1080,795"/>
        <Word id="region0003_line0002_word0000" custom="readingOrder {index:0;}">
          <Coords points="154,745 153,788 258,789 261,788 263,789 330,790 331,752 322,752 284,748 282,746 233,746 232,746 231,746"/>
          <TextEquiv conf="0.92735755">
            <Unicode>Menſchen</Unicode>
          </TextEquiv>
        </Word>
        <Word id="word_1658914873942_6096" custom="readingOrder {index:1;}">
          <Coords points="341,752 358,745 375,743 413,743 478,744 500,752 499,795 362,794 341,793"/>
          <TextEquiv>
            <Unicode>aͤußerſt</Unicode>
          </TextEquiv>
        </Word>
        <Word id="region0003_line0002_word0003" custom="readingOrder {index:2;}">
          <Coords points="573,748 568,752 552,753 512,752 511,788 709,790 710,753 660,750 658,748 643,748 635,750 633,748 613,748 609,751 607,748 595,748 594,748 594,748"/>
          <TextEquiv conf="0.9213333">
            <Unicode>verſchieden</Unicode>
          </TextEquiv>
        </Word>
        <Word id="region0003_line0002_word0004" custom="readingOrder {index:3;}">
          <Coords points="734,751 734,791 801,792 801,752 768,751 759,753 758,751"/>
          <TextEquiv conf="0.9213333">
            <Unicode>ſind</Unicode>
          </TextEquiv>
        </Word>
        <Word id="region0003_line0002_word0005" custom="readingOrder {index:4;}">
          <Coords points="843,750 842,792 874,792 874,754 869,754 867,750"/>
          <TextEquiv conf="0.9300057">
            <Unicode>ſo</Unicode>
          </TextEquiv>
        </Word>
        <Word id="region0003_line0002_word0006" custom="readingOrder {index:5;}">
          <Coords points="902,790 967,791 967,755 961,758 956,756 956,747 948,742 939,751 939,755 931,755 930,750 924,748 904,747 902,747"/>
          <TextEquiv conf="0.931855">
            <Unicode>ſind</Unicode>
          </TextEquiv>
        </Word>
        <Word id="region0003_line0002_word0007" custom="readingOrder {index:6;}">
          <Coords points="996,795 1075,796 1075,759 1073,759 1065,754 1020,760 996,756"/>
          <TextEquiv conf="0.930705">
            <Unicode>auch</Unicode>
          </TextEquiv>
        </Word>
        <TextEquiv>
          <Unicode>Menſchen aͤußerſt verſchieden ſind ſo ſind auch</Unicode>
        </TextEquiv>
      </TextLine>
      <TextLine id="region0003_line0003" custom="readingOrder {index:2;}">
        <Coords points="258,789 252,793 227,793 197,798 185,796 184,793 175,790 150,790 142,795 130,795 131,841 154,842 155,846 161,849 174,849 183,842 210,841 289,842 293,847 300,849 307,848 311,843 403,843 425,847 465,842 518,845 687,845 724,848 842,844 865,848 934,849 942,854 957,855 978,846 989,846 1019,858 1033,857 1038,852 1081,853 1080,810 1018,808 1014,807 1011,801 1000,798 988,802 987,806 927,804 920,803 914,798 903,798 898,795 857,796 848,803 809,804 789,804 786,799 774,797 767,804 753,804 667,800 665,796 657,794 647,795 643,800 633,800 562,793 504,795 482,801 438,799 382,802 326,801 321,794 299,793 293,798 278,798 269,791"/>
        <Baseline points="131,831 1080,842"/>
        <Word id="region0003_line0003_word0000" custom="readingOrder {index:0;}">
          <Coords points="150,796 150,841 154,842 154,845 178,845 183,842 210,841 220,841 220,797 204,796 197,798 188,796"/>
          <TextEquiv conf="0.54323906">
            <Unicode>ihre</Unicode>
          </TextEquiv>
        </Word>
        <Word id="region0003_line0003_word0001" custom="readingOrder {index:1;}">
          <Coords points="238,798 238,841 289,842 289,842 362,843 403,843 405,843 451,844 465,842 485,843 485,800 482,801 455,800 428,800 382,802 326,801 324,799"/>
          <TextEquiv conf="0.92804587">
            <Unicode>Geſinnungen.</Unicode>
          </TextEquiv>
        </Word>
        <Word id="region0003_line0003_word0002" custom="readingOrder {index:2;}">
          <Coords points="541,801 634,802 634,840 541,839"/>
          <TextEquiv conf="0.9212749">
            <Unicode>Was</Unicode>
          </TextEquiv>
        </Word>
        <Word id="region0003_line0003_word0003" custom="readingOrder {index:3;}">
          <Coords points="652,804 725,805 725,841 652,840"/>
          <TextEquiv conf="0.9296404">
            <Unicode>dem</Unicode>
          </TextEquiv>
        </Word>
        <Word id="region0003_line0003_word0004" custom="readingOrder {index:4;}">
          <Coords points="756,806 848,807 848,842 756,841"/>
          <TextEquiv conf="0.9307439">
            <Unicode>einen</Unicode>
          </TextEquiv>
        </Word>
        <Word id="region0003_line0003_word0005" custom="readingOrder {index:5;}">
          <Coords points="866,800 866,848 934,849 935,849 968,849 978,846 989,846 999,850 1076,851 1076,809 1018,808 1014,807 1011,801 990,801 988,802 987,806 927,804 920,803 916,800"/>
          <TextEquiv>
            <Unicode>Vergnuͤgen</Unicode>
          </TextEquiv>
        </Word>
        <TextEquiv>
          <Unicode>ihre Geſinnungen. Was dem einen Vergnuͤgen</Unicode>
        </TextEquiv>
      </TextLine>
      <TextLine id="region0003_line0004" custom="readingOrder {index:3;}">
        <Coords points="799,845 765,846 750,852 693,851 687,846 673,847 670,851 628,852 569,850 548,847 543,844 482,847 476,843 465,843 456,848 430,846 416,847 412,850 367,851 300,850 258,845 237,846 231,842 220,842 216,847 174,850 131,847 130,890 221,892 230,897 241,893 258,893 267,897 276,893 320,891 404,891 416,896 436,893 459,894 465,899 476,899 484,894 503,894 508,891 547,893 557,891 595,895 678,894 701,897 905,895 924,903 944,903 951,898 985,898 1000,905 1015,904 1021,900 1080,900 1081,858 1034,857 1019,859 1008,855 998,856 989,847 978,847 969,854 957,856 939,853 891,852 842,845"/>
        <Baseline points="130,880 1080,889"/>
        <Word id="region0003_line0004_word0000" custom="readingOrder {index:0;}">
          <Coords points="149,887 278,888 279,849 196,848 174,850 149,848"/>
          <TextEquiv conf="0.92930937">
            <Unicode>macht,</Unicode>
          </TextEquiv>
        </Word>
        <Word id="region0003_line0004_word0001" custom="readingOrder {index:1;}">
          <Coords points="501,851 393,850 367,851 317,850 317,891 320,891 404,891 410,893 431,893 436,893 453,893 500,894"/>
          <TextEquiv conf="0.9244289">
            <Unicode>verurſacht</Unicode>
          </TextEquiv>
        </Word>
        <Word id="region0003_line0004_word0002" custom="readingOrder {index:2;}">
          <Coords points="531,851 607,852 606,888 530,887"/>
          <TextEquiv conf="0.9313256">
            <Unicode>dem</Unicode>
          </TextEquiv>
        </Word>
        <Word id="region0003_line0004_word0003" custom="readingOrder {index:3;}">
          <Coords points="634,853 757,854 756,891 633,890"/>
          <TextEquiv conf="0.9216472">
            <Unicode>andern</Unicode>
          </TextEquiv>
        </Word>
        <Word id="region0003_line0004_word0004" custom="readingOrder {index:4;}">
          <Coords points="786,849 785,896 905,895 912,898 949,898 951,898 985,898 987,899 1072,900 1072,857 1034,857 1019,859 1008,855 998,856 992,850 973,850 969,854 957,856 939,853 891,852 874,849"/>
          <TextEquiv>
            <Unicode>Misvergnuͤgen,</Unicode>
          </TextEquiv>
        </Word>
        <TextEquiv>
          <Unicode>macht, verurſacht dem andern Misvergnuͤgen,</Unicode>
        </TextEquiv>
      </TextLine>
      <TextLine id="region0003_line0005" custom="readingOrder {index:4;}">
        <Coords points="557,892 544,896 536,893 508,892 502,896 476,900 413,898 404,892 390,892 382,897 373,896 368,892 358,892 352,896 332,892 327,896 267,898 257,895 230,898 221,893 188,897 130,896 130,933 131,940 176,937 196,940 201,937 222,936 235,936 241,939 365,940 380,939 388,933 395,932 400,938 419,941 458,940 466,949 476,951 516,941 536,945 651,942 657,945 682,947 688,951 699,950 708,944 756,946 841,943 861,946 883,945 887,950 896,951 906,946 931,942 963,946 1001,946 1007,943 1030,947 1047,944 1062,949 1081,947 1080,906 1071,905 1019,903 1000,906 984,902 956,901 924,904 911,901 905,896 896,895 886,902 801,900 794,896 784,895 775,899 770,895 756,895 750,897 748,902 738,903 684,900 678,895 665,894 658,899 651,894 641,894 633,901 628,901 574,898 567,892"/>
        <Baseline points="130,929 1081,937"/>
        <Word id="region0003_line0005_word0000" custom="readingOrder {index:0;}">
          <Coords points="151,901 225,902 225,932 151,931"/>
          <TextEquiv conf="0.9168512">
            <Unicode>was</Unicode>
          </TextEquiv>
        </Word>
        <Word id="region0003_line0005_word0001" custom="readingOrder {index:1;}">
          <Coords points="248,904 315,905 315,932 248,931"/>
          <TextEquiv conf="0.9231008">
            <Unicode>von</Unicode>
          </TextEquiv>
        </Word>
        <Word id="region0003_line0005_word0002" custom="readingOrder {index:2;}">
          <Coords points="334,898 334,933 387,933 388,933 395,932 396,934 449,934 449,899 443,899"/>
          <TextEquiv conf="0.9231008">
            <Unicode>dieſem</Unicode>
          </TextEquiv>
        </Word>
        <Word id="region0003_line0005_word0003" custom="readingOrder {index:3;}">
          <Coords points="500,896 476,900 468,899 468,945 498,945 516,941 536,945 587,943 587,898 574,898 572,896"/>
          <TextEquiv conf="0.9298976">
            <Unicode>geliebt</Unicode>
          </TextEquiv>
        </Word>
        <Word id="region0003_line0005_word0004" custom="readingOrder {index:4;}">
          <Coords points="635,899 633,901 628,901 606,900 606,942 638,942 651,942 652,942 702,943 702,901 684,900 684,900"/>
          <TextEquiv conf="0.9272995">
            <Unicode>wird,</Unicode>
          </TextEquiv>
        </Word>
        <Word id="region0003_line0005_word0005" custom="readingOrder {index:5;}">
          <Coords points="724,937 805,938 805,901 748,900 748,902 738,903 724,902"/>
          <TextEquiv conf="0.92536354">
            <Unicode>wird</Unicode>
          </TextEquiv>
        </Word>
        <Word id="region0003_line0005_word0006" custom="readingOrder {index:6;}">
          <Coords points="816,907 881,907 881,937 816,937"/>
          <TextEquiv conf="0.93157697">
            <Unicode>von</Unicode>
          </TextEquiv>
        </Word>
        <Word id="region0003_line0005_word0007" custom="readingOrder {index:7;}">
          <Coords points="892,901 892,945 911,945 931,942 960,945 995,946 995,904 984,902 979,901 949,901 924,904 911,901"/>
          <TextEquiv conf="0.9295649">
            <Unicode>jenem</Unicode>
          </TextEquiv>
        </Word>
        <Word id="region0003_line0005_word0008" custom="readingOrder {index:8;}">
          <Coords points="1007,909 1075,910 1075,940 1007,939"/>
          <TextEquiv>
            <Unicode>ver⸗</Unicode>
          </TextEquiv>
        </Word>
        <TextEquiv>
          <Unicode>was von dieſem geliebt wird, wird von jenem ver⸗</Unicode>
        </TextEquiv>
      </TextLine>
      <TextLine id="region0003_line0006" custom="readingOrder {index:5;}">
        <Coords points="393,933 377,941 320,947 301,945 297,942 288,942 284,945 247,944 235,937 201,938 193,941 176,938 163,943 131,945 130,989 189,989 194,993 200,994 206,993 209,989 216,989 218,993 227,995 240,989 302,988 310,996 316,997 323,991 367,988 398,994 450,990 455,987 470,987 477,990 492,987 500,992 536,989 545,993 570,994 572,999 583,1001 597,992 666,995 688,992 697,998 705,998 714,992 720,992 726,994 728,999 736,1001 754,992 787,991 828,995 832,1002 844,1003 856,995 880,994 1037,993 1043,1001 1057,999 1059,996 1080,996 1081,955 1060,952 1058,948 1047,945 1033,948 1030,952 1019,944 1004,945 999,951 984,951 931,943 906,947 896,952 859,951 857,946 852,944 841,944 832,946 828,951 815,952 754,951 747,945 708,945 696,952 658,950 657,946 651,943 632,945 628,950 581,949 575,945 564,945 559,949 541,948 531,943 516,942 505,948 476,952 466,950 458,941 447,941 439,946 400,939"/>
        <Baseline points="131,979 1081,986"/>
        <Word id="region0003_line0006_word0000" custom="readingOrder {index:0;}">
          <Coords points="172,939 163,943 150,943 150,985 317,987 317,946 301,945 297,942 288,942 284,945 247,944 240,940 196,939 193,941 183,939"/>
          <TextEquiv conf="0.92697275">
            <Unicode>abſcheut;</Unicode>
          </TextEquiv>
        </Word>
        <Word id="region0003_line0006_word0001" custom="readingOrder {index:1;}">
          <Coords points="334,948 370,948 370,979 334,979"/>
          <TextEquiv conf="0.92697275">
            <Unicode>es</Unicode>
          </TextEquiv>
        </Word>
        <Word id="region0003_line0006_word0002" custom="readingOrder {index:2;}">
          <Coords points="379,987 419,987 419,942 400,939 393,933 379,939"/>
          <TextEquiv conf="0.9316896">
            <Unicode>iſt</Unicode>
          </TextEquiv>
        </Word>
        <Word id="region0003_line0006_word0003" custom="readingOrder {index:3;}">
          <Coords points="443,943 439,946 430,944 430,980 481,981 481,951 476,952 466,950 460,943"/>
          <TextEquiv conf="0.930605">
            <Unicode>ein</Unicode>
          </TextEquiv>
        </Word>
        <Word id="region0003_line0006_word0004" custom="readingOrder {index:4;}">
          <Coords points="511,944 505,948 492,949 492,987 495,989 531,989 536,989 537,989 593,990 593,949 581,949 575,945 564,945 559,949 541,948 533,944"/>
          <TextEquiv conf="0.9248896">
            <Unicode>altes,</Unicode>
          </TextEquiv>
        </Word>
        <Word id="region0003_line0006_word0005" custom="readingOrder {index:5;}">
          <Coords points="638,944 632,945 628,950 615,949 615,982 690,983 690,951 658,950 657,946 654,944"/>
          <TextEquiv conf="0.9285894">
            <Unicode>aber</Unicode>
          </TextEquiv>
        </Word>
        <Word id="region0003_line0006_word0006" custom="readingOrder {index:6;}">
          <Coords points="706,946 701,948 701,993 712,993 714,992 720,992 723,993 752,993 754,992 770,991 770,951 754,951 748,946"/>
          <TextEquiv conf="0.9164059">
            <Unicode>ſehr</Unicode>
          </TextEquiv>
        </Word>
        <Word id="region0003_line0006_word0007" custom="readingOrder {index:7;}">
          <Coords points="830,948 828,951 815,952 805,951 805,992 819,994 866,994 880,994 911,993 912,949 902,948 896,952 859,951 857,948"/>
          <TextEquiv conf="0.9301757">
            <Unicode>wahres</Unicode>
          </TextEquiv>
        </Word>
        <Word id="region0003_line0006_word0008" custom="readingOrder {index:8;}">
          <Coords points="1073,953 1060,952 1058,948 1047,945 1033,948 1030,952 1019,944 1004,945 999,951 984,951 931,943 931,993 1037,993 1042,999 1051,999 1057,999 1059,996 1073,996"/>
          <TextEquiv conf="0.92785436">
            <Unicode>Spruͤch⸗</Unicode>
          </TextEquiv>
        </Word>
        <TextEquiv conf="0.9271284">
          <Unicode>abſcheut; es iſt ein altes, aber ſehr wahres Spruͤch⸗</Unicode>
        </TextEquiv>
      </TextLine>
      <TextLine id="region0003_line0007" custom="readingOrder {index:6;}">
        <Coords points="455,988 450,991 433,991 413,995 386,994 384,997 377,989 362,991 358,997 342,993 336,997 310,997 302,989 290,989 281,994 236,992 227,996 130,994 130,1039 282,1038 300,1041 336,1039 419,1039 433,1043 494,1043 496,1047 505,1050 514,1042 519,1042 525,1049 532,1049 539,1044 555,1049 565,1042 587,1045 591,1048 622,1042 642,1044 732,1042 773,1048 785,1045 826,1046 832,1043 865,1043 871,1046 916,1043 936,1043 941,1046 974,1044 978,1047 1026,1044 1080,1046 1080,1001 1043,1002 1037,994 909,995 886,1000 851,1000 844,1004 835,1004 810,993 787,992 754,993 736,1002 728,1000 720,993 697,1000 694,995 683,993 673,996 670,1001 621,1000 615,993 597,993 588,1001 580,1002 547,998 544,993 536,990 525,990 514,997 492,988 478,991"/>
        <Baseline points="130,1028 1080,1035"/>
        <Word id="region0003_line0007_word0000" custom="readingOrder {index:0;}">
          <Coords points="151,1002 258,1003 258,1035 151,1034"/>
          <TextEquiv conf="0.9320032">
            <Unicode>wort:</Unicode>
          </TextEquiv>
        </Word>
        <Word id="region0003_line0007_word0001" custom="readingOrder {index:1;}">
          <Coords points="318,1000 286,999 286,1038 300,1041 318,1040"/>
          <TextEquiv conf="0.9262271">
            <Unicode>ſo</Unicode>
          </TextEquiv>
        </Word>
        <Word id="region0003_line0007_word0002" custom="readingOrder {index:2;}">
          <Coords points="342,1000 424,1000 424,1039 342,1039"/>
          <TextEquiv conf="0.9239922">
            <Unicode>viele</Unicode>
          </TextEquiv>
        </Word>
        <Word id="region0003_line0007_word0003" custom="readingOrder {index:3;}">
          <Coords points="442,996 442,1043 494,1043 496,1047 500,1048 507,1049 514,1042 519,1042 525,1049 532,1049 539,1044 555,1049 555,1049 565,1042 566,1042 566,1000 547,998 546,997 515,997 514,997 513,997"/>
          <TextEquiv conf="0.9300749">
            <Unicode>Koͤpfe,</Unicode>
          </TextEquiv>
        </Word>
        <Word id="region0003_line0007_word0004" custom="readingOrder {index:4;}">
          <Coords points="626,1002 593,1002 593,1047 622,1042 626,1042"/>
          <TextEquiv conf="0.9304945">
            <Unicode>ſo</Unicode>
          </TextEquiv>
        </Word>
        <Word id="region0003_line0007_word0005" custom="readingOrder {index:5;}">
          <Coords points="654,1001 736,1002 736,1041 654,1040"/>
          <TextEquiv conf="0.9141539">
            <Unicode>viele</Unicode>
          </TextEquiv>
        </Word>
        <Word id="region0003_line0007_word0006" custom="readingOrder {index:6;}">
          <Coords points="756,1002 756,1044 828,1044 832,1043 865,1043 868,1044 886,1044 888,1044 888,1003 846,1002 844,1004 835,1004 831,1002"/>
          <TextEquiv conf="0.91614974">
            <Unicode>Sinne.</Unicode>
          </TextEquiv>
        </Word>
        <Word id="region0003_line0007_word0007" custom="readingOrder {index:7;}">
          <Coords points="1073,1006 942,1005 942,1045 955,1045 974,1044 975,1045 1002,1045 1026,1044 1073,1045"/>
          <TextEquiv conf="0.9225869">
            <Unicode>Wollte</Unicode>
          </TextEquiv>
        </Word>
        <TextEquiv conf="0.9244603">
          <Unicode>wort: ſo viele Koͤpfe, ſo viele Sinne. Wollte</Unicode>
        </TextEquiv>
      </TextLine>
      <TextLine id="region0003_line0008" custom="readingOrder {index:7;}">
        <Coords points="916,1044 907,1051 872,1049 865,1044 856,1044 846,1049 840,1044 832,1044 824,1048 814,1045 785,1046 778,1049 762,1051 754,1046 732,1043 656,1043 647,1050 642,1050 633,1043 622,1043 616,1047 606,1045 598,1049 565,1043 555,1050 525,1050 519,1043 514,1043 505,1051 497,1048 450,1047 419,1040 391,1043 386,1040 371,1040 357,1044 350,1040 336,1040 331,1044 318,1045 282,1039 273,1042 249,1039 241,1044 224,1046 143,1041 130,1043 131,1090 200,1091 221,1087 228,1091 239,1091 244,1095 265,1091 282,1091 287,1095 298,1095 303,1091 358,1093 380,1090 416,1091 430,1088 441,1094 471,1095 475,1100 481,1101 492,1096 536,1093 565,1101 583,1094 598,1093 644,1095 647,1101 660,1103 673,1095 687,1095 691,1098 747,1098 776,1094 787,1101 794,1095 805,1095 814,1103 819,1103 826,1097 883,1094 912,1096 914,1099 941,1095 1081,1096 1081,1056 1077,1054 1046,1053 1044,1047 1039,1045 1026,1045 1019,1051 980,1050 974,1045 960,1045 954,1050 942,1050 936,1044"/>
        <Baseline points="130,1080 1081,1086"/>
        <Word id="region0003_line0008_word0000" custom="readingOrder {index:0;}">
          <Coords points="147,1053 231,1054 231,1087 147,1086"/>
          <TextEquiv conf="0.9306485">
            <Unicode>man</Unicode>
          </TextEquiv>
        </Word>
        <Word id="region0003_line0008_word0001" custom="readingOrder {index:1;}">
          <Coords points="245,1050 302,1050 302,1091 245,1091"/>
          <TextEquiv conf="0.92575234">
            <Unicode>ſich</Unicode>
          </TextEquiv>
        </Word>
        <Word id="region0003_line0008_word0002" custom="readingOrder {index:2;}">
          <Coords points="489,1095 489,1051 319,1050 319,1091 358,1093 380,1090 416,1091 430,1088 441,1094 467,1094"/>
          <TextEquiv conf="0.91961473">
            <Unicode>einbilden,</Unicode>
          </TextEquiv>
        </Word>
        <Word id="region0003_line0008_word0003" custom="readingOrder {index:3;}">
          <Coords points="576,1051 511,1050 511,1095 536,1093 549,1097 575,1097 576,1097"/>
          <TextEquiv conf="0.92971796">
            <Unicode>daß</Unicode>
          </TextEquiv>
        </Word>
        <Word id="region0003_line0008_word0004" custom="readingOrder {index:4;}">
          <Coords points="680,1053 598,1052 598,1093 644,1095 646,1100 663,1100 673,1095 680,1095"/>
          <TextEquiv conf="0.92639697">
            <Unicode>dieſe</Unicode>
          </TextEquiv>
        </Word>
        <Word id="region0003_line0008_word0005" custom="readingOrder {index:5;}">
          <Coords points="985,1054 701,1052 701,1098 747,1098 776,1094 786,1100 787,1100 794,1095 805,1095 811,1100 821,1100 826,1097 883,1094 912,1096 914,1099 941,1095 985,1095"/>
          <TextEquiv conf="0.92721117">
            <Unicode>Verſchiedenheit</Unicode>
          </TextEquiv>
        </Word>
        <Word id="region0003_line0008_word0006" custom="readingOrder {index:6;}">
          <Coords points="1008,1054 1072,1055 1072,1093 1008,1092"/>
          <TextEquiv>
            <Unicode>ein⸗</Unicode>
          </TextEquiv>
        </Word>
        <TextEquiv>
          <Unicode>man ſich einbilden, daß dieſe Verſchiedenheit ein⸗</Unicode>
        </TextEquiv>
      </TextLine>
      <TextLine id="region0003_line0009" custom="readingOrder {index:8;}">
        <Coords points="215,1088 202,1091 199,1095 131,1095 130,1140 231,1141 239,1134 244,1137 241,1146 244,1148 264,1144 320,1148 357,1141 367,1141 375,1148 389,1142 394,1148 407,1149 419,1143 438,1146 490,1142 498,1147 508,1144 573,1145 585,1149 599,1143 609,1147 672,1148 678,1145 765,1148 778,1145 793,1154 803,1152 807,1148 857,1147 863,1144 886,1147 898,1144 960,1147 1010,1142 1049,1148 1080,1148 1081,1103 954,1102 941,1101 937,1097 908,1101 883,1095 876,1102 867,1103 814,1104 805,1096 794,1096 784,1101 776,1095 771,1095 755,1101 693,1103 687,1096 673,1096 668,1098 666,1102 650,1104 643,1099 606,1102 604,1096 591,1094 565,1102 536,1094 526,1098 481,1102 441,1101 440,1094 421,1089 416,1092 380,1091 352,1099 320,1100 253,1098 229,1095 224,1089"/>
        <Baseline points="130,1130 1080,1137"/>
        <Word id="region0003_line0009_word0000" custom="readingOrder {index:0;}">
          <Coords points="148,1134 219,1135 220,1094 199,1093 199,1095 148,1095"/>
          <TextEquiv conf="0.92893654">
            <Unicode>mal</Unicode>
          </TextEquiv>
        </Word>
        <Word id="region0003_line0009_word0001" custom="readingOrder {index:1;}">
          <Coords points="320,1144 320,1106 236,1105 236,1136 239,1134 244,1137 241,1143"/>
          <TextEquiv conf="0.9189654">
            <Unicode>ganz</Unicode>
          </TextEquiv>
        </Word>
        <Word id="region0003_line0009_word0002" custom="readingOrder {index:2;}">
          <Coords points="372,1093 352,1099 330,1100 329,1146 331,1146 357,1141 367,1141 373,1146 379,1146 389,1142 393,1146 412,1146 419,1143 438,1146 490,1142 498,1147 498,1147 508,1144 510,1144 511,1099 481,1102 441,1101 440,1094 438,1094"/>
          <TextEquiv conf="0.8128584">
            <Unicode>aufhoͤren,</Unicode>
          </TextEquiv>
        </Word>
        <Word id="region0003_line0009_word0003" custom="readingOrder {index:3;}">
          <Coords points="533,1099 532,1143 597,1144 597,1144 598,1100 573,1100 565,1102 555,1099"/>
          <TextEquiv conf="0.9296357">
            <Unicode>daß</Unicode>
          </TextEquiv>
        </Word>
        <Word id="region0003_line0009_word0004" custom="readingOrder {index:4;}">
          <Coords points="608,1108 644,1108 644,1139 608,1139"/>
          <TextEquiv conf="0.9296357">
            <Unicode>es</Unicode>
          </TextEquiv>
        </Word>
        <Word id="region0003_line0009_word0005" custom="readingOrder {index:5;}">
          <Coords points="666,1101 666,1102 654,1103 654,1139 776,1140 777,1102 734,1101 693,1103 691,1101"/>
          <TextEquiv conf="0.9280507">
            <Unicode>einmal</Unicode>
          </TextEquiv>
        </Word>
        <Word id="region0003_line0009_word0006" custom="readingOrder {index:6;}">
          <Coords points="790,1102 789,1148 807,1148 819,1147 819,1103 814,1104 811,1102"/>
          <TextEquiv conf="0.9280507">
            <Unicode>ſo</Unicode>
          </TextEquiv>
        </Word>
        <Word id="region0003_line0009_word0007" custom="readingOrder {index:7;}">
          <Coords points="832,1140 906,1141 907,1104 852,1103 832,1103"/>
          <TextEquiv conf="0.91641265">
            <Unicode>weit</Unicode>
          </TextEquiv>
        </Word>
        <Word id="region0003_line0009_word0008" custom="readingOrder {index:8;}">
          <Coords points="919,1103 1073,1104 1072,1141 918,1140"/>
          <TextEquiv conf="0.91641265">
            <Unicode>kommen</Unicode>
          </TextEquiv>
        </Word>
        <TextEquiv conf="0.9121065">
          <Unicode>mal ganz aufhoͤren, daß es einmal ſo weit kommen</Unicode>
        </TextEquiv>
      </TextLine>
      <TextLine id="region0003_line0010" custom="readingOrder {index:9;}">
        <Coords points="238,1135 231,1142 215,1140 208,1145 130,1145 131,1187 232,1189 251,1192 321,1188 360,1197 386,1189 452,1197 522,1197 527,1194 569,1196 575,1192 590,1192 593,1196 640,1196 675,1191 712,1196 750,1193 755,1196 771,1197 780,1202 798,1203 823,1192 832,1192 838,1196 864,1194 870,1197 893,1197 903,1203 917,1198 954,1194 1003,1199 1081,1197 1080,1154 1052,1153 1036,1147 1010,1143 964,1146 946,1152 919,1151 911,1146 898,1145 891,1149 863,1145 855,1149 798,1155 787,1154 778,1146 755,1153 696,1152 694,1148 687,1146 678,1146 670,1152 634,1152 609,1150 599,1144 585,1150 573,1146 566,1146 560,1150 543,1149 529,1145 508,1145 498,1148 490,1143 440,1147 419,1144 407,1150 394,1149 389,1143 375,1149 367,1142 357,1142 348,1147 320,1149 261,1146 244,1149 240,1147 243,1137"/>
        <Baseline points="131,1177 484,1186 1081,1187"/>
        <Word id="region0003_line0010_word0000" custom="readingOrder {index:0;}">
          <Coords points="237,1135 231,1142 215,1140 208,1145 149,1145 149,1183 276,1184 276,1146 261,1146 244,1149 240,1147 243,1137 239,1135"/>
          <TextEquiv>
            <Unicode>werde</Unicode>
          </TextEquiv>
        </Word>
        <Word id="region0003_line0010_word0001" custom="readingOrder {index:1;}">
          <Coords points="370,1192 370,1147 349,1147 348,1147 320,1149 305,1148 305,1189 321,1188 336,1191"/>
          <TextEquiv conf="0.92375183">
            <Unicode>daß</Unicode>
          </TextEquiv>
        </Word>
        <Word id="region0003_line0010_word0002" custom="readingOrder {index:2;}">
          <Coords points="384,1147 384,1185 447,1186 447,1148 412,1147 407,1150 394,1149 392,1147"/>
          <TextEquiv conf="0.9270746">
            <Unicode>die</Unicode>
          </TextEquiv>
        </Word>
        <Word id="region0003_line0010_word0003" custom="readingOrder {index:3;}">
          <Coords points="472,1148 472,1192 574,1193 575,1192 590,1192 590,1193 650,1193 650,1152 634,1152 609,1150 607,1149 588,1149 585,1150 581,1149 562,1149 560,1150 543,1149 541,1148"/>
          <TextEquiv conf="0.92808515">
            <Unicode>Menſchen</Unicode>
          </TextEquiv>
        </Word>
        <Word id="region0003_line0010_word0004" custom="readingOrder {index:4;}">
          <Coords points="676,1150 676,1186 722,1186 722,1152 696,1152 695,1150"/>
          <TextEquiv conf="0.9311636">
            <Unicode>im</Unicode>
          </TextEquiv>
        </Word>
        <Word id="region0003_line0010_word0005" custom="readingOrder {index:5;}">
          <Coords points="764,1150 755,1153 750,1153 750,1193 753,1195 815,1196 823,1192 832,1192 838,1196 840,1196 864,1194 868,1196 929,1197 954,1194 957,1194 957,1152 946,1152 946,1152 942,1152 837,1151 798,1155 787,1154 783,1150"/>
          <TextEquiv conf="0.9287597">
            <Unicode>eigentlichen</Unicode>
          </TextEquiv>
        </Word>
        <Word id="region0003_line0010_word0006" custom="readingOrder {index:6;}">
          <Coords points="985,1151 985,1192 1073,1193 1073,1153 1052,1153 1048,1151"/>
          <TextEquiv>
            <Unicode>Ver⸗</Unicode>
          </TextEquiv>
        </Word>
        <TextEquiv>
          <Unicode>werde daß die Menſchen im eigentlichen Ver⸗</Unicode>
        </TextEquiv>
      </TextLine>
      <TextLine id="region0003_line0011" custom="readingOrder {index:10;}">
        <Coords points="160,1187 131,1188 130,1243 139,1243 144,1248 156,1248 166,1242 215,1238 220,1241 251,1243 258,1248 266,1248 274,1244 391,1246 404,1241 409,1244 430,1244 447,1251 461,1252 468,1247 486,1247 491,1244 511,1246 562,1243 567,1246 616,1246 653,1245 670,1242 681,1247 754,1244 780,1239 822,1245 908,1246 914,1251 923,1251 939,1244 953,1248 962,1243 975,1242 1003,1243 1027,1249 1080,1248 1081,1205 1017,1203 1013,1200 979,1203 976,1198 967,1195 954,1195 944,1203 903,1204 895,1200 873,1200 864,1195 839,1200 832,1193 823,1193 811,1201 798,1204 756,1200 750,1194 734,1194 722,1199 675,1192 626,1200 610,1196 593,1197 590,1193 575,1193 569,1197 527,1195 507,1200 468,1201 409,1197 403,1191 394,1190 386,1190 375,1196 353,1198 345,1193 321,1189 265,1191 254,1195 238,1195 232,1190 220,1190 214,1195 194,1194"/>
        <Baseline points="130,1232 1080,1238"/>
        <Word id="region0003_line0011_word0000" custom="readingOrder {index:0;}">
          <Coords points="274,1199 149,1198 148,1246 159,1246 166,1242 215,1238 220,1241 251,1243 256,1246 268,1246 273,1244"/>
          <TextEquiv conf="0.9260169">
            <Unicode>ſtande,</Unicode>
          </TextEquiv>
        </Word>
        <Word id="region0003_line0011_word0001" custom="readingOrder {index:1;}">
          <Coords points="295,1197 294,1239 360,1240 361,1198 354,1198 353,1198 353,1198"/>
          <TextEquiv conf="0.92676705">
            <Unicode>Ein</Unicode>
          </TextEquiv>
        </Word>
        <Word id="region0003_line0011_word0002" custom="readingOrder {index:2;}">
          <Coords points="372,1198 371,1245 391,1246 404,1241 409,1244 430,1244 441,1248 462,1249 462,1200 433,1198"/>
          <TextEquiv conf="0.9279896">
            <Unicode>Herz</Unicode>
          </TextEquiv>
        </Word>
        <Word id="region0003_line0011_word0003" custom="readingOrder {index:3;}">
          <Coords points="481,1204 549,1205 548,1241 480,1240"/>
          <TextEquiv conf="0.9279896">
            <Unicode>und</Unicode>
          </TextEquiv>
        </Word>
        <Word id="region0003_line0011_word0004" custom="readingOrder {index:4;}">
          <Coords points="560,1202 644,1202 643,1243 559,1243"/>
          <TextEquiv conf="0.9295491">
            <Unicode>Eine</Unicode>
          </TextEquiv>
        </Word>
        <Word id="region0003_line0011_word0005" custom="readingOrder {index:5;}">
          <Coords points="764,1203 654,1202 653,1243 663,1243 670,1242 672,1243 754,1243 763,1242"/>
          <TextEquiv conf="0.9318679">
            <Unicode>Seele</Unicode>
          </TextEquiv>
        </Word>
        <Word id="region0003_line0011_word0006" custom="readingOrder {index:6;}">
          <Coords points="809,1201 798,1204 781,1202 781,1239 822,1245 908,1246 912,1249 925,1249 929,1248 929,1203 903,1204 900,1202"/>
          <TextEquiv conf="0.92812425">
            <Unicode>wuͤrden,</Unicode>
          </TextEquiv>
        </Word>
        <Word id="region0003_line0011_word0007" custom="readingOrder {index:7;}">
          <Coords points="982,1205 950,1205 949,1246 953,1248 962,1243 975,1242 981,1242"/>
          <TextEquiv conf="0.93153554">
            <Unicode>ſo</Unicode>
          </TextEquiv>
        </Word>
        <Word id="region0003_line0011_word0008" custom="readingOrder {index:8;}">
          <Coords points="1072,1245 1073,1214 1004,1213 1003,1243 1007,1244"/>
          <TextEquiv>
            <Unicode>ver⸗</Unicode>
          </TextEquiv>
        </Word>
        <TextEquiv>
          <Unicode>ſtande, Ein Herz und Eine Seele wuͤrden, ſo ver⸗</Unicode>
        </TextEquiv>
      </TextLine>
      <TextLine id="region0003_line0012" custom="readingOrder {index:11;}">
        <Coords points="780,1240 733,1250 678,1249 670,1243 662,1242 649,1248 568,1250 562,1244 551,1244 543,1250 491,1245 481,1250 467,1250 461,1253 447,1252 430,1245 409,1245 404,1242 391,1247 372,1245 351,1250 258,1249 252,1245 222,1248 221,1242 215,1239 201,1239 193,1247 130,1248 130,1298 164,1298 174,1289 210,1291 219,1298 233,1299 246,1290 268,1292 274,1289 283,1289 290,1293 305,1290 415,1291 418,1296 426,1297 435,1292 519,1294 534,1291 541,1294 578,1291 597,1295 669,1292 697,1294 733,1290 871,1294 904,1290 970,1298 1080,1299 1079,1254 1026,1253 1013,1246 989,1243 962,1244 953,1249 939,1245 923,1252 841,1251 818,1244"/>
        <Baseline points="130,1284 902,1282 1080,1288"/>
        <Word id="region0003_line0012_word0000" custom="readingOrder {index:0;}">
          <Coords points="199,1240 193,1247 148,1247 148,1290 172,1290 174,1289 199,1290 244,1290 246,1290 255,1290 270,1290 274,1289 274,1249 258,1249 252,1245 222,1248 221,1242 218,1240"/>
          <TextEquiv conf="0.6355299">
            <Unicode>gnuͤgte</Unicode>
          </TextEquiv>
        </Word>
        <Word id="region0003_line0012_word0001" custom="readingOrder {index:1;}">
          <Coords points="284,1256 362,1257 362,1284 284,1283"/>
          <TextEquiv conf="0.92936087">
            <Unicode>man</Unicode>
          </TextEquiv>
        </Word>
        <Word id="region0003_line0012_word0002" custom="readingOrder {index:2;}">
          <Coords points="398,1244 391,1247 379,1246 379,1291 415,1291 416,1293 433,1293 435,1292 436,1292 436,1247 430,1245 409,1245 408,1245"/>
          <TextEquiv conf="0.9299068">
            <Unicode>ſich</Unicode>
          </TextEquiv>
        </Word>
        <Word id="region0003_line0012_word0003" custom="readingOrder {index:3;}">
          <Coords points="467,1250 461,1253 453,1252 453,1287 517,1287 517,1250 481,1250"/>
          <TextEquiv conf="0.9193006">
            <Unicode>mit</Unicode>
          </TextEquiv>
        </Word>
        <Word id="region0003_line0012_word0004" custom="readingOrder {index:4;}">
          <Coords points="545,1248 543,1250 533,1249 533,1286 637,1287 637,1249 616,1248 568,1250 566,1248"/>
          <TextEquiv conf="0.9289486">
            <Unicode>einem</Unicode>
          </TextEquiv>
        </Word>
        <Word id="region0003_line0012_word0005" custom="readingOrder {index:5;}">
          <Coords points="657,1248 657,1287 761,1288 761,1249 738,1248 733,1250 678,1249 676,1248"/>
          <TextEquiv conf="0.91779554">
            <Unicode>leeren</Unicode>
          </TextEquiv>
        </Word>
        <Word id="region0003_line0012_word0006" custom="readingOrder {index:6;}">
          <Coords points="771,1248 771,1288 931,1290 931,1250 927,1249 923,1252 841,1251 833,1248"/>
          <TextEquiv conf="0.90202576">
            <Unicode>Traume.</Unicode>
          </TextEquiv>
        </Word>
        <Word id="region0003_line0012_word0007" custom="readingOrder {index:7;}">
          <Coords points="961,1250 961,1291 1071,1292 1071,1253 1026,1253 1021,1250"/>
          <TextEquiv conf="0.92497635">
            <Unicode>Denn</Unicode>
          </TextEquiv>
        </Word>
        <TextEquiv conf="0.88598055">
          <Unicode>gnuͤgte man ſich mit einem leeren Traume. Denn</Unicode>
        </TextEquiv>
      </TextLine>
      <TextLine id="region0003_line0013" custom="readingOrder {index:12;}">
        <Coords points="904,1291 855,1299 827,1298 818,1293 794,1295 757,1291 720,1292 693,1298 602,1297 585,1296 578,1292 541,1295 524,1292 516,1297 490,1293 458,1293 450,1296 435,1293 426,1298 418,1297 415,1292 381,1294 369,1291 320,1297 311,1291 290,1294 283,1290 274,1290 265,1294 246,1291 233,1300 219,1299 213,1295 205,1298 186,1297 184,1292 174,1290 164,1299 130,1299 130,1340 173,1342 230,1339 242,1344 248,1339 266,1339 297,1340 308,1344 316,1340 346,1339 371,1344 380,1341 415,1344 456,1342 462,1348 468,1348 475,1341 492,1348 500,1344 565,1343 589,1339 607,1342 660,1341 672,1337 680,1337 693,1343 711,1340 725,1343 731,1340 740,1345 758,1341 777,1344 802,1342 811,1346 822,1341 843,1340 894,1345 904,1343 937,1344 944,1351 965,1345 1000,1345 1030,1350 1080,1349 1081,1307 984,1304 974,1303 972,1299 964,1297 942,1297"/>
        <Baseline points="130,1330 864,1330 1081,1339"/>
        <Word id="region0003_line0013_word0000" custom="readingOrder {index:0;}">
          <Coords points="167,1296 164,1299 146,1299 146,1334 220,1335 220,1299 219,1299 216,1297 208,1297 205,1298 186,1297 186,1297"/>
          <TextEquiv conf="0.9262064">
            <Unicode>eine</Unicode>
          </TextEquiv>
        </Word>
        <Word id="region0003_line0013_word0001" custom="readingOrder {index:1;}">
          <Coords points="239,1296 237,1297 236,1342 237,1342 244,1342 248,1339 266,1339 297,1340 304,1343 311,1343 316,1340 336,1339 337,1297 321,1297 320,1297 320,1297"/>
          <TextEquiv conf="0.92135817">
            <Unicode>ſolche</Unicode>
          </TextEquiv>
        </Word>
        <Word id="region0003_line0013_word0002" custom="readingOrder {index:2;}">
          <Coords points="547,1299 362,1298 361,1342 371,1344 380,1341 415,1344 456,1342 458,1344 471,1344 475,1341 483,1344 498,1344 500,1344 546,1343"/>
          <TextEquiv conf="0.92375207">
            <Unicode>Gleichheit</Unicode>
          </TextEquiv>
        </Word>
        <Word id="region0003_line0013_word0003" custom="readingOrder {index:3;}">
          <Coords points="568,1300 623,1300 623,1336 568,1336"/>
          <TextEquiv conf="0.931864">
            <Unicode>der</Unicode>
          </TextEquiv>
        </Word>
        <Word id="region0003_line0013_word0004" custom="readingOrder {index:4;}">
          <Coords points="865,1302 640,1300 639,1341 660,1341 672,1337 680,1337 693,1343 711,1340 725,1343 731,1340 740,1345 758,1341 777,1344 802,1342 811,1346 822,1341 843,1340 864,1342"/>
          <TextEquiv conf="0.92919207">
            <Unicode>menſchlichen</Unicode>
          </TextEquiv>
        </Word>
        <Word id="region0003_line0013_word0005" custom="readingOrder {index:5;}">
          <Coords points="887,1299 886,1344 894,1345 904,1343 937,1344 939,1346 958,1346 965,1345 1000,1345 1014,1347 1072,1348 1072,1306 984,1304 974,1303 972,1299"/>
          <TextEquiv conf="0.86033785">
            <Unicode>Geſinnun⸗</Unicode>
          </TextEquiv>
        </Word>
        <TextEquiv conf="0.91545177">
          <Unicode>eine ſolche Gleichheit der menſchlichen Geſinnun⸗</Unicode>
        </TextEquiv>
      </TextLine>
      <TextLine id="region0003_line0014" custom="readingOrder {index:13;}">
        <Coords points="672,1338 662,1341 659,1346 606,1346 600,1340 582,1341 574,1346 537,1344 532,1347 492,1349 475,1342 468,1349 462,1349 456,1343 448,1343 441,1347 398,1346 392,1342 380,1342 369,1346 339,1340 316,1341 303,1345 297,1341 248,1340 241,1345 229,1340 201,1347 130,1347 130,1389 137,1389 145,1396 170,1394 181,1387 190,1390 234,1391 242,1397 252,1397 258,1392 281,1392 284,1396 296,1397 302,1392 327,1397 333,1392 374,1391 382,1397 390,1397 398,1395 401,1391 427,1391 432,1389 477,1391 483,1388 510,1392 517,1397 530,1396 538,1391 555,1391 577,1391 582,1397 594,1398 606,1390 626,1388 677,1391 687,1399 707,1398 715,1391 755,1395 764,1392 800,1392 810,1396 891,1396 928,1394 973,1396 982,1399 999,1397 1005,1400 1057,1402 1080,1399 1080,1358 1048,1355 1024,1349 965,1346 944,1352 937,1345 928,1345 920,1349 913,1344 894,1346 870,1342 828,1341 811,1347 802,1343 776,1346 758,1342 740,1346 731,1341 725,1344 711,1341 702,1347 688,1347 687,1340"/>
        <Baseline points="130,1379 671,1380 1080,1390"/>
        <Word id="region0003_line0014_word0000" custom="readingOrder {index:0;}">
          <Coords points="211,1353 146,1352 146,1390 175,1390 181,1387 190,1390 211,1390"/>
          <TextEquiv conf="0.92833894">
            <Unicode>gen</Unicode>
          </TextEquiv>
        </Word>
        <Word id="region0003_line0014_word0001" custom="readingOrder {index:1;}">
          <Coords points="267,1391 267,1346 229,1346 229,1390 234,1391"/>
          <TextEquiv conf="0.9252955">
            <Unicode>iſt</Unicode>
          </TextEquiv>
        </Word>
        <Word id="region0003_line0014_word0002" custom="readingOrder {index:2;}">
          <Coords points="286,1347 286,1392 302,1392 302,1392 303,1392 332,1393 333,1392 374,1391 377,1393 399,1393 401,1391 427,1391 432,1389 477,1391 483,1388 510,1392 514,1395 532,1395 538,1391 552,1391 552,1350 463,1349 462,1349 462,1349"/>
          <TextEquiv conf="0.93055016">
            <Unicode>ſchlechterdings</Unicode>
          </TextEquiv>
        </Word>
        <Word id="region0003_line0014_word0003" custom="readingOrder {index:3;}">
          <Coords points="576,1345 574,1346 563,1345 563,1391 577,1391 580,1395 598,1395 606,1390 626,1388 677,1391 683,1396 710,1396 715,1391 755,1395 764,1392 780,1392 780,1346 776,1346 776,1346 776,1346 741,1346 740,1346 740,1346 704,1346 702,1347 688,1347 688,1346 659,1345 659,1346 606,1346 605,1345"/>
          <TextEquiv conf="0.9264814">
            <Unicode>ohnmoͤglich.</Unicode>
          </TextEquiv>
        </Word>
        <Word id="region0003_line0014_word0004" custom="readingOrder {index:4;}">
          <Coords points="821,1351 888,1351 888,1391 821,1391"/>
          <TextEquiv conf="0.92848706">
            <Unicode>Da</Unicode>
          </TextEquiv>
        </Word>
        <Word id="region0003_line0014_word0005" custom="readingOrder {index:5;}">
          <Coords points="904,1353 955,1353 955,1390 904,1390"/>
          <TextEquiv conf="0.9222386">
            <Unicode>die</Unicode>
          </TextEquiv>
        </Word>
        <Word id="region0003_line0014_word0006" custom="readingOrder {index:6;}">
          <Coords points="971,1353 971,1392 1074,1393 1074,1357 1048,1355 1042,1353"/>
          <TextEquiv conf="0.9222386">
            <Unicode>Men⸗</Unicode>
          </TextEquiv>
        </Word>
        <TextEquiv conf="0.9262329">
          <Unicode>gen iſt ſchlechterdings ohnmoͤglich. Da die Men⸗</Unicode>
        </TextEquiv>
      </TextLine>
      <TextLine id="region0003_line0015" custom="readingOrder {index:14;}">
        <Coords points="626,1389 618,1395 602,1395 594,1399 579,1396 534,1395 517,1398 510,1393 483,1389 477,1392 432,1390 390,1398 370,1393 366,1396 327,1398 287,1398 269,1395 242,1398 226,1395 192,1394 189,1390 181,1388 170,1395 130,1395 131,1437 142,1437 151,1442 162,1436 172,1436 184,1441 195,1438 227,1437 270,1448 283,1446 289,1442 343,1447 350,1444 409,1439 421,1439 436,1445 446,1438 459,1439 464,1444 490,1440 576,1440 584,1447 595,1448 608,1445 620,1438 739,1443 746,1449 786,1441 858,1443 892,1445 907,1449 911,1454 917,1455 935,1450 937,1455 945,1457 959,1450 1038,1449 1054,1453 1081,1453 1080,1407 1018,1404 1006,1403 999,1398 979,1401 973,1397 954,1399 949,1396 928,1395 917,1395 910,1400 892,1401 810,1397 800,1393 784,1396 764,1393 760,1396 742,1397 713,1396 707,1399 687,1400 645,1395 640,1389"/>
        <Baseline points="131,1427 835,1432 1080,1441"/>
        <Word id="region0003_line0015_word0000" custom="readingOrder {index:0;}">
          <Coords points="144,1395 144,1438 149,1441 152,1441 162,1436 172,1436 184,1441 195,1438 227,1437 236,1439 236,1396 231,1395"/>
          <TextEquiv conf="0.92277396">
            <Unicode>ſchen</Unicode>
          </TextEquiv>
        </Word>
        <Word id="region0003_line0015_word0001" custom="readingOrder {index:1;}">
          <Coords points="261,1403 345,1404 345,1442 261,1441"/>
          <TextEquiv conf="0.93030936">
            <Unicode>ganz</Unicode>
          </TextEquiv>
        </Word>
        <Word id="region0003_line0015_word0002" custom="readingOrder {index:2;}">
          <Coords points="569,1400 371,1398 371,1439 404,1439 409,1439 421,1439 422,1439 443,1439 446,1438 459,1439 459,1439 488,1440 490,1440 569,1440"/>
          <TextEquiv conf="0.9186298">
            <Unicode>verſchieden</Unicode>
          </TextEquiv>
        </Word>
        <Word id="region0003_line0015_word0003" custom="readingOrder {index:3;}">
          <Coords points="586,1398 586,1445 607,1445 608,1445 620,1438 723,1442 723,1399 707,1399 707,1399 687,1400 676,1399 596,1398 594,1399 589,1398"/>
          <TextEquiv conf="0.93066895">
            <Unicode>gebauet</Unicode>
          </TextEquiv>
        </Word>
        <Word id="region0003_line0015_word0004" custom="readingOrder {index:4;}">
          <Coords points="812,1401 745,1400 745,1444 769,1444 786,1441 812,1441"/>
          <TextEquiv>
            <Unicode>ſind,</Unicode>
          </TextEquiv>
        </Word>
        <Word id="region0003_line0015_word0005" custom="readingOrder {index:5;}">
          <Coords points="853,1400 853,1442 858,1443 892,1445 905,1448 1006,1449 1038,1449 1040,1449 1071,1450 1071,1406 1018,1404 1006,1403 1003,1401 901,1400 892,1401 875,1400"/>
          <TextEquiv conf="0.9296249">
            <Unicode>verſchiedene</Unicode>
          </TextEquiv>
        </Word>
        <TextEquiv>
          <Unicode>ſchen ganz verſchieden gebauet ſind, verſchiedene</Unicode>
        </TextEquiv>
      </TextLine>
      <TextLine id="region0003_line0016" custom="readingOrder {index:15;}">
        <Coords points="620,1439 608,1446 595,1449 570,1446 565,1442 557,1442 551,1446 464,1445 459,1440 446,1439 436,1446 421,1440 409,1440 403,1445 343,1448 307,1445 271,1449 257,1445 233,1444 227,1438 195,1439 186,1442 172,1437 162,1437 151,1443 142,1438 131,1438 130,1489 156,1486 166,1489 203,1489 210,1494 229,1488 288,1488 294,1493 309,1494 321,1487 338,1486 350,1495 365,1494 373,1489 405,1487 430,1488 433,1493 443,1495 457,1488 503,1487 517,1493 522,1490 554,1487 608,1491 611,1496 624,1498 631,1491 638,1491 645,1484 650,1484 660,1491 677,1493 828,1494 836,1501 842,1501 849,1496 870,1496 876,1490 888,1489 897,1498 937,1501 940,1505 956,1508 975,1501 998,1498 1080,1503 1080,1461 1048,1458 1038,1450 1027,1450 1020,1455 953,1455 945,1458 897,1453 892,1446 875,1446 864,1453 862,1446 858,1444 843,1445 838,1451 826,1444 786,1442 746,1450 710,1447 701,1441 691,1441 683,1446 676,1440 667,1440 659,1444 649,1440"/>
        <Baseline points="130,1477 581,1478 1080,1493"/>
        <Word id="region0003_line0016_word0000" custom="readingOrder {index:0;}">
          <Coords points="146,1446 145,1487 156,1486 166,1489 203,1489 206,1491 216,1491 229,1488 288,1488 293,1492 310,1492 319,1488 320,1448 283,1447 271,1449 265,1447"/>
          <TextEquiv conf="0.92740655">
            <Unicode>Nahrung</Unicode>
          </TextEquiv>
        </Word>
        <Word id="region0003_line0016_word0001" custom="readingOrder {index:1;}">
          <Coords points="522,1448 361,1447 345,1448 344,1491 346,1492 368,1492 373,1489 405,1487 430,1488 433,1493 448,1493 457,1488 503,1487 517,1493 517,1493 521,1491"/>
          <TextEquiv conf="0.91791254">
            <Unicode>genießen,</Unicode>
          </TextEquiv>
        </Word>
        <Word id="region0003_line0016_word0002" custom="readingOrder {index:2;}">
          <Coords points="754,1451 556,1450 555,1487 608,1491 610,1495 626,1495 631,1491 638,1491 645,1484 650,1484 660,1491 677,1493 753,1493"/>
          <TextEquiv conf="0.92143613">
            <Unicode>verſchiedne</Unicode>
          </TextEquiv>
        </Word>
        <Word id="region0003_line0016_word0003" custom="readingOrder {index:3;}">
          <Coords points="780,1449 779,1493 828,1494 832,1497 846,1497 849,1496 870,1496 876,1490 888,1489 897,1498 900,1498 967,1499 967,1455 953,1455 945,1458 897,1453 895,1450 868,1449 864,1453 863,1449 839,1449 838,1451 835,1449"/>
          <TextEquiv conf="0.49866146">
            <Unicode>Erziebhung</Unicode>
          </TextEquiv>
        </Word>
        <Word id="region0003_line0016_word0004" custom="readingOrder {index:4;}">
          <Coords points="1025,1452 1024,1492 1070,1492 1070,1460 1048,1458 1040,1452"/>
          <TextEquiv>
            <Unicode>Le⸗</Unicode>
          </TextEquiv>
        </Word>
        <TextEquiv>
          <Unicode>Nahrung genießen, verſchiedne Erziebhung Le⸗</Unicode>
        </TextEquiv>
      </TextLine>
      <TextLine id="region0003_line0017" custom="readingOrder {index:16;}">
        <Coords points="645,1485 638,1492 640,1499 561,1495 559,1490 554,1488 541,1488 531,1494 513,1494 498,1488 485,1492 451,1493 443,1496 384,1492 360,1496 346,1495 338,1487 321,1488 309,1495 294,1494 283,1489 274,1489 267,1493 223,1491 210,1495 176,1493 163,1488 145,1488 130,1490 130,1537 154,1538 169,1535 194,1539 223,1536 263,1537 269,1534 278,1534 281,1537 295,1534 336,1537 374,1533 387,1542 400,1540 406,1536 422,1535 452,1544 488,1541 503,1546 526,1537 592,1537 596,1542 604,1543 610,1538 621,1540 634,1536 645,1541 681,1540 692,1543 741,1545 787,1544 794,1552 802,1552 809,1546 815,1546 822,1554 836,1553 842,1546 858,1546 864,1543 879,1547 905,1546 913,1549 1011,1554 1039,1551 1051,1551 1056,1554 1081,1552 1080,1513 1063,1511 1054,1501 998,1499 975,1502 956,1509 936,1505 893,1502 894,1496 888,1490 881,1490 866,1500 849,1497 842,1502 836,1502 828,1495 799,1495 774,1500 708,1498 704,1495 657,1499 660,1492 650,1485"/>
        <Baseline points="130,1526 613,1528 1081,1542"/>
        <Word id="region0003_line0017_word0000" custom="readingOrder {index:0;}">
          <Coords points="145,1492 145,1532 295,1533 295,1494 294,1494 292,1493 267,1493 267,1493 262,1493 218,1492 210,1495 176,1493 174,1492"/>
          <TextEquiv conf="0.8593379">
            <Unicode>bensart,</Unicode>
          </TextEquiv>
        </Word>
        <Word id="region0003_line0017_word0001" custom="readingOrder {index:1;}">
          <Coords points="314,1492 314,1492 314,1535 336,1537 374,1533 382,1538 402,1539 406,1536 422,1535 435,1539 468,1539 468,1493 454,1493 451,1493 443,1496 391,1493 381,1492 360,1496 346,1495 343,1492"/>
          <TextEquiv>
            <Unicode>Umgang</Unicode>
          </TextEquiv>
        </Word>
        <Word id="region0003_line0017_word0002" custom="readingOrder {index:2;}">
          <Coords points="493,1492 493,1541 515,1541 526,1537 592,1537 595,1541 605,1541 610,1538 611,1538 611,1497 561,1495 560,1492 533,1492 531,1494 513,1494 508,1492"/>
          <TextEquiv conf="0.92715865">
            <Unicode>haben,</Unicode>
          </TextEquiv>
        </Word>
        <Word id="region0003_line0017_word0003" custom="readingOrder {index:3;}">
          <Coords points="644,1485 643,1487 643,1531 706,1532 706,1496 704,1495 657,1499 660,1492 650,1485"/>
          <TextEquiv conf="0.9251684">
            <Unicode>aus</Unicode>
          </TextEquiv>
        </Word>
        <Word id="region0003_line0017_word0004" custom="readingOrder {index:4;}">
          <Coords points="973,1544 973,1503 956,1509 936,1505 893,1502 894,1496 888,1490 881,1490 866,1500 849,1497 842,1502 836,1502 828,1495 799,1495 774,1500 735,1499 735,1542 864,1543 864,1543 864,1543"/>
          <TextEquiv conf="0.759127">
            <Unicode>verſchledenen</Unicode>
          </TextEquiv>
        </Word>
        <Word id="region0003_line0017_word0005" custom="readingOrder {index:5;}">
          <Coords points="997,1499 994,1499 994,1540 1070,1541 1070,1511 1063,1511 1054,1501 1000,1499"/>
          <TextEquiv>
            <Unicode>Buͤ⸗</Unicode>
          </TextEquiv>
        </Word>
        <TextEquiv>
          <Unicode>bensart, Umgang haben, aus verſchledenen Buͤ⸗</Unicode>
        </TextEquiv>
      </TextLine>
      <TextLine id="region0003_line0018" custom="readingOrder {index:17;}">
        <Coords points="360,1534 318,1541 302,1539 297,1535 288,1538 269,1535 236,1541 179,1540 169,1536 151,1540 130,1540 130,1588 160,1588 163,1592 170,1593 180,1588 208,1589 217,1585 237,1586 249,1583 258,1587 270,1587 271,1591 277,1594 288,1595 302,1586 354,1586 362,1583 402,1586 417,1583 460,1587 518,1585 539,1594 549,1594 555,1589 571,1589 581,1596 585,1596 589,1591 602,1592 606,1595 623,1592 637,1593 648,1599 654,1598 658,1593 665,1598 687,1594 723,1597 729,1602 745,1598 760,1598 765,1602 773,1602 783,1598 820,1595 876,1597 884,1603 900,1598 1000,1599 1005,1602 1024,1604 1031,1610 1040,1611 1053,1604 1080,1603 1081,1563 1057,1559 1051,1552 1030,1553 1020,1558 977,1558 918,1555 914,1550 905,1547 879,1548 864,1544 854,1547 848,1554 822,1555 794,1553 787,1545 771,1544 764,1548 740,1550 692,1550 690,1543 671,1541 665,1542 661,1548 656,1548 647,1547 646,1542 634,1537 621,1541 610,1539 604,1544 598,1544 592,1538 526,1538 501,1547 488,1542 452,1545 428,1540 422,1536 406,1537 400,1541 387,1543 374,1534"/>
        <Baseline points="130,1577 426,1573 1080,1594"/>
        <Word id="region0003_line0018_word0000" custom="readingOrder {index:0;}">
          <Coords points="240,1547 144,1546 143,1588 160,1588 160,1588 179,1588 180,1588 195,1589 209,1589 217,1585 237,1586 239,1585"/>
          <TextEquiv conf="0.91020083">
            <Unicode>chern</Unicode>
          </TextEquiv>
        </Word>
        <Word id="region0003_line0018_word0001" custom="readingOrder {index:1;}">
          <Coords points="336,1546 266,1545 265,1587 270,1587 271,1591 277,1594 288,1595 302,1586 335,1586"/>
          <TextEquiv conf="0.924323">
            <Unicode>ihre</Unicode>
          </TextEquiv>
        </Word>
        <Word id="region0003_line0018_word0002" custom="readingOrder {index:2;}">
          <Coords points="353,1545 352,1586 354,1586 362,1583 402,1586 417,1583 460,1587 518,1585 539,1594 549,1594 555,1589 555,1589 556,1547 502,1546 501,1547 500,1546"/>
          <TextEquiv conf="0.9256117">
            <Unicode>Erkenntniß</Unicode>
          </TextEquiv>
        </Word>
        <Word id="region0003_line0018_word0003" custom="readingOrder {index:3;}">
          <Coords points="576,1544 575,1591 578,1594 586,1594 589,1591 602,1592 604,1594 610,1594 623,1592 637,1593 639,1594 656,1594 658,1593 660,1594 683,1594 687,1594 695,1594 741,1595 741,1549 740,1550 692,1550 690,1544 663,1544 661,1548 656,1548 647,1547 646,1544"/>
          <TextEquiv conf="0.92999864">
            <Unicode>ſchoͤpfen;</Unicode>
          </TextEquiv>
        </Word>
        <Word id="region0003_line0018_word0004" custom="readingOrder {index:4;}">
          <Coords points="767,1549 766,1593 797,1594 797,1553 794,1553 791,1549"/>
          <TextEquiv conf="0.93077886">
            <Unicode>ſo</Unicode>
          </TextEquiv>
        </Word>
        <Word id="region0003_line0018_word0005" custom="readingOrder {index:5;}">
          <Coords points="853,1547 848,1554 822,1555 818,1554 818,1594 941,1595 941,1556 918,1555 914,1550 907,1547 889,1547 879,1548 877,1547"/>
          <TextEquiv conf="0.93058467">
            <Unicode>muͤſſen</Unicode>
          </TextEquiv>
        </Word>
        <Word id="region0003_line0018_word0006" custom="readingOrder {index:6;}">
          <Coords points="971,1597 1066,1598 1066,1560 1057,1559 1051,1552 1030,1553 1020,1558 977,1558 971,1557"/>
          <TextEquiv conf="0.5996411">
            <Unicode>noth⸗</Unicode>
          </TextEquiv>
        </Word>
        <TextEquiv conf="0.8787341">
          <Unicode>chern ihre Erkenntniß ſchoͤpfen; ſo muͤſſen noth⸗</Unicode>
        </TextEquiv>
      </TextLine>
      <TextLine id="region0003_line0019" custom="readingOrder {index:18;}">
        <Coords points="362,1584 350,1589 301,1591 288,1596 260,1591 256,1586 249,1584 240,1585 235,1589 231,1586 217,1586 210,1591 183,1593 130,1593 130,1634 240,1636 246,1637 251,1643 261,1645 278,1642 281,1637 341,1636 359,1637 365,1642 372,1642 380,1637 411,1636 413,1640 421,1641 433,1641 437,1637 487,1634 495,1637 549,1638 558,1645 573,1641 622,1640 630,1643 662,1644 679,1653 691,1651 698,1645 727,1643 795,1648 809,1646 816,1651 837,1649 848,1656 863,1649 884,1648 941,1651 946,1648 965,1647 975,1650 982,1657 991,1657 1003,1650 1014,1650 1020,1656 1032,1652 1080,1651 1080,1609 1048,1609 1036,1612 1028,1609 1009,1608 1007,1603 1000,1600 987,1600 978,1607 918,1605 909,1604 904,1600 884,1604 876,1598 858,1600 852,1597 833,1596 820,1596 804,1602 729,1603 685,1599 648,1600 581,1597 571,1590 555,1590 549,1595 539,1595 518,1586 453,1591 436,1589 433,1586 376,1587"/>
        <Baseline points="130,1624 508,1625 665,1635 1080,1640"/>
        <Word id="region0003_line0019_word0000" custom="readingOrder {index:0;}">
          <Coords points="211,1591 210,1591 183,1593 143,1593 143,1634 240,1636 246,1637 248,1640 275,1640 275,1594 260,1591 260,1591"/>
          <TextEquiv conf="0.9231463">
            <Unicode>wendig</Unicode>
          </TextEquiv>
        </Word>
        <Word id="region0003_line0019_word0001" custom="readingOrder {index:1;}">
          <Coords points="380,1593 302,1592 302,1636 324,1636 341,1636 352,1636 380,1637"/>
          <TextEquiv conf="0.92972547">
            <Unicode>auch</Unicode>
          </TextEquiv>
        </Word>
        <Word id="region0003_line0019_word0002" custom="readingOrder {index:2;}">
          <Coords points="475,1595 406,1594 406,1636 411,1636 412,1638 435,1638 437,1637 475,1634"/>
          <TextEquiv conf="0.91796386">
            <Unicode>ihre</Unicode>
          </TextEquiv>
        </Word>
        <Word id="region0003_line0019_word0003" custom="readingOrder {index:3;}">
          <Coords points="495,1594 495,1637 549,1638 553,1641 571,1642 573,1641 622,1640 628,1642 732,1643 732,1603 729,1603 685,1599 648,1600 581,1597 578,1595 550,1594 549,1595 539,1595 538,1594"/>
          <TextEquiv conf="0.9270636">
            <Unicode>Geſinnungen</Unicode>
          </TextEquiv>
        </Word>
        <Word id="region0003_line0019_word0004" custom="readingOrder {index:4;}">
          <Coords points="818,1597 804,1602 757,1603 757,1644 955,1646 955,1606 918,1605 909,1604 904,1600 884,1604 876,1598 858,1600 852,1597 851,1597"/>
          <TextEquiv>
            <Unicode>verſchieden</Unicode>
          </TextEquiv>
        </Word>
        <Word id="region0003_line0019_word0005" custom="readingOrder {index:5;}">
          <Coords points="982,1644 1068,1645 1068,1609 1048,1609 1036,1612 1028,1609 1009,1608 1007,1603 1000,1600 987,1600 982,1603"/>
          <TextEquiv conf="0.9214361">
            <Unicode>ſeyn.</Unicode>
          </TextEquiv>
        </Word>
        <TextEquiv>
          <Unicode>wendig auch ihre Geſinnungen verſchieden ſeyn.</Unicode>
        </TextEquiv>
      </TextLine>
      <TextLine id="region0003_line0020" custom="readingOrder {index:19;}">
        <Coords points="483,1635 468,1640 421,1642 298,1642 261,1646 197,1636 130,1635 131,1684 212,1688 275,1684 313,1688 444,1683 504,1688 517,1686 538,1690 548,1685 556,1688 573,1687 608,1697 619,1692 699,1693 715,1696 720,1700 745,1697 750,1701 762,1701 767,1697 822,1694 922,1700 944,1697 992,1697 997,1700 1080,1700 1080,1657 1020,1657 1014,1651 1003,1651 991,1658 982,1658 968,1649 953,1648 946,1649 939,1655 897,1653 892,1649 884,1649 876,1653 860,1653 848,1657 839,1653 816,1652 809,1647 789,1651 784,1647 766,1648 760,1645 739,1644 723,1645 717,1650 679,1654 663,1646 657,1649 635,1648 622,1641 607,1641 600,1646 558,1646 549,1639 537,1638 527,1642 516,1637 497,1639"/>
        <Baseline points="130,1674 490,1674 746,1686 1080,1690"/>
        <Word id="region0003_line0020_word0000" custom="readingOrder {index:0;}">
          <Coords points="144,1642 144,1681 264,1682 264,1645 261,1646 240,1642"/>
          <TextEquiv conf="0.9283741">
            <Unicode>Wenn</Unicode>
          </TextEquiv>
        </Word>
        <Word id="region0003_line0020_word0001" custom="readingOrder {index:1;}">
          <Coords points="281,1650 350,1651 350,1679 281,1678"/>
          <TextEquiv conf="0.9211368">
            <Unicode>nun</Unicode>
          </TextEquiv>
        </Word>
        <Word id="region0003_line0020_word0002" custom="readingOrder {index:2;}">
          <Coords points="369,1648 465,1649 465,1679 369,1678"/>
          <TextEquiv conf="0.9211368">
            <Unicode>unter</Unicode>
          </TextEquiv>
        </Word>
        <Word id="region0003_line0020_word0003" custom="readingOrder {index:3;}">
          <Coords points="480,1643 480,1686 504,1688 517,1686 530,1688 540,1688 548,1685 556,1688 573,1687 579,1688 584,1689 584,1646 558,1646 555,1643"/>
          <TextEquiv conf="0.92636454">
            <Unicode>dieſen</Unicode>
          </TextEquiv>
        </Word>
        <Word id="region0003_line0020_word0004" custom="readingOrder {index:4;}">
          <Coords points="604,1645 604,1687 636,1687 636,1648 635,1648 629,1645"/>
          <TextEquiv conf="0.93226004">
            <Unicode>ſo</Unicode>
          </TextEquiv>
        </Word>
        <Word id="region0003_line0020_word0005" custom="readingOrder {index:5;}">
          <Coords points="663,1646 662,1646 662,1687 861,1689 861,1653 860,1653 848,1657 839,1653 816,1652 810,1647 807,1647 789,1651 784,1647 781,1647 766,1648 764,1647 721,1647 717,1650 679,1654 663,1646"/>
          <TextEquiv conf="0.9232414">
            <Unicode>verſchieden</Unicode>
          </TextEquiv>
        </Word>
        <Word id="region0003_line0020_word0006" custom="readingOrder {index:6;}">
          <Coords points="883,1685 1069,1687 1069,1657 1020,1657 1014,1651 1003,1651 991,1658 982,1658 968,1649 953,1648 946,1649 939,1655 897,1653 892,1649 884,1649 883,1649"/>
          <TextEquiv conf="0.9294497">
            <Unicode>denkenden</Unicode>
          </TextEquiv>
        </Word>
        <TextEquiv conf="0.92599475">
          <Unicode>Wenn nun unter dieſen ſo verſchieden denkenden</Unicode>
        </TextEquiv>
      </TextLine>
      <TextLine id="region0003_line0021" custom="readingOrder {index:20;}">
        <Coords points="433,1684 426,1690 396,1690 390,1685 376,1685 370,1690 328,1693 288,1691 275,1685 249,1685 233,1691 131,1685 130,1739 231,1737 234,1742 247,1743 253,1737 260,1737 265,1743 273,1744 284,1737 309,1736 316,1737 321,1743 331,1743 340,1735 420,1737 424,1741 435,1742 449,1737 500,1734 506,1737 528,1738 533,1743 542,1743 548,1739 677,1744 690,1743 696,1737 700,1737 705,1740 701,1749 706,1752 718,1751 726,1745 765,1744 798,1748 828,1746 837,1750 853,1747 971,1748 982,1749 993,1756 1009,1756 1019,1750 1043,1748 1050,1748 1062,1754 1080,1751 1080,1709 998,1704 992,1698 974,1699 969,1703 961,1698 944,1698 937,1704 896,1704 870,1697 821,1695 782,1702 734,1702 704,1701 698,1694 682,1694 678,1700 608,1698 582,1695 573,1688 558,1690 548,1686 538,1691 498,1692 476,1691 470,1685 458,1685 451,1691 447,1685"/>
        <Baseline points="130,1727 519,1725 1080,1740"/>
        <Word id="region0003_line0021_word0000" custom="readingOrder {index:0;}">
          <Coords points="339,1694 143,1692 143,1737 201,1737 231,1737 231,1737 251,1738 253,1737 260,1737 261,1738 281,1738 284,1737 309,1736 316,1737 317,1738 335,1738 339,1735"/>
          <TextEquiv conf="0.9155355">
            <Unicode>Menſchen,</Unicode>
          </TextEquiv>
        </Word>
        <Word id="region0003_line0021_word0001" custom="readingOrder {index:1;}">
          <Coords points="358,1693 410,1693 410,1731 358,1731"/>
          <TextEquiv conf="0.9315351">
            <Unicode>ein</Unicode>
          </TextEquiv>
        </Word>
        <Word id="region0003_line0021_word0002" custom="readingOrder {index:2;}">
          <Coords points="515,1694 429,1694 429,1740 440,1740 449,1737 500,1734 506,1737 515,1737"/>
          <TextEquiv conf="0.930228">
            <Unicode>jeder</Unicode>
          </TextEquiv>
        </Word>
        <Word id="region0003_line0021_word0003" custom="readingOrder {index:3;}">
          <Coords points="531,1693 531,1736 649,1737 649,1699 608,1698 582,1695 579,1693"/>
          <TextEquiv conf="0.9304621">
            <Unicode>ſeinem</Unicode>
          </TextEquiv>
        </Word>
        <Word id="region0003_line0021_word0004" custom="readingOrder {index:4;}">
          <Coords points="679,1697 678,1700 667,1699 667,1743 687,1743 690,1743 696,1737 700,1737 705,1740 703,1743 800,1744 800,1698 782,1702 734,1702 704,1701 700,1697"/>
          <TextEquiv conf="0.9266321">
            <Unicode>eigenen</Unicode>
          </TextEquiv>
        </Word>
        <Word id="region0003_line0021_word0005" custom="readingOrder {index:5;}">
          <Coords points="916,1704 896,1704 870,1697 825,1695 825,1746 828,1746 832,1748 846,1748 853,1747 916,1747"/>
          <TextEquiv conf="0.9222731">
            <Unicode>Sinne</Unicode>
          </TextEquiv>
        </Word>
        <Word id="region0003_line0021_word0006" custom="readingOrder {index:6;}">
          <Coords points="943,1698 937,1704 937,1743 1068,1744 1068,1708 998,1704 992,1698 985,1698 974,1699 969,1703 961,1698"/>
          <TextEquiv conf="0.40122414">
            <Unicode>folgen,</Unicode>
          </TextEquiv>
        </Word>
        <TextEquiv conf="0.85112715">
          <Unicode>Menſchen, ein jeder ſeinem eigenen Sinne folgen,</Unicode>
        </TextEquiv>
      </TextLine>
      <TextLine id="region0003_line0022" custom="readingOrder {index:21;}">
        <Coords points="490,1735 479,1742 357,1742 355,1737 340,1736 331,1744 237,1744 190,1737 183,1741 130,1744 130,1787 259,1788 270,1785 322,1788 328,1785 419,1787 464,1784 474,1787 501,1785 533,1789 545,1796 553,1798 566,1797 574,1791 618,1791 624,1788 661,1794 727,1793 736,1798 752,1793 804,1797 813,1801 843,1798 853,1803 862,1801 865,1797 882,1797 896,1793 910,1797 918,1794 1012,1795 1020,1799 1045,1799 1048,1803 1054,1804 1064,1800 1081,1800 1080,1754 1062,1755 1050,1749 1009,1757 960,1753 939,1748 916,1753 888,1753 875,1748 837,1751 828,1747 794,1750 765,1745 759,1748 706,1753 700,1749 704,1741 700,1738 696,1738 690,1744 675,1745 671,1749 639,1749 538,1745 508,1742 503,1736"/>
        <Baseline points="130,1776 487,1775 1080,1789"/>
        <Word id="region0003_line0022_word0000" custom="readingOrder {index:0;}">
          <Coords points="143,1776 212,1777 212,1742 174,1741 143,1743"/>
          <TextEquiv conf="0.9300098">
            <Unicode>und</Unicode>
          </TextEquiv>
        </Word>
        <Word id="region0003_line0022_word0001" custom="readingOrder {index:1;}">
          <Coords points="223,1749 288,1749 288,1778 223,1778"/>
          <TextEquiv conf="0.9300098">
            <Unicode>von</Unicode>
          </TextEquiv>
        </Word>
        <Word id="region0003_line0022_word0002" custom="readingOrder {index:2;}">
          <Coords points="335,1740 331,1744 297,1744 297,1778 418,1779 418,1742 357,1742 356,1740"/>
          <TextEquiv conf="0.9286207">
            <Unicode>andern</Unicode>
          </TextEquiv>
        </Word>
        <Word id="region0003_line0022_word0003" custom="readingOrder {index:3;}">
          <Coords points="480,1741 479,1742 429,1742 429,1786 464,1784 474,1787 501,1785 530,1789 607,1789 607,1748 538,1745 508,1742 508,1741"/>
          <TextEquiv conf="0.9273357">
            <Unicode>verlangen</Unicode>
          </TextEquiv>
        </Word>
        <Word id="region0003_line0022_word0004" custom="readingOrder {index:4;}">
          <Coords points="623,1787 743,1788 743,1749 706,1753 700,1749 704,1741 700,1738 696,1738 690,1744 675,1745 671,1749 639,1749 623,1748"/>
          <TextEquiv conf="0.9281771">
            <Unicode>wollte,</Unicode>
          </TextEquiv>
        </Word>
        <Word id="region0003_line0022_word0005" custom="readingOrder {index:5;}">
          <Coords points="766,1786 831,1787 831,1748 828,1747 794,1750 766,1745"/>
          <TextEquiv conf="0.9241777">
            <Unicode>daß</Unicode>
          </TextEquiv>
        </Word>
        <Word id="region0003_line0022_word0006" custom="readingOrder {index:6;}">
          <Coords points="862,1749 849,1750 849,1790 889,1790 889,1753 888,1753 877,1749"/>
          <TextEquiv conf="0.92629796">
            <Unicode>ſie</Unicode>
          </TextEquiv>
        </Word>
        <Word id="region0003_line0022_word0007" custom="readingOrder {index:7;}">
          <Coords points="908,1783 967,1783 967,1753 960,1753 939,1748 916,1753 908,1753"/>
          <TextEquiv conf="0.9295656">
            <Unicode>alle</Unicode>
          </TextEquiv>
        </Word>
        <Word id="region0003_line0022_word0008" custom="readingOrder {index:8;}">
          <Coords points="986,1788 1066,1789 1066,1754 1062,1755 1050,1749 1009,1757 986,1755"/>
          <TextEquiv conf="0.92698175">
            <Unicode>nach</Unicode>
          </TextEquiv>
        </Word>
        <TextEquiv conf="0.9279084">
          <Unicode>und von andern verlangen wollte, daß ſie alle nach</Unicode>
        </TextEquiv>
      </TextLine>
      <TextLine id="region0003_line0023" custom="readingOrder {index:22;}">
        <Coords points="453,1785 417,1792 371,1791 365,1786 352,1786 343,1791 328,1786 319,1792 287,1790 280,1786 262,1789 237,1787 206,1793 181,1790 174,1786 130,1788 130,1837 151,1835 159,1843 165,1844 174,1841 177,1836 227,1834 239,1840 270,1836 275,1842 282,1843 288,1837 358,1839 426,1835 441,1836 446,1839 464,1834 468,1837 538,1835 544,1839 565,1836 632,1838 641,1842 663,1843 766,1844 778,1841 866,1846 885,1844 914,1846 917,1850 928,1851 940,1845 970,1842 978,1848 987,1845 997,1846 1000,1851 1007,1853 1014,1852 1021,1847 1039,1845 1080,1847 1081,1805 1027,1803 1012,1796 979,1795 972,1798 935,1800 928,1795 911,1798 896,1794 885,1800 853,1804 773,1798 760,1794 739,1799 724,1794 694,1800 644,1799 642,1792 624,1789 617,1792 614,1798 553,1799 512,1791 501,1786 474,1788"/>
        <Baseline points="130,1825 1080,1836"/>
        <Word id="region0003_line0023_word0000" custom="readingOrder {index:0;}">
          <Coords points="142,1792 141,1836 151,1835 155,1839 175,1839 177,1836 213,1835 214,1793 207,1793 206,1793 205,1793"/>
          <TextEquiv conf="0.9253243">
            <Unicode>ihm</Unicode>
          </TextEquiv>
        </Word>
        <Word id="region0003_line0023_word0001" custom="readingOrder {index:1;}">
          <Coords points="289,1794 231,1794 230,1836 235,1838 254,1838 270,1836 272,1838 287,1838 288,1837 288,1837"/>
          <TextEquiv conf="0.92718214">
            <Unicode>ſich</Unicode>
          </TextEquiv>
        </Word>
        <Word id="region0003_line0023_word0002" custom="readingOrder {index:2;}">
          <Coords points="306,1793 426,1794 425,1833 305,1832"/>
          <TextEquiv conf="0.9223894">
            <Unicode>richten</Unicode>
          </TextEquiv>
        </Word>
        <Word id="region0003_line0023_word0003" custom="readingOrder {index:3;}">
          <Coords points="448,1795 447,1837 453,1837 464,1834 468,1837 538,1835 542,1837 551,1837 556,1837 556,1798 553,1799 536,1795"/>
          <TextEquiv conf="0.924199">
            <Unicode>ſollen,</Unicode>
          </TextEquiv>
        </Word>
        <Word id="region0003_line0023_word0004" custom="readingOrder {index:4;}">
          <Coords points="616,1792 614,1798 582,1798 582,1833 671,1834 671,1799 644,1799 642,1792"/>
          <TextEquiv conf="0.9265158">
            <Unicode>waͤre</Unicode>
          </TextEquiv>
        </Word>
        <Word id="region0003_line0023_word0005" custom="readingOrder {index:5;}">
          <Coords points="703,1798 696,1799 696,1834 836,1835 836,1802 781,1798 741,1798 739,1799 736,1798"/>
          <TextEquiv conf="0.9241696">
            <Unicode>alsdenn</Unicode>
          </TextEquiv>
        </Word>
        <Word id="region0003_line0023_word0006" custom="readingOrder {index:6;}">
          <Coords points="890,1797 885,1800 866,1802 866,1841 952,1842 952,1799 935,1800 931,1797 913,1797 911,1798 909,1797"/>
          <TextEquiv conf="0.9278641">
            <Unicode>nicht</Unicode>
          </TextEquiv>
        </Word>
        <Word id="region0003_line0023_word0007" custom="readingOrder {index:7;}">
          <Coords points="974,1799 973,1843 1066,1844 1066,1804 1027,1803 1019,1799"/>
          <TextEquiv conf="0.91416955">
            <Unicode>ſchon</Unicode>
          </TextEquiv>
        </Word>
        <TextEquiv conf="0.9239767">
          <Unicode>ihm ſich richten ſollen, waͤre alsdenn nicht ſchon</Unicode>
        </TextEquiv>
      </TextLine>
      <TextLine id="region0003_line0024" custom="readingOrder {index:23;}">
        <Coords points="461,1835 442,1842 397,1843 392,1837 379,1837 369,1844 347,1845 304,1843 298,1838 288,1838 282,1844 277,1844 270,1837 259,1837 254,1843 247,1839 239,1841 227,1835 215,1835 163,1845 151,1836 140,1837 130,1839 130,1886 179,1888 209,1886 224,1892 257,1884 272,1884 279,1887 313,1886 323,1890 330,1889 340,1882 348,1886 350,1896 362,1894 365,1889 403,1887 447,1888 450,1893 463,1894 472,1888 490,1886 552,1888 564,1893 588,1894 613,1891 618,1894 660,1895 694,1891 726,1896 768,1894 783,1898 786,1894 798,1894 806,1898 815,1895 850,1895 856,1888 864,1888 873,1894 936,1899 966,1899 1003,1893 1080,1899 1080,1850 1056,1849 1050,1846 1039,1846 1032,1851 1009,1854 989,1846 978,1849 970,1843 940,1846 928,1852 890,1849 885,1845 873,1845 867,1849 834,1850 816,1848 811,1844 778,1842 767,1847 753,1848 742,1848 737,1844 720,1847 715,1844 702,1844 694,1850 644,1850 642,1843 632,1839 565,1837 544,1840 538,1836 525,1836 511,1837 498,1842 470,1842 469,1838"/>
        <Baseline points="130,1875 529,1874 589,1883 1080,1887"/>
        <Word id="region0003_line0024_word0000" custom="readingOrder {index:0;}">
          <Coords points="142,1845 203,1846 203,1884 142,1883"/>
          <TextEquiv conf="0.9256508">
            <Unicode>der</Unicode>
          </TextEquiv>
        </Word>
        <Word id="region0003_line0024_word0001" custom="readingOrder {index:1;}">
          <Coords points="328,1845 212,1844 212,1887 224,1892 257,1884 272,1884 279,1887 313,1886 323,1890 328,1889"/>
          <TextEquiv conf="0.92461455">
            <Unicode>Friede</Unicode>
          </TextEquiv>
        </Word>
        <Word id="region0003_line0024_word0002" custom="readingOrder {index:2;}">
          <Coords points="542,1846 339,1845 339,1882 340,1882 348,1886 349,1892 363,1892 365,1889 403,1887 447,1888 449,1892 465,1892 472,1888 490,1886 542,1887"/>
          <TextEquiv conf="0.93092746">
            <Unicode>gebrochen?</Unicode>
          </TextEquiv>
        </Word>
        <Word id="region0003_line0024_word0003" custom="readingOrder {index:3;}">
          <Coords points="561,1847 561,1889 670,1890 670,1850 644,1850 643,1847"/>
          <TextEquiv conf="0.92284167">
            <Unicode>Waͤre</Unicode>
          </TextEquiv>
        </Word>
        <Word id="region0003_line0024_word0004" custom="readingOrder {index:4;}">
          <Coords points="677,1852 762,1852 762,1891 677,1891"/>
          <TextEquiv conf="0.930024">
            <Unicode>nicht</Unicode>
          </TextEquiv>
        </Word>
        <Word id="region0003_line0024_word0005" custom="readingOrder {index:5;}">
          <Coords points="770,1849 770,1893 850,1893 856,1888 864,1888 864,1850 841,1849 834,1850 830,1849"/>
          <TextEquiv conf="0.9198742">
            <Unicode>ſchon</Unicode>
          </TextEquiv>
        </Word>
        <Word id="region0003_line0024_word0006" custom="readingOrder {index:6;}">
          <Coords points="875,1852 930,1853 930,1888 875,1887"/>
          <TextEquiv conf="0.9325976">
            <Unicode>der</Unicode>
          </TextEquiv>
        </Word>
        <Word id="region0003_line0024_word0007" custom="readingOrder {index:7;}">
          <Coords points="942,1849 942,1890 1066,1891 1066,1850 1033,1849 1032,1851 1009,1854 997,1849"/>
          <TextEquiv conf="0.72380483">
            <Unicode>Streit</Unicode>
          </TextEquiv>
        </Word>
        <TextEquiv conf="0.9012919">
          <Unicode>der Friede gebrochen? Waͤre nicht ſchon der Streit</Unicode>
        </TextEquiv>
      </TextLine>
      <TextLine id="region0003_line0025" custom="readingOrder {index:24;}">
        <Coords points="337,1883 330,1890 330,1895 324,1895 322,1890 313,1887 279,1888 272,1885 257,1885 224,1893 209,1887 179,1890 158,1889 152,1886 130,1888 130,1936 219,1940 297,1937 305,1947 321,1940 336,1939 445,1939 448,1942 463,1943 468,1939 477,1939 490,1933 496,1933 506,1939 529,1940 531,1944 539,1946 548,1946 555,1941 671,1942 691,1946 699,1943 722,1943 728,1949 735,1949 742,1944 773,1944 776,1948 787,1950 794,1943 806,1943 811,1950 820,1950 826,1945 879,1945 917,1941 960,1946 979,1944 986,1947 1005,1944 1017,1948 1080,1947 1080,1906 1052,1903 1031,1896 1003,1894 935,1902 906,1898 877,1898 867,1890 856,1889 850,1896 841,1899 820,1896 802,1899 798,1895 786,1895 783,1899 768,1895 726,1897 686,1892 619,1899 613,1892 601,1892 593,1898 584,1898 566,1896 552,1889 537,1889 533,1893 490,1887 484,1891 472,1891 463,1895 383,1892 377,1895 350,1897 347,1886"/>
        <Baseline points="130,1925 1080,1937"/>
        <Word id="region0003_line0025_word0000" custom="readingOrder {index:0;}">
          <Coords points="139,1894 219,1895 218,1934 138,1933"/>
          <TextEquiv conf="0.918704">
            <Unicode>da?</Unicode>
          </TextEquiv>
        </Word>
        <Word id="region0003_line0025_word0001" custom="readingOrder {index:1;}">
          <Coords points="335,1884 330,1890 330,1895 324,1895 322,1890 313,1887 279,1888 272,1885 257,1885 244,1887 244,1939 297,1937 302,1943 313,1943 321,1940 336,1939 392,1939 392,1892 383,1892 377,1895 350,1897 347,1886 342,1884"/>
          <TextEquiv conf="0.926769">
            <Unicode>Nehmet</Unicode>
          </TextEquiv>
        </Word>
        <Word id="region0003_line0025_word0002" custom="readingOrder {index:2;}">
          <Coords points="412,1902 470,1903 469,1938 411,1937"/>
          <TextEquiv conf="0.92979985">
            <Unicode>an,</Unicode>
          </TextEquiv>
        </Word>
        <Word id="region0003_line0025_word0003" custom="readingOrder {index:3;}">
          <Coords points="556,1940 557,1895 492,1894 491,1933 496,1933 506,1939 514,1939"/>
          <TextEquiv conf="0.9268812">
            <Unicode>daß</Unicode>
          </TextEquiv>
        </Word>
        <Word id="region0003_line0025_word0004" custom="readingOrder {index:4;}">
          <Coords points="594,1897 593,1898 584,1898 582,1897 582,1935 651,1935 652,1897 638,1897 619,1899 617,1897"/>
          <TextEquiv conf="0.9191298">
            <Unicode>eine</Unicode>
          </TextEquiv>
        </Word>
        <Word id="region0003_line0025_word0005" custom="readingOrder {index:5;}">
          <Coords points="855,1890 850,1896 841,1899 820,1896 802,1899 798,1895 786,1895 783,1899 768,1895 726,1897 686,1892 670,1894 669,1942 671,1942 671,1942 879,1943 880,1898 877,1898 867,1890 866,1890"/>
          <TextEquiv conf="0.92686445">
            <Unicode>Geſellſchaft</Unicode>
          </TextEquiv>
        </Word>
        <Word id="region0003_line0025_word0006" custom="readingOrder {index:6;}">
          <Coords points="898,1905 965,1906 964,1937 897,1936"/>
          <TextEquiv conf="0.931412">
            <Unicode>von</Unicode>
          </TextEquiv>
        </Word>
        <Word id="region0003_line0025_word0007" custom="readingOrder {index:7;}">
          <Coords points="982,1898 981,1937 1066,1938 1066,1904 1052,1903 1039,1898"/>
          <TextEquiv conf="0.9281559">
            <Unicode>Kin⸗</Unicode>
          </TextEquiv>
        </Word>
        <TextEquiv conf="0.92596453">
          <Unicode>da? Nehmet an, daß eine Geſellſchaft von Kin⸗</Unicode>
        </TextEquiv>
      </TextLine>
      <TextLine id="region0003_line0026" custom="readingOrder {index:25;}">
        <Coords points="490,1934 479,1938 476,1943 337,1945 314,1946 308,1948 305,1948 297,1938 281,1940 277,1945 257,1945 179,1942 136,1936 130,1938 130,1987 195,1988 235,1991 247,1995 257,1986 264,1986 271,1991 292,1994 304,1990 361,1990 369,1987 408,1988 437,1983 445,1988 522,1991 531,1996 539,1996 546,1993 601,1991 637,1992 644,1997 665,1992 685,2000 718,1992 791,1995 794,1999 801,2000 822,1992 879,1992 898,1997 958,1998 987,1995 1019,1998 1023,2002 1038,1998 1080,1998 1080,1955 1018,1951 1011,1945 995,1946 989,1950 979,1945 964,1948 917,1942 890,1944 873,1950 866,1950 865,1946 848,1944 841,1950 820,1951 811,1951 806,1944 794,1944 787,1951 728,1950 722,1944 691,1947 682,1944 668,1946 648,1942 631,1949 571,1949 507,1943 503,1937"/>
        <Baseline points="130,1976 1080,1988"/>
        <Word id="region0003_line0026_word0000" custom="readingOrder {index:0;}">
          <Coords points="136,1942 136,1978 220,1979 220,1943 198,1942"/>
          <TextEquiv conf="0.92663217">
            <Unicode>dern</Unicode>
          </TextEquiv>
        </Word>
        <Word id="region0003_line0026_word0001" custom="readingOrder {index:1;}">
          <Coords points="280,1941 277,1945 257,1945 242,1944 242,1985 419,1985 426,1984 426,1943 337,1945 314,1946 308,1948 305,1948 299,1941"/>
          <TextEquiv conf="0.93074644">
            <Unicode>zuſammen</Unicode>
          </TextEquiv>
        </Word>
        <Word id="region0003_line0026_word0002" custom="readingOrder {index:2;}">
          <Coords points="480,1937 479,1938 476,1943 446,1943 446,1988 546,1989 546,1946 507,1943 503,1937"/>
          <TextEquiv conf="0.9190831">
            <Unicode>traͤte,</Unicode>
          </TextEquiv>
        </Word>
        <Word id="region0003_line0026_word0003" custom="readingOrder {index:3;}">
          <Coords points="564,1954 620,1954 620,1982 564,1982"/>
          <TextEquiv conf="0.929596">
            <Unicode>um</Unicode>
          </TextEquiv>
        </Word>
        <Word id="region0003_line0026_word0004" custom="readingOrder {index:4;}">
          <Coords points="641,1947 698,1948 698,1990 641,1989"/>
          <TextEquiv conf="0.92809546">
            <Unicode>ſich</Unicode>
          </TextEquiv>
        </Word>
        <Word id="region0003_line0026_word0005" custom="readingOrder {index:5;}">
          <Coords points="717,1946 717,1990 815,1991 815,1951 811,1951 808,1946 791,1946 787,1951 728,1950 724,1946"/>
          <TextEquiv conf="0.9297224">
            <Unicode>durch</Unicode>
          </TextEquiv>
        </Word>
        <Word id="region0003_line0026_word0006" custom="readingOrder {index:6;}">
          <Coords points="844,1947 841,1950 833,1950 833,1983 882,1983 882,1947 882,1947 873,1950 866,1950 865,1947"/>
          <TextEquiv conf="0.9285934">
            <Unicode>ein</Unicode>
          </TextEquiv>
        </Word>
        <Word id="region0003_line0026_word0007" custom="readingOrder {index:7;}">
          <Coords points="902,1947 902,1988 1009,1988 1009,1947 993,1947 989,1950 983,1947 969,1947 964,1948 956,1947"/>
          <TextEquiv conf="0.9285934">
            <Unicode>Spiel</Unicode>
          </TextEquiv>
        </Word>
        <Word id="region0003_line0026_word0008" custom="readingOrder {index:8;}">
          <Coords points="1027,1958 1065,1958 1065,1995 1027,1995"/>
          <TextEquiv conf="0.932638">
            <Unicode>zu</Unicode>
          </TextEquiv>
        </Word>
        <TextEquiv conf="0.9281889">
          <Unicode>dern zuſammen traͤte, um ſich durch ein Spiel zu</Unicode>
        </TextEquiv>
      </TextLine>
      <TextLine id="region0003_line0027" custom="readingOrder {index:26;}">
        <Coords points="429,1984 405,1990 369,1988 360,1994 338,1996 272,1995 264,1987 257,1987 247,1996 226,1993 154,1992 150,1989 141,1989 130,1991 130,2032 131,2035 145,2036 191,2033 202,2043 213,2044 225,2041 228,2037 260,2037 277,2042 294,2035 315,2039 349,2036 366,2042 377,2035 423,2037 454,2034 460,2037 607,2040 611,2043 650,2044 655,2051 666,2051 673,2045 706,2045 709,2050 723,2050 728,2044 740,2044 751,2035 762,2044 777,2043 782,2049 791,2049 797,2044 842,2043 854,2043 862,2049 879,2043 894,2044 895,2049 904,2053 923,2044 965,2042 1081,2046 1080,2003 1048,2002 1046,1999 1025,2003 995,2001 989,1998 922,2000 917,1997 905,1997 890,1999 879,1993 870,1993 862,1998 835,1997 829,1993 822,1993 803,2001 791,1999 780,2001 750,2001 740,2000 733,1994 718,1993 708,1999 694,1998 685,2001 665,1993 647,1998 637,1993 617,1996 611,1992 601,1992 590,1995 563,1993 531,1997 525,1994 511,1994 508,1991 496,1991 493,1994 446,1993 443,1987"/>
        <Baseline points="130,2025 1080,2036"/>
        <Word id="region0003_line0027_word0000" custom="readingOrder {index:0;}">
          <Coords points="257,1987 247,1996 226,1993 154,1992 150,1989 141,1989 141,2036 145,2036 191,2033 195,2037 242,2037 260,2037 261,2037 288,2037 294,2035 308,2038 328,2038 342,2037 342,1996 338,1996 272,1995 264,1987"/>
          <TextEquiv conf="0.9238297">
            <Unicode>vergnuͤgen,</Unicode>
          </TextEquiv>
        </Word>
        <Word id="region0003_line0027_word0001" custom="readingOrder {index:1;}">
          <Coords points="395,1994 363,1994 363,2036 375,2036 377,2035 395,2035"/>
          <TextEquiv conf="0.9242865">
            <Unicode>ſo</Unicode>
          </TextEquiv>
        </Word>
        <Word id="region0003_line0027_word0002" custom="readingOrder {index:2;}">
          <Coords points="416,1987 407,1989 407,2029 522,2030 522,1994 511,1994 508,1991 496,1991 493,1994 446,1993 443,1987"/>
          <TextEquiv conf="0.9036283">
            <Unicode>koͤnnte</Unicode>
          </TextEquiv>
        </Word>
        <Word id="region0003_line0027_word0003" custom="readingOrder {index:3;}">
          <Coords points="542,1998 578,1999 578,2031 542,2030"/>
          <TextEquiv conf="0.92950964">
            <Unicode>es</Unicode>
          </TextEquiv>
        </Word>
        <Word id="region0003_line0027_word0004" custom="readingOrder {index:4;}">
          <Coords points="597,1995 597,2039 607,2040 608,2041 689,2042 689,1999 685,2001 672,1995 655,1995 647,1998 641,1995 621,1995 617,1996 615,1995"/>
          <TextEquiv conf="0.9304907">
            <Unicode>leicht</Unicode>
          </TextEquiv>
        </Word>
        <Word id="region0003_line0027_word0005" custom="readingOrder {index:5;}">
          <Coords points="712,1996 712,1996 712,2039 745,2039 751,2035 756,2039 796,2040 796,1999 791,1999 780,2001 750,2001 740,2000 735,1996"/>
          <TextEquiv>
            <Unicode>ſeyn,</Unicode>
          </TextEquiv>
        </Word>
        <Word id="region0003_line0027_word0006" custom="readingOrder {index:6;}">
          <Coords points="819,1996 819,2038 882,2038 882,1996 865,1996 862,1998 835,1997 833,1996"/>
          <TextEquiv conf="0.92824167">
            <Unicode>daß</Unicode>
          </TextEquiv>
        </Word>
        <Word id="region0003_line0027_word0007" custom="readingOrder {index:7;}">
          <Coords points="904,1999 904,2043 944,2043 965,2042 992,2042 992,1999 991,1999 955,1999 922,2000 920,1999"/>
          <TextEquiv conf="0.9240093">
            <Unicode>jedes</Unicode>
          </TextEquiv>
        </Word>
        <Word id="region0003_line0027_word0008" custom="readingOrder {index:8;}">
          <Coords points="1012,2034 1064,2035 1064,2002 1048,2002 1046,1999 1025,2003 1012,2002"/>
          <TextEquiv conf="0.9262728">
            <Unicode>ein</Unicode>
          </TextEquiv>
        </Word>
        <TextEquiv>
          <Unicode>vergnuͤgen, ſo koͤnnte es leicht ſeyn, daß jedes ein</Unicode>
        </TextEquiv>
      </TextLine>
      <TextLine id="region0003_line0028" custom="readingOrder {index:27;}">
        <Coords points="751,2036 740,2045 739,2051 660,2052 609,2052 590,2048 529,2044 522,2037 489,2037 479,2044 462,2044 461,2038 457,2036 443,2035 435,2039 434,2045 387,2043 381,2036 359,2044 355,2044 349,2037 337,2038 331,2042 294,2036 277,2043 255,2039 213,2045 202,2044 195,2036 187,2034 181,2036 178,2041 131,2043 130,2088 183,2090 189,2087 224,2088 257,2093 311,2094 316,2099 325,2099 333,2093 363,2090 465,2090 478,2091 484,2098 494,2098 501,2092 506,2092 514,2101 525,2101 533,2092 565,2095 573,2102 583,2102 590,2096 625,2095 663,2099 667,2096 832,2096 841,2101 855,2093 872,2092 953,2093 958,2098 965,2098 971,2093 1023,2098 1080,2097 1080,2052 1005,2051 999,2044 988,2044 981,2049 976,2043 965,2043 957,2045 951,2051 929,2051 918,2047 906,2054 884,2050 884,2046 879,2044 862,2050 858,2050 854,2044 842,2044 834,2051 758,2051 761,2043"/>
        <Baseline points="130,2078 1080,2087"/>
        <Word id="region0003_line0028_word0000" custom="readingOrder {index:0;}">
          <Coords points="170,2041 139,2042 139,2082 241,2083 242,2042 234,2041 213,2045 202,2044 199,2041"/>
          <TextEquiv conf="0.890551">
            <Unicode>ander</Unicode>
          </TextEquiv>
        </Word>
        <Word id="region0003_line0028_word0001" custom="readingOrder {index:1;}">
          <Coords points="269,2042 268,2090 355,2090 363,2090 377,2090 378,2043 362,2042 359,2044 355,2044 353,2042 279,2042 277,2043 271,2042"/>
          <TextEquiv conf="0.9266642">
            <Unicode>Spiel</Unicode>
          </TextEquiv>
        </Word>
        <Word id="region0003_line0028_word0002" custom="readingOrder {index:2;}">
          <Coords points="434,2040 434,2045 403,2043 403,2090 465,2090 475,2090 586,2092 586,2047 529,2044 526,2041 483,2040 479,2044 462,2044 461,2040"/>
          <TextEquiv conf="0.92790437">
            <Unicode>wuͤnſchte;</Unicode>
          </TextEquiv>
        </Word>
        <Word id="region0003_line0028_word0003" custom="readingOrder {index:3;}">
          <Coords points="622,2055 717,2056 717,2087 622,2086"/>
          <TextEquiv conf="0.9290782">
            <Unicode>wenn</Unicode>
          </TextEquiv>
        </Word>
        <Word id="region0003_line0028_word0004" custom="readingOrder {index:4;}">
          <Coords points="751,2036 744,2042 743,2085 813,2086 814,2051 758,2051 761,2043 751,2036"/>
          <TextEquiv conf="0.9261854">
            <Unicode>nun</Unicode>
          </TextEquiv>
        </Word>
        <Word id="region0003_line0028_word0005" custom="readingOrder {index:5;}">
          <Coords points="840,2047 839,2097 847,2097 855,2093 872,2092 928,2092 928,2050 920,2047 916,2047 906,2054 884,2050 884,2047 869,2047 862,2050 858,2050 856,2047"/>
          <TextEquiv conf="0.930269">
            <Unicode>jedes</Unicode>
          </TextEquiv>
        </Word>
        <Word id="region0003_line0028_word0006" custom="readingOrder {index:6;}">
          <Coords points="957,2048 956,2088 1063,2089 1063,2051 1005,2051 1002,2048 982,2048 981,2049 980,2048"/>
          <TextEquiv conf="0.7232039">
            <Unicode>ſeinen</Unicode>
          </TextEquiv>
        </Word>
        <TextEquiv conf="0.893408">
          <Unicode>ander Spiel wuͤnſchte; wenn nun jedes ſeinen</Unicode>
        </TextEquiv>
      </TextLine>
      <TextEquiv>
        <Unicode>Denn ſehet, ſo wie die Geſichtsbildungen der
Menſchen aͤußerſt verſchieden ſind ſo ſind auch
ihre Geſinnungen. Was dem einen Vergnuͤgen
macht, verurſacht dem andern Misvergnuͤgen,
was von dieſem geliebt wird, wird von jenem ver⸗
abſcheut; es iſt ein altes, aber ſehr wahres Spruͤch⸗
wort: ſo viele Koͤpfe, ſo viele Sinne. Wollte
man ſich einbilden, daß dieſe Verſchiedenheit ein⸗
mal ganz aufhoͤren, daß es einmal ſo weit kommen
werde daß die Menſchen im eigentlichen Ver⸗
ſtande, Ein Herz und Eine Seele wuͤrden, ſo ver⸗
gnuͤgte man ſich mit einem leeren Traume. Denn
eine ſolche Gleichheit der menſchlichen Geſinnun⸗
gen iſt ſchlechterdings ohnmoͤglich. Da die Men⸗
ſchen ganz verſchieden gebauet ſind, verſchiedene
Nahrung genießen, verſchiedne Erziebhung Le⸗
bensart, Umgang haben, aus verſchledenen Buͤ⸗
chern ihre Erkenntniß ſchoͤpfen; ſo muͤſſen noth⸗
wendig auch ihre Geſinnungen verſchieden ſeyn.
Wenn nun unter dieſen ſo verſchieden denkenden
Menſchen, ein jeder ſeinem eigenen Sinne folgen,
und von andern verlangen wollte, daß ſie alle nach
ihm ſich richten ſollen, waͤre alsdenn nicht ſchon
der Friede gebrochen? Waͤre nicht ſchon der Streit
da? Nehmet an, daß eine Geſellſchaft von Kin⸗
dern zuſammen traͤte, um ſich durch ein Spiel zu
vergnuͤgen, ſo koͤnnte es leicht ſeyn, daß jedes ein
ander Spiel wuͤnſchte; wenn nun jedes ſeinen</Unicode>
      </TextEquiv>
    </TextRegion>
  </Page>
</PcGts>
