2435 2900
722 540 1014 598 Verſammlung,
1025 541 1125 604 davon
1155 551 1209 594 der
1229 554 1341 606 meiſte
1356 555 1467 605 Theil
1482 561 1550 600 aus
1568 558 1783 610 ungelehrten
1800 563 1952 619 beſtehet,
1960 570 2040 620 ſtets
2059 569 2123 613 mit

721 603 811 636 einer
827 596 993 648 Sprache
1011 600 1213 653 aufgezogen
1231 603 1367 656 koͤmmt,
1384 608 1443 661 die
1451 612 1508 653 der
1523 612 1673 660 gemeine
1681 612 1817 667 Hauffe
1823 628 1887 666 gar
1901 623 1991 669 nicht
2005 623 2123 673 verſte⸗

718 647 792 694 het:
807 648 839 695 ſo
849 650 916 700 ſehr
928 653 990 701 hat
1002 660 1039 696 es
1052 658 1132 705 doch
1143 659 1212 706 hier
1222 660 1307 709 dazu
1315 663 1432 705 dienen
1449 663 1588 719 muͤſſen,
1611 661 1672 718 daß
1675 678 1758 711 man
1775 673 1838 712 den
1846 673 1965 721 Zweck
1977 679 2033 719 der
2042 679 2122 719 ewi⸗

718 708 783 749 gen
798 701 981 757 Weißheit
991 707 1074 757 auch
1084 710 1190 755 wider
1207 713 1346 760 Willen
1356 715 1502 767 dadurch
1517 719 1686 768 befordert
1699 723 1773 768 hat.
1803 726 1920 770 Denn
1929 730 1994 768 wir
2003 729 2123 778 einfaͤl⸗

718 748 782 796 tige
800 750 885 797 Leute
899 754 1058 798 bekamen
1068 757 1303 811 Gelegenheit,
1313 761 1391 805 eben
1405 767 1552 817 dadurch
1566 769 1656 816 heller
1676 764 1720 818 in
1715 771 1856 823 Kopffe,
1870 778 1939 819 und
1951 774 2061 825 kluͤger
2072 789 2120 820 im

716 790 915 849 Verſtande
933 811 972 850 zu
990 808 1135 855 werden,
1150 812 1192 848 ob
1212 819 1295 850 man
1312 817 1380 853 uns
1398 816 1499 861 gleich
1516 817 1663 864 dadurch
1682 817 1769 867 ſonſt
1785 823 1818 863 in
1837 822 1966 869 unſerer
1982 817 2120 876 Einfalt

713 856 786 899 und
795 855 985 911 Finſterniß
992 858 1028 916 zu
1043 863 1190 912 erhalten
1200 866 1337 917 ſuchete.
1346 861 1460 922 Haͤtte
1475 882 1560 913 man
1568 882 1631 918 mit
1639 874 1739 923 dieſer
1746 877 1980 931 Heydniſchen
1991 883 2121 932 Spra⸗

709 906 779 956 che,
794 911 928 953 daraus
942 920 1025 956 man
1035 913 1093 964 bey
1112 919 1176 959 den
1185 917 1356 972 Papiſten
1372 932 1424 963 ein
1432 923 1652 974 Heiligthum
1671 928 1814 978 machet,
1826 929 2036 982 behutſamer
2046 944 2118 979 ver⸗

709 958 843 1012 fahren,
857 963 891 1011 ſo
908 962 1022 1010 wuͤrde
1036 978 1121 1012 man
1133 972 1246 1022 unſere
1256 973 1428 1024 Begierde
1445 979 1557 1027 hinter
1569 980 1672 1032 ſolche
1686 980 1943 1036 Heiligthuͤmer
1957 990 2026 1033 und
2043 992 2118 1035 Ge⸗

709 1013 883 1068 heimniſſe
898 1028 937 1068 zu
960 1020 1127 1071 kommen,
1142 1026 1231 1074 nicht
1249 1027 1493 1081 angeflammet
1510 1033 1634 1082 haben.
1677 1035 1750 1081 Da
1767 1048 1850 1082 man
1870 1039 1948 1083 aber
1964 1045 2044 1092 ſtets
2055 1045 2117 1086 da⸗

710 1065 775 1106 mit
789 1074 980 1118 angezogen
1002 1072 1094 1120 kam,
1106 1074 1139 1124 ſo
1160 1076 1299 1119 wurden
1317 1082 1382 1122 wir
1405 1082 1554 1130 dadurch
1572 1084 1747 1134 bewogen,
1759 1089 1833 1129 dem
1853 1091 1983 1140 Dinge
1998 1095 2114 1137 weiter

706 1116 988 1172 nachzudencken,
1002 1127 1070 1168 und
1084 1128 1149 1169 das
1159 1129 1277 1175 Latein
1287 1131 1349 1172 mit
1357 1136 1414 1175 der
1425 1133 1639 1189 Uberſetzung
1658 1133 1780 1188 Lutheri
1800 1137 1986 1193 zuſammen
1988 1155 2029 1191 zu
2038 1148 2113 1192 hal⸗

706 1175 785 1218 ten;
795 1168 927 1222 Kluͤger
940 1171 1033 1223 haͤtte
1051 1185 1136 1219 man
1155 1180 1343 1230 gehandelt,
1376 1185 1454 1235 wenn
1470 1196 1556 1229 man
1568 1189 1629 1235 bey
1640 1191 1697 1231 der
1714 1191 1878 1243 teutſchen
1887 1195 2113 1248 Uberſetzung,

705 1221 759 1262 die
775 1231 845 1265 von
861 1229 918 1266 der
934 1227 1033 1269 allein
1050 1230 1192 1280 wahren
1211 1231 1413 1285 chriſtlichen
1428 1238 1549 1290 Kirche
1565 1249 1634 1283 von
1650 1242 1757 1286 vielen
1767 1243 1887 1295 Zeiten
1903 1245 1962 1294 her
1977 1259 2112 1300 appro-

706 1272 807 1323 biret,
824 1275 997 1326 geblieben
1017 1278 1125 1331 waͤre,
1142 1287 1211 1325 und
1228 1287 1366 1336 dieſelbe
1386 1290 1500 1339 fleißig
1520 1291 1719 1344 angefuͤhret
1739 1297 1855 1348 haͤtte;
1868 1300 1915 1340 da
1930 1304 1996 1343 wir
2013 1305 2111 1347 dann

704 1326 770 1367 den
773 1325 1073 1381 Zuſammenhang
1083 1335 1140 1376 der
1146 1334 1347 1388 Wahrheit
1356 1339 1420 1388 offt
1428 1342 1519 1389 nicht
1527 1342 1668 1388 wuͤrden
1678 1346 1856 1394 verrathen
1876 1349 1991 1402 haben,
2023 1355 2111 1401 GOtt

702 1377 792 1425 weiß
811 1379 892 1421 aber
909 1384 991 1421 alles
1012 1390 1071 1429 gut
1087 1395 1125 1433 zu
1139 1387 1294 1435 machen,
1308 1391 1378 1432 und
1394 1391 1443 1440 ich
1463 1394 1596 1439 komme
1612 1397 1735 1441 wieder
1754 1397 1822 1447 auf
1832 1401 1883 1443 die
1904 1401 2109 1456 Gefangen⸗

698 1431 818 1482 ſchafft
832 1435 948 1482 unſers
966 1439 1149 1483 Andreas
1167 1443 1335 1494 Gapps.

808 1479 908 1524 Man
928 1479 1062 1527 brachte
1079 1484 1260 1532 damahls,
1278 1488 1335 1527 als
1348 1497 1383 1530 er
1397 1498 1473 1539 zum
1486 1492 1617 1536 andern
1638 1494 1753 1545 mahle
1769 1495 1866 1549 ſchon
1888 1501 2013 1546 wieder
2032 1504 2105 1548 eine

696 1529 846 1584 zeitlang
859 1536 895 1577 in
908 1537 985 1579 dem
994 1535 1198 1591 Gefaͤngniß
1216 1543 1363 1595 gelegen,
1377 1548 1444 1589 eine
1459 1548 1564 1600 groſſe
1571 1550 1704 1603 Menge
1713 1553 1868 1607 Volcks,
1877 1555 1943 1608 auf
1952 1558 2108 1608 Wagen

697 1585 956 1641 angeſchloſſen,
972 1598 1072 1638 unter
1089 1595 1305 1649 Begleitung
1318 1602 1420 1648 vieler
1433 1604 1625 1652 Soldaten
1641 1616 1702 1653 vor
1711 1608 1910 1663 Saltzburg
1930 1622 1989 1659 an.
2026 1616 2106 1664 Da

697 1649 770 1686 nun
787 1644 854 1687 das
866 1646 1035 1696 Geſchrey
1042 1649 1135 1699 kam,
1150 1651 1218 1703 daß
1234 1655 1286 1698 die
1300 1654 1454 1703 Bauren
1469 1660 1506 1702 in
1519 1662 1568 1704 die
1595 1655 1704 1710 Stadt
1719 1664 1878 1715 gebracht
1887 1670 2021 1713 werden
2031 1670 2103 1718 ſoll⸗

694 1698 765 1742 ten,
774 1698 890 1739 wurde
901 1701 955 1741 ein
962 1699 1082 1752 ſolcher
1090 1701 1241 1758 Zulauff
1247 1714 1318 1752 von
1328 1708 1456 1760 Volck,
1458 1705 1529 1759 als
1527 1722 1629 1757 wenn
1640 1718 1699 1759 der
1709 1717 1821 1765 Feind
1832 1726 1895 1765 vor
1904 1723 1963 1764 der
1973 1723 2102 1769 Stadt

694 1744 826 1789 ſtuͤnde.
852 1749 963 1793 Viele
984 1752 1107 1801 ſtiegen
1124 1754 1189 1803 auf
1199 1758 1254 1799 die
1276 1756 1439 1809 Daͤcher,
1448 1763 1571 1805 andere
1585 1764 1651 1811 auf
1662 1769 1716 1810 die
1729 1769 1902 1817 Mauren,
1911 1771 2024 1820 etliche
2038 1774 2103 1821 auf

692 1795 749 1832 die
760 1793 936 1843 Thuͤrme,
948 1801 1021 1840 und
1040 1809 1242 1845 erwarteten
1254 1807 1310 1846 die
1323 1807 1495 1857 Ankunfft
1515 1813 1574 1853 der
1586 1820 1804 1864 vermeynten
1822 1816 2023 1867 Ubelthaͤter
2035 1824 2101 1865 mit

692 1842 934 1894 Schmertzen.
959 1848 1067 1894 Weil
1076 1860 1148 1894 nun
1160 1852 1291 1906 Gapp
1299 1857 1349 1897 im
1357 1856 1581 1908 Stockhauſe
1596 1867 1665 1905 aus
1672 1866 1750 1906 dem
1757 1865 1899 1919 Fenſter
1909 1868 2015 1920 ſeines
2024 1872 2099 1918 Ge⸗

690 1892 881 1946 faͤngniſſes
898 1899 981 1950 dieſe
997 1905 1033 1945 in
1042 1904 1094 1945 die
1103 1901 1208 1955 Hoͤhe
1224 1908 1405 1959 geſtiegene
1413 1909 1511 1956 Leute
1519 1912 1616 1964 ſehen
1626 1915 1736 1966 konte,
1744 1918 1828 1968 doch
1838 1920 1919 1964 aber
1924 1921 2016 1973 nicht
2023 1934 2098 1968 wu⸗

691 1946 749 1993 ſte,
762 1951 844 1990 was
860 1948 985 2000 ſolches
1000 1962 1039 2000 zu
1050 1954 1210 2000 bedeuten
1222 1956 1336 2005 haͤtte:
1347 1960 1385 2009 ſo
1395 1961 1547 2012 horchete
1562 1974 1596 2006 er
1607 1974 1660 2015 zu,
1669 1971 1750 2011 was
1763 1968 1925 2022 dieſelben
1940 1974 2097 2026 redeten;

689 2000 737 2041 da
750 2010 783 2041 er
796 2003 884 2045 denn
901 2010 969 2046 aus
983 2007 1078 2054 ihren
1085 2010 1209 2054 Reden
1216 2010 1379 2063 ſchlieſſen
1400 2016 1506 2064 konte,
1526 2017 1583 2064 daß
1595 2022 1650 2063 die
1660 2022 1816 2068 Bauren
1828 2023 1987 2077 gebracht
2002 2026 2094 2074 wuͤr⸗

688 2048 752 2090 den;
788 2050 896 2097 einige
910 2051 1042 2102 ſagten,
1046 2054 1098 2103 als
1107 2058 1150 2106 ſie
1164 2063 1226 2101 des
1238 2061 1385 2106 Abends
1396 2061 1664 2117 hereingefuͤhret
1678 2069 1833 2121 wurden,
1845 2082 1929 2117 man
1938 2074 2031 2126 haͤtte
2039 2079 2092 2120 die

684 2101 783 2147 Leute
797 2110 860 2146 vor
872 2102 1084 2154 Aufwiegler
1099 2113 1170 2153 und
1184 2113 1351 2159 Rebellen
1370 2114 1488 2164 bisher
1503 2118 1682 2168 gehalten:
1695 2120 1775 2166 aber
1791 2126 1843 2168 die
1860 2126 1951 2173 Leute
1964 2130 2091 2179 wehre⸗

685 2162 744 2198 ten
756 2153 821 2208 ſich
836 2158 873 2210 ja
889 2157 982 2207 nicht
1000 2160 1168 2212 einmahl,
1180 2164 1324 2212 ſondern
1336 2164 1457 2211 waͤren
1469 2174 1563 2221 gantz
1575 2172 1670 2225 ſtille,
1679 2183 1764 2218 man
1779 2174 1908 2231 moͤchte
1926 2183 2009 2232 auch
2027 2185 2090 2228 mit

684 2203 786 2256 ihnen
804 2205 956 2258 machen,
983 2205 1048 2258 was
1060 2221 1146 2255 man
1161 2217 1288 2259 wollte.
1303 2218 1426 2269 Jndeß
1441 2219 1566 2266 laͤutete
1583 2233 1668 2267 man
1683 2225 1744 2276 bey
1762 2227 1866 2274 ihrem
1886 2232 1997 2282 herein
2010 2234 2089 2285 fuͤh⸗

679 2267 741 2302 ren
754 2261 819 2303 mit
834 2262 923 2306 allen
948 2256 1105 2315 Glocken,
1128 2268 1225 2310 damit
1239 2270 1438 2320 jedermann
1447 2273 1564 2323 wiſſen
1581 2277 1689 2327 konte,
1711 2280 1767 2331 daß
1783 2284 1835 2326 die
1847 2285 1998 2335 Bauren
2013 2288 2087 2337 her⸗

679 2308 897 2361 eingebracht
906 2315 1070 2367 wurden;
1082 2315 1214 2366 darauf
1222 2322 1363 2365 wurden
1370 2323 1456 2374 noch
1469 2324 1612 2378 ſelbigen
1622 2329 1742 2376 Abend
1754 2343 1784 2380 5.
1794 2339 1863 2378 von
1875 2337 1989 2388 ihnen,
1997 2339 2087 2386 nahe

681 2371 731 2402 au
744 2367 813 2408 das
824 2363 1042 2419 Gefaͤngniß,
1055 2372 1184 2416 darinn
1199 2371 1301 2427 dieſer
1312 2374 1445 2430 Gapp
1457 2376 1527 2431 ſaß,
1535 2379 1707 2436 gebracht,
1719 2385 1770 2430 die
1787 2390 1916 2435 andern
1933 2391 2014 2435 aber
2030 2394 2084 2434 be⸗

675 2409 760 2466 hielt
775 2429 860 2464 man
874 2424 922 2464 im
945 2413 1168 2478 Rathhauſe.

780 2482 925 2528 Endlich
942 2485 1077 2532 brachte
1090 2497 1174 2531 man
1187 2491 1254 2536 den
1261 2488 1491 2544 Gefangenen
1500 2497 1561 2542 ins
1570 2498 1730 2553 Verhoͤr.
1759 2506 1846 2550 Der
1858 2503 2084 2560 Saltzburgi⸗

675 2509 747 2576 ſche
753 2516 1031 2580 Commiſſarius
1031 2529 1146 2582 fragte
1161 2539 1258 2576 unter
1266 2538 1399 2581 andern
1415 2537 1523 2588 dieſen
1533 2540 1675 2596 Gapp,
1689 2553 1767 2588 was
1776 2551 1819 2596 ſie
1834 2550 1895 2599 ſich
1907 2552 1995 2593 denn
2003 2560 2082 2594 vor⸗

671 2579 827 2635 geſtellet,
840 2585 904 2629 wie
910 2590 949 2630 es
960 2589 1065 2639 ihnen
1073 2590 1179 2643 gehen
1195 2588 1326 2645 wuͤrde,
1336 2604 1437 2646 wenn
1447 2594 1494 2651 ſie
1506 2595 1572 2654 ſich
1583 2610 1627 2654 zu
1636 2606 1698 2652 der
1707 2602 1969 2664 Evangeliſchen
1977 2609 2079 2662 Lehre
