1464 2166
407 187 489 229 252

685 182 909 236 Hiſtoriſche
909 182 1078 236 Zugabe

416 276 471 315 zen
488 264 604 315 Leibe,
631 267 701 308 und
729 264 820 311 wird
843 260 893 326 ihm
879 263 982 312 die
999 265 1079 323 Zeit
1089 256 1196 322 lang,
1220 268 1276 320 ehe
1289 268 1332 321 ſie

412 327 536 371 wieder
551 328 610 373 ins
623 326 866 384 Pfarr⸗Hauß
877 324 1046 381 kommen,
1064 330 1202 385 daſelbſt
1215 329 1332 381 beſich⸗

410 379 495 429 tiget
511 388 546 423 er
562 378 639 434 ſich,
664 383 736 426 und
762 380 928 436 befindet,
955 382 1022 432 daß
1048 390 1083 428 er
1104 377 1330 437 allenthalben

412 431 478 481 mit
493 436 635 490 Laͤuſen,
652 448 720 480 von
736 433 909 491 allerhand
926 436 1085 492 Farben,
1102 438 1235 493 gruͤnen
1249 435 1331 487 ro⸗

409 495 508 536 then,
524 492 729 545 ſchwartzen,
746 491 903 547 weiſſen,
928 496 1076 541 blauen,
1090 506 1137 540 ꝛc.
1154 496 1258 550 beſaͤet
1272 498 1331 549 iſt.

408 546 475 595 Ob
492 560 563 595 nun
580 549 671 599 wohl
687 551 744 592 der
759 549 913 606 Pfarrer
923 555 980 594 des
991 551 1089 597 Orts
1101 553 1219 605 ſeinem
1230 551 1329 606 Gaſt

409 604 464 646 ein
492 605 564 646 rein
596 604 734 650 Hemde
756 606 884 649 reichen
914 604 1006 657 ließ,
1035 605 1063 657 ſo
1088 606 1178 661 halff
1193 613 1230 651 es
1253 603 1330 656 doch

405 662 513 708 nicht,
541 653 645 713 biß
618 656 654 720 er
658 674 699 715 zu
722 665 785 708 den
799 664 981 720 Seinigen
996 664 1083 712 kam,
1100 665 1161 720 ſich
1175 666 1330 714 reinigen

404 715 484 766 ließ,
499 714 617 770 fleißig
631 716 748 764 betete,
762 717 833 761 und
850 717 919 772 alſo
937 721 995 762 des
1011 716 1230 771 Ungeziefers
1248 709 1329 763 wie⸗

403 779 462 825 der
479 780 535 828 loß
557 782 667 825 ward.

506 829 564 873 Es
580 829 623 880 iſt
637 828 706 871 mir
722 828 777 872 ein
791 829 885 871 altes
895 827 1136 880 geſchriebenes
1152 831 1260 879 Buch
1286 834 1327 880 zu

403 880 559 936 Handen
597 883 773 932 kommen,
816 876 960 931 welches
990 888 1045 929 ein
1076 883 1250 938 Prediger
1269 883 1326 935 zu

404 938 598 985 Darthun,
618 939 782 981 Michael
802 940 958 981 Roſinus
977 944 1147 991 genannt,
1163 939 1200 982 in
1217 940 1326 984 einem

402 992 555 1047 Dorffe,
573 995 610 1040 in
622 995 740 1046 dieſem
754 991 983 1051 Ertz⸗Stifft
997 999 1148 1049 gelegen,
1166 998 1233 1039 mit
1243 995 1328 1050 eige⸗

402 1057 462 1088 ner
490 1046 603 1098 Hand
634 1045 854 1099 geſchrieben,
881 1049 952 1091 und
982 1041 1138 1093 darinne
1156 1052 1239 1101 nach
1266 1046 1327 1093 der

401 1104 511 1152 Laͤnge
529 1101 695 1150 berichtet,
710 1114 777 1146 von
793 1101 882 1146 einer
896 1103 933 1147 in
950 1105 1025 1149 dem
1042 1104 1174 1160 Dorffe
1195 1103 1327 1160 beſeſſe⸗

400 1169 468 1202 nen
495 1158 655 1211 Frauen,
683 1157 861 1212 Eliſabeth
879 1157 1100 1214 Hertzberges
1121 1157 1324 1212 benahmet,

400 1216 519 1266 welche
535 1215 602 1269 faſt
616 1217 785 1271 dritthalb
803 1215 927 1267 Jahr,
945 1230 1013 1263 von
1029 1219 1135 1264 Anno
1148 1226 1249 1265 1612.
1265 1218 1325 1265 biß

401 1276 494 1319 1615.
524 1274 591 1327 vom
611 1271 715 1317 Satan
754 1270 833 1316 uͤbel
847 1272 1002 1325 geplaget
1014 1275 1186 1319 worden:
1245 1275 1326 1321 Aus

400 1327 572 1380 derſelben
603 1327 880 1382 Beſchreibung,
905 1318 985 1373 weil
1010 1328 1053 1382 ſie
1090 1341 1169 1381 zum
1199 1330 1329 1377 Druck

402 1383 492 1423 nicht
506 1380 661 1422 kommen,
700 1380 775 1424 will
794 1372 847 1423 ich
854 1380 920 1423 das
938 1380 1229 1434 merckwuͤrdigſte
1253 1374 1324 1433 her⸗

403 1436 596 1486 ausziehen,
612 1437 683 1479 und
701 1437 812 1488 hieher
826 1435 932 1490 ſetzen.
997 1439 1079 1485 Der
1102 1433 1242 1494 Teuffel
1257 1434 1326 1483 ent⸗

401 1495 489 1548 ſatzte
503 1492 576 1545 ſich,
595 1495 714 1549 ſpricht
732 1496 789 1539 der
804 1499 938 1546 Autor,
952 1499 1023 1539 und
1045 1494 1203 1550 zitterte,
1221 1502 1325 1541 wenn

402 1554 460 1590 der
478 1549 627 1600 Nahme
644 1543 777 1598 JEſus
799 1547 931 1598 gedacht
942 1550 1052 1592 ward.
1077 1550 1148 1595 Als
1168 1554 1224 1595 der
1240 1541 1323 1596 Sa⸗

404 1610 468 1640 tan
486 1604 637 1651 gefraget
649 1602 822 1649 worden:
842 1599 883 1641 ob
902 1611 935 1643 er
944 1603 1028 1647 nicht
1040 1597 1228 1654 ausfahren
1241 1597 1323 1644 wol⸗

405 1662 471 1703 te?
502 1657 718 1702 Antwortete
735 1668 793 1699 er:
818 1657 876 1702 Es
869 1653 924 1718 iſt
938 1659 1016 1709 noch
1030 1659 1119 1704 nicht
1131 1660 1223 1714 Zeit,
1236 1659 1265 1711 ſo
1276 1658 1324 1708 ich

405 1715 464 1763 ſoll
478 1716 679 1765 ausfahren.
745 1714 852 1759 Was
870 1716 953 1758 wolt
974 1715 1029 1767 ihr
1046 1714 1113 1758 mir
1130 1714 1252 1767 geben,
1270 1713 1325 1756 ein

410 1769 519 1831 Haar,
539 1772 615 1821 oder
626 1770 724 1817 einen
768 1764 989 1833 Strohhalm?
1009 1765 1217 1833 Gefraget:
1217 1772 1326 1817 Was

1236 1826 1328 1869 wilt
