1468 2358
371 261 451 318 160

385 349 524 401 heimnis
549 357 618 387 nun
647 345 725 393 noch
750 346 856 397 mehr,
899 349 966 387 und
988 346 1089 395 ſteckte
1114 353 1149 386 es
1168 346 1201 382 in
1218 346 1299 389 ſeine

385 415 515 465 Taſche.
538 410 699 460 Sogleich
715 421 785 450 war
792 409 871 457 auch
887 413 949 451 das
959 410 1125 456 Mailſpiel
1142 409 1300 457 geendigt,

388 480 457 512 und
482 474 566 519 jeder
586 463 734 518 verfuͤgte
756 468 814 517 ſich
836 467 914 514 nach
937 468 1009 507 dem
1035 462 1305 515 Spaziergange;

387 541 466 574 aber
492 536 532 577 ſie
554 539 663 569 waren
688 528 766 577 noch
789 528 873 573 nicht
899 538 954 567 am
984 525 1080 569 Ende
1103 532 1158 567 der
1179 524 1301 575 groſſen

390 594 659 645 Cypreſſenallee,
698 596 750 635 als
781 591 916 645 Julian
944 593 1003 642 ſich
1029 594 1162 642 ſchwach
1191 588 1303 642 fuͤhlte,

388 666 446 713 ſich
471 662 534 709 auf
552 665 619 702 eine
643 659 890 701 Marmorbank
912 659 993 707 ſetzte
1018 661 1086 696 und
1109 669 1146 706 zu
1174 658 1305 704 gleicher

389 727 463 770 Zeit
486 718 690 767 ohnmaͤchtig
703 719 737 756 in
752 719 801 758 die
815 707 918 759 Arme
939 718 996 756 des
1013 711 1217 764 Franciſcus
1233 717 1306 765 fiel;

392 800 472 824 man
489 786 545 831 lief
566 780 692 831 ſogleich
719 781 797 830 nach
814 783 868 822 der
883 775 1063 829 Fontaine,
1091 779 1140 817 die
1156 780 1240 828 nahe
1253 782 1308 815 da

377 855 442 894 bei
473 858 562 894 war,
600 859 657 888 um
684 846 815 896 Waſſer
841 856 878 895 zu
900 844 1034 895 hohlen,
1072 843 1199 894 ſogleich
1232 841 1308 893 fuhr

390 911 598 966 Franciſcus
628 914 688 952 mit
711 914 766 950 der
790 908 894 960 Hand
915 909 982 960 ſehr
999 909 1139 956 geſchickt
1155 907 1232 954 nach
1249 912 1309 946 den

390 982 478 1021 Ort,
502 983 554 1011 wo
572 983 604 1010 er
621 976 682 1012 das
700 971 809 1015 Billet
824 971 911 1021 hatte
929 969 1091 1018 einſtecken
1109 968 1215 1019 ſehen,
1242 967 1308 1015 hin,

389 1052 449 1082 zog
473 1046 529 1079 es,
554 1035 637 1083 ohne
658 1030 725 1078 daß
747 1040 826 1072 man
850 1037 886 1071 es
918 1030 1052 1076 merkte,
1076 1028 1217 1079 heraus,
1242 1029 1310 1067 und

391 1104 495 1156 ſteckte
510 1110 545 1141 es
563 1104 598 1141 in
613 1102 692 1152 ſeine
709 1098 838 1150 Taſche.

464 1170 601 1221 Julian
617 1170 689 1206 kam
704 1172 771 1204 von
788 1165 886 1214 ſeiner
898 1162 1085 1213 Ohnmacht
1102 1167 1227 1210 zuruͤck,
1244 1167 1311 1202 und

390 1241 436 1265 da
452 1246 488 1263 es
504 1234 614 1262 weiter
628 1226 732 1267 nichts
747 1223 801 1260 als
818 1224 887 1259 eine
908 1218 1189 1268 voruͤbergehende
1200 1219 1314 1261 Uebel⸗

393 1300 454 1327 keit
468 1298 558 1327 war,
584 1289 616 1329 ſo
634 1279 823 1332 unterbrach
848 1281 901 1320 dis
922 1282 983 1321 den
1002 1274 1136 1329 uͤbrigen
1153 1275 1312 1328 Spazier⸗

392 1366 483 1402 gang
507 1351 608 1398 nicht;
636 1349 713 1392 aber
737 1346 941 1402 Franciſcus
964 1350 1018 1388 der
1040 1348 1234 1395 ungeduldig
1250 1351 1312 1388 das

394 1422 506 1460 Billet
523 1426 560 1460 zu
577 1416 656 1458 leſen
670 1421 761 1458 war,
786 1413 850 1450 das
866 1421 899 1449 er
918 1409 1058 1457 erwiſcht
1079 1408 1185 1458 hatte,
1211 1409 1311 1455 nahm

394 1479 487 1514 einen
509 1477 690 1513 Vorwand
716 1471 773 1517 ſich
800 1478 839 1519 zu
866 1466 1052 1515 entfernen,
1076 1478 1110 1507 er
1135 1466 1238 1515 begab
1256 1468 1313 1516 ſich

393 1545 568 1584 geſchwind
591 1550 636 1572 an
662 1538 754 1571 einen
770 1530 979 1580 abgelegenen
999 1528 1083 1577 Ort,
1109 1539 1160 1568 wo
1177 1539 1210 1564 er
1230 1531 1316 1573 nicht

394 1612 488 1635 konte
503 1599 631 1641 geſehen
644 1593 792 1640 werden,
812 1588 917 1638 oͤfnete
930 1593 993 1633 das
1001 1590 1132 1635 Billet,
1149 1586 1230 1635 fand
1247 1593 1315 1638 daß

395 1675 431 1699 es
449 1664 515 1697 von
526 1656 698 1697 Camillen
713 1655 782 1693 und
801 1655 835 1693 in
852 1649 1022 1702 folgenden
1037 1646 1243 1693 Ausdruͤcken
1258 1652 1316 1692 ab⸗

393 1736 495 1791 gefaſt
513 1746 584 1777 war
608 1753 664 1763 —

472 1801 585 1837 Nein!
611 1793 697 1830 mein
722 1789 871 1839 geliebter
886 1793 1052 1838 Gemahl!

455 1869 635 1923 Himmel!
662 1865 752 1913 ſchrie
784 1860 1008 1917 Franciſcus,
1035 1864 1118 1914 ohne
1140 1864 1249 1902 weiter
1275 1872 1312 1909 zu

395 1939 494 1981 leſen,
514 1928 601 1971 wie?
620 1925 776 1973 Camilla
798 1928 836 1979 iſt
859 1929 918 1967 des
931 1924 1053 1976 jungen
1068 1921 1225 1972 Medicis
1242 1923 1314 1965 Ge⸗

1213 1993 1311 2037 mah⸗
