1650 2376
596 369 673 417 456

849 371 1260 428 Anfangs⸗Gruͤnde

603 465 621 491 P
634 463 689 497 das
701 465 853 502 Perigæum:
878 466 929 499 den
939 465 1033 502 Punct
1049 469 1076 493 A
1090 464 1155 500 aber
1172 466 1227 502 das
1243 469 1395 513 Apogæum,
1411 462 1503 504 indem

605 501 641 540 ſie
658 510 688 538 in
705 507 719 533 S
734 505 780 540 die
788 505 866 540 Erde
878 504 965 540 ſetzen.

852 557 936 596 Die
954 560 992 596 6.
1014 552 1274 600 Erklaͤrung.

661 604 745 647 246.
771 602 848 645 Die
865 601 982 644 Linie
993 604 1066 649 PA/
1076 603 1218 648 welche
1232 615 1310 646 aus
1320 604 1406 647 dem
1421 605 1504 643 Peri-

608 646 693 683 helio
726 647 765 697 in
765 652 843 687 das
854 646 1029 695 Aphelium
1045 654 1215 696 gezogen
1229 656 1361 697 wird/
1369 651 1504 701 heiſſet

607 706 739 742 LINEA
755 708 965 743 APSIDUM.

834 751 920 798 Die
958 763 993 796 7.
1023 744 1266 807 Erklaͤrung.

540 803 595 834 IV.
660 810 746 844 247.
773 808 851 845 Die
863 808 998 844 Weite
1014 802 1083 841 des
1098 808 1457 851 Brenn⸗Punctes
1457 808 1501 852 S/

540 862 599 891 20.
613 863 682 893 wo
698 852 760 895 die
767 857 916 897 Sonne
934 854 1020 902 iſt/
1011 863 1094 895 von
1108 860 1193 898 dem
1201 859 1502 909 Mittel⸗Pun⸗

608 911 668 944 cte
681 905 732 951 C/
742 907 848 949 wird
858 908 918 947 die
930 906 1288 953 ECCENTRICITaͤt
1296 913 1500 950 genennet.

850 963 934 1007 Die
958 970 991 1005 8.
1011 959 1258 1019 Erklaͤrung.

659 1016 739 1056 248.
762 1012 840 1054 Die
850 1012 969 1054 Linie
985 1009 1054 1056 Sl/
1054 1009 1193 1057 welche
1199 1023 1277 1056 aus
1286 1014 1371 1056 dem
1381 1012 1500 1061 Mit⸗

607 1056 809 1103 telpuncte
817 1060 883 1099 der
894 1060 1040 1101 Sonne
1042 1058 1071 1105 S
1080 1061 1122 1102 in
1129 1063 1188 1103 die
1197 1067 1423 1112 Peripherie
1432 1069 1499 1103 der

607 1109 729 1156 Ellipſis
746 1112 838 1152 oder
848 1110 908 1148 die
924 1109 1055 1156 Bahn
1069 1110 1138 1150 des
1147 1115 1367 1160 Planetens
1385 1119 1500 1161 gezo⸗

607 1165 685 1208 gen
692 1159 818 1202 wird/
825 1159 959 1209 heiſſet
967 1160 1027 1202 die
1035 1161 1240 1211 Diſtantz/
1273 1169 1354 1216 oder
1352 1165 1499 1217 Weite/

605 1211 664 1250 im
679 1207 953 1257 Lateiniſchen
969 1212 1068 1254 auch
1087 1216 1426 1251 INTERVALLUM.

858 1269 942 1312 Die
959 1283 997 1310 9.
1016 1265 1262 1318 Erklaͤrung.

657 1324 742 1361 249.
770 1318 847 1359 Die
865 1318 1036 1357 mittlere
1045 1318 1255 1362 Anomalie
1266 1319 1314 1368 iſt
1323 1319 1383 1362 die
1391 1319 1498 1364 Zeit/

604 1366 749 1412 welche
764 1369 831 1408 der
840 1365 1012 1417 Planete
1025 1366 1277 1424 zubringet/
1311 1371 1446 1412 indem
1456 1376 1497 1409 er

603 1424 687 1456 von
696 1417 782 1456 dem
792 1418 938 1465 Apogæo
955 1417 1048 1455 oder
1057 1417 1192 1469 Aphelio
1201 1426 1231 1466 A
1239 1421 1310 1467 biß
1319 1429 1366 1466 zu
1375 1423 1497 1461 einem

603 1465 792 1520 gewiſſen
792 1465 940 1520 Puncte
940 1466 972 1513 I
949 1457 1012 1512 in
1024 1463 1146 1517 ſeiner
1177 1467 1262 1517 Bahn
1279 1469 1497 1517 fortgehet.

988 1523 1135 1564 Zuſatz.

612 1583 738 1620 250.
766 1580 847 1624 Alſo
851 1565 996 1623 ſchicket
1017 1566 1090 1624 ſich
1091 1571 1126 1626 zu
1150 1582 1251 1631 ihrem
1275 1583 1409 1631 Maaße
1430 1581 1495 1625 das

603 1627 738 1670 Stuͤcke
752 1637 820 1670 von
833 1631 883 1667 der
881 1625 1096 1672 Elliptiſchen
1105 1631 1220 1680 Flaͤche
1238 1634 1346 1674 ASI,
1362 1630 1498 1678 welches

602 1675 654 1716 die
663 1675 768 1720 Linie,
777 1674 810 1720 ſo
820 1680 885 1716 aus
894 1678 949 1716 der
957 1675 1091 1721 Sonne
1098 1676 1123 1713 S
1131 1680 1164 1721 in
1174 1681 1235 1720 den
1247 1679 1415 1727 Planeten
1415 1679 1435 1728 I
1442 1684 1496 1724 ge⸗

601 1728 702 1771 zogen
713 1722 809 1769 wird,
818 1723 1009 1771 waͤhrender
1016 1722 1089 1773 Zeit
1098 1726 1288 1777 beſchrieben
1303 1731 1356 1776 (§.
1369 1728 1470 1771 242).

893 1789 1183 1840 Anmerckung.

640 1846 713 1882 251.
734 1842 777 1883 Zu
785 1843 848 1879 dem
860 1840 946 1879 Ende
946 1840 1039 1880 theilet
1046 1843 1161 1891 Kepler/
1178 1848 1224 1891 dem
1232 1842 1288 1882 wir
1297 1845 1365 1885 dieſe
1385 1840 1493 1892 Theorie

598 1889 630 1925 zu
646 1887 759 1923 dancken
777 1882 887 1925 haben/
901 1888 944 1921 die
959 1892 1048 1927 gantze
1063 1890 1163 1931 Ellipſin
1179 1890 1209 1925 in
1222 1895 1281 1927 360
1289 1890 1386 1930 gleiche
1396 1889 1493 1932 Theile

597 1931 656 1964 und
673 1927 749 1965 jeden
759 1929 840 1968 Theil
854 1928 883 1965 in
893 1927 935 1963 60
943 1928 1102 1967 Scrupel/
1121 1927 1174 1966 wie
1187 1938 1254 1968 man
1264 1933 1317 1967 den
1325 1931 1422 1968 Circul
1436 1930 1492 1966 ein⸗

594 1969 728 2007 zutheilen
741 1973 869 2012 pfleget/
884 1973 942 2006 und
958 1972 1041 2010 durch
1053 1975 1096 2011 die
1104 1974 1200 2014 Theile
1215 1976 1274 2012 und
1290 1974 1351 2014 ihre
1360 1969 1491 2013 Scrupel

592 2007 690 2049 ſpricht
705 2019 734 2050 er
750 2014 795 2052 die
810 2011 928 2051 mittlere
937 2012 1087 2052 Anomalie
1098 2017 1166 2052 aus.

1410 2060 1489 2095 Die
