1523 2445
221 501 345 543 grunde
366 503 422 541 des
444 490 671 545 Verderbens,
699 507 763 541 und
785 508 837 541 der
859 501 1065 553 Verraͤther,
1094 508 1148 545 der

218 559 258 603 ſie
281 561 377 609 dahin
404 558 523 609 fuͤhret,
552 564 590 611 iſt
609 564 672 600 mir
695 576 743 603 ein
774 564 914 605 Greuel!

560 628 768 682 Manley.

288 684 385 731 Ganz
403 686 502 731 recht!

596 740 756 791 Hearty.

296 793 393 839 Ganz
411 793 510 836 recht!
540 794 623 839 deſto
651 795 841 839 ſchlimmer,
870 805 962 835 wenn
987 794 1057 837 Sie
1070 799 1140 847 dieß

213 847 350 888 glauben
373 850 436 881 und
458 843 614 887 doch⸗⸗
643 844 693 886 O!
738 846 807 886 Sie
830 853 942 885 wollen
965 853 1045 893 mich
1065 855 1138 895 doch

213 910 295 954 nicht
311 916 416 947 etwan
443 907 629 954 uͤberreden,
659 913 722 959 daß
752 913 833 959 nicht
863 912 938 962 Jhr
966 913 1136 961 Aufwand

211 974 277 1010 und
296 968 386 1021 Jhre
399 969 605 1021 Bemuͤhung
624 973 718 1021 dahin
736 973 855 1020 zielen?
878 979 912 1013 in
926 977 1036 1021 dieſem
1045 977 1136 1025 Falle

210 1026 320 1068 wuͤrde
341 1030 385 1077 ich
404 1029 475 1071 Sie
491 1028 547 1076 fuͤr
563 1030 711 1080 einfaͤltig
730 1031 848 1079 halten,
878 1033 907 1077 ſo
922 1037 981 1073 wie
999 1036 1043 1082 ich
1064 1033 1137 1075 Sie

208 1087 245 1122 in
260 1089 331 1123 dem
347 1091 467 1125 andern
483 1086 539 1135 fuͤr
556 1084 702 1138 thoͤricht,
732 1090 788 1136 fuͤr
818 1106 918 1129 ⸗ ⸗ ⸗

581 1158 757 1211 Manley.

286 1207 446 1262 Boshaft
461 1214 526 1251 und
542 1210 665 1261 gottlos
680 1211 781 1263 halte:
811 1235 866 1243 —
893 1213 984 1264 ſagen
1012 1213 1083 1257 Sie
1101 1223 1137 1255 es

207 1268 323 1311 immer
339 1271 481 1313 vollends
506 1273 635 1323 heraus.
693 1273 761 1323 Jch
786 1275 897 1315 wuͤrde
919 1280 1019 1323 dieſen
1043 1279 1136 1320 Vor⸗

207 1328 302 1372 wurf
316 1331 494 1372 verdienen,
526 1340 632 1368 wenn
647 1332 692 1377 ich
704 1333 781 1379 dieſe
804 1331 932 1380 Abſicht
960 1332 1061 1380 haͤtte,
1090 1332 1138 1372 al⸗

208 1387 403 1426 lein⸗ ⸗ ⸗

586 1447 750 1498 Hearty.

287 1499 364 1543 Sie
380 1497 500 1550 muͤſſen
517 1504 642 1542 meinen
659 1500 756 1549 Eifer
775 1502 951 1552 verzeihen:
973 1505 1047 1545 aber
1064 1504 1136 1548 Sie

209 1564 274 1602 und
292 1564 338 1602 die
356 1559 489 1612 Tugend
508 1565 573 1611 ſind
590 1566 653 1604 mir
668 1576 705 1613 zu
722 1563 792 1603 lieb
796 1560 901 1607 ⸗ ⸗ ⸗

585 1628 762 1680 Manley.

296 1675 368 1716 Sie
385 1678 451 1722 ſind
469 1680 519 1716 ein
536 1679 762 1727 vortrefflicher
779 1678 897 1720 Mann
920 1685 984 1719 und
1005 1681 1049 1725 ich
1067 1688 1134 1721 tra⸗

210 1741 246 1777 ge
263 1735 338 1778 auch
355 1739 519 1783 deswegen
537 1740 602 1777 kein
620 1735 804 1783 Bedenken,
825 1735 942 1786 Jhnen
959 1739 1041 1777 mein
1059 1751 1136 1787 gan⸗

206 1801 257 1845 zes
274 1795 359 1845 Herz
376 1810 414 1846 zu
432 1797 547 1849 oͤffnen
554 1814 668 1839 ⸗ ⸗ ⸗

600 1866 761 1920 Hearty.

295 1918 409 1964 Nein,
446 1922 486 1956 da
511 1919 555 1966 ich
579 1920 697 1960 einmal
721 1924 754 1960 in
779 1920 884 1962 Odem
906 1923 982 1970 bin,
1017 1923 1137 1973 Jhnen

136 1936 396 2018 Vorwuͤrfe
431 1978 467 1999 zu
496 1973 645 2005 machen,
659 1974 697 2010 ſo
730 1970 794 1997 will
812 1968 855 2004 ich
881 1973 961 2008 mich
983 1974 1137 2006 derſelben

197 2022 273 2086 erſt
287 2020 358 2086 ganz
370 2029 553 2077 entledigen:
564 2037 645 2073 denn
654 2043 687 2073 es
697 2034 736 2079 iſt
745 2036 792 2071 die
802 2033 908 2084 wahre
918 2038 1051 2083 Urſache
1062 2038 1137 2075 mei⸗

209 2094 269 2127 nes
290 2086 467 2137 bisherigen
493 2086 677 2132 Kummers
693 2091 839 2137 geweſen.
913 2092 1061 2134 Warum
1084 2092 1140 2132 bin
