1500 2295
194 548 256 586 het,
279 548 338 579 und
355 547 398 580 die
420 547 463 580 ein
479 546 554 582 jeder
577 543 784 585 widerwaͤrtige
804 545 903 581 Wind,
919 548 976 580 und

194 617 255 651 eine
283 617 341 653 jede
368 615 547 655 eigenſinnige
579 612 788 655 Veraͤnderung
812 617 861 650 des
885 616 978 651 Volks

193 693 345 734 zernichten
369 692 451 727 kann.

259 822 302 859 Er
322 821 476 860 mißkennet
498 821 542 855 die
567 819 684 860 heiligen
707 819 906 862 Grundgeſetze
929 820 978 852 der

194 889 335 929 Weisheit
352 890 410 922 und
427 890 474 922 der
496 887 715 929 Gerechtigkeit;
741 888 799 920 und
823 888 859 920 da
881 896 909 920 er
929 887 979 926 ſich

194 965 271 1006 ſelbſt
307 959 340 1010 zu
342 964 405 998 dem
422 964 627 1003 Mittelpuncte
643 965 691 998 des
709 963 841 999 Staates
858 963 979 998 machet,

194 1037 223 1076 ſo
243 1037 292 1075 hat
323 1035 393 1075 ſeine
417 1036 502 1070 kleine
529 1037 621 1071 Seele
647 1035 723 1071 nicht
746 1037 798 1067 den
825 1033 979 1072 geringſten

194 1100 313 1144 Begriff
329 1110 385 1136 von
401 1102 493 1138 einem
515 1102 698 1142 allgemeinen
721 1102 837 1139 Beſten.

254 1240 357 1281 Dieſes
374 1238 463 1277 Wort
479 1239 567 1275 lernet
589 1247 617 1273 er
637 1237 755 1280 indeſſen
774 1239 827 1275 den
844 1238 979 1275 Tugend⸗

193 1304 292 1335 haften
312 1302 366 1329 ab,
388 1302 448 1327 und
470 1294 578 1331 machet
598 1299 646 1331 ſich
663 1298 734 1331 auch
751 1297 801 1329 bey
814 1298 901 1325 denen
918 1297 978 1327 An⸗

192 1373 299 1412 laͤſſen,
323 1373 362 1406 da
384 1379 412 1404 er
431 1380 480 1405 am
500 1372 610 1409 meiſten
626 1373 752 1406 dawider
773 1372 905 1408 handelt,
930 1373 979 1404 da⸗

194 1444 250 1478 mit
271 1449 325 1474 vor
356 1443 409 1475 den
438 1442 536 1479 Augen
555 1443 609 1478 des
635 1441 810 1481 geblendeten
841 1440 979 1479 Haufens

195 1513 274 1554 groß.
315 1511 404 1546 Unter
421 1513 486 1546 dem
499 1512 626 1550 Scheine
643 1512 690 1545 der
699 1508 860 1549 zaͤrtlichſten
875 1511 979 1550 Sorge

195 1591 242 1627 fuͤr
260 1585 315 1620 das
343 1584 409 1624 Heil
427 1586 476 1618 des
501 1584 609 1621 Volkes
633 1581 774 1622 bekaͤmpft
794 1591 822 1615 er
839 1584 892 1616 das
911 1585 977 1620 Va⸗

195 1659 306 1694 terland
324 1655 424 1697 ſelbſt,
449 1657 507 1690 und
529 1657 652 1691 vereitelt
671 1656 715 1690 die
739 1656 873 1693 weiſeſten
899 1657 980 1691 Vor⸗

195 1725 329 1772 ſchlaͤge,
358 1725 401 1760 die
424 1733 480 1760 von
518 1725 669 1765 Patrioten
693 1727 748 1759 aus
776 1729 824 1759 der
846 1725 978 1763 reineſten

196 1797 278 1833 Liebe
309 1804 394 1836 gegen
423 1796 478 1829 das
505 1796 673 1836 allgemeine
703 1796 787 1833 Beſte
819 1796 978 1833 entworfen

196 1870 311 1908 worden
338 1871 421 1911 ſind:
456 1870 499 1907 Er
525 1869 596 1911 weiß
624 1869 678 1905 mit
709 1869 782 1904 einer
804 1865 980 1912 daͤdaliſchen
