1676 2621
221 565 265 610 6.
273 565 355 620 Jch
365 561 470 619 kuͤſſe
480 563 597 617 deine
606 565 788 617 wunden
798 562 861 612 im
875 564 1017 625 danck,
1025 565 1240 624 wodurch,

165 617 334 673 erloͤſer!
363 620 422 669 du
433 617 496 670 die
505 621 717 679 meinigen
726 620 990 681 verbunden,
1006 628 1095 674 und
1107 628 1238 682 durch

165 678 234 737 ihr
250 679 389 736 oͤffnen
407 681 603 745 ſchlieſſeſt
622 677 698 745 zu,
724 682 820 731 was
844 682 951 740 mich
970 687 1077 745 ſonſt
1094 690 1238 744 moͤcht

163 738 446 800 ausſchlieſſen
456 751 540 797 von
569 743 707 795 deinem
729 741 1009 801 gnaden⸗ſaal.
1038 749 1144 805 Ach!
1162 751 1238 805 ſoll

164 795 240 853 ſich
253 796 363 856 nicht
379 798 572 860 ergieſſen
589 800 654 860 hie
672 799 835 850 meiner
852 808 990 855 augen
1008 803 1170 861 ſchaal',
1185 812 1237 853 in

164 857 397 913 danck⸗und
406 859 783 924 freuden⸗zaͤhren?
796 860 879 917 Du
876 857 1030 929 giebeſt
1048 868 1118 929 mir
1137 872 1237 917 dein

164 921 271 973 blut.
327 924 448 976 Was
468 923 567 977 koͤnt
583 923 644 983 ich
664 923 785 984 mehr
810 914 1036 986 begehren,
1052 934 1076 971 o
1101 926 1238 987 Jeſu!

163 980 344 1044 hoͤchſtes
360 984 481 1045 guth.

220 1055 263 1097 7.
275 1042 361 1098 Du
372 1046 460 1104 haſt
468 1045 574 1102 mich
591 1046 661 1096 dir
679 1048 917 1099 erworben,
935 1046 1032 1097 dein
1047 1045 1121 1099 bin
1138 1053 1235 1101 und

163 1100 267 1153 bleib
279 1102 358 1161 ich,
375 1105 512 1162 Herr!
544 1104 691 1154 allein:
707 1094 792 1155 Du
789 1093 867 1163 biſt
885 1093 955 1160 fuͤr
963 1101 1071 1162 mich
1079 1103 1236 1164 geſtor⸗

163 1162 260 1222 ben,
277 1167 348 1224 laß
357 1165 464 1218 mich
474 1165 548 1213 der
556 1167 650 1214 welt
658 1164 870 1221 geſtorben
879 1165 993 1226 ſeyn,
1004 1169 1094 1220 und
1105 1167 1175 1221 dir
1186 1168 1237 1221 in

161 1220 261 1279 liebe
272 1222 401 1277 leben.
417 1220 650 1282 Vollfuͤhre
659 1223 807 1277 deinen
817 1221 894 1286 ſieg
904 1223 951 1276 in
965 1223 1073 1287 mir,
1089 1226 1159 1288 biß
1171 1227 1237 1280 du

160 1282 277 1339 wirſt
288 1287 416 1342 geben
432 1281 499 1333 die
526 1294 667 1340 crone,
691 1285 796 1342 nach
819 1285 917 1337 dem
939 1283 1064 1347 krieg.
1120 1290 1242 1347 Halt

161 1341 305 1399 mich,
317 1343 400 1398 daß
416 1339 475 1401 ich
500 1341 610 1401 nicht
633 1342 757 1405 falle,
783 1343 858 1404 bey
880 1345 1044 1397 meiner
1067 1354 1234 1406 rechten

161 1403 294 1461 hand,
301 1398 391 1457 und,
413 1404 522 1465 durch
542 1404 607 1458 die
615 1406 795 1467 dornen,
803 1405 923 1458 walle
933 1407 1001 1458 dir
1021 1412 1114 1473 nach
1133 1421 1236 1467 zum

158 1462 486 1523 friedens⸗land.

220 1534 260 1582 8.
276 1522 430 1583 Danck
446 1529 512 1592 ſey
530 1528 616 1591 dir,
637 1529 759 1592 Geiſt
774 1531 849 1582 der
863 1530 1056 1593 gnaden,
1074 1532 1133 1584 du
1140 1529 1238 1595 fuͤh⸗

162 1597 234 1640 rer
243 1603 294 1650 zu
307 1592 381 1644 der
389 1588 744 1654 himmels⸗pfort,
761 1594 844 1652 daß
853 1596 912 1645 du
928 1593 1035 1651 mich
1055 1597 1238 1656 eingela⸗

164 1639 242 1693 den
254 1654 354 1704 zum
363 1655 482 1695 neuen
511 1645 610 1709 bund
634 1647 762 1705 durch
771 1649 888 1706 tauff
899 1654 989 1698 und
999 1660 1121 1698 wort.
1130 1659 1238 1700 Wie

163 1701 236 1764 ſuͤß
246 1712 334 1762 und
347 1709 547 1765 ſtaͤrckend
566 1707 773 1767 ſchmecket
790 1711 883 1762 dein
901 1711 1027 1771 troſt,
1044 1713 1091 1763 in
1106 1715 1236 1772 dieſer

166 1764 260 1827 zeit,
274 1783 404 1826 wann
412 1766 517 1832 ſuͤnd
528 1773 618 1823 und
629 1780 724 1822 welt
735 1771 921 1825 erwecket
937 1774 1006 1824 ein
1016 1785 1132 1825 meer
1148 1779 1238 1829 voll

166 1827 384 1887 bitterkeit.
430 1832 535 1886 Wie
552 1831 679 1892 ſanfft
695 1833 785 1889 ſind
803 1835 921 1885 deine
930 1833 1087 1893 triebe,
1101 1845 1239 1886 wann

168 1881 244 1943 du,
265 1884 366 1947 zum
386 1882 708 1951 tugend⸗lauff,
727 1887 793 1941 die
808 1889 938 1950 ſegeln
953 1892 1119 1942 meiner
1134 1896 1241 1947 liebe

167 1951 252 2003 mit
261 1958 372 2015 eyſer
383 1949 522 2020 blaͤſeſt
530 1952 616 2015 auf.

219 2024 267 2068 9.
284 2007 420 2073 Herr!
470 2018 530 2079 ich
554 2014 626 2069 bin
650 2027 702 2076 zu
718 2013 917 2076 geringe,
931 2013 999 2069 die
1014 2018 1244 2083 wohlthat⸗

167 2082 298 2134 meng
315 2077 366 2137 iſt
379 2082 478 2141 hoch
492 2082 582 2136 und
599 2078 707 2133 weit.
759 2081 883 2133 Was
898 2078 971 2141 iſt,
988 2081 1074 2142 daß
1090 2083 1150 2147 ich
1167 2089 1241 2138 dir

168 2124 313 2187 bringe
323 2142 424 2191 zum
434 2141 566 2197 opffer
593 2135 735 2205 meiner
751 2131 1051 2207 danckbarkeit?
1072 2145 1125 2207 ich
1134 2151 1246 2195 weiß

170 2184 311 2249 nichts
320 2189 388 2242 dir
405 2203 456 2262 zu
472 2205 624 2256 geben,
650 2197 720 2243 als
735 2196 831 2243 was
840 2199 927 2243 von
946 2202 1049 2257 oben
1069 2212 1122 2266 ab
1150 2214 1247 2271 mir

167 2252 299 2324 wird,
313 2253 361 2311 in
378 2257 528 2328 dieſem
545 2266 684 2319 leben:
728 2259 807 2313 So
825 2258 968 2315 nimm
982 2263 1103 2320 dann
1124 2274 1247 2315 deine
