<?xml version='1.0' encoding='utf-8'?>
<PcGts xmlns="http://schema.primaresearch.org/PAGE/gts/pagecontent/2019-07-15" xmlns:xsi="http://www.w3.org/2001/XMLSchema-instance" pcGtsId="PAGE_01" xsi:schemaLocation="http://schema.primaresearch.org/PAGE/gts/pagecontent/2019-07-15 http://schema.primaresearch.org/PAGE/gts/pagecontent/2019-07-15/pagecontent.xsd">
  <Metadata>
    <Creator>OCR-D DFG Phase III</Creator>
    <Created>2024-01-19T13:09:11Z</Created>
    <LastChange>2024-01-19T13:09:11Z</LastChange>
    <Comments>ODEM: OCR-D extension for mass digitization (2021-2024)</Comments>
  </Metadata>
  <Page imageFilename="MAX/urn+nbn+de+gbv+3+1-675563-p0337-1_ger.png" imageWidth="2291" imageHeight="2989" type="content" primaryLanguage="German">
    <Border>
      <Coords points="249,564 1690,564 1690,2634 249,2634"/>
    </Border>
    <ReadingOrder>
      <OrderedGroup id="ro_1661859682366" caption="Regions reading order">
        <RegionRefIndexed index="0" regionRef="TextRegion_1661857421569_73"/>
        <RegionRefIndexed index="1" regionRef="TextRegion_1661857448355_183"/>
        <RegionRefIndexed index="3" regionRef="TextRegion_1661857446329_178"/>
        <RegionRefIndexed index="5" regionRef="TextRegion_1661857441444_170"/>
      </OrderedGroup>
    </ReadingOrder>
    <TextRegion orientation="-0.3997726" readingDirection="left-to-right" id="TextRegion_1661857421569_73" custom="readingOrder {index:0;}">
      <Coords points="255,657 1565,649 1559,1920 1546,2575 255,2582"/>
      <TextLine id="line_1661857421646_76" custom="readingOrder {index:0;}">
        <Coords points="256,659 265,658 353,658 380,660 386,665 402,666 411,659 420,659 427,667 483,667 488,664 506,665 522,658 542,657 624,658 641,665 666,666 705,663 713,657 731,657 739,663 779,664 799,663 803,658 827,658 829,663 874,662 915,658 1030,663 1036,657 1060,658 1062,663 1074,663 1116,657 1137,657 1144,663 1152,663 1156,657 1175,657 1181,663 1191,660 1224,662 1228,658 1244,658 1247,662 1272,665 1299,665 1305,660 1320,659 1329,665 1337,666 1344,661 1365,660 1373,668 1381,668 1389,661 1400,661 1412,662 1420,669 1462,669 1466,666 1477,667 1481,670 1497,668 1565,671 1565,715 1538,714 1522,715 1515,719 1423,719 1411,724 1400,719 1327,718 1307,714 1278,717 1212,714 1203,719 1185,713 1171,713 1160,717 1148,712 1129,711 1107,715 1096,707 1081,711 1062,711 1052,716 1044,715 1038,710 1008,711 1000,706 960,712 951,707 939,706 932,715 926,715 918,711 889,710 876,706 861,709 858,706 847,705 835,711 824,712 749,713 743,709 735,709 718,718 703,715 640,716 630,712 616,718 599,718 517,712 503,715 441,714 416,718 387,718 379,721 357,719 352,715 342,715 334,720 303,719 286,714 256,715"/>
        <Baseline points="256,700 401,707 986,698 1372,708 1565,705"/>
        <Word id="region0001_line0001_word0000" custom="readingOrder {index:0;}">
          <Coords points="262,661 262,714 282,714 286,714 287,714 418,715 418,662 407,662 402,666 386,665 382,662"/>
          <TextEquiv conf="0.73809355">
            <Unicode>Saͤchel</Unicode>
          </TextEquiv>
        </Word>
        <Word id="region0001_line0001_word0001" custom="readingOrder {index:1;}">
          <Coords points="430,671 509,672 509,708 430,707"/>
          <TextEquiv conf="0.9202523">
            <Unicode>aus.</Unicode>
          </TextEquiv>
        </Word>
        <Word id="region0001_line0001_word0002" custom="readingOrder {index:2;}">
          <Coords points="639,713 639,666 560,665 560,712 627,712 630,712 632,712"/>
          <TextEquiv conf="0.91962874">
            <Unicode>Sie</Unicode>
          </TextEquiv>
        </Word>
        <Word id="region0001_line0001_word0003" custom="readingOrder {index:3;}">
          <Coords points="774,668 649,667 649,715 684,715 703,715 705,715 722,715 735,709 743,709 749,713 774,712"/>
          <TextEquiv conf="0.9292748">
            <Unicode>wuſten</Unicode>
          </TextEquiv>
        </Word>
        <Word id="region0001_line0001_word0004" custom="readingOrder {index:4;}">
          <Coords points="863,708 863,667 784,667 784,708 841,708 847,705 858,706 860,708"/>
          <TextEquiv conf="0.92764467">
            <Unicode>aber</Unicode>
          </TextEquiv>
        </Word>
        <Word id="word_1661858890006_242" custom="readingOrder {index:5;}">
          <Coords points="873,668 963,662 979,662 979,709 960,712 932,715 926,715 889,710 873,706"/>
          <TextEquiv>
            <Unicode>nicht/</Unicode>
          </TextEquiv>
        </Word>
        <Word id="region0001_line0001_word0007" custom="readingOrder {index:6;}">
          <Coords points="1095,670 983,669 983,708 1000,706 1008,711 1038,710 1044,715 1052,716 1062,711 1081,711 1095,707"/>
          <TextEquiv conf="0.9235939">
            <Unicode>wohin</Unicode>
          </TextEquiv>
        </Word>
        <Word id="region0001_line0001_word0008" custom="readingOrder {index:7;}">
          <Coords points="1148,669 1106,669 1106,714 1107,715 1129,711 1148,712"/>
          <TextEquiv conf="0.93262655">
            <Unicode>ſie</Unicode>
          </TextEquiv>
        </Word>
        <Word id="region0001_line0001_word0009" custom="readingOrder {index:8;}">
          <Coords points="1220,672 1158,671 1158,716 1160,717 1171,713 1185,713 1203,719 1212,714 1220,714"/>
          <TextEquiv conf="0.8540516">
            <Unicode>jetzt</Unicode>
          </TextEquiv>
        </Word>
        <Word id="region0001_line0001_word0010" custom="readingOrder {index:9;}">
          <Coords points="1231,672 1292,672 1292,713 1231,713"/>
          <TextEquiv conf="0.9306527">
            <Unicode>den</Unicode>
          </TextEquiv>
        </Word>
        <Word id="region0001_line0001_word0011" custom="readingOrder {index:10;}">
          <Coords points="1375,718 1375,673 1304,672 1304,714 1307,714 1323,717"/>
          <TextEquiv conf="0.92647773">
            <Unicode>Leib</Unicode>
          </TextEquiv>
        </Word>
        <Word id="region0001_line0001_word0012" custom="readingOrder {index:11;}">
          <Coords points="1477,675 1388,674 1388,718 1400,719 1402,720 1419,720 1423,719 1477,719"/>
          <TextEquiv conf="0.9284253">
            <Unicode>ihres</Unicode>
          </TextEquiv>
        </Word>
        <Word id="region0001_line0001_word0013" custom="readingOrder {index:12;}">
          <Coords points="1486,680 1563,680 1563,714 1486,714"/>
          <TextEquiv conf="0.9322493">
            <Unicode>ver⸗</Unicode>
          </TextEquiv>
        </Word>
        <TextEquiv>
          <Unicode>Saͤchel aus. Sie wuſten aber nicht/ wohin ſie jetzt den Leib ihres ver⸗</Unicode>
        </TextEquiv>
      </TextLine>
      <TextLine id="line_1661857421646_78" custom="readingOrder {index:1;}">
        <Coords points="256,716 286,715 303,720 334,721 342,716 352,716 357,720 379,722 441,715 503,716 517,713 599,719 616,719 624,714 634,713 641,718 718,719 735,710 743,710 751,715 813,715 833,714 847,706 858,707 861,710 876,707 891,712 919,713 926,716 932,716 939,707 951,708 960,713 1000,707 1008,712 1024,710 1030,714 1052,717 1096,708 1107,716 1142,713 1161,718 1177,714 1203,720 1211,716 1294,718 1307,715 1331,720 1395,722 1410,725 1434,722 1513,722 1522,716 1553,715 1557,717 1558,724 1565,724 1565,766 1550,767 1536,774 1524,769 1506,769 1500,764 1488,764 1478,770 1466,766 1453,773 1423,769 1413,774 1400,769 1368,769 1334,764 1319,765 1314,760 1277,761 1256,758 1237,762 1232,755 1219,753 1212,760 1189,760 1179,756 1135,762 1083,761 1076,757 1056,761 1050,757 1036,756 1031,759 1028,766 1016,766 1008,758 999,757 982,760 952,757 886,760 873,756 865,764 857,762 852,757 839,757 824,762 762,766 728,765 721,760 714,760 702,766 671,772 653,766 552,765 491,770 407,762 352,767 325,766 320,762 313,762 297,766 286,762 274,769 255,766"/>
        <Baseline points="255,754 707,755 939,746 1262,750 1395,759 1565,756"/>
        <Word id="region0001_line0002_word0000" custom="readingOrder {index:0;}">
          <Coords points="262,759 443,760 443,715 441,715 379,722 357,720 352,716 342,716 334,721 303,720 286,715 262,715"/>
          <TextEquiv conf="0.7180825">
            <Unicode>ſtorbenen</Unicode>
          </TextEquiv>
        </Word>
        <Word id="region0001_line0002_word0001" custom="readingOrder {index:1;}">
          <Coords points="455,717 454,760 612,761 612,719 599,719 582,717"/>
          <TextEquiv conf="0.9293071">
            <Unicode>Vatters</Unicode>
          </TextEquiv>
        </Word>
        <Word id="region0001_line0002_word0002" custom="readingOrder {index:2;}">
          <Coords points="624,714 623,765 703,765 714,760 721,760 728,765 755,766 764,766 791,764 792,715 751,715 751,715 726,715 718,719 641,718 635,714"/>
          <TextEquiv conf="0.9218772">
            <Unicode>begraben</Unicode>
          </TextEquiv>
        </Word>
        <Word id="region0001_line0002_word0003" custom="readingOrder {index:3;}">
          <Coords points="829,714 813,715 803,715 802,763 824,762 839,757 852,757 857,762 865,764 873,756 886,760 952,757 952,757 953,715 933,715 932,716 926,716 923,715"/>
          <TextEquiv conf="0.92547065">
            <Unicode>muͤſten?</Unicode>
          </TextEquiv>
        </Word>
        <Word id="region0001_line0002_word0004" custom="readingOrder {index:4;}">
          <Coords points="1073,719 981,718 980,759 982,760 999,757 1008,758 1016,766 1028,766 1031,759 1036,756 1050,757 1056,761 1072,757"/>
          <TextEquiv conf="0.9270393">
            <Unicode>ſetzen</Unicode>
          </TextEquiv>
        </Word>
        <Word id="region0001_line0002_word0005" custom="readingOrder {index:5;}">
          <Coords points="1282,721 1089,720 1088,761 1140,761 1179,756 1189,760 1212,760 1219,753 1232,755 1236,761 1238,761 1256,758 1277,761 1281,760"/>
          <TextEquiv conf="0.92372054">
            <Unicode>derowegen</Unicode>
          </TextEquiv>
        </Word>
        <Word id="region0001_line0002_word0006" custom="readingOrder {index:6;}">
          <Coords points="1349,765 1350,722 1300,721 1299,760 1314,760 1318,764 1325,764 1334,764 1339,764"/>
          <TextEquiv conf="0.9269026">
            <Unicode>ihr</Unicode>
          </TextEquiv>
        </Word>
        <Word id="region0001_line0002_word0007" custom="readingOrder {index:7;}">
          <Coords points="1516,720 1513,722 1434,722 1410,725 1395,722 1366,721 1365,769 1368,769 1400,769 1400,769 1422,769 1423,769 1425,769 1460,769 1466,766 1477,770 1479,770 1488,764 1500,764 1506,769 1524,769 1526,770 1544,770 1550,767 1562,767 1563,724 1558,724 1557,720"/>
          <TextEquiv conf="0.728431">
            <Unicode>ungezweif⸗</Unicode>
          </TextEquiv>
        </Word>
        <TextEquiv conf="0.8751039">
          <Unicode>ſtorbenen Vatters begraben muͤſten? ſetzen derowegen ihr ungezweif⸗</Unicode>
        </TextEquiv>
      </TextLine>
      <TextLine id="line_1661857421646_80" custom="readingOrder {index:2;}">
        <Coords points="255,768 274,770 286,763 299,768 313,763 320,763 325,767 352,768 407,763 491,771 522,768 654,768 671,773 702,767 714,761 721,761 729,767 737,767 823,764 839,758 852,758 857,763 865,765 873,757 886,761 947,762 999,758 1008,759 1016,767 1028,767 1036,757 1050,758 1056,762 1076,758 1084,765 1102,765 1179,757 1189,761 1212,761 1219,754 1232,756 1237,763 1245,760 1270,759 1277,762 1314,761 1319,766 1334,765 1368,770 1404,771 1413,775 1423,770 1444,771 1452,774 1457,780 1465,780 1485,766 1500,765 1507,772 1528,772 1536,775 1549,771 1565,772 1564,824 1563,822 1486,818 1470,806 1459,806 1455,812 1448,814 1429,813 1423,817 1403,818 1357,818 1352,814 1342,813 1332,813 1322,817 1294,816 1286,811 1270,811 1264,814 1259,810 1239,814 1180,814 1173,813 1167,808 1159,808 1147,812 1104,813 1084,818 1074,816 1062,808 1045,812 1038,807 1030,807 1015,816 1003,815 997,811 916,809 852,810 839,815 824,808 794,810 770,807 721,816 704,816 696,811 670,816 662,812 652,812 644,816 620,817 558,816 510,812 503,816 471,812 460,817 416,821 374,818 368,813 361,812 345,817 337,813 331,813 323,817 302,814 280,823 270,819 256,819"/>
        <Baseline points="256,806 1158,801 1487,806 1560,811 1565,812"/>
        <Word id="region0001_line0003_word0000" custom="readingOrder {index:0;}">
          <Coords points="260,811 372,812 372,766 352,768 325,767 320,763 313,763 299,768 286,763 274,770 260,768"/>
          <TextEquiv conf="0.92765504">
            <Unicode>feltes</Unicode>
          </TextEquiv>
        </Word>
        <Word id="region0001_line0003_word0001" custom="readingOrder {index:1;}">
          <Coords points="406,763 389,764 389,807 594,808 594,768 522,768 491,771 407,763"/>
          <TextEquiv conf="0.92805725">
            <Unicode>Vertrauen</Unicode>
          </TextEquiv>
        </Word>
        <Word id="region0001_line0003_word0002" custom="readingOrder {index:2;}">
          <Coords points="612,771 612,803 675,804 675,772 671,773 667,771"/>
          <TextEquiv conf="0.9292662">
            <Unicode>nur</Unicode>
          </TextEquiv>
        </Word>
        <Word id="region0001_line0003_word0003" custom="readingOrder {index:3;}">
          <Coords points="711,762 702,767 692,768 692,805 771,806 771,765 737,767 729,767 722,762"/>
          <TextEquiv conf="0.92721766">
            <Unicode>eben</Unicode>
          </TextEquiv>
        </Word>
        <Word id="region0001_line0003_word0004" custom="readingOrder {index:4;}">
          <Coords points="850,763 826,763 823,764 788,765 788,809 794,810 824,808 830,811 849,811 850,811"/>
          <TextEquiv conf="0.9280867">
            <Unicode>auf</Unicode>
          </TextEquiv>
        </Word>
        <Word id="region0001_line0003_word0005" custom="readingOrder {index:5;}">
          <Coords points="870,764 944,765 944,804 870,803"/>
          <TextEquiv conf="0.9307389">
            <Unicode>dem</Unicode>
          </TextEquiv>
        </Word>
        <Word id="region0001_line0003_word0006" custom="readingOrder {index:6;}">
          <Coords points="960,763 960,810 997,811 1001,814 1017,814 1030,807 1038,807 1045,812 1062,808 1071,814 1096,814 1104,813 1140,812 1140,764 1113,763 1102,765 1084,765 1082,763 1030,763 1028,767 1016,767 1012,763"/>
          <TextEquiv conf="0.8708908">
            <Unicode>allguͤtigen</Unicode>
          </TextEquiv>
        </Word>
        <Word id="word_1661858919583_249" custom="readingOrder {index:7;}">
          <Coords points="1161,758 1177,757 1233,757 1314,761 1348,767 1348,813 1322,817 1170,811 1161,808"/>
          <TextEquiv>
            <Unicode>GOTT/</Unicode>
          </TextEquiv>
        </Word>
        <Word id="region0001_line0003_word0009" custom="readingOrder {index:8;}">
          <Coords points="1370,772 1370,810 1439,810 1439,772 1419,772 1413,775 1406,772"/>
          <TextEquiv conf="0.91785324">
            <Unicode>und</Unicode>
          </TextEquiv>
        </Word>
        <Word id="region0001_line0003_word0010" custom="readingOrder {index:9;}">
          <Coords points="1451,805 1561,806 1561,771 1549,771 1536,775 1528,772 1507,772 1500,765 1485,766 1465,780 1457,780 1452,774 1451,773"/>
          <TextEquiv>
            <Unicode>hoͤren</Unicode>
          </TextEquiv>
        </Word>
        <TextEquiv>
          <Unicode>feltes Vertrauen nur eben auf dem allguͤtigen GOTT/ und hoͤren</Unicode>
        </TextEquiv>
      </TextLine>
      <TextLine id="line_1661857421646_82" custom="readingOrder {index:3;}">
        <Coords points="256,821 270,820 280,824 302,815 323,818 331,814 345,818 363,813 374,819 420,822 460,818 471,813 503,817 510,813 550,817 617,819 642,818 652,813 662,813 674,818 696,812 704,817 721,817 770,808 794,811 824,809 839,816 851,812 930,810 999,813 1015,817 1030,808 1038,808 1046,814 1054,809 1062,809 1069,815 1084,819 1101,815 1142,814 1159,809 1167,809 1173,814 1180,815 1239,815 1259,811 1264,815 1270,812 1286,812 1294,817 1322,818 1332,814 1342,814 1352,815 1357,819 1404,820 1421,819 1429,814 1448,815 1455,813 1459,807 1473,808 1488,822 1559,823 1564,828 1564,872 1552,871 1538,863 1529,866 1482,866 1475,862 1462,861 1429,868 1414,861 1386,863 1369,859 1340,861 1335,865 1323,859 1304,861 1295,858 1287,862 1272,858 1252,862 1205,861 1169,863 1130,862 1123,858 1113,858 1106,862 1059,865 1044,859 1027,868 997,862 986,856 948,860 917,859 911,855 900,854 886,860 864,857 857,861 777,867 676,867 655,866 649,861 620,860 606,866 546,860 528,865 498,867 462,863 457,866 403,869 390,874 380,871 315,870 304,866 288,869 276,878 269,873 255,874"/>
        <Baseline points="256,862 916,848 1351,851 1564,860"/>
        <Word id="region0001_line0004_word0000" custom="readingOrder {index:0;}">
          <Coords points="374,867 374,819 363,813 345,818 331,814 323,818 302,815 280,824 274,822 274,866 302,866 304,866 305,866"/>
          <TextEquiv conf="0.9295816">
            <Unicode>gleich</Unicode>
          </TextEquiv>
        </Word>
        <Word id="region0001_line0004_word0001" custom="readingOrder {index:1;}">
          <Coords points="385,821 385,861 457,861 457,821 430,821 420,822 404,821"/>
          <TextEquiv conf="0.9321398">
            <Unicode>zum</Unicode>
          </TextEquiv>
        </Word>
        <Word id="region0001_line0004_word0002" custom="readingOrder {index:2;}">
          <Coords points="469,853 661,855 661,814 650,813 642,818 617,819 550,817 510,813 503,817 471,813 469,813"/>
          <TextEquiv conf="0.91035306">
            <Unicode>drittenmal</Unicode>
          </TextEquiv>
        </Word>
        <Word id="region0001_line0004_word0003" custom="readingOrder {index:3;}">
          <Coords points="685,815 674,818 671,816 671,857 738,857 738,815 731,815 721,817 704,817 700,815"/>
          <TextEquiv conf="0.9256461">
            <Unicode>eine</Unicode>
          </TextEquiv>
        </Word>
        <Word id="region0001_line0004_word0004" custom="readingOrder {index:4;}">
          <Coords points="748,812 748,812 748,859 859,860 864,857 886,860 900,854 911,855 917,859 948,860 986,856 995,861 998,861 998,814 849,813 839,816 832,813"/>
          <TextEquiv conf="0.9192818">
            <Unicode>Stimme</Unicode>
          </TextEquiv>
        </Word>
        <Word id="region0001_line0004_word0005" custom="readingOrder {index:5;}">
          <Coords points="1002,813 999,813 936,810 936,859 948,860 986,856 997,862 1002,863"/>
          <TextEquiv conf="0.91764945">
            <Unicode>vom</Unicode>
          </TextEquiv>
        </Word>
        <Word id="word_1661858940859_262" custom="readingOrder {index:6;}">
          <Coords points="1007,815 1159,810 1168,810 1175,814 1178,816 1178,862 1169,863 1059,865 1012,865 1007,864"/>
          <TextEquiv>
            <Unicode>Himmel/</Unicode>
          </TextEquiv>
        </Word>
        <Word id="region0001_line0004_word0008" custom="readingOrder {index:7;}">
          <Coords points="1311,818 1193,818 1193,861 1205,861 1252,862 1272,858 1287,862 1295,858 1304,861 1311,860"/>
          <TextEquiv conf="0.9277731">
            <Unicode>welche</Unicode>
          </TextEquiv>
        </Word>
        <Word id="region0001_line0004_word0009" custom="readingOrder {index:8;}">
          <Coords points="1367,820 1326,819 1326,860 1335,865 1340,861 1367,859"/>
          <TextEquiv conf="0.9292321">
            <Unicode>ſie</Unicode>
          </TextEquiv>
        </Word>
        <Word id="region0001_line0004_word0010" custom="readingOrder {index:9;}">
          <Coords points="1378,820 1378,861 1386,863 1414,861 1429,868 1442,865 1442,820 1404,820"/>
          <TextEquiv conf="0.9287938">
            <Unicode>auf</Unicode>
          </TextEquiv>
        </Word>
        <Word id="region0001_line0004_word0011" custom="readingOrder {index:10;}">
          <Coords points="1457,809 1455,813 1448,815 1447,814 1447,857 1561,858 1561,824 1559,823 1488,822 1474,809"/>
          <TextEquiv conf="0.6721298">
            <Unicode>Gran-</Unicode>
          </TextEquiv>
        </Word>
        <TextEquiv>
          <Unicode>gleich zum drittenmal eine Stimme vom Himmel/ welche ſie auf Gran-</Unicode>
        </TextEquiv>
      </TextLine>
      <TextLine id="line_1661857421661_84" custom="readingOrder {index:4;}">
        <Coords points="255,875 269,874 276,879 288,870 304,867 315,871 380,872 390,875 403,870 457,867 462,864 498,868 528,866 546,861 606,867 620,861 649,862 655,867 673,868 777,868 856,863 864,858 885,862 900,855 911,856 918,862 964,862 975,857 986,857 997,863 1027,869 1044,860 1059,866 1106,863 1113,859 1123,859 1130,863 1169,864 1252,863 1272,859 1287,863 1295,859 1304,862 1323,860 1335,866 1340,862 1369,860 1386,864 1414,862 1429,869 1462,862 1478,864 1483,870 1500,869 1506,865 1527,868 1538,864 1552,872 1564,873 1564,920 1557,919 1502,918 1445,921 1429,918 1368,917 1358,914 1326,914 1317,910 1305,912 1296,908 1239,912 1226,911 1219,907 1187,909 1147,906 1046,914 1013,912 1006,908 981,906 966,913 961,908 946,910 934,904 925,907 908,906 897,914 881,910 838,907 831,912 786,918 777,911 763,910 750,914 726,912 704,921 697,921 689,914 680,914 676,917 631,916 612,919 606,915 567,910 513,916 487,913 473,916 418,914 412,910 404,910 398,913 255,914"/>
        <Baseline points="255,903 698,906 941,897 1564,909"/>
        <Word id="region0001_line0005_word0000" custom="readingOrder {index:0;}">
          <Coords points="302,867 288,870 276,879 273,877 273,907 426,908 426,868 403,870 390,875 380,872 315,871 304,867"/>
          <TextEquiv>
            <Unicode>dimont,</Unicode>
          </TextEquiv>
        </Word>
        <Word id="region0001_line0005_word0001" custom="readingOrder {index:1;}">
          <Coords points="443,868 520,869 519,906 442,905"/>
          <TextEquiv conf="0.9313997">
            <Unicode>oder</Unicode>
          </TextEquiv>
        </Word>
        <Word id="word_1661858967630_275" custom="readingOrder {index:2;}">
          <Coords points="531,865 539,863 614,863 651,864 731,868 731,912 719,915 715,916 530,914"/>
          <TextEquiv>
            <Unicode>Großberg/</Unicode>
          </TextEquiv>
        </Word>
        <Word id="word_1661858976621_281" custom="readingOrder {index:3;}">
          <Coords points="740,868 841,863 947,862 963,862 963,910 897,914 740,913"/>
          <TextEquiv>
            <Unicode>angewieſen/</Unicode>
          </TextEquiv>
        </Word>
        <Word id="region0001_line0005_word0006" custom="readingOrder {index:4;}">
          <Coords points="1000,867 969,867 968,912 981,906 999,907"/>
          <TextEquiv conf="0.92931443">
            <Unicode>ſo</Unicode>
          </TextEquiv>
        </Word>
        <Word id="region0001_line0005_word0007" custom="readingOrder {index:5;}">
          <Coords points="1098,871 1018,870 1017,911 1074,911 1097,909"/>
          <TextEquiv conf="0.93156">
            <Unicode>eben</Unicode>
          </TextEquiv>
        </Word>
        <Word id="region0001_line0005_word0008" custom="readingOrder {index:6;}">
          <Coords points="1170,870 1114,870 1113,908 1147,906 1169,907"/>
          <TextEquiv conf="0.9263942">
            <Unicode>der</Unicode>
          </TextEquiv>
        </Word>
        <Word id="region0001_line0005_word0009" custom="readingOrder {index:7;}">
          <Coords points="1248,911 1248,877 1183,876 1183,908 1187,909 1219,907 1225,910"/>
          <TextEquiv conf="0.92119825">
            <Unicode>von</Unicode>
          </TextEquiv>
        </Word>
        <Word id="region0001_line0005_word0010" custom="readingOrder {index:8;}">
          <Coords points="1433,917 1434,872 1260,871 1259,910 1296,908 1305,912 1317,910 1326,914 1358,914 1366,916"/>
          <TextEquiv conf="0.84920937">
            <Unicode>GOTT</Unicode>
          </TextEquiv>
        </Word>
        <Word id="region0001_line0005_word0011" custom="readingOrder {index:9;}">
          <Coords points="1498,871 1443,870 1442,920 1458,920 1497,918"/>
          <TextEquiv conf="0.708001">
            <Unicode>fuͤr</Unicode>
          </TextEquiv>
        </Word>
        <Word id="region0001_line0005_word0012" custom="readingOrder {index:10;}">
          <Coords points="1509,871 1508,912 1560,912 1560,872 1552,872 1550,871"/>
          <TextEquiv conf="0.9246719">
            <Unicode>die</Unicode>
          </TextEquiv>
        </Word>
        <TextEquiv>
          <Unicode>dimont, oder Großberg/ angewieſen/ ſo eben der von GOTT fuͤr die</Unicode>
        </TextEquiv>
      </TextLine>
      <TextLine id="line_1661857421661_86" custom="readingOrder {index:5;}">
        <Coords points="255,919 358,919 396,916 404,911 433,916 464,917 487,914 492,917 523,917 567,911 606,916 612,920 627,918 675,919 680,915 689,915 697,922 704,922 726,913 750,915 763,911 777,912 786,919 831,913 838,908 897,915 908,907 925,908 934,905 947,912 966,914 981,907 1006,909 1011,913 1044,916 1147,907 1197,911 1219,908 1224,913 1235,914 1296,909 1305,913 1317,911 1326,915 1358,915 1368,918 1429,919 1445,922 1502,919 1557,920 1564,921 1564,967 1506,969 1480,964 1471,971 1464,970 1460,963 1431,966 1383,960 1356,964 1338,958 1315,958 1285,966 1283,957 1275,955 1267,962 1249,960 1213,967 1204,964 1192,965 1187,960 1177,960 1163,966 1116,966 1101,963 1082,964 1077,960 1038,963 1031,960 1015,962 992,957 980,957 971,964 953,959 892,957 879,954 869,958 841,958 816,963 786,958 772,963 705,967 696,971 683,968 673,972 642,966 557,968 551,963 541,963 537,966 527,961 504,965 492,961 484,969 470,964 451,965 447,962 407,968 382,966 377,962 365,967 356,965 325,967 307,966 297,962 282,962 275,965 256,963"/>
        <Baseline points="256,954 707,956 880,946 1131,955 1246,950 1564,955"/>
        <Word id="region0001_line0006_word0000" custom="readingOrder {index:0;}">
          <Coords points="399,914 396,916 358,919 273,919 273,962 282,962 282,962 297,962 297,962 375,963 377,962 378,963 438,963 447,962 449,963 489,964 492,961 500,964 510,964 526,961 526,917 523,917 492,917 488,915 482,915 464,917 433,916 422,914"/>
          <TextEquiv conf="0.9192371">
            <Unicode>neugepflantzte</Unicode>
          </TextEquiv>
        </Word>
        <Word id="region0001_line0006_word0001" custom="readingOrder {index:1;}">
          <Coords points="749,914 726,913 704,922 697,922 689,915 680,915 675,919 627,918 612,920 606,916 567,911 561,911 561,967 642,966 660,969 678,969 683,968 690,969 698,969 705,967 749,964"/>
          <TextEquiv conf="0.9210045">
            <Unicode>Strengheit</Unicode>
          </TextEquiv>
        </Word>
        <Word id="region0001_line0006_word0002" custom="readingOrder {index:2;}">
          <Coords points="833,911 831,913 786,919 777,912 771,911 771,963 772,963 786,958 816,963 841,958 869,958 879,954 892,957 919,957 919,912 901,911 897,915 868,911"/>
          <TextEquiv conf="0.9163684">
            <Unicode>Stephani</Unicode>
          </TextEquiv>
        </Word>
        <Word id="region0001_line0006_word0003" custom="readingOrder {index:3;}">
          <Coords points="1109,917 929,916 929,958 953,959 971,964 980,957 992,957 1015,962 1031,960 1038,963 1077,960 1082,964 1101,963 1109,964"/>
          <TextEquiv conf="0.9292567">
            <Unicode>beſtimmte</Unicode>
          </TextEquiv>
        </Word>
        <Word id="region0001_line0006_word0004" custom="readingOrder {index:4;}">
          <Coords points="1367,920 1117,918 1117,966 1163,966 1177,960 1187,960 1192,965 1204,964 1213,967 1249,960 1267,962 1275,955 1283,957 1285,966 1315,958 1338,958 1356,964 1367,962"/>
          <TextEquiv conf="0.91654515">
            <Unicode>Wohn⸗Platz</Unicode>
          </TextEquiv>
        </Word>
        <Word id="region0001_line0006_word0005" custom="readingOrder {index:5;}">
          <Coords points="1477,929 1377,928 1377,960 1383,960 1431,966 1460,963 1464,970 1471,971 1477,966"/>
          <TextEquiv conf="0.92480695">
            <Unicode>war;</Unicode>
          </TextEquiv>
        </Word>
        <Word id="region0001_line0006_word0006" custom="readingOrder {index:6;}">
          <Coords points="1501,929 1559,929 1559,962 1501,962"/>
          <TextEquiv conf="0.91455823">
            <Unicode>wo</Unicode>
          </TextEquiv>
        </Word>
        <TextEquiv conf="0.9202539">
          <Unicode>neugepflantzte Strengheit Stephani beſtimmte Wohn⸗Platz war; wo</Unicode>
        </TextEquiv>
      </TextLine>
      <TextLine id="line_1661857421661_88" custom="readingOrder {index:6;}">
        <Coords points="256,964 275,966 282,963 297,963 327,969 356,966 365,968 375,963 382,967 407,969 447,963 451,966 484,970 492,962 510,966 527,962 537,967 541,964 551,964 557,969 642,967 673,973 683,969 696,972 705,968 772,964 786,959 797,959 812,964 831,960 871,961 879,955 889,956 894,960 962,961 971,965 980,958 992,958 1015,963 1031,961 1038,964 1056,965 1064,961 1077,961 1082,965 1101,964 1132,968 1163,967 1177,961 1212,968 1249,961 1266,964 1275,956 1282,957 1285,967 1315,959 1338,959 1356,965 1383,961 1431,967 1460,964 1467,972 1475,972 1480,965 1504,970 1564,970 1563,1018 1538,1018 1531,1021 1520,1021 1502,1014 1424,1015 1395,1013 1376,1008 1335,1008 1309,1012 1282,1013 1236,1013 1222,1009 1215,1013 1196,1010 1190,1014 1174,1013 1169,1008 1158,1007 1148,1019 1130,1010 1108,1014 1084,1011 1074,1019 1042,1010 1006,1017 998,1014 977,1016 940,1010 878,1008 864,1005 856,1009 819,1007 781,1014 758,1012 753,1014 721,1016 686,1011 669,1019 660,1016 654,1018 646,1013 623,1022 597,1018 587,1022 555,1016 530,1019 521,1012 505,1012 497,1018 467,1016 418,1023 404,1020 375,1022 350,1019 340,1023 317,1013 304,1013 298,1017 286,1018 271,1014 256,1015"/>
        <Baseline points="256,1004 634,1007 857,997 1563,1007"/>
        <Word id="region0001_line0007_word0000" custom="readingOrder {index:0;}">
          <Coords points="282,963 275,966 263,964 263,1012 317,1012 317,967 297,963"/>
          <TextEquiv conf="0.93138784">
            <Unicode>ſie</Unicode>
          </TextEquiv>
        </Word>
        <Word id="region0001_line0007_word0001" custom="readingOrder {index:1;}">
          <Coords points="334,1012 394,1012 394,967 382,967 375,963 365,968 356,966 334,968"/>
          <TextEquiv conf="0.9318674">
            <Unicode>ſich</Unicode>
          </TextEquiv>
        </Word>
        <Word id="region0001_line0007_word0002" custom="readingOrder {index:2;}">
          <Coords points="507,965 492,962 484,970 451,966 447,963 411,968 411,1012 503,1012 505,1012 507,1012"/>
          <TextEquiv conf="0.932184">
            <Unicode>gleich</Unicode>
          </TextEquiv>
        </Word>
        <Word id="word_1661858997778_287" custom="readingOrder {index:3;}">
          <Coords points="519,964 527,962 734,966 734,1015 721,1016 519,1012"/>
          <TextEquiv>
            <Unicode>hingezogen/</Unicode>
          </TextEquiv>
        </Word>
        <Word id="region0001_line0007_word0005" custom="readingOrder {index:4;}">
          <Coords points="740,1006 807,1007 807,966 752,965 740,965"/>
          <TextEquiv conf="0.9306246">
            <Unicode>und</Unicode>
          </TextEquiv>
        </Word>
        <Word id="region0001_line0007_word0006" custom="readingOrder {index:5;}">
          <Coords points="817,966 850,966 850,1006 817,1006"/>
          <TextEquiv conf="0.9325719">
            <Unicode>in</Unicode>
          </TextEquiv>
        </Word>
        <Word id="region0001_line0007_word0007" custom="readingOrder {index:6;}">
          <Coords points="964,1006 964,966 860,965 860,1005 864,1005 864,1005 864,1005"/>
          <TextEquiv conf="0.93029">
            <Unicode>einem</Unicode>
          </TextEquiv>
        </Word>
        <Word id="region0001_line0007_word0008" custom="readingOrder {index:7;}">
          <Coords points="977,960 974,962 974,1015 977,1016 998,1014 1006,1017 1042,1010 1068,1017 1075,1017 1084,1011 1108,1014 1130,1010 1146,1018 1148,1018 1158,1007 1169,1008 1174,1013 1190,1014 1196,1010 1215,1013 1222,1009 1236,1013 1282,1013 1297,1012 1297,963 1285,967 1283,961 1268,961 1266,964 1253,961 1245,961 1212,968 1178,961 1176,961 1163,967 1132,968 1101,964 1082,965 1077,961 1064,961 1056,965 1038,964 1031,961 1015,963 1001,960"/>
          <TextEquiv conf="0.3358564">
            <Unicode>ſchlecht⸗gebauten</Unicode>
          </TextEquiv>
        </Word>
        <Word id="region0001_line0007_word0009" custom="readingOrder {index:8;}">
          <Coords points="1438,969 1308,968 1308,1012 1309,1012 1335,1008 1376,1008 1395,1013 1424,1015 1438,1014"/>
          <TextEquiv conf="0.92863494">
            <Unicode>Cloſter</Unicode>
          </TextEquiv>
        </Word>
        <Word id="region0001_line0007_word0010" custom="readingOrder {index:9;}">
          <Coords points="1453,971 1453,1010 1504,1011 1504,972 1475,971 1475,972 1467,972 1466,971"/>
          <TextEquiv conf="0.9315404">
            <Unicode>die</Unicode>
          </TextEquiv>
        </Word>
        <Word id="region0001_line0007_word0011" custom="readingOrder {index:10;}">
          <Coords points="1521,980 1559,980 1559,1018 1521,1018"/>
          <TextEquiv conf="0.9315404">
            <Unicode>zu</Unicode>
          </TextEquiv>
        </Word>
        <TextEquiv>
          <Unicode>ſie ſich gleich hingezogen/ und in einem ſchlecht⸗gebauten Cloſter die zu</Unicode>
        </TextEquiv>
      </TextLine>
      <TextLine id="line_1661857421661_90" custom="readingOrder {index:7;}">
        <Coords points="255,1017 269,1015 286,1019 298,1018 304,1014 317,1014 340,1024 348,1021 404,1021 418,1024 454,1018 497,1019 505,1013 521,1013 530,1020 552,1018 587,1023 597,1019 623,1023 646,1014 654,1019 659,1017 669,1020 686,1012 695,1012 701,1018 749,1017 758,1013 765,1013 781,1019 786,1014 800,1011 819,1008 856,1010 864,1006 887,1010 951,1012 977,1017 998,1015 1005,1018 1027,1016 1035,1011 1042,1011 1074,1020 1084,1012 1095,1012 1100,1017 1117,1017 1130,1011 1148,1020 1158,1008 1169,1009 1175,1015 1190,1015 1196,1011 1215,1014 1229,1010 1242,1016 1260,1016 1309,1013 1335,1009 1376,1009 1382,1012 1391,1011 1396,1015 1415,1016 1502,1015 1520,1022 1545,1019 1563,1021 1563,1065 1528,1068 1516,1074 1505,1074 1495,1068 1474,1066 1423,1065 1382,1068 1376,1072 1355,1072 1350,1068 1283,1066 1253,1068 1244,1074 1231,1074 1213,1067 1169,1066 1135,1067 1129,1073 1118,1073 1112,1067 1096,1066 1004,1065 955,1069 930,1062 894,1060 806,1066 776,1064 658,1069 607,1067 570,1070 563,1075 546,1075 539,1070 520,1069 510,1072 493,1069 479,1072 475,1069 463,1068 442,1072 433,1064 421,1066 396,1062 315,1063 310,1060 294,1060 273,1064 255,1063"/>
        <Baseline points="255,1052 560,1060 877,1051 1265,1058 1563,1054"/>
        <Word id="region0001_line0008_word0000" custom="readingOrder {index:0;}">
          <Coords points="274,1017 274,1054 420,1055 420,1023 418,1024 404,1021 348,1021 340,1024 324,1017 299,1017 298,1018 286,1019 277,1017"/>
          <TextEquiv>
            <Unicode>Moreto</Unicode>
          </TextEquiv>
        </Word>
        <Word id="region0001_line0008_word0001" custom="readingOrder {index:1;}">
          <Coords points="504,1013 497,1019 454,1018 438,1020 438,1063 626,1065 626,1021 623,1023 597,1019 587,1023 552,1018 530,1020 522,1013"/>
          <TextEquiv conf="0.9278118">
            <Unicode>gepflogene</Unicode>
          </TextEquiv>
        </Word>
        <Word id="region0001_line0008_word0002" custom="readingOrder {index:2;}">
          <Coords points="646,1014 644,1015 643,1063 833,1064 894,1060 930,1062 940,1065 976,1065 977,1017 972,1016 785,1015 781,1019 770,1015 754,1015 749,1017 701,1018 697,1014 681,1014 669,1020 659,1017 654,1019 646,1014"/>
          <TextEquiv conf="0.7602689">
            <Unicode>Lebens⸗Ordnung</Unicode>
          </TextEquiv>
        </Word>
        <Word id="region0001_line0008_word0003" custom="readingOrder {index:3;}">
          <Coords points="996,1020 1055,1021 1055,1062 996,1061"/>
          <TextEquiv conf="0.9315892">
            <Unicode>mit</Unicode>
          </TextEquiv>
        </Word>
        <Word id="region0001_line0008_word0004" custom="readingOrder {index:4;}">
          <Coords points="1082,1015 1081,1066 1096,1066 1112,1067 1114,1069 1133,1069 1135,1067 1169,1066 1213,1067 1220,1070 1250,1070 1253,1068 1283,1066 1292,1066 1293,1016 1262,1016 1260,1016 1242,1016 1241,1016 1152,1015 1148,1020 1139,1015 1121,1015 1117,1017 1100,1017 1098,1015"/>
          <TextEquiv conf="0.93054944">
            <Unicode>beſtaͤndigen</Unicode>
          </TextEquiv>
        </Word>
        <Word id="region0001_line0008_word0005" custom="readingOrder {index:5;}">
          <Coords points="1417,1019 1311,1018 1310,1066 1350,1068 1351,1069 1379,1069 1382,1068 1416,1065"/>
          <TextEquiv conf="0.9296289">
            <Unicode>Eiffer</Unicode>
          </TextEquiv>
        </Word>
        <Word id="region0001_line0008_word0006" custom="readingOrder {index:6;}">
          <Coords points="1561,1025 1433,1024 1433,1065 1474,1066 1495,1068 1497,1069 1524,1069 1528,1068 1561,1066"/>
          <TextEquiv conf="0.6857562">
            <Unicode>ausge⸗</Unicode>
          </TextEquiv>
        </Word>
        <TextEquiv>
          <Unicode>Moreto gepflogene Lebens⸗Ordnung mit beſtaͤndigen Eiffer ausge⸗</Unicode>
        </TextEquiv>
      </TextLine>
      <TextLine id="region0001_line0009" custom="readingOrder {index:8;}">
        <Coords points="294,1061 280,1062 270,1067 255,1067 256,1120 270,1120 276,1125 284,1125 292,1119 315,1119 323,1123 334,1117 369,1112 413,1116 451,1112 460,1116 480,1117 505,1111 524,1113 544,1110 549,1105 549,1079 539,1073 479,1073 471,1070 442,1073 433,1065 418,1068 383,1063 377,1067 360,1065 329,1068 310,1061"/>
        <Baseline points="256,1109 549,1101"/>
        <Word id="region0001_line0009_word0000" custom="readingOrder {index:0;}">
          <Coords points="369,1074 275,1073 275,1124 285,1124 292,1119 315,1119 323,1123 334,1117 369,1112"/>
          <TextEquiv conf="0.92303604">
            <Unicode>fuͤhrt</Unicode>
          </TextEquiv>
        </Word>
        <Word id="region0001_line0009_word0001" custom="readingOrder {index:1;}">
          <Coords points="505,1077 385,1076 385,1113 413,1116 451,1112 460,1116 480,1117 505,1111"/>
          <TextEquiv conf="0.92710376">
            <Unicode>haben.</Unicode>
          </TextEquiv>
        </Word>
        <TextEquiv conf="0.92506987">
          <Unicode>fuͤhrt haben.</Unicode>
        </TextEquiv>
      </TextLine>
      <TextLine id="line_1661857421677_92" custom="readingOrder {index:9;}">
        <Coords points="338,1117 369,1113 414,1117 451,1113 460,1117 488,1118 512,1112 519,1114 521,1119 537,1119 559,1113 586,1112 593,1109 657,1116 665,1108 679,1110 694,1107 706,1114 736,1116 761,1114 782,1104 813,1107 817,1104 829,1104 834,1108 868,1110 878,1109 888,1100 904,1102 911,1109 918,1109 925,1102 937,1100 950,1100 957,1109 966,1109 974,1103 983,1103 989,1109 1011,1112 1045,1113 1051,1107 1065,1107 1073,1113 1087,1115 1094,1108 1119,1108 1130,1111 1135,1119 1185,1117 1204,1108 1218,1109 1227,1117 1255,1118 1272,1117 1280,1107 1296,1108 1300,1117 1335,1118 1343,1117 1350,1106 1362,1106 1369,1113 1377,1106 1390,1106 1396,1113 1428,1115 1446,1114 1454,1106 1475,1107 1482,1115 1504,1113 1508,1116 1517,1108 1528,1108 1536,1116 1550,1106 1563,1106 1563,1166 1504,1166 1463,1169 1456,1166 1437,1166 1429,1161 1397,1165 1361,1163 1355,1160 1317,1159 1308,1163 1274,1164 1262,1171 1250,1165 1232,1165 1153,1169 1147,1172 1116,1164 1099,1168 1075,1167 1062,1171 1052,1167 1006,1163 997,1158 984,1161 895,1162 860,1161 854,1156 844,1156 828,1162 811,1158 791,1167 783,1166 779,1160 746,1160 729,1165 690,1165 684,1168 673,1164 667,1167 632,1167 603,1163 600,1166 580,1164 536,1168 508,1167 496,1172 489,1164 444,1167 400,1163 393,1168 375,1169 367,1162 331,1163 323,1154 323,1124 326,1121"/>
        <Baseline points="323,1147 415,1156 832,1149 1093,1157 1313,1151 1563,1155"/>
        <Word id="region0001_line0010_word0000" custom="readingOrder {index:0;}">
          <Coords points="363,1157 423,1157 423,1116 414,1117 369,1113 363,1113"/>
          <TextEquiv conf="0.9298039">
            <Unicode>An</Unicode>
          </TextEquiv>
        </Word>
        <Word id="region0001_line0010_word0001" custom="readingOrder {index:1;}">
          <Coords points="439,1161 556,1162 556,1113 537,1119 521,1119 519,1114 512,1112 488,1118 460,1117 451,1113 439,1114"/>
          <TextEquiv conf="0.9310436">
            <Unicode>dieſem</Unicode>
          </TextEquiv>
        </Word>
        <Word id="region0001_line0010_word0002" custom="readingOrder {index:2;}">
          <Coords points="582,1112 574,1112 574,1158 649,1159 649,1115 626,1112"/>
          <TextEquiv conf="0.90665245">
            <Unicode>Ort</Unicode>
          </TextEquiv>
        </Word>
        <Word id="region0001_line0010_word0003" custom="readingOrder {index:3;}">
          <Coords points="665,1112 664,1162 702,1162 703,1112 703,1112"/>
          <TextEquiv conf="0.9317855">
            <Unicode>iſt</Unicode>
          </TextEquiv>
        </Word>
        <Word id="region0001_line0010_word0004" custom="readingOrder {index:4;}">
          <Coords points="800,1162 801,1113 764,1112 761,1114 736,1116 718,1114 718,1161 741,1161 746,1160 770,1160 779,1160 780,1161"/>
          <TextEquiv conf="0.9191766">
            <Unicode>auch</Unicode>
          </TextEquiv>
        </Word>
        <Word id="region0001_line0010_word0005" custom="readingOrder {index:5;}">
          <Coords points="818,1114 875,1114 875,1156 818,1156"/>
          <TextEquiv conf="0.92480284">
            <Unicode>der</Unicode>
          </TextEquiv>
        </Word>
        <Word id="region0001_line0010_word0006" custom="readingOrder {index:6;}">
          <Coords points="886,1111 957,1112 957,1158 886,1157"/>
          <TextEquiv conf="0.9276859">
            <Unicode>Leib</Unicode>
          </TextEquiv>
        </Word>
        <Word id="region0001_line0010_word0007" custom="readingOrder {index:7;}">
          <Coords points="973,1115 1035,1115 1035,1157 973,1157"/>
          <TextEquiv conf="0.93219155">
            <Unicode>des</Unicode>
          </TextEquiv>
        </Word>
        <Word id="region0001_line0010_word0008" custom="readingOrder {index:8;}">
          <Coords points="1054,1116 1053,1166 1106,1166 1116,1164 1126,1167 1190,1167 1191,1117 1185,1117 1185,1117 1135,1119 1133,1117"/>
          <TextEquiv conf="0.89409447">
            <Unicode>heiligen</Unicode>
          </TextEquiv>
        </Word>
        <Word id="region0001_line0010_word0009" custom="readingOrder {index:9;}">
          <Coords points="1213,1109 1212,1166 1232,1165 1250,1165 1262,1171 1274,1164 1308,1163 1317,1159 1355,1160 1359,1162 1360,1110 1347,1109 1343,1117 1335,1118 1300,1117 1296,1109 1278,1109 1272,1117 1255,1118 1227,1117 1218,1109"/>
          <TextEquiv conf="0.83305097">
            <Unicode>Stephani</Unicode>
          </TextEquiv>
        </Word>
        <Word id="region0001_line0010_word0010" custom="readingOrder {index:10;}">
          <Coords points="1478,1167 1479,1118 1379,1117 1378,1163 1397,1165 1429,1161 1437,1166 1456,1166 1457,1166"/>
          <TextEquiv conf="0.9268396">
            <Unicode>durch</Unicode>
          </TextEquiv>
        </Word>
        <Word id="region0001_line0010_word0011" custom="readingOrder {index:11;}">
          <Coords points="1494,1118 1560,1118 1560,1161 1494,1161"/>
          <TextEquiv conf="0.9273946">
            <Unicode>viel</Unicode>
          </TextEquiv>
        </Word>
        <TextEquiv conf="0.91537684">
          <Unicode>An dieſem Ort iſt auch der Leib des heiligen Stephani durch viel</Unicode>
        </TextEquiv>
      </TextLine>
      <TextLine id="line_1661857421677_94" custom="readingOrder {index:10;}">
        <Coords points="255,1169 327,1169 346,1162 367,1163 375,1170 393,1169 400,1164 427,1165 438,1169 464,1169 478,1165 489,1165 494,1172 500,1173 507,1169 580,1165 600,1167 603,1164 667,1168 673,1165 684,1169 690,1166 729,1166 746,1161 778,1161 783,1167 791,1168 811,1159 832,1163 844,1157 854,1157 860,1162 895,1163 980,1163 997,1159 1006,1164 1052,1168 1062,1172 1073,1169 1097,1170 1116,1165 1142,1173 1172,1169 1250,1167 1262,1172 1274,1165 1303,1165 1317,1160 1342,1164 1355,1161 1361,1164 1404,1167 1419,1162 1429,1162 1438,1168 1456,1167 1463,1170 1477,1168 1563,1168 1562,1217 1542,1217 1506,1212 1494,1216 1428,1217 1413,1220 1407,1217 1333,1213 1313,1220 1310,1211 1304,1211 1292,1218 1236,1219 1228,1214 1210,1218 1201,1215 1183,1215 1167,1224 1155,1223 1154,1216 1148,1212 1136,1214 1121,1222 1114,1216 1107,1215 1063,1217 1030,1212 1016,1215 993,1213 984,1205 964,1210 958,1207 930,1205 919,1210 904,1211 859,1211 854,1207 844,1207 836,1212 813,1213 807,1209 798,1209 791,1214 774,1218 756,1214 748,1217 738,1210 726,1215 684,1215 646,1210 627,1212 612,1218 578,1218 574,1214 565,1213 556,1218 547,1218 527,1212 514,1212 500,1217 467,1217 438,1213 428,1218 417,1219 388,1214 382,1218 340,1222 330,1213 318,1211 309,1216 310,1225 290,1229 285,1225 280,1229 274,1229 267,1222 255,1220"/>
        <Baseline points="255,1208 923,1198 1102,1207 1562,1207"/>
        <Word id="region0001_line0011_word0000" custom="readingOrder {index:0;}">
          <Coords points="341,1163 327,1169 274,1169 274,1224 309,1224 309,1216 318,1211 330,1213 340,1222 377,1218 377,1169 375,1170 368,1163"/>
          <TextEquiv conf="0.9291221">
            <Unicode>groſſe</Unicode>
          </TextEquiv>
        </Word>
        <Word id="region0001_line0011_word0001" custom="readingOrder {index:1;}">
          <Coords points="396,1167 393,1169 389,1169 389,1213 437,1213 438,1213 440,1213 509,1214 514,1212 527,1212 533,1214 563,1214 565,1213 574,1214 574,1214 621,1214 627,1212 646,1210 682,1215 726,1215 731,1213 731,1169 685,1169 684,1169 683,1169 529,1168 507,1169 500,1173 494,1172 491,1168 469,1167 464,1169 438,1169 433,1167"/>
          <TextEquiv conf="0.87930006">
            <Unicode>Gnaden⸗Wunder</Unicode>
          </TextEquiv>
        </Word>
        <Word id="region0001_line0011_word0002" custom="readingOrder {index:2;}">
          <Coords points="904,1170 741,1168 741,1212 748,1217 756,1214 771,1217 776,1217 791,1214 798,1209 807,1209 813,1213 836,1212 844,1207 854,1207 859,1211 904,1211"/>
          <TextEquiv conf="0.9309016">
            <Unicode>ſcheinbar</Unicode>
          </TextEquiv>
        </Word>
        <Word id="word_1661859055511_306" custom="readingOrder {index:3;}">
          <Coords points="913,1170 1049,1167 1067,1170 1067,1216 1063,1217 913,1210"/>
          <TextEquiv>
            <Unicode>worden/</Unicode>
          </TextEquiv>
        </Word>
        <Word id="region0001_line0011_word0005" custom="readingOrder {index:4;}">
          <Coords points="1081,1173 1081,1216 1107,1215 1114,1216 1119,1221 1122,1221 1136,1214 1148,1212 1148,1173 1142,1173"/>
          <TextEquiv conf="0.9232297">
            <Unicode>alſo</Unicode>
          </TextEquiv>
        </Word>
        <Word id="region0001_line0011_word0006" custom="readingOrder {index:5;}">
          <Coords points="1247,1181 1157,1180 1157,1223 1168,1223 1183,1215 1201,1215 1210,1218 1228,1214 1236,1219 1247,1218"/>
          <TextEquiv conf="0.857455">
            <Unicode>zwar</Unicode>
          </TextEquiv>
        </Word>
        <Word id="region0001_line0011_word0007" custom="readingOrder {index:6;}">
          <Coords points="1332,1172 1265,1171 1265,1218 1292,1218 1304,1211 1310,1211 1313,1220 1332,1213"/>
          <TextEquiv conf="0.9321617">
            <Unicode>daß</Unicode>
          </TextEquiv>
        </Word>
        <Word id="region0001_line0011_word0008" custom="readingOrder {index:7;}">
          <Coords points="1404,1214 1404,1174 1350,1174 1350,1213 1351,1214"/>
          <TextEquiv conf="0.9293453">
            <Unicode>der</Unicode>
          </TextEquiv>
        </Word>
        <Word id="region0001_line0011_word0009" custom="readingOrder {index:8;}">
          <Coords points="1558,1173 1413,1172 1413,1220 1428,1217 1494,1216 1506,1212 1542,1217 1558,1217"/>
          <TextEquiv conf="0.9248673">
            <Unicode>fromme</Unicode>
          </TextEquiv>
        </Word>
        <TextEquiv>
          <Unicode>groſſe Gnaden⸗Wunder ſcheinbar worden/ alſo zwar daß der fromme</Unicode>
        </TextEquiv>
      </TextLine>
      <TextLine id="line_1661857421677_96" custom="readingOrder {index:11;}">
        <Coords points="256,1223 267,1223 274,1230 280,1230 285,1226 289,1230 295,1227 304,1229 312,1224 310,1216 318,1212 330,1214 340,1223 382,1219 388,1215 415,1220 428,1219 438,1214 453,1218 499,1219 514,1213 532,1214 541,1219 556,1219 571,1214 578,1219 612,1219 627,1213 646,1211 684,1216 726,1216 738,1211 748,1218 766,1216 774,1219 791,1215 798,1210 807,1210 813,1214 835,1214 844,1208 854,1208 860,1213 868,1213 919,1211 930,1206 967,1211 984,1206 993,1214 1016,1216 1030,1213 1063,1218 1107,1216 1114,1217 1121,1223 1136,1215 1148,1213 1158,1225 1167,1225 1180,1217 1194,1216 1210,1219 1228,1215 1236,1220 1291,1221 1297,1214 1304,1212 1310,1212 1313,1221 1333,1214 1348,1214 1354,1220 1413,1221 1494,1217 1506,1213 1523,1217 1562,1217 1562,1268 1520,1268 1509,1272 1499,1268 1462,1266 1457,1262 1446,1262 1433,1267 1391,1271 1373,1262 1344,1262 1331,1270 1325,1265 1319,1267 1302,1264 1290,1270 1262,1274 1193,1271 1169,1275 1158,1275 1144,1270 1100,1268 1093,1263 1032,1265 1016,1259 1006,1259 997,1263 947,1263 937,1256 906,1259 902,1255 876,1254 855,1262 810,1262 787,1267 767,1264 701,1263 688,1258 671,1264 626,1269 564,1261 546,1264 536,1261 513,1272 507,1272 499,1267 452,1265 442,1260 427,1262 412,1270 401,1261 391,1265 374,1262 366,1266 315,1266 306,1263 302,1256 287,1259 277,1256 271,1263 256,1263"/>
        <Baseline points="256,1253 884,1247 1154,1260 1333,1254 1562,1258"/>
        <Word id="region0001_line0012_word0000" custom="readingOrder {index:0;}">
          <Coords points="419,1264 419,1220 415,1220 388,1215 382,1219 340,1223 330,1214 318,1212 310,1216 312,1224 304,1229 295,1227 289,1230 285,1226 280,1230 274,1230 267,1223 267,1263 271,1263 277,1256 287,1259 302,1256 306,1263 307,1263 371,1264 374,1262 384,1264 394,1264 401,1261 405,1264"/>
          <TextEquiv>
            <Unicode>Fuͤrwitz</Unicode>
          </TextEquiv>
        </Word>
        <Word id="region0001_line0012_word0001" custom="readingOrder {index:1;}">
          <Coords points="436,1217 436,1255 497,1256 497,1218 453,1218 450,1217"/>
          <TextEquiv conf="0.9315829">
            <Unicode>den</Unicode>
          </TextEquiv>
        </Word>
        <Word id="region0001_line0012_word0002" custom="readingOrder {index:2;}">
          <Coords points="505,1217 505,1270 517,1270 536,1261 546,1264 564,1261 626,1269 651,1266 651,1218 615,1217 612,1219 578,1219 575,1217 560,1217 556,1219 541,1219 537,1217"/>
          <TextEquiv conf="0.9318254">
            <Unicode>Zulauff</Unicode>
          </TextEquiv>
        </Word>
        <Word id="region0001_line0012_word0003" custom="readingOrder {index:3;}">
          <Coords points="719,1259 719,1219 660,1219 660,1259 685,1259 688,1258 690,1259"/>
          <TextEquiv conf="0.9282726">
            <Unicode>des</Unicode>
          </TextEquiv>
        </Word>
        <Word id="region0001_line0012_word0004" custom="readingOrder {index:4;}">
          <Coords points="734,1216 734,1263 767,1264 776,1265 793,1265 810,1262 855,1262 876,1254 902,1255 906,1259 915,1258 915,1218 784,1216 774,1219 766,1216 763,1216 748,1218 745,1216"/>
          <TextEquiv conf="0.92627734">
            <Unicode>begierigen</Unicode>
          </TextEquiv>
        </Word>
        <Word id="region0001_line0012_word0005" custom="readingOrder {index:5;}">
          <Coords points="926,1214 926,1257 937,1256 947,1263 997,1263 1006,1259 1016,1259 1032,1265 1060,1264 1060,1217 1042,1214 1021,1214 1016,1216 999,1214"/>
          <TextEquiv conf="0.9288102">
            <Unicode>Poͤvels</Unicode>
          </TextEquiv>
        </Word>
        <Word id="region0001_line0012_word0006" custom="readingOrder {index:6;}">
          <Coords points="1102,1216 1070,1217 1070,1263 1093,1263 1100,1268 1144,1270 1148,1271 1188,1271 1193,1271 1212,1271 1238,1272 1238,1220 1236,1220 1231,1216 1219,1216 1210,1219 1198,1216 1184,1216 1180,1217 1167,1225 1158,1225 1150,1216 1133,1216 1121,1223 1114,1217 1108,1216"/>
          <TextEquiv conf="0.9260963">
            <Unicode>alltaͤglich</Unicode>
          </TextEquiv>
        </Word>
        <Word id="region0001_line0012_word0007" custom="readingOrder {index:7;}">
          <Coords points="1294,1216 1291,1221 1251,1220 1251,1270 1287,1270 1290,1270 1302,1264 1319,1267 1325,1265 1331,1270 1344,1262 1371,1262 1371,1220 1354,1220 1350,1216 1325,1216 1313,1221 1311,1216"/>
          <TextEquiv conf="0.9260963">
            <Unicode>groͤſſer</Unicode>
          </TextEquiv>
        </Word>
        <Word id="region0001_line0012_word0008" custom="readingOrder {index:8;}">
          <Coords points="1555,1222 1387,1221 1387,1269 1389,1270 1400,1270 1433,1267 1446,1262 1457,1262 1462,1266 1499,1268 1505,1270 1512,1270 1520,1268 1555,1268"/>
          <TextEquiv conf="0.92930895">
            <Unicode>gemacht.</Unicode>
          </TextEquiv>
        </Word>
        <TextEquiv>
          <Unicode>Fuͤrwitz den Zulauff des begierigen Poͤvels alltaͤglich groͤſſer gemacht.</Unicode>
        </TextEquiv>
      </TextLine>
      <TextLine id="line_1661857421677_98" custom="readingOrder {index:12;}">
        <Coords points="256,1264 299,1269 306,1264 315,1267 337,1268 366,1267 374,1263 391,1266 401,1262 412,1271 433,1261 442,1261 453,1267 499,1268 507,1273 513,1273 536,1262 546,1265 564,1262 626,1270 671,1265 688,1259 700,1264 767,1265 787,1268 810,1263 855,1263 876,1255 902,1256 906,1260 937,1257 947,1264 997,1264 1006,1260 1016,1260 1032,1266 1093,1264 1100,1269 1149,1272 1158,1276 1209,1272 1223,1275 1262,1275 1290,1271 1302,1265 1319,1268 1325,1266 1331,1271 1344,1263 1373,1263 1391,1272 1435,1268 1446,1263 1457,1263 1463,1268 1501,1270 1509,1273 1520,1269 1562,1270 1562,1314 1560,1315 1535,1313 1507,1322 1498,1322 1490,1318 1447,1320 1442,1317 1412,1317 1405,1313 1396,1313 1390,1317 1358,1319 1325,1313 1316,1320 1307,1318 1300,1321 1291,1316 1273,1316 1242,1323 1232,1320 1228,1315 1211,1315 1195,1321 1114,1319 1099,1314 1068,1317 1053,1312 1019,1310 1006,1314 957,1309 938,1310 934,1307 916,1311 905,1306 887,1305 872,1311 783,1311 758,1306 741,1307 733,1311 716,1310 709,1306 691,1306 681,1315 672,1311 631,1311 625,1306 618,1306 610,1307 605,1312 586,1311 580,1306 573,1306 559,1310 530,1307 524,1314 510,1311 440,1312 426,1315 387,1308 382,1311 348,1313 326,1309 314,1313 295,1315 255,1314"/>
        <Baseline points="255,1303 906,1298 1212,1309 1562,1303"/>
        <Word id="region0001_line0013_word0000" custom="readingOrder {index:0;}">
          <Coords points="302,1266 299,1269 274,1266 274,1306 356,1307 356,1267 337,1268 315,1267 313,1266"/>
          <TextEquiv conf="0.92028725">
            <Unicode>Aus</Unicode>
          </TextEquiv>
        </Word>
        <Word id="region0001_line0013_word0001" custom="readingOrder {index:1;}">
          <Coords points="375,1264 374,1309 385,1309 387,1308 393,1309 488,1310 488,1267 453,1267 448,1264 425,1264 412,1271 403,1264 395,1264 391,1266 379,1264"/>
          <TextEquiv conf="0.9287731">
            <Unicode>dieſem</Unicode>
          </TextEquiv>
        </Word>
        <Word id="region0001_line0013_word0002" custom="readingOrder {index:2;}">
          <Coords points="544,1265 529,1265 513,1273 507,1273 505,1272 505,1310 527,1310 530,1307 543,1308"/>
          <TextEquiv conf="0.9305229">
            <Unicode>iſt</Unicode>
          </TextEquiv>
        </Word>
        <Word id="region0001_line0013_word0003" custom="readingOrder {index:3;}">
          <Coords points="558,1267 557,1305 662,1306 663,1268 645,1267 626,1270 606,1267"/>
          <TextEquiv conf="0.92820543">
            <Unicode>denen</Unicode>
          </TextEquiv>
        </Word>
        <Word id="region0001_line0013_word0004" custom="readingOrder {index:4;}">
          <Coords points="678,1264 677,1311 685,1311 691,1306 709,1306 716,1310 733,1311 741,1307 758,1306 783,1311 842,1311 843,1265 801,1264 787,1268 767,1265 715,1264"/>
          <TextEquiv conf="0.9241595">
            <Unicode>frommen</Unicode>
          </TextEquiv>
        </Word>
        <Word id="region0001_line0013_word0005" custom="readingOrder {index:5;}">
          <Coords points="851,1264 850,1311 872,1311 887,1305 905,1306 916,1311 934,1307 938,1310 957,1309 996,1313 1008,1313 1019,1310 1053,1312 1057,1313 1141,1314 1141,1271 1100,1269 1095,1265 1051,1265 1032,1266 1029,1265"/>
          <TextEquiv conf="0.91439325">
            <Unicode>Cloſter⸗Leuthen</Unicode>
          </TextEquiv>
        </Word>
        <Word id="region0001_line0013_word0006" custom="readingOrder {index:6;}">
          <Coords points="1152,1277 1220,1278 1219,1310 1151,1309"/>
          <TextEquiv conf="0.90480113">
            <Unicode>eine</Unicode>
          </TextEquiv>
        </Word>
        <Word id="region0001_line0013_word0007" custom="readingOrder {index:7;}">
          <Coords points="1292,1269 1290,1271 1262,1275 1234,1275 1234,1319 1258,1319 1273,1316 1291,1316 1297,1319 1303,1319 1307,1318 1315,1319 1316,1319 1325,1313 1335,1314 1336,1270 1332,1269 1331,1271 1329,1269"/>
          <TextEquiv conf="0.9314908">
            <Unicode>groſſe</Unicode>
          </TextEquiv>
        </Word>
        <Word id="region0001_line0013_word0008" custom="readingOrder {index:8;}">
          <Coords points="1344,1268 1343,1315 1392,1315 1396,1313 1405,1313 1409,1315 1481,1316 1482,1269 1428,1268 1391,1272 1383,1268"/>
          <TextEquiv conf="0.9312618">
            <Unicode>Unruhe</Unicode>
          </TextEquiv>
        </Word>
        <Word id="region0001_line0013_word0009" custom="readingOrder {index:9;}">
          <Coords points="1555,1278 1499,1278 1498,1319 1516,1319 1535,1313 1554,1314"/>
          <TextEquiv conf="0.92712915">
            <Unicode>zu⸗</Unicode>
          </TextEquiv>
        </Word>
        <TextEquiv conf="0.9241024">
          <Unicode>Aus dieſem iſt denen frommen Cloſter⸗Leuthen eine groſſe Unruhe zu⸗</Unicode>
        </TextEquiv>
      </TextLine>
      <TextLine id="line_1661857421693_100" custom="readingOrder {index:13;}">
        <Coords points="255,1316 309,1315 326,1310 348,1314 398,1309 408,1313 434,1316 440,1313 510,1312 524,1315 530,1308 559,1311 580,1307 586,1312 605,1313 610,1308 625,1307 631,1312 672,1312 681,1316 691,1307 709,1307 716,1311 733,1312 741,1308 758,1307 783,1312 872,1312 887,1306 905,1307 916,1312 934,1308 938,1311 957,1310 1006,1315 1019,1311 1039,1311 1053,1313 1060,1318 1087,1318 1099,1315 1115,1321 1165,1323 1192,1323 1211,1316 1228,1316 1236,1323 1246,1324 1273,1317 1291,1317 1299,1322 1307,1319 1316,1321 1325,1314 1352,1320 1389,1320 1396,1314 1405,1314 1413,1320 1491,1320 1507,1323 1535,1314 1562,1314 1562,1365 1457,1364 1444,1368 1426,1365 1416,1373 1406,1373 1398,1369 1320,1365 1306,1367 1295,1375 1287,1372 1177,1372 1162,1370 1153,1363 1079,1372 1073,1368 1060,1366 1024,1367 968,1362 957,1355 940,1360 897,1357 857,1362 843,1359 837,1354 817,1358 812,1353 801,1353 795,1357 784,1353 775,1354 767,1360 704,1357 686,1362 657,1351 633,1358 607,1358 601,1354 587,1354 578,1361 518,1356 502,1358 496,1354 486,1354 476,1358 461,1354 454,1359 358,1360 354,1356 344,1355 325,1362 316,1360 313,1356 299,1356 278,1366 256,1364 255,1360"/>
        <Baseline points="255,1351 828,1346 1274,1362 1562,1357"/>
        <Word id="word_1661859109038_319" custom="readingOrder {index:0;}">
          <Coords points="273,1315 311,1314 454,1312 474,1312 474,1357 454,1359 325,1362 273,1362"/>
          <TextEquiv>
            <Unicode>geſtanden/</Unicode>
          </TextEquiv>
        </Word>
        <Word id="region0001_line0014_word0002" custom="readingOrder {index:1;}">
          <Coords points="549,1356 549,1318 482,1318 482,1355 486,1354 496,1354 499,1356 518,1356"/>
          <TextEquiv conf="0.9260829">
            <Unicode>und</Unicode>
          </TextEquiv>
        </Word>
        <Word id="region0001_line0014_word0003" custom="readingOrder {index:2;}">
          <Coords points="674,1317 566,1316 566,1360 578,1361 587,1354 601,1354 607,1358 633,1358 657,1351 674,1357"/>
          <TextEquiv conf="0.9260829">
            <Unicode>haben</Unicode>
          </TextEquiv>
        </Word>
        <Word id="region0001_line0014_word0004" custom="readingOrder {index:3;}">
          <Coords points="726,1317 684,1317 684,1361 686,1362 704,1357 726,1358"/>
          <TextEquiv conf="0.931782">
            <Unicode>ſie</Unicode>
          </TextEquiv>
        </Word>
        <Word id="region0001_line0014_word0005" custom="readingOrder {index:4;}">
          <Coords points="828,1317 741,1316 741,1358 767,1360 775,1354 784,1353 795,1357 801,1353 812,1353 817,1358 828,1355"/>
          <TextEquiv conf="0.92834806">
            <Unicode>ihrer</Unicode>
          </TextEquiv>
        </Word>
        <Word id="region0001_line0014_word0006" custom="readingOrder {index:5;}">
          <Coords points="998,1317 842,1316 842,1358 843,1359 857,1362 897,1357 940,1360 957,1355 968,1362 998,1364"/>
          <TextEquiv conf="0.92187774">
            <Unicode>geliebten</Unicode>
          </TextEquiv>
        </Word>
        <Word id="word_1661859119562_325" custom="readingOrder {index:6;}">
          <Coords points="1009,1318 1108,1318 1195,1321 1195,1372 1177,1372 1024,1367 1009,1365"/>
          <TextEquiv>
            <Unicode>Einſame/</Unicode>
          </TextEquiv>
        </Word>
        <Word id="region0001_line0014_word0009" custom="readingOrder {index:7;}">
          <Coords points="1200,1320 1196,1322 1196,1371 1300,1371 1306,1367 1320,1365 1398,1369 1404,1372 1417,1372 1426,1365 1444,1368 1457,1364 1468,1364 1468,1321 1317,1320 1316,1321 1313,1320 1303,1320 1299,1322 1296,1320 1261,1320 1246,1324 1236,1323 1233,1320"/>
          <TextEquiv conf="0.92502457">
            <Unicode>Stillſchweigen</Unicode>
          </TextEquiv>
        </Word>
        <Word id="region0001_line0014_word0010" custom="readingOrder {index:8;}">
          <Coords points="1483,1324 1553,1324 1553,1363 1483,1363"/>
          <TextEquiv conf="0.9287477">
            <Unicode>und</Unicode>
          </TextEquiv>
        </Word>
        <TextEquiv>
          <Unicode>geſtanden/ und haben ſie ihrer geliebten Einſame/ Stillſchweigen und</Unicode>
        </TextEquiv>
      </TextLine>
      <TextLine id="line_1661857421693_102" custom="readingOrder {index:14;}">
        <Coords points="256,1365 278,1367 299,1357 313,1357 320,1363 325,1363 344,1356 354,1357 358,1361 454,1360 461,1355 476,1359 496,1355 502,1359 518,1357 578,1362 587,1355 601,1355 607,1359 633,1359 657,1352 686,1363 704,1358 767,1361 775,1355 784,1354 795,1358 801,1354 812,1354 817,1359 837,1355 851,1363 897,1358 940,1361 957,1356 968,1363 1024,1368 1060,1367 1073,1369 1079,1373 1109,1370 1114,1367 1139,1367 1145,1364 1153,1364 1163,1372 1176,1373 1292,1376 1306,1368 1320,1366 1352,1367 1400,1371 1406,1374 1416,1374 1426,1366 1444,1369 1457,1365 1513,1370 1562,1370 1561,1417 1527,1416 1519,1419 1503,1414 1486,1419 1447,1418 1441,1415 1428,1415 1418,1419 1413,1415 1402,1415 1385,1421 1359,1418 1355,1421 1342,1419 1329,1422 1303,1421 1295,1417 1281,1421 1252,1422 1201,1420 1196,1417 1180,1417 1174,1421 1148,1421 1139,1416 1095,1420 1082,1419 1072,1414 1057,1414 1050,1418 1044,1414 1006,1416 988,1415 977,1410 961,1410 955,1406 943,1406 938,1409 900,1405 886,1408 862,1408 854,1403 839,1406 829,1402 784,1409 763,1401 742,1409 733,1407 723,1400 708,1400 695,1404 657,1401 643,1404 631,1400 607,1402 596,1407 579,1405 573,1401 550,1405 545,1401 529,1401 479,1409 362,1409 296,1413 285,1407 256,1408"/>
        <Baseline points="256,1399 670,1391 1105,1408 1561,1409"/>
        <Word id="word_1661859131480_331" custom="readingOrder {index:0;}">
          <Coords points="292,1360 332,1360 426,1360 426,1409 420,1409 406,1409 287,1408 275,1407 275,1367"/>
          <TextEquiv>
            <Unicode>Gebett/</Unicode>
          </TextEquiv>
        </Word>
        <Word id="region0001_line0015_word0002" custom="readingOrder {index:1;}">
          <Coords points="519,1363 435,1362 435,1408 481,1408 519,1402"/>
          <TextEquiv conf="0.92079604">
            <Unicode>nicht</Unicode>
          </TextEquiv>
        </Word>
        <Word id="region0001_line0015_word0003" custom="readingOrder {index:2;}">
          <Coords points="627,1366 532,1365 532,1401 545,1401 550,1405 573,1401 579,1405 596,1407 607,1402 627,1400"/>
          <TextEquiv conf="0.9303575">
            <Unicode>mehr</Unicode>
          </TextEquiv>
        </Word>
        <Word id="region0001_line0015_word0004" custom="readingOrder {index:3;}">
          <Coords points="674,1361 642,1361 642,1403 643,1404 657,1401 674,1402"/>
          <TextEquiv conf="0.9294343">
            <Unicode>ſo</Unicode>
          </TextEquiv>
        </Word>
        <Word id="region0001_line0015_word0005" custom="readingOrder {index:4;}">
          <Coords points="907,1365 690,1363 690,1403 695,1404 708,1400 723,1400 733,1407 742,1409 763,1401 784,1409 829,1402 839,1406 854,1403 862,1408 886,1408 900,1405 907,1405"/>
          <TextEquiv conf="0.92643034">
            <Unicode>ungehindert</Unicode>
          </TextEquiv>
        </Word>
        <Word id="region0001_line0015_word0006" custom="readingOrder {index:5;}">
          <Coords points="923,1362 923,1407 928,1408 939,1408 943,1406 955,1406 958,1408 1101,1409 1101,1370 1079,1373 1073,1369 1060,1367 1024,1368 968,1363 966,1362"/>
          <TextEquiv conf="0.9240854">
            <Unicode>abwarten</Unicode>
          </TextEquiv>
        </Word>
        <Word id="region0001_line0015_word0007" custom="readingOrder {index:6;}">
          <Coords points="1117,1410 1257,1411 1257,1375 1176,1373 1163,1372 1153,1364 1145,1364 1139,1367 1117,1367"/>
          <TextEquiv conf="0.91516775">
            <Unicode>koͤnnen.</Unicode>
          </TextEquiv>
        </Word>
        <Word id="region0001_line0015_word0008" custom="readingOrder {index:7;}">
          <Coords points="1312,1367 1307,1367 1307,1414 1443,1415 1443,1368 1437,1367 1423,1367 1416,1374 1406,1374 1400,1371 1356,1367"/>
          <TextEquiv conf="0.93190384">
            <Unicode>Damit</Unicode>
          </TextEquiv>
        </Word>
        <Word id="region0001_line0015_word0009" custom="readingOrder {index:8;}">
          <Coords points="1460,1369 1460,1410 1554,1411 1554,1370 1513,1370 1507,1369"/>
          <TextEquiv conf="0.9285171">
            <Unicode>dann</Unicode>
          </TextEquiv>
        </Word>
        <TextEquiv>
          <Unicode>Gebett/ nicht mehr ſo ungehindert abwarten koͤnnen. Damit dann</Unicode>
        </TextEquiv>
      </TextLine>
      <TextLine id="line_1661857421699_104" custom="readingOrder {index:15;}">
        <Coords points="256,1409 285,1408 295,1414 379,1410 438,1411 479,1410 487,1407 497,1409 501,1405 522,1405 529,1402 545,1402 553,1406 557,1403 573,1402 579,1406 596,1408 607,1403 631,1401 643,1405 658,1402 695,1405 708,1401 723,1401 739,1410 760,1402 770,1408 784,1410 813,1407 820,1403 839,1407 854,1404 862,1409 886,1409 900,1406 938,1410 943,1407 955,1407 961,1411 977,1411 999,1417 1044,1415 1050,1419 1057,1415 1072,1415 1082,1420 1095,1421 1139,1417 1148,1422 1174,1422 1188,1418 1196,1418 1202,1422 1246,1423 1281,1422 1289,1418 1303,1422 1326,1423 1342,1420 1355,1422 1359,1419 1382,1423 1402,1416 1413,1416 1419,1420 1428,1416 1441,1416 1449,1421 1485,1421 1503,1415 1519,1420 1527,1417 1555,1420 1561,1420 1561,1469 1548,1469 1531,1466 1517,1470 1504,1466 1496,1471 1479,1472 1437,1471 1433,1468 1418,1468 1412,1475 1404,1475 1397,1472 1382,1472 1378,1469 1341,1474 1333,1468 1314,1471 1296,1468 1277,1472 1249,1471 1243,1467 1235,1467 1224,1472 1203,1472 1194,1476 1184,1473 1178,1467 1139,1474 1120,1473 1100,1466 1060,1471 1014,1468 1008,1463 999,1463 992,1467 972,1466 961,1469 952,1465 916,1463 903,1457 864,1459 858,1454 840,1454 835,1457 783,1455 755,1459 731,1449 716,1450 706,1457 697,1453 670,1454 656,1451 616,1455 609,1448 601,1448 569,1457 549,1453 510,1456 501,1460 488,1455 454,1462 445,1462 437,1458 386,1458 376,1453 355,1459 339,1454 331,1455 325,1459 255,1459"/>
        <Baseline points="255,1448 722,1441 1124,1460 1561,1459"/>
        <Word id="region0001_line0016_word0000" custom="readingOrder {index:0;}">
          <Coords points="275,1413 274,1454 331,1454 334,1454 335,1414 305,1413 295,1414 293,1413"/>
          <TextEquiv conf="0.93208385">
            <Unicode>der</Unicode>
          </TextEquiv>
        </Word>
        <Word id="region0001_line0016_word0001" custom="readingOrder {index:1;}">
          <Coords points="351,1421 432,1421 431,1453 350,1453"/>
          <TextEquiv conf="0.9298713">
            <Unicode>neue</Unicode>
          </TextEquiv>
        </Word>
        <Word id="region0001_line0016_word0002" custom="readingOrder {index:2;}">
          <Coords points="600,1413 445,1412 444,1461 445,1462 454,1462 488,1455 501,1460 510,1456 549,1453 569,1457 599,1448"/>
          <TextEquiv conf="0.9272504">
            <Unicode>geiſtliche</Unicode>
          </TextEquiv>
        </Word>
        <Word id="region0001_line0016_word0003" custom="readingOrder {index:3;}">
          <Coords points="805,1417 613,1416 612,1451 616,1455 656,1451 670,1454 697,1453 706,1457 716,1450 731,1449 755,1459 783,1455 804,1455"/>
          <TextEquiv conf="0.9247131">
            <Unicode>Vorſteher</Unicode>
          </TextEquiv>
        </Word>
        <Word id="region0001_line0016_word0004" custom="readingOrder {index:4;}">
          <Coords points="872,1458 873,1416 822,1416 821,1456 835,1457 840,1454 858,1454 862,1458"/>
          <TextEquiv conf="0.9327547">
            <Unicode>die</Unicode>
          </TextEquiv>
        </Word>
        <Word id="region0001_line0016_word0005" custom="readingOrder {index:5;}">
          <Coords points="889,1413 888,1457 903,1457 916,1463 952,1465 953,1465 993,1466 999,1463 1008,1463 1011,1466 1092,1466 1097,1466 1097,1420 1095,1421 1082,1420 1072,1415 1057,1415 1050,1419 1044,1415 999,1417 987,1413"/>
          <TextEquiv conf="0.92036116">
            <Unicode>Cloͤſterliche</Unicode>
          </TextEquiv>
        </Word>
        <Word id="region0001_line0016_word0006" custom="readingOrder {index:6;}">
          <Coords points="1127,1418 1116,1419 1115,1467 1175,1468 1178,1467 1179,1468 1220,1468 1221,1422 1202,1422 1197,1419 1186,1419 1174,1422 1148,1422 1141,1418"/>
          <TextEquiv conf="0.928231">
            <Unicode>Zucht</Unicode>
          </TextEquiv>
        </Word>
        <Word id="region0001_line0016_word0007" custom="readingOrder {index:7;}">
          <Coords points="1287,1419 1281,1422 1246,1423 1241,1422 1241,1461 1309,1461 1309,1422 1303,1422 1292,1419"/>
          <TextEquiv conf="0.9226262">
            <Unicode>und</Unicode>
          </TextEquiv>
        </Word>
        <Word id="region0001_line0016_word0008" custom="readingOrder {index:8;}">
          <Coords points="1395,1418 1382,1423 1359,1419 1355,1422 1342,1420 1332,1422 1331,1468 1333,1468 1334,1469 1376,1469 1378,1469 1378,1469 1417,1469 1418,1468 1433,1468 1435,1469 1498,1470 1504,1466 1516,1470 1518,1470 1531,1466 1548,1469 1553,1469 1554,1420 1545,1419 1522,1419 1519,1420 1515,1419 1492,1419 1485,1421 1469,1421 1449,1421 1445,1419 1423,1418 1419,1420 1417,1418"/>
          <TextEquiv conf="0.9211736">
            <Unicode>Ruhſamkeit</Unicode>
          </TextEquiv>
        </Word>
        <TextEquiv conf="0.9265628">
          <Unicode>der neue geiſtliche Vorſteher die Cloͤſterliche Zucht und Ruhſamkeit</Unicode>
        </TextEquiv>
      </TextLine>
      <TextLine id="line_1661857421699_106" custom="readingOrder {index:16;}">
        <Coords points="255,1462 325,1460 331,1456 339,1455 355,1460 376,1454 387,1460 437,1459 445,1463 454,1463 488,1456 501,1461 510,1457 549,1454 569,1458 601,1449 609,1449 616,1456 656,1452 670,1455 697,1454 709,1458 716,1451 731,1450 755,1460 783,1456 833,1459 840,1455 858,1455 864,1460 903,1458 916,1464 952,1466 961,1470 972,1467 992,1468 999,1464 1008,1464 1014,1469 1060,1472 1100,1467 1120,1474 1139,1475 1178,1468 1191,1477 1203,1473 1224,1473 1235,1468 1243,1468 1249,1472 1290,1473 1296,1469 1314,1472 1333,1469 1341,1475 1378,1470 1382,1473 1412,1476 1418,1469 1433,1469 1437,1472 1490,1473 1504,1467 1517,1471 1531,1467 1548,1470 1561,1470 1561,1518 1544,1519 1522,1516 1498,1522 1443,1522 1439,1519 1425,1520 1417,1516 1408,1516 1374,1523 1341,1523 1335,1527 1325,1526 1317,1522 1297,1522 1290,1518 1275,1521 1220,1521 1196,1520 1182,1515 1172,1521 1165,1521 1126,1517 1116,1519 1106,1516 956,1516 937,1515 930,1510 915,1513 902,1511 894,1516 881,1516 873,1510 861,1510 855,1505 842,1509 835,1503 810,1509 758,1506 754,1502 722,1505 701,1498 682,1499 673,1503 618,1502 610,1505 601,1505 594,1501 546,1498 540,1502 440,1505 433,1499 425,1499 414,1506 401,1501 372,1511 356,1509 344,1512 302,1509 288,1504 271,1508 256,1507 255,1501"/>
        <Baseline points="255,1497 696,1491 1090,1508 1561,1508"/>
        <Word id="region0001_line0017_word0000" custom="readingOrder {index:0;}">
          <Coords points="354,1506 354,1460 326,1460 325,1460 273,1461 273,1505 283,1505 288,1504 291,1505"/>
          <TextEquiv conf="0.93226457">
            <Unicode>noch</Unicode>
          </TextEquiv>
        </Word>
        <Word id="region0001_line0017_word0001" custom="readingOrder {index:1;}">
          <Coords points="364,1460 364,1507 383,1507 401,1501 414,1506 425,1499 433,1499 440,1505 492,1503 492,1461 464,1460 454,1463 445,1463 440,1460"/>
          <TextEquiv conf="0.9295636">
            <Unicode>ferners</Unicode>
          </TextEquiv>
        </Word>
        <Word id="region0001_line0017_word0002" custom="readingOrder {index:2;}">
          <Coords points="708,1460 505,1459 501,1461 501,1503 540,1502 546,1498 594,1501 601,1505 610,1505 618,1502 673,1503 682,1499 701,1498 708,1500"/>
          <TextEquiv conf="0.9184041">
            <Unicode>unterhalten</Unicode>
          </TextEquiv>
        </Word>
        <Word id="word_1661859156983_337" custom="readingOrder {index:3;}">
          <Coords points="716,1462 810,1457 826,1458 826,1505 810,1509 719,1504 716,1503"/>
          <TextEquiv>
            <Unicode>kunte/</Unicode>
          </TextEquiv>
        </Word>
        <Word id="region0001_line0017_word0005" custom="readingOrder {index:4;}">
          <Coords points="839,1461 839,1506 842,1509 855,1505 861,1510 873,1510 878,1514 896,1514 902,1511 915,1513 930,1510 931,1510 931,1464 916,1464 911,1461"/>
          <TextEquiv conf="0.92661333">
            <Unicode>faſſet</Unicode>
          </TextEquiv>
        </Word>
        <Word id="region0001_line0017_word0006" custom="readingOrder {index:5;}">
          <Coords points="941,1473 974,1473 974,1506 941,1506"/>
          <TextEquiv conf="0.92504287">
            <Unicode>er</Unicode>
          </TextEquiv>
        </Word>
        <Word id="region0001_line0017_word0007" custom="readingOrder {index:6;}">
          <Coords points="996,1465 992,1468 982,1467 982,1506 1073,1507 1073,1470 1060,1472 1014,1469 1009,1465"/>
          <TextEquiv conf="0.9216202">
            <Unicode>einen</Unicode>
          </TextEquiv>
        </Word>
        <Word id="word_1661859168167_344" custom="readingOrder {index:7;}">
          <Coords points="1084,1469 1100,1467 1178,1468 1200,1474 1200,1520 1196,1520 1084,1512"/>
          <TextEquiv>
            <Unicode>Rath/</Unicode>
          </TextEquiv>
        </Word>
        <Word id="region0001_line0017_word0010" custom="readingOrder {index:8;}">
          <Coords points="1208,1507 1263,1507 1263,1472 1249,1472 1243,1468 1235,1468 1224,1473 1208,1473"/>
          <TextEquiv conf="0.931806">
            <Unicode>als</Unicode>
          </TextEquiv>
        </Word>
        <Word id="region0001_line0017_word0011" custom="readingOrder {index:9;}">
          <Coords points="1274,1514 1357,1515 1357,1472 1341,1475 1333,1469 1314,1472 1296,1469 1290,1473 1274,1472"/>
          <TextEquiv conf="0.931329">
            <Unicode>nicht</Unicode>
          </TextEquiv>
        </Word>
        <Word id="region0001_line0017_word0012" custom="readingOrder {index:10;}">
          <Coords points="1366,1512 1457,1512 1457,1472 1437,1472 1433,1469 1418,1469 1412,1476 1382,1473 1378,1470 1366,1471"/>
          <TextEquiv conf="0.92338854">
            <Unicode>leicht</Unicode>
          </TextEquiv>
        </Word>
        <Word id="region0001_line0017_word0013" custom="readingOrder {index:11;}">
          <Coords points="1466,1508 1553,1509 1553,1470 1548,1470 1531,1467 1517,1471 1504,1467 1490,1473 1466,1472"/>
          <TextEquiv conf="0.9259992">
            <Unicode>wird</Unicode>
          </TextEquiv>
        </Word>
        <TextEquiv>
          <Unicode>noch ferners unterhalten kunte/ faſſet er einen Rath/ als nicht leicht wird</Unicode>
        </TextEquiv>
      </TextLine>
      <TextLine id="line_1661857421699_108" custom="readingOrder {index:17;}">
        <Coords points="283,1505 299,1507 303,1511 344,1513 356,1510 372,1512 401,1502 414,1507 425,1500 433,1500 440,1506 454,1506 540,1503 546,1499 558,1499 565,1502 593,1502 601,1506 610,1506 617,1504 673,1504 690,1499 701,1499 722,1506 754,1503 759,1508 787,1510 818,1510 825,1505 835,1504 842,1510 855,1506 861,1511 873,1511 881,1517 894,1517 902,1512 915,1514 930,1511 937,1516 979,1519 1106,1517 1116,1520 1126,1518 1172,1522 1185,1516 1197,1522 1272,1523 1290,1519 1297,1523 1335,1528 1381,1524 1391,1519 1408,1517 1417,1517 1425,1521 1439,1520 1444,1524 1509,1522 1522,1517 1540,1518 1545,1522 1561,1522 1560,1570 1559,1570 1533,1566 1527,1568 1521,1576 1506,1572 1444,1571 1436,1575 1428,1569 1423,1569 1395,1576 1385,1575 1379,1568 1364,1568 1348,1576 1331,1569 1282,1567 1221,1570 1181,1565 1172,1572 1164,1569 1116,1570 1105,1564 1082,1562 1039,1571 1030,1565 1008,1565 1002,1560 989,1561 983,1567 971,1569 954,1564 877,1560 871,1556 859,1556 846,1563 837,1564 825,1563 803,1553 754,1556 701,1555 693,1552 659,1555 627,1551 533,1549 524,1545 496,1549 484,1545 471,1546 460,1549 411,1553 405,1556 394,1555 382,1546 374,1546 365,1553 356,1549 329,1550 313,1558 288,1554 269,1558 256,1556 256,1512"/>
        <Baseline points="256,1545 623,1539 1118,1558 1560,1558"/>
        <Word id="region0001_line0018_word0000" custom="readingOrder {index:0;}">
          <Coords points="267,1509 265,1509 265,1555 282,1555 288,1554 296,1555 317,1555 329,1550 346,1549 346,1512 344,1513 303,1511 301,1509"/>
          <TextEquiv conf="0.92892">
            <Unicode>ſeyn</Unicode>
          </TextEquiv>
        </Word>
        <Word id="region0001_line0018_word0001" custom="readingOrder {index:1;}">
          <Coords points="392,1505 372,1512 358,1510 358,1549 365,1553 374,1546 382,1546 392,1554 409,1554 411,1553 460,1549 465,1547 465,1505 454,1506 440,1506 438,1505 417,1505 414,1507 408,1505"/>
          <TextEquiv conf="0.92015654">
            <Unicode>erhoͤrt</Unicode>
          </TextEquiv>
        </Word>
        <Word id="region0001_line0018_word0002" custom="readingOrder {index:2;}">
          <Coords points="624,1512 474,1511 474,1545 484,1545 496,1549 524,1545 533,1549 624,1550"/>
          <TextEquiv conf="0.92880446">
            <Unicode>worden.</Unicode>
          </TextEquiv>
        </Word>
        <Word id="region0001_line0018_word0003" custom="readingOrder {index:3;}">
          <Coords points="725,1554 725,1508 674,1508 674,1553 693,1552 698,1554"/>
          <TextEquiv conf="0.92887145">
            <Unicode>Er</Unicode>
          </TextEquiv>
        </Word>
        <Word id="region0001_line0018_word0004" custom="readingOrder {index:4;}">
          <Coords points="742,1510 742,1556 754,1556 803,1553 822,1562 848,1562 859,1556 871,1556 877,1560 879,1560 879,1516 873,1511 861,1511 861,1511"/>
          <TextEquiv conf="0.92837685">
            <Unicode>beruffet</Unicode>
          </TextEquiv>
        </Word>
        <Word id="region0001_line0018_word0005" custom="readingOrder {index:5;}">
          <Coords points="902,1512 897,1515 897,1552 946,1553 946,1517 937,1516 932,1513 922,1513 915,1514 903,1512"/>
          <TextEquiv conf="0.92837685">
            <Unicode>dir</Unicode>
          </TextEquiv>
        </Word>
        <Word id="region0001_line0018_word0006" custom="readingOrder {index:6;}">
          <Coords points="1072,1563 1072,1518 1053,1517 979,1519 962,1517 962,1562 987,1562 989,1561 1002,1560 1004,1562"/>
          <TextEquiv conf="0.9286792">
            <Unicode>gantze</Unicode>
          </TextEquiv>
        </Word>
        <Word id="word_1661859189822_352" custom="readingOrder {index:7;}">
          <Coords points="1083,1517 1185,1516 1290,1519 1373,1524 1373,1564 1360,1570 1351,1570 1083,1562"/>
          <TextEquiv>
            <Unicode>Verſammlung/</Unicode>
          </TextEquiv>
        </Word>
        <Word id="region0001_line0018_word0009" custom="readingOrder {index:8;}">
          <Coords points="1387,1564 1495,1565 1495,1522 1444,1524 1439,1520 1425,1521 1417,1517 1408,1517 1391,1519 1387,1521"/>
          <TextEquiv conf="0.9272551">
            <Unicode>fuͤhret</Unicode>
          </TextEquiv>
        </Word>
        <Word id="region0001_line0018_word0010" custom="readingOrder {index:9;}">
          <Coords points="1513,1564 1554,1564 1554,1522 1545,1522 1540,1518 1522,1517 1513,1520"/>
          <TextEquiv conf="0.92744046">
            <Unicode>ſie</Unicode>
          </TextEquiv>
        </Word>
        <TextEquiv>
          <Unicode>ſeyn erhoͤrt worden. Er beruffet dir gantze Verſammlung/ fuͤhret ſie</Unicode>
        </TextEquiv>
      </TextLine>
      <TextLine id="line_1661857421715_110" custom="readingOrder {index:18;}">
        <Coords points="256,1558 269,1559 288,1555 313,1559 329,1551 356,1550 365,1554 374,1547 385,1548 397,1557 405,1557 411,1554 460,1550 481,1546 494,1550 524,1546 533,1550 659,1556 693,1553 701,1556 755,1557 803,1554 825,1564 843,1565 855,1558 871,1557 877,1561 954,1565 971,1570 983,1568 989,1562 1002,1561 1011,1567 1031,1567 1039,1572 1082,1563 1105,1565 1116,1571 1164,1570 1172,1573 1185,1566 1221,1571 1269,1568 1331,1570 1340,1572 1345,1577 1354,1576 1364,1569 1379,1569 1388,1577 1417,1574 1423,1570 1428,1570 1436,1576 1446,1572 1451,1575 1521,1577 1527,1569 1544,1567 1553,1569 1557,1576 1560,1576 1560,1620 1545,1621 1535,1627 1519,1623 1496,1624 1482,1620 1465,1628 1451,1623 1438,1623 1431,1616 1418,1617 1413,1621 1390,1616 1372,1616 1328,1622 1287,1623 1272,1617 1247,1620 1217,1617 1200,1612 1146,1616 1118,1610 1098,1616 1071,1618 1057,1614 1031,1613 1020,1608 1007,1612 999,1612 993,1607 978,1611 930,1611 897,1608 887,1604 873,1608 842,1609 669,1604 646,1609 637,1607 630,1600 605,1605 566,1600 560,1595 514,1600 466,1599 460,1594 429,1594 415,1598 384,1599 333,1595 328,1596 322,1602 312,1599 299,1600 285,1595 279,1598 255,1599"/>
        <Baseline points="256,1588 562,1588 1297,1611 1560,1609"/>
        <Word id="region0001_line0019_word0000" custom="readingOrder {index:0;}">
          <Coords points="308,1599 309,1562 265,1562 264,1598 279,1598 285,1595 296,1599"/>
          <TextEquiv conf="0.9298322">
            <Unicode>in</Unicode>
          </TextEquiv>
        </Word>
        <Word id="region0001_line0019_word0001" custom="readingOrder {index:1;}">
          <Coords points="322,1554 318,1556 318,1600 322,1602 328,1596 333,1595 384,1599 415,1598 429,1594 444,1594 445,1555 409,1554 405,1557 397,1557 393,1554"/>
          <TextEquiv conf="0.89529765">
            <Unicode>ſchoͤner</Unicode>
          </TextEquiv>
        </Word>
        <Word id="region0001_line0019_word0002" custom="readingOrder {index:2;}">
          <Coords points="631,1558 455,1556 454,1594 460,1594 466,1599 514,1600 560,1595 566,1600 605,1605 630,1600 630,1600"/>
          <TextEquiv conf="0.9192388">
            <Unicode>Ordnung</Unicode>
          </TextEquiv>
        </Word>
        <Word id="region0001_line0019_word0003" custom="readingOrder {index:3;}">
          <Coords points="685,1567 641,1567 640,1607 655,1607 669,1604 684,1604"/>
          <TextEquiv>
            <Unicode>zu</Unicode>
          </TextEquiv>
        </Word>
        <Word id="region0001_line0019_word0004" custom="readingOrder {index:4;}">
          <Coords points="761,1560 687,1559 686,1604 760,1606"/>
          <TextEquiv conf="0.77566856">
            <Unicode>dem</Unicode>
          </TextEquiv>
        </Word>
        <Word id="word_1661859209795_362" custom="readingOrder {index:5;}">
          <Coords points="772,1559 874,1559 891,1561 897,1562 896,1608 771,1604"/>
          <TextEquiv>
            <Unicode>Grab/</Unicode>
          </TextEquiv>
        </Word>
        <Word id="region0001_line0019_word0007" custom="readingOrder {index:6;}">
          <Coords points="905,1569 964,1569 963,1602 904,1602"/>
          <TextEquiv conf="0.9149939">
            <Unicode>wo</Unicode>
          </TextEquiv>
        </Word>
        <Word id="region0001_line0019_word0008" custom="readingOrder {index:7;}">
          <Coords points="998,1561 989,1562 983,1568 974,1569 974,1602 1053,1603 1053,1568 1039,1572 1031,1567 1011,1567 1002,1561"/>
          <TextEquiv conf="0.9253295">
            <Unicode>eben</Unicode>
          </TextEquiv>
        </Word>
        <Word id="region0001_line0019_word0009" custom="readingOrder {index:8;}">
          <Coords points="1071,1608 1162,1608 1162,1570 1116,1571 1105,1565 1082,1563 1071,1565"/>
          <TextEquiv conf="0.92129004">
            <Unicode>ſchon</Unicode>
          </TextEquiv>
        </Word>
        <Word id="region0001_line0019_word0010" custom="readingOrder {index:9;}">
          <Coords points="1185,1566 1181,1568 1180,1602 1247,1603 1248,1569 1221,1571 1185,1566"/>
          <TextEquiv conf="0.9329521">
            <Unicode>das</Unicode>
          </TextEquiv>
        </Word>
        <Word id="region0001_line0019_word0011" custom="readingOrder {index:10;}">
          <Coords points="1260,1609 1377,1610 1377,1569 1364,1569 1354,1576 1345,1577 1340,1572 1331,1570 1269,1568 1260,1568"/>
          <TextEquiv conf="0.92484856">
            <Unicode>Volck</Unicode>
          </TextEquiv>
        </Word>
        <Word id="region0001_line0019_word0012" custom="readingOrder {index:11;}">
          <Coords points="1387,1604 1446,1604 1447,1572 1446,1572 1436,1576 1428,1570 1423,1570 1417,1574 1388,1577 1388,1577"/>
          <TextEquiv conf="0.92210466">
            <Unicode>mit</Unicode>
          </TextEquiv>
        </Word>
        <Word id="region0001_line0019_word0013" custom="readingOrder {index:12;}">
          <Coords points="1460,1614 1553,1615 1553,1570 1553,1569 1544,1567 1527,1569 1521,1577 1460,1575"/>
          <TextEquiv>
            <Unicode>groſ⸗</Unicode>
          </TextEquiv>
        </Word>
        <TextEquiv>
          <Unicode>in ſchoͤner Ordnung zu dem Grab/ wo eben ſchon das Volck mit groſ⸗</Unicode>
        </TextEquiv>
      </TextLine>
      <TextLine id="line_1661857421715_112" custom="readingOrder {index:19;}">
        <Coords points="255,1601 285,1596 299,1601 312,1600 322,1603 328,1597 333,1596 364,1600 398,1600 418,1599 429,1595 460,1595 466,1600 540,1601 549,1596 560,1596 567,1602 605,1606 630,1601 637,1608 646,1610 669,1605 842,1610 873,1609 887,1605 897,1609 930,1612 978,1612 993,1608 999,1613 1007,1613 1020,1609 1031,1614 1057,1615 1071,1619 1126,1611 1146,1617 1200,1613 1217,1618 1247,1621 1272,1618 1287,1624 1328,1623 1372,1617 1390,1617 1413,1622 1418,1618 1431,1617 1439,1625 1453,1625 1465,1629 1482,1621 1496,1625 1521,1625 1527,1628 1560,1628 1560,1671 1540,1672 1514,1673 1507,1669 1494,1669 1469,1673 1438,1670 1434,1673 1392,1674 1331,1670 1310,1663 1266,1666 1253,1662 1245,1666 1236,1663 1222,1664 1217,1661 1206,1661 1195,1667 1127,1663 1117,1667 1105,1667 1095,1658 1084,1658 1074,1662 1042,1666 1026,1656 1004,1660 960,1656 914,1656 897,1651 872,1653 863,1649 842,1654 835,1649 823,1648 802,1653 752,1653 706,1651 692,1647 675,1650 665,1646 650,1650 624,1648 616,1652 607,1644 594,1649 587,1643 526,1649 463,1646 459,1643 443,1644 433,1641 428,1645 407,1647 393,1652 380,1651 374,1647 361,1647 303,1648 276,1653 256,1651"/>
        <Baseline points="256,1639 827,1641 1374,1662 1560,1659"/>
        <Word id="region0001_line0020_word0000" custom="readingOrder {index:0;}">
          <Coords points="317,1607 262,1607 262,1651 276,1653 303,1648 317,1647"/>
          <TextEquiv conf="0.9273169">
            <Unicode>ſer</Unicode>
          </TextEquiv>
        </Word>
        <Word id="region0001_line0020_word0001" custom="readingOrder {index:1;}">
          <Coords points="532,1606 326,1605 326,1647 361,1647 374,1647 380,1651 393,1652 407,1647 428,1645 433,1641 443,1644 459,1643 463,1646 526,1649 532,1648"/>
          <TextEquiv conf="0.9246232">
            <Unicode>Ungeſtimm</Unicode>
          </TextEquiv>
        </Word>
        <Word id="region0001_line0020_word0002" custom="readingOrder {index:2;}">
          <Coords points="547,1606 547,1646 587,1643 594,1649 607,1644 616,1652 624,1648 650,1650 665,1646 675,1650 692,1647 706,1651 752,1653 758,1653 758,1608 659,1607 646,1610 637,1608 635,1606"/>
          <TextEquiv conf="0.9203276">
            <Unicode>beyſammen</Unicode>
          </TextEquiv>
        </Word>
        <Word id="word_1661859231423_373" custom="readingOrder {index:3;}">
          <Coords points="773,1618 846,1609 862,1609 866,1618 866,1650 846,1653 773,1650"/>
          <TextEquiv>
            <Unicode>war/</Unicode>
          </TextEquiv>
        </Word>
        <Word id="region0001_line0020_word0005" custom="readingOrder {index:4;}">
          <Coords points="879,1611 879,1649 944,1650 944,1612 930,1612 927,1611"/>
          <TextEquiv conf="0.925719">
            <Unicode>den</Unicode>
          </TextEquiv>
        </Word>
        <Word id="region0001_line0020_word0006" custom="readingOrder {index:5;}">
          <Coords points="981,1611 978,1612 957,1612 957,1650 1023,1650 1023,1611 1013,1611 1007,1613 999,1613 996,1611"/>
          <TextEquiv conf="0.927062">
            <Unicode>viel</Unicode>
          </TextEquiv>
        </Word>
        <Word id="region0001_line0020_word0007" custom="readingOrder {index:6;}">
          <Coords points="1162,1659 1162,1616 1146,1617 1126,1611 1071,1619 1057,1615 1037,1614 1037,1658 1083,1658 1084,1658 1095,1658 1096,1658"/>
          <TextEquiv conf="0.91655576">
            <Unicode>groſſen</Unicode>
          </TextEquiv>
        </Word>
        <Word id="region0001_line0020_word0008" custom="readingOrder {index:7;}">
          <Coords points="1174,1655 1555,1658 1555,1628 1527,1628 1521,1625 1496,1625 1482,1621 1465,1629 1453,1625 1439,1625 1431,1617 1418,1618 1413,1622 1390,1617 1372,1617 1328,1623 1287,1624 1272,1618 1247,1621 1217,1618 1200,1613 1174,1614"/>
          <TextEquiv>
            <Unicode>Gnaden⸗Wuͤrckun⸗</Unicode>
          </TextEquiv>
        </Word>
        <TextEquiv>
          <Unicode>ſer Ungeſtimm beyſammen war/ den viel groſſen Gnaden⸗Wuͤrckun⸗</Unicode>
        </TextEquiv>
      </TextLine>
      <TextLine id="line_1661857421715_114" custom="readingOrder {index:20;}">
        <Coords points="256,1652 276,1654 303,1649 374,1648 380,1652 393,1653 428,1646 433,1642 474,1649 526,1650 587,1644 594,1650 607,1645 616,1653 624,1649 650,1651 665,1647 675,1651 692,1648 706,1652 752,1654 802,1654 823,1649 835,1650 843,1655 863,1650 872,1654 897,1652 914,1657 960,1657 1004,1661 1026,1657 1042,1667 1095,1659 1105,1668 1117,1668 1127,1664 1195,1668 1206,1662 1217,1662 1222,1665 1236,1664 1245,1667 1257,1663 1278,1668 1310,1664 1331,1671 1392,1675 1424,1675 1438,1671 1472,1675 1494,1670 1507,1670 1514,1674 1560,1674 1560,1722 1552,1723 1546,1719 1533,1718 1522,1724 1481,1728 1472,1724 1428,1720 1400,1725 1394,1717 1385,1717 1380,1721 1347,1722 1342,1719 1277,1715 1270,1710 1250,1714 1222,1709 1203,1717 1189,1712 1143,1712 1132,1707 1118,1708 1114,1711 1098,1707 1091,1711 1034,1710 962,1707 952,1702 933,1706 916,1700 890,1700 852,1707 848,1700 835,1702 830,1698 822,1698 812,1704 778,1697 752,1700 687,1697 662,1702 657,1695 647,1694 629,1700 586,1701 579,1698 559,1699 549,1692 530,1692 520,1698 513,1698 497,1692 457,1702 446,1697 434,1697 429,1702 422,1703 415,1694 397,1694 380,1702 372,1698 352,1697 341,1700 269,1697 256,1700"/>
        <Baseline points="256,1689 537,1684 1430,1712 1560,1712"/>
        <Word id="region0001_line0021_word0000" custom="readingOrder {index:0;}">
          <Coords points="332,1660 267,1659 267,1697 269,1697 332,1699"/>
          <TextEquiv conf="0.92736036">
            <Unicode>gen</Unicode>
          </TextEquiv>
        </Word>
        <Word id="region0001_line0021_word0001" custom="readingOrder {index:1;}">
          <Coords points="343,1651 343,1699 352,1697 372,1698 380,1702 397,1694 415,1694 421,1702 425,1702 429,1702 434,1697 446,1697 457,1702 497,1692 513,1698 520,1698 521,1697 521,1652 401,1651 393,1653 380,1652 378,1651"/>
          <TextEquiv conf="0.925224">
            <Unicode>zuzuſehen.</Unicode>
          </TextEquiv>
        </Word>
        <Word id="region0001_line0021_word0002" custom="readingOrder {index:2;}">
          <Coords points="758,1657 571,1655 571,1698 579,1698 586,1701 629,1700 647,1694 657,1695 662,1702 687,1697 752,1700 758,1699"/>
          <TextEquiv conf="0.906805">
            <Unicode>Nachdem</Unicode>
          </TextEquiv>
        </Word>
        <Word id="region0001_line0021_word0003" custom="readingOrder {index:3;}">
          <Coords points="801,1698 801,1667 767,1667 767,1698 769,1698 778,1697 782,1698"/>
          <TextEquiv conf="0.9259346">
            <Unicode>er</Unicode>
          </TextEquiv>
        </Word>
        <Word id="region0001_line0021_word0004" custom="readingOrder {index:4;}">
          <Coords points="872,1657 810,1657 810,1703 812,1704 822,1698 830,1698 835,1702 848,1700 850,1705 862,1705 872,1703"/>
          <TextEquiv conf="0.9300249">
            <Unicode>ſich</Unicode>
          </TextEquiv>
        </Word>
        <Word id="region0001_line0021_word0005" custom="readingOrder {index:5;}">
          <Coords points="887,1659 965,1660 965,1700 887,1699"/>
          <TextEquiv conf="0.9298169">
            <Unicode>dort</Unicode>
          </TextEquiv>
        </Word>
        <Word id="region0001_line0021_word0006" custom="readingOrder {index:6;}">
          <Coords points="979,1659 979,1699 1041,1699 1041,1666 1029,1659 1015,1659 1004,1661 982,1659"/>
          <TextEquiv conf="0.9314846">
            <Unicode>mit</Unicode>
          </TextEquiv>
        </Word>
        <Word id="region0001_line0021_word0007" custom="readingOrder {index:7;}">
          <Coords points="1081,1661 1056,1664 1056,1700 1143,1700 1143,1664 1127,1664 1117,1668 1105,1668 1097,1661"/>
          <TextEquiv conf="0.93147475">
            <Unicode>allen</Unicode>
          </TextEquiv>
        </Word>
        <Word id="region0001_line0021_word0008" custom="readingOrder {index:8;}">
          <Coords points="1153,1705 1216,1706 1216,1662 1206,1662 1195,1668 1153,1665"/>
          <TextEquiv conf="0.9313278">
            <Unicode>auf</Unicode>
          </TextEquiv>
        </Word>
        <Word id="region0001_line0021_word0009" custom="readingOrder {index:9;}">
          <Coords points="1228,1699 1277,1699 1277,1667 1257,1663 1245,1667 1236,1664 1228,1664"/>
          <TextEquiv conf="0.92960185">
            <Unicode>die</Unicode>
          </TextEquiv>
        </Word>
        <Word id="region0001_line0021_word0010" custom="readingOrder {index:10;}">
          <Coords points="1284,1706 1383,1707 1383,1674 1331,1671 1310,1664 1284,1667"/>
          <TextEquiv conf="0.9213467">
            <Unicode>Knye</Unicode>
          </TextEquiv>
        </Word>
        <Word id="word_1661859258419_388" custom="readingOrder {index:11;}">
          <Coords points="1398,1675 1438,1671 1494,1670 1507,1670 1557,1674 1557,1715 1534,1715 1398,1708"/>
          <TextEquiv>
            <Unicode>gelaſſen/</Unicode>
          </TextEquiv>
        </Word>
        <TextEquiv>
          <Unicode>gen zuzuſehen. Nachdem er ſich dort mit allen auf die Knye gelaſſen/</Unicode>
        </TextEquiv>
      </TextLine>
      <TextLine id="line_1661857421715_116" custom="readingOrder {index:21;}">
        <Coords points="269,1698 341,1701 352,1698 361,1701 375,1700 380,1703 397,1695 415,1695 422,1704 432,1701 457,1703 497,1693 520,1699 530,1693 549,1693 559,1700 579,1699 586,1702 629,1701 655,1695 662,1703 687,1698 752,1701 778,1698 812,1705 822,1699 830,1699 835,1703 848,1701 852,1708 899,1701 916,1701 933,1707 952,1703 972,1709 1034,1711 1074,1713 1104,1708 1114,1712 1118,1709 1132,1708 1143,1713 1189,1713 1203,1718 1222,1710 1250,1715 1270,1711 1277,1716 1342,1720 1347,1723 1380,1722 1385,1718 1394,1718 1400,1726 1428,1721 1472,1725 1481,1729 1522,1725 1530,1720 1539,1719 1552,1724 1560,1724 1559,1764 1550,1767 1534,1775 1524,1775 1518,1771 1484,1771 1479,1768 1466,1767 1460,1771 1447,1766 1432,1770 1399,1769 1345,1761 1326,1762 1320,1759 1278,1762 1266,1766 1252,1762 1238,1763 1230,1759 1211,1764 1206,1761 1168,1760 1156,1756 1139,1756 1126,1763 1117,1760 1071,1760 1064,1755 1051,1755 1045,1758 1006,1757 987,1753 978,1757 898,1757 883,1754 878,1749 869,1747 859,1753 810,1753 794,1747 750,1747 710,1744 648,1753 641,1749 596,1749 589,1744 553,1749 519,1745 503,1751 453,1750 433,1755 418,1755 384,1746 376,1746 361,1752 321,1748 315,1745 298,1749 255,1748 256,1701"/>
        <Baseline points="255,1737 745,1736 1489,1761 1559,1757"/>
        <Word id="region0001_line0022_word0000" custom="readingOrder {index:0;}">
          <Coords points="333,1746 334,1704 270,1703 269,1745 312,1745 315,1745 316,1745"/>
          <TextEquiv conf="0.93111616">
            <Unicode>den</Unicode>
          </TextEquiv>
        </Word>
        <Word id="region0001_line0022_word0001" custom="readingOrder {index:1;}">
          <Coords points="345,1703 344,1750 361,1752 376,1746 384,1746 416,1755 434,1755 453,1750 479,1751 480,1704 423,1704 422,1704 422,1704"/>
          <TextEquiv conf="0.92704195">
            <Unicode>heiligen</Unicode>
          </TextEquiv>
        </Word>
        <Word id="region0001_line0022_word0002" custom="readingOrder {index:2;}">
          <Coords points="560,1748 561,1702 489,1702 488,1748 511,1748 519,1745 544,1748"/>
          <TextEquiv conf="0.92704195">
            <Unicode>Leib</Unicode>
          </TextEquiv>
        </Word>
        <Word id="word_1661859266399_394" custom="readingOrder {index:3;}">
          <Coords points="569,1703 704,1699 723,1699 723,1744 650,1752 647,1752 596,1749 568,1746"/>
          <TextEquiv>
            <Unicode>verehrt/</Unicode>
          </TextEquiv>
        </Word>
        <Word id="region0001_line0022_word0005" custom="readingOrder {index:4;}">
          <Coords points="792,1708 722,1707 721,1744 740,1746 791,1747"/>
          <TextEquiv conf="0.9325434">
            <Unicode>und</Unicode>
          </TextEquiv>
        </Word>
        <Word id="region0001_line0022_word0006" custom="readingOrder {index:5;}">
          <Coords points="811,1706 810,1753 859,1753 869,1747 873,1747 874,1706 865,1706 852,1708 850,1706"/>
          <TextEquiv conf="0.91856766">
            <Unicode>ſein</Unicode>
          </TextEquiv>
        </Word>
        <Word id="region0001_line0022_word0007" custom="readingOrder {index:6;}">
          <Coords points="883,1706 882,1752 1011,1753 1011,1710 972,1709 964,1706 935,1706 933,1707 931,1706"/>
          <TextEquiv conf="0.91856766">
            <Unicode>Gebett</Unicode>
          </TextEquiv>
        </Word>
        <Word id="word_1661859277431_401" custom="readingOrder {index:7;}">
          <Coords points="1019,1710 1093,1709 1108,1709 1137,1710 1189,1713 1199,1716 1204,1718 1203,1761 1187,1761 1019,1754"/>
          <TextEquiv>
            <Unicode>verrichtet/</Unicode>
          </TextEquiv>
        </Word>
        <Word id="region0001_line0022_word0010" custom="readingOrder {index:8;}">
          <Coords points="1212,1756 1293,1756 1293,1717 1277,1716 1270,1711 1250,1715 1222,1710 1212,1713"/>
          <TextEquiv conf="0.9325284">
            <Unicode>ſteht</Unicode>
          </TextEquiv>
        </Word>
        <Word id="region0001_line0022_word0011" custom="readingOrder {index:9;}">
          <Coords points="1303,1721 1338,1722 1337,1752 1302,1751"/>
          <TextEquiv conf="0.9321886">
            <Unicode>er</Unicode>
          </TextEquiv>
        </Word>
        <Word id="region0001_line0022_word0012" custom="readingOrder {index:10;}">
          <Coords points="1347,1752 1468,1752 1468,1724 1428,1721 1400,1726 1394,1718 1385,1718 1380,1722 1347,1722"/>
          <TextEquiv conf="0.9273909">
            <Unicode>wieder</Unicode>
          </TextEquiv>
        </Word>
        <Word id="word_1661859285339_407" custom="readingOrder {index:11;}">
          <Coords points="1478,1727 1530,1720 1539,1719 1559,1724 1558,1765 1554,1766 1538,1766 1478,1760"/>
          <TextEquiv>
            <Unicode>auf/</Unicode>
          </TextEquiv>
        </Word>
        <TextEquiv>
          <Unicode>den heiligen Leib verehrt/ und ſein Gebett verrichtet/ ſteht er wieder auf/</Unicode>
        </TextEquiv>
      </TextLine>
      <TextLine id="line_1661857421715_118" custom="readingOrder {index:22;}">
        <Coords points="255,1752 296,1751 307,1746 315,1746 324,1750 361,1753 376,1747 384,1747 418,1756 433,1756 453,1751 503,1752 519,1746 529,1746 540,1751 568,1751 582,1745 589,1745 596,1751 657,1754 664,1750 710,1745 750,1748 794,1748 810,1754 859,1754 869,1748 878,1750 883,1755 898,1758 978,1758 996,1754 1006,1758 1045,1759 1051,1756 1064,1756 1071,1761 1122,1764 1139,1757 1211,1765 1230,1760 1238,1764 1252,1763 1266,1767 1278,1763 1320,1760 1326,1763 1345,1762 1413,1771 1432,1771 1447,1767 1460,1772 1466,1768 1479,1769 1484,1772 1519,1773 1524,1776 1534,1776 1550,1768 1559,1765 1559,1809 1536,1820 1529,1815 1522,1815 1513,1818 1493,1816 1482,1821 1474,1821 1467,1817 1444,1816 1416,1815 1410,1818 1394,1818 1384,1814 1328,1814 1322,1809 1302,1812 1267,1806 1257,1806 1231,1814 1166,1810 1154,1814 1137,1814 1119,1809 1059,1810 1051,1807 950,1798 884,1802 864,1798 827,1797 821,1802 781,1796 768,1802 723,1805 643,1800 631,1796 610,1801 526,1802 515,1806 504,1799 472,1802 441,1797 380,1802 333,1803 326,1799 318,1798 296,1802 282,1799 256,1801"/>
        <Baseline points="256,1789 850,1789 1446,1806 1559,1803"/>
        <Word id="region0001_line0023_word0000" custom="readingOrder {index:0;}">
          <Coords points="358,1799 358,1756 264,1755 264,1798 315,1798 318,1798 323,1798"/>
          <TextEquiv conf="0.92475396">
            <Unicode>redet</Unicode>
          </TextEquiv>
        </Word>
        <Word id="region0001_line0023_word0001" custom="readingOrder {index:1;}">
          <Coords points="377,1756 437,1756 437,1796 377,1796"/>
          <TextEquiv conf="0.93137497">
            <Unicode>den</Unicode>
          </TextEquiv>
        </Word>
        <Word id="region0001_line0023_word0002" custom="readingOrder {index:2;}">
          <Coords points="680,1756 453,1754 453,1798 472,1802 504,1799 511,1803 521,1803 526,1802 610,1801 631,1796 643,1800 680,1802"/>
          <TextEquiv conf="0.91868025">
            <Unicode>verſtorbenen</Unicode>
          </TextEquiv>
        </Word>
        <Word id="region0001_line0023_word0003" custom="readingOrder {index:3;}">
          <Coords points="833,1758 694,1757 694,1803 723,1805 768,1802 781,1796 821,1802 827,1797 833,1797"/>
          <TextEquiv conf="0.919405">
            <Unicode>Vatter</Unicode>
          </TextEquiv>
        </Word>
        <Word id="word_1661859295401_413" custom="readingOrder {index:4;}">
          <Coords points="848,1756 891,1756 932,1758 932,1799 917,1800 912,1800 870,1799 848,1797"/>
          <TextEquiv>
            <Unicode>an/</Unicode>
          </TextEquiv>
        </Word>
        <Word id="region0001_line0023_word0006" custom="readingOrder {index:5;}">
          <Coords points="1008,1799 1008,1760 938,1760 938,1798 950,1798 961,1799"/>
          <TextEquiv conf="0.920882">
            <Unicode>und</Unicode>
          </TextEquiv>
        </Word>
        <Word id="region0001_line0023_word0007" custom="readingOrder {index:6;}">
          <Coords points="1030,1759 1030,1804 1114,1805 1114,1763 1071,1761 1068,1759"/>
          <TextEquiv conf="0.91477114">
            <Unicode>ohne</Unicode>
          </TextEquiv>
        </Word>
        <Word id="region0001_line0023_word0008" custom="readingOrder {index:7;}">
          <Coords points="1131,1760 1130,1760 1130,1809 1244,1809 1257,1806 1267,1806 1277,1807 1277,1763 1266,1767 1252,1763 1238,1764 1231,1760 1227,1760 1211,1765 1168,1760"/>
          <TextEquiv conf="0.9165247">
            <Unicode>Forcht:</Unicode>
          </TextEquiv>
        </Word>
        <Word id="region0001_line0023_word0009" custom="readingOrder {index:8;}">
          <Coords points="1312,1762 1312,1807 1491,1809 1491,1772 1484,1772 1479,1769 1466,1768 1460,1772 1447,1767 1432,1771 1413,1771 1348,1762 1339,1762 1326,1763 1324,1762"/>
          <TextEquiv conf="0.92624617">
            <Unicode>Verzeich</Unicode>
          </TextEquiv>
        </Word>
        <Word id="region0001_line0023_word0010" custom="readingOrder {index:9;}">
          <Coords points="1510,1778 1551,1778 1551,1808 1510,1808"/>
          <TextEquiv conf="0.9321211">
            <Unicode>es</Unicode>
          </TextEquiv>
        </Word>
        <TextEquiv>
          <Unicode>redet den verſtorbenen Vatter an/ und ohne Forcht: Verzeich es</Unicode>
        </TextEquiv>
      </TextLine>
      <TextLine id="line_1661857421730_120" custom="readingOrder {index:23;}">
        <Coords points="266,1800 310,1803 326,1800 333,1805 370,1805 424,1798 462,1799 474,1804 504,1800 515,1807 524,1804 608,1804 617,1799 631,1797 645,1803 690,1802 723,1806 768,1803 781,1797 789,1797 797,1802 821,1803 827,1798 864,1799 871,1803 905,1804 950,1799 1051,1808 1059,1811 1119,1810 1137,1815 1154,1815 1166,1811 1231,1815 1257,1807 1267,1807 1302,1813 1322,1810 1328,1815 1474,1822 1482,1822 1493,1817 1516,1820 1522,1816 1529,1816 1536,1821 1559,1810 1559,1879 1558,1878 1549,1877 1540,1867 1437,1864 1431,1860 1354,1865 1322,1857 1309,1863 1296,1857 1281,1857 1263,1858 1258,1863 1247,1864 1238,1858 1225,1857 1217,1853 1203,1856 1122,1855 1079,1853 1071,1848 1056,1848 1049,1852 1037,1852 997,1851 991,1848 911,1851 907,1848 893,1847 886,1856 877,1858 869,1855 862,1843 846,1849 799,1850 796,1854 790,1855 778,1851 752,1852 746,1847 712,1846 683,1850 674,1857 661,1860 649,1858 636,1850 627,1850 620,1858 612,1857 606,1851 592,1855 580,1850 510,1851 457,1855 395,1855 367,1849 256,1849 256,1802"/>
        <Baseline points="256,1838 1058,1841 1540,1855 1559,1848"/>
        <Word id="region0001_line0024_word0000" custom="readingOrder {index:0;}">
          <Coords points="399,1852 399,1814 264,1813 264,1849 367,1849 380,1851"/>
          <TextEquiv conf="0.92400277">
            <Unicode>deinen</Unicode>
          </TextEquiv>
        </Word>
        <Word id="word_1661859308677_420" custom="readingOrder {index:1;}">
          <Coords points="408,1811 572,1806 592,1806 599,1812 599,1853 592,1855 408,1855"/>
          <TextEquiv>
            <Unicode>Kindern/</Unicode>
          </TextEquiv>
        </Word>
        <Word id="region0001_line0024_word0003" custom="readingOrder {index:2;}">
          <Coords points="694,1811 614,1811 614,1857 620,1858 627,1850 636,1850 649,1858 661,1860 674,1857 683,1850 694,1848"/>
          <TextEquiv conf="0.9288311">
            <Unicode>ſagt</Unicode>
          </TextEquiv>
        </Word>
        <Word id="word_1661859316609_426" custom="readingOrder {index:3;}">
          <Coords points="698,1807 728,1807 764,1821 764,1851 752,1852 698,1847"/>
          <TextEquiv>
            <Unicode>er/</Unicode>
          </TextEquiv>
        </Word>
        <Word id="region0001_line0024_word0006" custom="readingOrder {index:4;}">
          <Coords points="931,1814 777,1813 777,1851 778,1851 790,1855 796,1854 799,1850 846,1849 862,1843 869,1855 877,1858 886,1856 893,1847 907,1848 911,1851 931,1850"/>
          <TextEquiv conf="0.92907655">
            <Unicode>heiliger</Unicode>
          </TextEquiv>
        </Word>
        <Word id="word_1661859324811_432" custom="readingOrder {index:5;}">
          <Coords points="939,1815 1091,1810 1111,1810 1111,1854 997,1851 939,1849"/>
          <TextEquiv>
            <Unicode>Vatter/</Unicode>
          </TextEquiv>
        </Word>
        <Word id="region0001_line0024_word0009" custom="readingOrder {index:6;}">
          <Coords points="1230,1856 1230,1827 1108,1826 1108,1854 1122,1855 1149,1855 1203,1855 1217,1853 1222,1855"/>
          <TextEquiv conf="0.92907125">
            <Unicode>wann</Unicode>
          </TextEquiv>
        </Word>
        <Word id="region0001_line0024_word0010" custom="readingOrder {index:7;}">
          <Coords points="1293,1816 1246,1816 1246,1863 1247,1864 1258,1863 1263,1858 1281,1857 1293,1857"/>
          <TextEquiv conf="0.92907125">
            <Unicode>ſie</Unicode>
          </TextEquiv>
        </Word>
        <Word id="region0001_line0024_word0011" custom="readingOrder {index:8;}">
          <Coords points="1386,1821 1309,1820 1309,1863 1322,1857 1348,1863 1372,1863 1386,1862"/>
          <TextEquiv conf="0.6398087">
            <Unicode>jetzt</Unicode>
          </TextEquiv>
        </Word>
        <Word id="region0001_line0024_word0012" custom="readingOrder {index:9;}">
          <Coords points="1400,1828 1479,1829 1479,1858 1400,1857"/>
          <TextEquiv conf="0.9287829">
            <Unicode>von</Unicode>
          </TextEquiv>
        </Word>
        <Word id="region0001_line0024_word0013" custom="readingOrder {index:10;}">
          <Coords points="1493,1821 1552,1821 1552,1856 1493,1856"/>
          <TextEquiv conf="0.9302843">
            <Unicode>dir</Unicode>
          </TextEquiv>
        </Word>
        <TextEquiv>
          <Unicode>deinen Kindern/ ſagt er/ heiliger Vatter/ wann ſie jetzt von dir</Unicode>
        </TextEquiv>
      </TextLine>
      <TextLine id="line_1661857421730_122" custom="readingOrder {index:24;}">
        <Coords points="263,1848 307,1855 352,1856 359,1850 367,1850 379,1856 408,1857 517,1858 571,1855 580,1851 592,1856 609,1855 620,1859 627,1851 636,1851 641,1856 661,1861 674,1858 685,1851 712,1847 746,1848 752,1853 764,1852 787,1856 845,1856 847,1849 858,1844 862,1844 868,1855 875,1859 886,1857 893,1848 929,1853 991,1849 999,1853 1048,1857 1050,1852 1056,1849 1071,1849 1079,1854 1093,1855 1094,1858 1200,1860 1206,1855 1217,1854 1226,1860 1239,1860 1247,1865 1281,1858 1296,1858 1309,1864 1322,1858 1329,1863 1354,1866 1402,1865 1431,1861 1446,1866 1532,1869 1541,1870 1549,1878 1558,1879 1559,1880 1559,1920 1558,1923 1545,1922 1535,1915 1439,1911 1429,1915 1422,1908 1380,1910 1360,1909 1347,1905 1256,1907 1169,1902 1153,1906 1146,1903 1006,1902 995,1897 990,1900 962,1900 952,1909 940,1903 916,1903 909,1908 869,1900 852,1904 846,1901 837,1902 829,1896 821,1895 794,1902 766,1906 751,1902 743,1908 717,1909 677,1907 658,1901 591,1900 509,1905 491,1902 464,1903 454,1908 439,1901 377,1901 373,1905 361,1902 341,1903 326,1911 307,1908 303,1900 255,1900 256,1851"/>
        <Baseline points="255,1889 1367,1897 1529,1903 1559,1914"/>
        <Word id="word_1661859336815_440" custom="readingOrder {index:0;}">
          <Coords points="263,1849 269,1849 367,1850 474,1857 474,1902 457,1906 453,1906 262,1900"/>
          <TextEquiv>
            <Unicode>begehren/</Unicode>
          </TextEquiv>
        </Word>
        <Word id="region0001_line0025_word0002" custom="readingOrder {index:1;}">
          <Coords points="480,1862 566,1862 565,1893 479,1893"/>
          <TextEquiv conf="0.9283556">
            <Unicode>was</Unicode>
          </TextEquiv>
        </Word>
        <Word id="region0001_line0025_word0003" custom="readingOrder {index:2;}">
          <Coords points="577,1854 576,1893 679,1894 680,1855 678,1854 674,1858 661,1861 641,1856 639,1854 623,1854 620,1859 609,1855 592,1856 587,1854"/>
          <TextEquiv conf="0.92757815">
            <Unicode>deine</Unicode>
          </TextEquiv>
        </Word>
        <Word id="region0001_line0025_word0004" custom="readingOrder {index:3;}">
          <Coords points="691,1853 690,1901 794,1901 800,1900 800,1856 787,1856 774,1853"/>
          <TextEquiv conf="0.92952377">
            <Unicode>Ehre</Unicode>
          </TextEquiv>
        </Word>
        <Word id="region0001_line0025_word0005" custom="readingOrder {index:4;}">
          <Coords points="850,1847 847,1849 845,1856 808,1856 808,1898 821,1895 829,1896 834,1900 867,1900 869,1900 871,1900 937,1901 937,1852 929,1853 893,1848 886,1857 875,1859 868,1855 863,1847"/>
          <TextEquiv conf="0.92952377">
            <Unicode>moͤcht</Unicode>
          </TextEquiv>
        </Word>
        <Word id="word_1661859358351_450" custom="readingOrder {index:5;}">
          <Coords points="949,1852 1076,1852 1177,1859 1177,1902 1153,1906 948,1906"/>
          <TextEquiv>
            <Unicode>ſchmaͤlern/</Unicode>
          </TextEquiv>
        </Word>
        <Word id="region0001_line0025_word0008" custom="readingOrder {index:6;}">
          <Coords points="1203,1857 1200,1860 1182,1859 1182,1895 1272,1896 1272,1859 1247,1865 1239,1860 1226,1860 1222,1857"/>
          <TextEquiv conf="0.9292774">
            <Unicode>aber</Unicode>
          </TextEquiv>
        </Word>
        <Word id="region0001_line0025_word0009" custom="readingOrder {index:7;}">
          <Coords points="1282,1859 1281,1896 1339,1897 1339,1864 1329,1863 1324,1859 1318,1859 1309,1864 1298,1859"/>
          <TextEquiv conf="0.9296619">
            <Unicode>die</Unicode>
          </TextEquiv>
        </Word>
        <Word id="region0001_line0025_word0010" custom="readingOrder {index:8;}">
          <Coords points="1347,1901 1548,1902 1548,1877 1541,1870 1532,1869 1446,1866 1431,1861 1402,1865 1354,1866 1347,1865"/>
          <TextEquiv conf="0.9188015">
            <Unicode>nothwen⸗</Unicode>
          </TextEquiv>
        </Word>
        <TextEquiv>
          <Unicode>begehren/ was deine Ehre moͤcht ſchmaͤlern/ aber die nothwen⸗</Unicode>
        </TextEquiv>
      </TextLine>
      <TextLine id="line_1661857421730_126" custom="readingOrder {index:25;}">
        <Coords points="264,1899 286,1903 303,1901 307,1909 315,1911 326,1912 357,1903 373,1906 377,1902 422,1907 428,1903 439,1902 454,1909 482,1908 491,1903 499,1903 507,1908 541,1908 591,1901 639,1906 658,1902 672,1908 717,1910 743,1909 751,1903 789,1907 799,1900 821,1896 833,1899 838,1907 851,1907 869,1901 876,1907 942,1906 953,1910 962,1901 990,1901 999,1898 1007,1907 1026,1909 1116,1910 1128,1905 1146,1904 1159,1907 1169,1903 1183,1903 1267,1912 1303,1912 1317,1905 1347,1906 1361,1912 1394,1914 1408,1914 1412,1910 1422,1909 1429,1916 1535,1916 1545,1923 1558,1925 1558,1961 1535,1963 1519,1968 1507,1963 1415,1958 1408,1953 1375,1958 1339,1956 1329,1963 1319,1955 1270,1955 1187,1963 1168,1960 1163,1956 1130,1956 1122,1952 1098,1956 1035,1952 1027,1956 997,1953 961,1955 952,1952 914,1956 849,1954 826,1957 809,1954 802,1962 793,1962 786,1955 721,1952 715,1955 661,1956 649,1963 639,1963 633,1959 578,1960 567,1956 543,1958 483,1953 448,1954 437,1958 432,1955 395,1955 385,1949 375,1952 372,1956 330,1956 313,1961 304,1961 294,1957 293,1953 256,1952 255,1901"/>
        <Baseline points="256,1942 1536,1952 1558,1948"/>
        <Word id="region0001_line0026_word0000" custom="readingOrder {index:0;}">
          <Coords points="261,1903 261,1952 293,1953 293,1955 347,1956 347,1905 326,1912 315,1911 307,1909 304,1903"/>
          <TextEquiv conf="0.92722595">
            <Unicode>dige</Unicode>
          </TextEquiv>
        </Word>
        <Word id="region0001_line0026_word0001" custom="readingOrder {index:1;}">
          <Coords points="359,1907 359,1951 377,1951 385,1949 388,1951 473,1952 473,1908 454,1909 451,1907"/>
          <TextEquiv conf="0.92238396">
            <Unicode>Ruhe</Unicode>
          </TextEquiv>
        </Word>
        <Word id="region0001_line0026_word0002" custom="readingOrder {index:2;}">
          <Coords points="489,1908 555,1908 555,1946 489,1946"/>
          <TextEquiv conf="0.92809874">
            <Unicode>des</Unicode>
          </TextEquiv>
        </Word>
        <Word id="region0001_line0026_word0003" custom="readingOrder {index:3;}">
          <Coords points="566,1906 566,1955 678,1955 715,1955 721,1952 730,1952 730,1909 717,1910 672,1908 668,1906"/>
          <TextEquiv conf="0.92809874">
            <Unicode>Cloſters</Unicode>
          </TextEquiv>
        </Word>
        <Word id="region0001_line0026_word0004" custom="readingOrder {index:4;}">
          <Coords points="796,1901 789,1907 751,1903 749,1904 749,1953 786,1955 789,1958 805,1958 809,1954 826,1957 849,1954 914,1956 950,1952 950,1908 942,1906 876,1907 870,1902 865,1902 851,1907 838,1907 834,1901"/>
          <TextEquiv conf="0.6939019">
            <Unicode>befoͤrdern</Unicode>
          </TextEquiv>
        </Word>
        <Word id="region0001_line0026_word0005" custom="readingOrder {index:5;}">
          <Coords points="960,1903 959,1904 959,1952 1034,1952 1035,1952 1043,1953 1116,1953 1117,1953 1117,1910 1116,1910 1026,1909 1007,1907 1004,1903"/>
          <TextEquiv conf="0.49745154">
            <Unicode>koͤnnen.</Unicode>
          </TextEquiv>
        </Word>
        <Word id="region0001_line0026_word0006" custom="readingOrder {index:6;}">
          <Coords points="1168,1910 1237,1911 1237,1957 1168,1956"/>
          <TextEquiv conf="0.92890376">
            <Unicode>Du</Unicode>
          </TextEquiv>
        </Word>
        <Word id="region0001_line0026_word0007" custom="readingOrder {index:7;}">
          <Coords points="1249,1911 1249,1957 1270,1955 1319,1955 1324,1959 1333,1959 1339,1956 1354,1956 1354,1912 1303,1911 1303,1912 1267,1912 1258,1911"/>
          <TextEquiv conf="0.9288112">
            <Unicode>weiſt</Unicode>
          </TextEquiv>
        </Word>
        <Word id="region0001_line0026_word0008" custom="readingOrder {index:8;}">
          <Coords points="1369,1914 1369,1951 1442,1951 1442,1916 1429,1916 1427,1914 1408,1914 1394,1914"/>
          <TextEquiv conf="0.9302766">
            <Unicode>wie</Unicode>
          </TextEquiv>
        </Word>
        <Word id="region0001_line0026_word0009" custom="readingOrder {index:9;}">
          <Coords points="1452,1920 1452,1957 1549,1958 1549,1923 1545,1923 1542,1920"/>
          <TextEquiv conf="0.91661215">
            <Unicode>nutz⸗</Unicode>
          </TextEquiv>
        </Word>
        <TextEquiv conf="0.86017644">
          <Unicode>dige Ruhe des Cloſters befoͤrdern koͤnnen. Du weiſt wie nutz⸗</Unicode>
        </TextEquiv>
      </TextLine>
      <TextLine id="line_1661857421730_128" custom="readingOrder {index:26;}">
        <Coords points="256,1957 295,1958 313,1962 330,1957 372,1957 375,1953 385,1950 395,1956 410,1955 416,1960 424,1956 441,1959 453,1955 462,1958 470,1954 483,1954 489,1959 499,1960 549,1961 554,1957 567,1957 572,1961 626,1961 649,1964 712,1958 721,1953 750,1953 758,1960 802,1963 809,1955 823,1959 861,1955 877,1959 903,1960 932,1958 938,1954 952,1953 959,1958 980,1958 997,1954 1002,1958 1026,1960 1030,1955 1043,1954 1048,1956 1050,1961 1063,1961 1122,1953 1130,1957 1163,1957 1168,1961 1187,1964 1259,1960 1270,1956 1319,1956 1329,1964 1339,1957 1371,1961 1378,1957 1397,1957 1402,1954 1411,1955 1415,1959 1431,1959 1437,1965 1519,1969 1532,1966 1558,1966 1557,2020 1538,2021 1518,2020 1513,2018 1511,2013 1492,2010 1475,2013 1440,2012 1435,2016 1423,2016 1418,2012 1394,2010 1380,2014 1371,2008 1362,2007 1286,2010 1162,2009 1155,2006 1133,2010 1001,2007 966,2008 954,2014 945,2012 938,2006 884,2005 861,2008 788,2009 774,2015 762,2006 705,2008 679,2005 670,2008 622,2009 501,2006 488,2013 479,2013 473,2008 459,2005 402,2007 390,2003 371,2002 256,2003"/>
        <Baseline points="256,1992 1381,1999 1557,2006"/>
        <Word id="region0001_line0027_word0000" custom="readingOrder {index:0;}">
          <Coords points="260,1961 260,1997 340,1998 340,1962 314,1961 313,1962 311,1961"/>
          <TextEquiv conf="0.9313088">
            <Unicode>und</Unicode>
          </TextEquiv>
        </Word>
        <Word id="region0001_line0027_word0001" custom="readingOrder {index:1;}">
          <Coords points="377,1952 375,1953 372,1957 360,1957 360,2002 371,2002 390,2003 393,2004 497,2005 497,1959 489,1959 483,1954 470,1954 462,1958 453,1955 441,1959 424,1956 416,1960 410,1955 395,1956 388,1952"/>
          <TextEquiv conf="0.9258166">
            <Unicode>loͤblich</Unicode>
          </TextEquiv>
        </Word>
        <Word id="region0001_line0027_word0002" custom="readingOrder {index:2;}">
          <Coords points="511,1961 586,1961 586,1999 511,1999"/>
          <TextEquiv conf="0.93236154">
            <Unicode>wir</Unicode>
          </TextEquiv>
        </Word>
        <Word id="region0001_line0027_word0003" custom="readingOrder {index:3;}">
          <Coords points="604,1968 679,1969 679,2000 604,1999"/>
          <TextEquiv conf="0.9316197">
            <Unicode>uns</Unicode>
          </TextEquiv>
        </Word>
        <Word id="region0001_line0027_word0004" custom="readingOrder {index:4;}">
          <Coords points="701,1959 693,1960 693,2007 705,2008 762,2006 765,2009 804,2009 834,2008 834,1960 805,1960 802,1963 758,1960 757,1959"/>
          <TextEquiv conf="0.9286862">
            <Unicode>allezeit</Unicode>
          </TextEquiv>
        </Word>
        <Word id="region0001_line0027_word0005" custom="readingOrder {index:5;}">
          <Coords points="967,1961 849,1960 849,2008 856,2008 861,2008 884,2005 938,2006 941,2008 964,2008 966,2008 967,2007"/>
          <TextEquiv conf="0.92938304">
            <Unicode>durch</Unicode>
          </TextEquiv>
        </Word>
        <Word id="region0001_line0027_word0006" custom="readingOrder {index:6;}">
          <Coords points="986,1963 1089,1964 1089,2004 986,2003"/>
          <TextEquiv conf="0.9309932">
            <Unicode>deine</Unicode>
          </TextEquiv>
        </Word>
        <Word id="region0001_line0027_word0007" custom="readingOrder {index:7;}">
          <Coords points="1098,1962 1098,2009 1136,2009 1155,2006 1162,2009 1197,2009 1197,1963 1187,1964 1179,1962"/>
          <TextEquiv conf="0.91447145">
            <Unicode>Lehr</Unicode>
          </TextEquiv>
        </Word>
        <Word id="region0001_line0027_word0008" custom="readingOrder {index:8;}">
          <Coords points="1213,1965 1293,1965 1293,2005 1213,2005"/>
          <TextEquiv conf="0.9302703">
            <Unicode>und</Unicode>
          </TextEquiv>
        </Word>
        <Word id="region0001_line0027_word0009" custom="readingOrder {index:9;}">
          <Coords points="1309,1958 1309,2009 1362,2007 1371,2008 1380,2014 1394,2010 1418,2012 1422,2015 1436,2015 1440,2012 1475,2013 1492,2010 1511,2013 1512,2016 1548,2016 1548,1966 1532,1966 1519,1969 1437,1965 1431,1959 1428,1959 1415,1959 1415,1959 1375,1959 1371,1961 1350,1958 1337,1958 1329,1964 1322,1958"/>
          <TextEquiv conf="0.90919447">
            <Unicode>Anfuͤhrung</Unicode>
          </TextEquiv>
        </Word>
        <TextEquiv conf="0.92641056">
          <Unicode>und loͤblich wir uns allezeit durch deine Lehr und Anfuͤhrung</Unicode>
        </TextEquiv>
      </TextLine>
      <TextLine id="line_1661857421746_130" custom="readingOrder {index:27;}">
        <Coords points="259,2002 275,2002 282,2006 294,2007 331,2003 390,2004 400,2013 439,2012 446,2006 459,2006 466,2012 479,2014 493,2013 501,2007 511,2007 517,2013 586,2011 593,2007 604,2007 610,2011 654,2013 671,2012 679,2006 693,2006 705,2013 722,2013 730,2006 762,2007 774,2016 821,2014 884,2006 938,2007 947,2014 954,2015 975,2011 1117,2013 1138,2012 1149,2007 1162,2010 1174,2008 1178,2012 1193,2014 1269,2014 1287,2010 1349,2008 1371,2009 1380,2015 1394,2011 1423,2017 1472,2018 1478,2012 1492,2011 1498,2018 1511,2018 1523,2022 1557,2020 1556,2064 1433,2061 1360,2067 1248,2062 1215,2055 1203,2069 1181,2060 1169,2060 1157,2061 1154,2067 1149,2069 1139,2068 1133,2060 1116,2063 1108,2058 1099,2061 1066,2059 1052,2066 1044,2065 1041,2061 905,2060 894,2063 887,2060 824,2061 803,2057 794,2058 773,2070 756,2064 755,2061 701,2060 696,2065 686,2066 664,2056 645,2060 557,2060 533,2057 491,2059 485,2056 472,2056 460,2061 434,2055 404,2055 380,2056 372,2063 367,2063 362,2058 353,2064 346,2062 344,2058 325,2058 319,2062 311,2063 300,2056 255,2055 256,2004"/>
        <Baseline points="255,2044 1212,2048 1556,2054"/>
        <Word id="region0001_line0028_word0000" custom="readingOrder {index:0;}">
          <Coords points="263,2012 262,2055 300,2056 310,2062 316,2062 319,2062 325,2058 344,2058 346,2062 348,2063 355,2063 362,2058 367,2063 372,2063 380,2056 404,2055 423,2055 424,2013 405,2013 400,2013 400,2013"/>
          <TextEquiv conf="0.92225486">
            <Unicode>befliſſen</Unicode>
          </TextEquiv>
        </Word>
        <Word id="region0001_line0028_word0001" custom="readingOrder {index:1;}">
          <Coords points="571,2017 446,2016 445,2057 456,2060 462,2060 472,2056 485,2056 491,2059 533,2057 557,2060 570,2060"/>
          <TextEquiv conf="0.924657">
            <Unicode>haben</Unicode>
          </TextEquiv>
        </Word>
        <Word id="region0001_line0028_word0002" custom="readingOrder {index:2;}">
          <Coords points="591,2015 657,2016 656,2055 590,2054"/>
          <TextEquiv conf="0.92579514">
            <Unicode>des</Unicode>
          </TextEquiv>
        </Word>
        <Word id="region0001_line0028_word0003" custom="readingOrder {index:3;}">
          <Coords points="679,2015 678,2062 686,2066 696,2065 701,2060 755,2061 756,2064 766,2068 777,2068 794,2058 803,2057 824,2061 837,2061 838,2016 782,2016 774,2016 773,2016"/>
          <TextEquiv conf="0.92587996">
            <Unicode>heiligen</Unicode>
          </TextEquiv>
        </Word>
        <Word id="region0001_line0028_word0004" custom="readingOrder {index:4;}">
          <Coords points="1026,2017 860,2016 859,2060 879,2060 887,2060 887,2060 904,2060 905,2060 1025,2061"/>
          <TextEquiv conf="0.927779">
            <Unicode>Gebetts</Unicode>
          </TextEquiv>
        </Word>
        <Word id="region0001_line0028_word0005" custom="readingOrder {index:5;}">
          <Coords points="1092,2026 1049,2026 1049,2064 1056,2064 1066,2059 1092,2060"/>
          <TextEquiv conf="0.9325229">
            <Unicode>zu</Unicode>
          </TextEquiv>
        </Word>
        <Word id="region0001_line0028_word0006" custom="readingOrder {index:6;}">
          <Coords points="1275,2017 1113,2016 1112,2060 1116,2063 1133,2060 1139,2068 1149,2069 1154,2067 1157,2061 1169,2060 1181,2060 1203,2069 1215,2055 1248,2062 1274,2063"/>
          <TextEquiv conf="0.92175466">
            <Unicode>pflegen.</Unicode>
          </TextEquiv>
        </Word>
        <Word id="region0001_line0028_word0007" custom="readingOrder {index:7;}">
          <Coords points="1432,2020 1325,2019 1324,2064 1389,2064 1431,2061"/>
          <TextEquiv conf="0.9227314">
            <Unicode>Nun</Unicode>
          </TextEquiv>
        </Word>
        <Word id="region0001_line0028_word0008" custom="readingOrder {index:8;}">
          <Coords points="1454,2020 1453,2061 1546,2062 1546,2021 1523,2022 1519,2020"/>
          <TextEquiv conf="0.92380303">
            <Unicode>aber</Unicode>
          </TextEquiv>
        </Word>
        <TextEquiv conf="0.925242">
          <Unicode>befliſſen haben des heiligen Gebetts zu pflegen. Nun aber</Unicode>
        </TextEquiv>
      </TextLine>
      <TextLine id="line_1661857421746_132" custom="readingOrder {index:28;}">
        <Coords points="261,2058 302,2060 311,2064 322,2061 345,2062 353,2065 362,2059 367,2064 372,2064 380,2057 404,2056 434,2056 453,2062 464,2061 472,2057 485,2057 494,2062 533,2058 538,2062 576,2059 593,2063 641,2064 651,2058 664,2057 686,2067 758,2065 773,2071 794,2059 803,2058 816,2061 818,2067 866,2068 867,2063 872,2061 887,2061 895,2066 905,2061 915,2061 921,2066 954,2063 958,2066 1052,2067 1066,2060 1095,2065 1108,2059 1116,2064 1133,2061 1139,2069 1149,2070 1155,2067 1171,2067 1177,2061 1203,2070 1215,2056 1228,2060 1243,2060 1249,2067 1399,2068 1422,2066 1433,2062 1465,2062 1500,2066 1519,2072 1556,2073 1555,2116 1487,2119 1470,2118 1462,2114 1436,2117 1373,2113 1352,2118 1345,2123 1325,2119 1317,2114 1307,2114 1303,2110 1288,2109 1279,2115 1253,2115 1246,2120 1234,2120 1231,2116 1212,2117 1199,2113 1184,2122 1173,2120 1162,2113 1125,2116 1104,2112 1100,2115 1056,2121 1047,2115 1033,2114 1028,2111 957,2111 904,2114 901,2118 890,2120 879,2120 871,2111 824,2111 806,2114 800,2119 786,2114 781,2119 776,2119 767,2114 728,2111 714,2120 698,2119 690,2112 682,2111 662,2111 660,2116 655,2118 651,2118 642,2110 634,2110 544,2112 533,2117 523,2112 494,2109 465,2117 457,2112 383,2111 377,2115 367,2115 358,2110 293,2106 278,2102 256,2104 255,2059"/>
        <Baseline points="256,2094 388,2101 1555,2105"/>
        <Word id="region0001_line0029_word0000" custom="readingOrder {index:0;}">
          <Coords points="262,2070 344,2071 344,2102 262,2101"/>
          <TextEquiv conf="0.92485064">
            <Unicode>wer</Unicode>
          </TextEquiv>
        </Word>
        <Word id="region0001_line0029_word0001" custom="readingOrder {index:1;}">
          <Coords points="396,2066 355,2066 355,2109 358,2110 361,2112 381,2112 383,2111 396,2111"/>
          <TextEquiv conf="0.93207353">
            <Unicode>iſt</Unicode>
          </TextEquiv>
        </Word>
        <Word id="region0001_line0029_word0002" custom="readingOrder {index:2;}">
          <Coords points="547,2064 404,2063 404,2111 457,2112 459,2113 477,2113 494,2109 523,2112 526,2113 539,2113 544,2112 547,2111"/>
          <TextEquiv conf="0.92596465">
            <Unicode>Urſach</Unicode>
          </TextEquiv>
        </Word>
        <Word id="region0001_line0029_word0003" custom="readingOrder {index:3;}">
          <Coords points="565,2067 629,2068 629,2106 565,2105"/>
          <TextEquiv conf="0.93133736">
            <Unicode>der</Unicode>
          </TextEquiv>
        </Word>
        <Word id="region0001_line0029_word0004" custom="readingOrder {index:4;}">
          <Coords points="646,2063 646,2112 662,2112 662,2111 682,2111 683,2111 683,2066 677,2063"/>
          <TextEquiv conf="0.9316524">
            <Unicode>ſo</Unicode>
          </TextEquiv>
        </Word>
        <Word id="region0001_line0029_word0005" custom="readingOrder {index:5;}">
          <Coords points="785,2063 773,2071 758,2065 700,2066 700,2116 720,2116 728,2111 767,2114 771,2116 783,2116 786,2114 793,2116 802,2116 806,2114 824,2111 848,2111 848,2067 818,2067 816,2063"/>
          <TextEquiv conf="0.92973053">
            <Unicode>groſſen</Unicode>
          </TextEquiv>
        </Word>
        <Word id="word_1661859401495_465" custom="readingOrder {index:6;}">
          <Coords points="866,2066 1078,2062 1096,2064 1096,2115 1091,2116 1078,2118 875,2116 864,2111 864,2067"/>
          <TextEquiv>
            <Unicode>Hinternuß/</Unicode>
          </TextEquiv>
        </Word>
        <Word id="region0001_line0029_word0008" custom="readingOrder {index:7;}">
          <Coords points="1105,2062 1105,2112 1125,2116 1162,2113 1173,2120 1176,2120 1186,2120 1199,2113 1212,2117 1231,2116 1234,2120 1246,2120 1253,2115 1279,2115 1288,2109 1303,2110 1307,2114 1317,2114 1325,2119 1339,2121 1346,2121 1352,2118 1359,2116 1359,2067 1249,2067 1245,2063 1209,2062 1203,2070 1181,2062 1175,2062 1171,2067 1155,2067 1149,2070 1139,2069 1133,2062 1126,2062 1116,2064 1112,2062"/>
          <TextEquiv conf="0.90918493">
            <Unicode>Zerſtoͤhrung</Unicode>
          </TextEquiv>
        </Word>
        <Word id="region0001_line0029_word0009" custom="readingOrder {index:8;}">
          <Coords points="1376,2071 1454,2071 1454,2112 1376,2112"/>
          <TextEquiv conf="0.9316115">
            <Unicode>und</Unicode>
          </TextEquiv>
        </Word>
        <Word id="region0001_line0029_word0010" custom="readingOrder {index:9;}">
          <Coords points="1464,2071 1464,2115 1548,2116 1548,2073 1519,2072 1517,2071"/>
          <TextEquiv conf="0.92140776">
            <Unicode>Zer⸗</Unicode>
          </TextEquiv>
        </Word>
        <TextEquiv>
          <Unicode>wer iſt Urſach der ſo groſſen Hinternuß/ Zerſtoͤhrung und Zer⸗</Unicode>
        </TextEquiv>
      </TextLine>
      <TextLine id="line_1661857421746_134" custom="readingOrder {index:29;}">
        <Coords points="270,2103 302,2109 358,2112 367,2116 454,2115 469,2119 484,2116 494,2110 508,2111 512,2116 533,2118 628,2117 634,2111 642,2111 651,2119 692,2117 702,2121 714,2121 728,2112 735,2116 770,2117 776,2120 781,2120 786,2115 800,2120 804,2117 817,2117 824,2112 834,2112 840,2118 855,2118 859,2113 871,2112 879,2121 890,2121 899,2119 950,2117 957,2112 969,2112 975,2116 1010,2117 1018,2112 1028,2112 1034,2117 1062,2122 1072,2118 1099,2117 1104,2113 1114,2113 1125,2117 1162,2114 1173,2121 1184,2123 1199,2114 1210,2116 1213,2121 1278,2120 1280,2115 1288,2110 1298,2110 1307,2115 1308,2121 1338,2121 1345,2124 1352,2119 1367,2120 1373,2114 1389,2114 1395,2120 1462,2115 1470,2119 1482,2118 1506,2124 1527,2124 1532,2119 1540,2119 1546,2125 1555,2125 1554,2166 1520,2167 1464,2172 1448,2171 1439,2167 1427,2170 1400,2169 1394,2173 1380,2173 1377,2169 1335,2169 1328,2174 1317,2175 1301,2169 1298,2164 1281,2167 1189,2164 1132,2167 1129,2171 1120,2173 1099,2165 986,2166 958,2163 944,2166 893,2165 847,2160 788,2164 771,2161 732,2163 704,2160 697,2163 632,2163 618,2160 601,2163 576,2163 523,2161 503,2157 490,2160 459,2159 450,2155 431,2162 427,2154 421,2152 414,2152 408,2158 277,2155 261,2159 256,2157 256,2107"/>
        <Baseline points="256,2145 1554,2156"/>
        <Word id="word_1661859411985_471" custom="readingOrder {index:0;}">
          <Coords points="262,2113 361,2113 454,2115 457,2116 457,2158 439,2159 429,2159 262,2158"/>
          <TextEquiv>
            <Unicode>ſtreuung/</Unicode>
          </TextEquiv>
        </Word>
        <Word id="region0001_line0030_word0002" custom="readingOrder {index:1;}">
          <Coords points="484,2116 469,2119 467,2118 467,2153 527,2153 527,2117 512,2116"/>
          <TextEquiv conf="0.92940605">
            <Unicode>als</Unicode>
          </TextEquiv>
        </Word>
        <Word id="region0001_line0030_word0003" custom="readingOrder {index:2;}">
          <Coords points="536,2125 608,2125 608,2155 536,2155"/>
          <TextEquiv conf="0.9182564">
            <Unicode>nur</Unicode>
          </TextEquiv>
        </Word>
        <Word id="region0001_line0030_word0004" custom="readingOrder {index:3;}">
          <Coords points="628,2117 617,2117 617,2155 709,2155 709,2121 702,2121 692,2117 651,2119 648,2117"/>
          <TextEquiv conf="0.91705894">
            <Unicode>eben</Unicode>
          </TextEquiv>
        </Word>
        <Word id="region0001_line0030_word0005" custom="readingOrder {index:4;}">
          <Coords points="720,2117 718,2118 718,2155 795,2156 795,2118 794,2118 783,2118 781,2120 776,2120 771,2118"/>
          <TextEquiv conf="0.9066694">
            <Unicode>du?</Unicode>
          </TextEquiv>
        </Word>
        <Word id="region0001_line0030_word0006" custom="readingOrder {index:5;}">
          <Coords points="821,2119 821,2158 949,2159 949,2120 896,2119 890,2121 879,2121 877,2119"/>
          <TextEquiv conf="0.9234328">
            <Unicode>indem</Unicode>
          </TextEquiv>
        </Word>
        <Word id="region0001_line0030_word0007" custom="readingOrder {index:6;}">
          <Coords points="957,2119 1009,2119 1009,2158 957,2158"/>
          <TextEquiv conf="0.92635393">
            <Unicode>du</Unicode>
          </TextEquiv>
        </Word>
        <Word id="region0001_line0030_word0008" custom="readingOrder {index:7;}">
          <Coords points="1017,2118 1016,2165 1099,2165 1103,2166 1132,2166 1134,2166 1135,2119 1070,2118 1062,2122 1040,2118"/>
          <TextEquiv conf="0.92635393">
            <Unicode>durch</Unicode>
          </TextEquiv>
        </Word>
        <Word id="region0001_line0030_word0009" custom="readingOrder {index:8;}">
          <Coords points="1149,2120 1149,2160 1253,2161 1253,2121 1228,2121 1213,2121 1213,2121 1188,2120 1184,2123 1173,2121 1172,2120"/>
          <TextEquiv conf="0.92207193">
            <Unicode>deine</Unicode>
          </TextEquiv>
        </Word>
        <Word id="region0001_line0030_word0010" custom="readingOrder {index:9;}">
          <Coords points="1287,2110 1280,2115 1278,2120 1262,2120 1262,2166 1281,2167 1298,2164 1301,2169 1317,2175 1328,2174 1335,2169 1377,2169 1380,2173 1394,2173 1400,2169 1422,2169 1422,2117 1395,2120 1389,2114 1373,2114 1367,2120 1352,2119 1345,2124 1338,2121 1308,2121 1307,2115 1298,2110"/>
          <TextEquiv conf="0.8967471">
            <Unicode>taͤgliche</Unicode>
          </TextEquiv>
        </Word>
        <Word id="region0001_line0030_word0011" custom="readingOrder {index:10;}">
          <Coords points="1434,2122 1434,2164 1549,2165 1549,2125 1546,2125 1543,2122 1528,2122 1527,2124 1506,2124 1500,2122"/>
          <TextEquiv>
            <Unicode>Gna⸗</Unicode>
          </TextEquiv>
        </Word>
        <TextEquiv>
          <Unicode>ſtreuung/ als nur eben du? indem du durch deine taͤgliche Gna⸗</Unicode>
        </TextEquiv>
      </TextLine>
      <TextLine id="line_1661857421746_136" custom="readingOrder {index:30;}">
        <Coords points="256,2158 408,2159 414,2153 427,2155 430,2163 450,2156 462,2162 488,2162 503,2158 570,2167 608,2165 618,2161 626,2161 633,2166 671,2167 704,2161 749,2165 771,2162 777,2168 793,2168 819,2163 827,2164 833,2161 920,2170 950,2170 958,2164 968,2164 975,2166 977,2170 997,2171 1027,2171 1034,2165 1045,2166 1050,2172 1080,2172 1087,2166 1099,2166 1104,2172 1118,2174 1189,2165 1282,2168 1298,2165 1301,2170 1317,2176 1333,2172 1394,2174 1425,2172 1433,2168 1455,2173 1513,2173 1520,2168 1532,2168 1538,2172 1554,2172 1553,2219 1493,2219 1473,2216 1461,2218 1387,2217 1379,2220 1351,2221 1335,2216 1323,2219 1214,2221 1201,2215 1170,2217 1159,2211 1152,2211 1111,2227 1094,2225 1088,2219 1035,2219 1028,2224 1009,2226 996,2222 993,2218 966,2215 853,2217 847,2221 839,2221 824,2220 818,2213 802,2216 736,2214 725,2210 711,2215 701,2210 672,2214 668,2211 631,2210 618,2213 600,2209 589,2218 572,2219 563,2216 561,2212 530,2212 521,2207 491,2207 479,2212 442,2212 416,2209 402,2212 369,2207 343,2209 274,2202 255,2204"/>
        <Baseline points="255,2193 1014,2208 1553,2208"/>
        <Word id="region0001_line0031_word0000" custom="readingOrder {index:0;}">
          <Coords points="265,2159 264,2203 274,2202 343,2209 369,2207 402,2212 416,2209 442,2212 479,2212 491,2207 521,2207 530,2212 561,2212 562,2215 591,2215 598,2210 598,2165 570,2167 521,2160 494,2160 488,2162 462,2162 458,2160 438,2160 430,2163 428,2159"/>
          <TextEquiv>
            <Unicode>den ⸗ Wuͤrckung</Unicode>
          </TextEquiv>
        </Word>
        <Word id="region0001_line0031_word0001" custom="readingOrder {index:1;}">
          <Coords points="614,2168 686,2168 686,2207 614,2207"/>
          <TextEquiv conf="0.92210335">
            <Unicode>den</Unicode>
          </TextEquiv>
        </Word>
        <Word id="region0001_line0031_word0002" custom="readingOrder {index:2;}">
          <Coords points="702,2167 702,2210 711,2215 725,2210 736,2214 786,2216 804,2216 818,2213 820,2216 863,2216 863,2168 795,2168 793,2168 777,2168 776,2167"/>
          <TextEquiv conf="0.9208647">
            <Unicode>Zulauff</Unicode>
          </TextEquiv>
        </Word>
        <Word id="region0001_line0031_word0003" custom="readingOrder {index:3;}">
          <Coords points="873,2172 940,2173 940,2210 873,2209"/>
          <TextEquiv conf="0.9208647">
            <Unicode>des</Unicode>
          </TextEquiv>
        </Word>
        <Word id="region0001_line0031_word0004" custom="readingOrder {index:4;}">
          <Coords points="960,2169 960,2215 966,2215 993,2218 994,2219 1035,2219 1035,2219 1053,2219 1088,2219 1089,2220 1129,2220 1152,2211 1159,2211 1170,2217 1171,2217 1171,2170 1150,2170 1118,2174 1104,2172 1102,2170 1083,2170 1080,2172 1050,2172 1048,2169 1029,2169 1027,2171 997,2171 977,2170 977,2169"/>
          <TextEquiv conf="0.9185872">
            <Unicode>begierigen</Unicode>
          </TextEquiv>
        </Word>
        <Word id="word_1661859434284_485" custom="readingOrder {index:5;}">
          <Coords points="1186,2172 1329,2172 1348,2172 1368,2173 1368,2220 1351,2221 1203,2216 1186,2215"/>
          <TextEquiv>
            <Unicode>Volcks/</Unicode>
          </TextEquiv>
        </Word>
        <Word id="region0001_line0031_word0007" custom="readingOrder {index:6;}">
          <Coords points="1376,2175 1454,2175 1454,2214 1376,2214"/>
          <TextEquiv conf="0.92923605">
            <Unicode>und</Unicode>
          </TextEquiv>
        </Word>
        <Word id="region0001_line0031_word0008" custom="readingOrder {index:7;}">
          <Coords points="1476,2175 1547,2175 1547,2213 1476,2213"/>
          <TextEquiv conf="0.9249208">
            <Unicode>mit</Unicode>
          </TextEquiv>
        </Word>
        <TextEquiv>
          <Unicode>den ⸗ Wuͤrckung den Zulauff des begierigen Volcks/ und mit</Unicode>
        </TextEquiv>
      </TextLine>
      <TextLine id="line_1661857421746_138" custom="readingOrder {index:31;}">
        <Coords points="264,2203 321,2211 360,2208 402,2213 427,2210 433,2215 475,2216 491,2208 521,2208 527,2212 528,2217 564,2217 572,2220 589,2219 600,2210 611,2215 639,2211 645,2215 668,2212 677,2215 701,2211 712,2216 726,2211 736,2215 761,2218 800,2218 808,2214 818,2214 824,2221 839,2222 947,2221 950,2217 966,2216 971,2221 995,2222 1009,2227 1063,2223 1111,2228 1124,2224 1138,2224 1142,2216 1152,2212 1159,2212 1170,2219 1182,2215 1201,2216 1214,2222 1265,2224 1321,2221 1335,2217 1346,2222 1362,2222 1387,2218 1440,2220 1479,2217 1493,2220 1553,2222 1552,2260 1542,2261 1527,2267 1508,2269 1502,2273 1431,2273 1395,2267 1387,2275 1382,2276 1376,2275 1366,2267 1342,2270 1336,2266 1275,2269 1227,2269 1213,2266 1187,2275 1162,2267 1107,2271 1095,2275 1084,2269 1046,2266 848,2264 818,2269 809,2265 771,2264 766,2261 701,2265 662,2263 656,2260 635,2263 621,2260 606,2266 594,2262 550,2262 509,2264 501,2269 479,2269 472,2264 364,2264 315,2257 256,2255 255,2205"/>
        <Baseline points="256,2245 404,2252 1467,2261 1553,2253"/>
        <Word id="region0001_line0032_word0000" custom="readingOrder {index:0;}">
          <Coords points="262,2214 347,2215 347,2255 262,2254"/>
          <TextEquiv conf="0.93028665">
            <Unicode>dem</Unicode>
          </TextEquiv>
        </Word>
        <Word id="region0001_line0032_word0001" custom="readingOrder {index:1;}">
          <Coords points="358,2212 358,2263 364,2264 472,2264 473,2264 507,2264 509,2264 519,2263 519,2213 481,2212 475,2216 433,2215 429,2212 407,2212 402,2213 395,2212"/>
          <TextEquiv conf="0.9230678">
            <Unicode>Zulauff</Unicode>
          </TextEquiv>
        </Word>
        <Word id="region0001_line0032_word0002" custom="readingOrder {index:2;}">
          <Coords points="523,2219 523,2262 545,2262 550,2262 594,2262 596,2262 613,2262 619,2260 619,2220 579,2219 572,2220 570,2219"/>
          <TextEquiv conf="0.9296971">
            <Unicode>auch</Unicode>
          </TextEquiv>
        </Word>
        <Word id="region0001_line0032_word0003" custom="readingOrder {index:3;}">
          <Coords points="628,2220 685,2220 685,2257 628,2257"/>
          <TextEquiv conf="0.92629904">
            <Unicode>die</Unicode>
          </TextEquiv>
        </Word>
        <Word id="region0001_line0032_word0004" custom="readingOrder {index:4;}">
          <Coords points="695,2219 695,2262 744,2262 766,2261 768,2262 854,2263 854,2221 839,2222 824,2221 822,2219"/>
          <TextEquiv conf="0.9281075">
            <Unicode>Unruhe</Unicode>
          </TextEquiv>
        </Word>
        <Word id="region0001_line0032_word0005" custom="readingOrder {index:5;}">
          <Coords points="862,2228 937,2229 937,2259 862,2258"/>
          <TextEquiv conf="0.9230154">
            <Unicode>nur</Unicode>
          </TextEquiv>
        </Word>
        <Word id="region0001_line0032_word0006" custom="readingOrder {index:6;}">
          <Coords points="952,2221 952,2258 1086,2259 1086,2225 1063,2223 1009,2227 995,2222 975,2221"/>
          <TextEquiv conf="0.9270644">
            <Unicode>immer</Unicode>
          </TextEquiv>
        </Word>
        <Word id="region0001_line0032_word0007" custom="readingOrder {index:7;}">
          <Coords points="1146,2214 1142,2216 1138,2224 1124,2224 1111,2228 1094,2226 1094,2270 1118,2270 1162,2267 1173,2270 1199,2270 1213,2266 1227,2269 1235,2269 1235,2222 1214,2222 1201,2216 1182,2215 1170,2219 1162,2214"/>
          <TextEquiv conf="0.9237215">
            <Unicode>groͤſſer</Unicode>
          </TextEquiv>
        </Word>
        <Word id="region0001_line0032_word0008" custom="readingOrder {index:8;}">
          <Coords points="1418,2223 1296,2222 1265,2224 1246,2223 1246,2269 1275,2269 1336,2266 1342,2270 1366,2267 1370,2270 1391,2270 1395,2267 1418,2270"/>
          <TextEquiv conf="0.9237215">
            <Unicode>macheſt.</Unicode>
          </TextEquiv>
        </Word>
        <Word id="region0001_line0032_word0009" custom="readingOrder {index:9;}">
          <Coords points="1547,2224 1467,2223 1467,2267 1520,2267 1527,2267 1542,2261 1547,2260"/>
          <TextEquiv conf="0.8897178">
            <Unicode>De⸗</Unicode>
          </TextEquiv>
        </Word>
        <TextEquiv conf="0.92246985">
          <Unicode>dem Zulauff auch die Unruhe nur immer groͤſſer macheſt. De⸗</Unicode>
        </TextEquiv>
      </TextLine>
      <TextLine id="line_1661857421746_140" custom="readingOrder {index:32;}">
        <Coords points="256,2259 385,2266 461,2266 479,2270 591,2265 606,2267 621,2261 629,2261 636,2265 656,2261 670,2266 732,2267 744,2266 753,2262 766,2262 772,2267 809,2267 818,2270 887,2265 934,2268 1007,2265 1018,2268 1046,2267 1101,2276 1107,2272 1162,2268 1187,2276 1213,2267 1221,2267 1234,2273 1336,2267 1342,2271 1366,2268 1376,2276 1382,2277 1387,2276 1395,2268 1405,2268 1411,2273 1431,2274 1502,2274 1508,2270 1527,2268 1537,2263 1552,2260 1552,2309 1528,2319 1509,2315 1493,2318 1466,2315 1457,2319 1410,2315 1399,2319 1342,2323 1295,2322 1276,2315 1253,2318 1208,2314 1196,2318 1072,2320 1043,2315 998,2318 975,2313 928,2315 918,2311 905,2312 901,2315 890,2311 867,2315 790,2314 786,2311 773,2311 762,2318 753,2314 693,2313 677,2309 643,2308 597,2313 501,2313 488,2310 481,2313 458,2312 453,2316 431,2312 402,2312 399,2316 384,2319 380,2315 366,2314 363,2310 340,2309 333,2306 256,2305"/>
        <Baseline points="256,2295 1338,2311 1552,2305"/>
        <Word id="word_1661859449093_492" custom="readingOrder {index:0;}">
          <Coords points="264,2266 461,2266 471,2268 470,2313 454,2315 447,2315 263,2305"/>
          <TextEquiv>
            <Unicode>rowegen/</Unicode>
          </TextEquiv>
        </Word>
        <Word id="region0001_line0033_word0002" custom="readingOrder {index:1;}">
          <Coords points="480,2272 603,2272 603,2301 480,2301"/>
          <TextEquiv conf="0.92471063">
            <Unicode>wann</Unicode>
          </TextEquiv>
        </Word>
        <Word id="region0001_line0033_word0003" custom="readingOrder {index:2;}">
          <Coords points="619,2263 619,2300 676,2300 676,2266 670,2266 661,2263 646,2263 636,2265 632,2263"/>
          <TextEquiv conf="0.9258927">
            <Unicode>dir</Unicode>
          </TextEquiv>
        </Word>
        <Word id="region0001_line0033_word0004" custom="readingOrder {index:3;}">
          <Coords points="751,2262 744,2266 732,2267 692,2266 692,2306 799,2307 799,2267 772,2267 766,2262"/>
          <TextEquiv conf="0.9250128">
            <Unicode>mehr</Unicode>
          </TextEquiv>
        </Word>
        <Word id="region0001_line0033_word0005" custom="readingOrder {index:4;}">
          <Coords points="819,2273 871,2273 871,2303 819,2303"/>
          <TextEquiv conf="0.9284414">
            <Unicode>an</Unicode>
          </TextEquiv>
        </Word>
        <Word id="region0001_line0033_word0006" custom="readingOrder {index:5;}">
          <Coords points="889,2268 954,2269 954,2304 889,2303"/>
          <TextEquiv conf="0.9277249">
            <Unicode>der</Unicode>
          </TextEquiv>
        </Word>
        <Word id="region0001_line0033_word0007" custom="readingOrder {index:6;}">
          <Coords points="981,2266 970,2266 970,2310 1147,2311 1147,2269 1107,2272 1101,2276 1046,2267 1018,2268 1011,2266"/>
          <TextEquiv conf="0.92608">
            <Unicode>Andacht</Unicode>
          </TextEquiv>
        </Word>
        <Word id="region0001_line0033_word0008" custom="readingOrder {index:7;}">
          <Coords points="1211,2267 1187,2276 1165,2268 1165,2304 1288,2305 1288,2269 1234,2273 1222,2267"/>
          <TextEquiv conf="0.9266682">
            <Unicode>deiner</Unicode>
          </TextEquiv>
        </Word>
        <Word id="word_1661859464761_499" custom="readingOrder {index:8;}">
          <Coords points="1305,2268 1316,2268 1366,2268 1406,2269 1476,2274 1476,2316 1457,2318 1305,2311"/>
          <TextEquiv>
            <Unicode>Kinder/</Unicode>
          </TextEquiv>
        </Word>
        <Word id="region0001_line0033_word0011" custom="readingOrder {index:9;}">
          <Coords points="1485,2274 1544,2274 1543,2312 1484,2312"/>
          <TextEquiv conf="0.9176247">
            <Unicode>als</Unicode>
          </TextEquiv>
        </Word>
        <TextEquiv>
          <Unicode>rowegen/ wann dir mehr an der Andacht deiner Kinder/ als</Unicode>
        </TextEquiv>
      </TextLine>
      <TextLine id="line_1661857421762_142" custom="readingOrder {index:33;}">
        <Coords points="255,2311 319,2310 328,2307 343,2312 380,2316 384,2320 400,2316 477,2318 488,2311 498,2312 503,2318 580,2318 643,2309 677,2310 716,2317 762,2319 773,2312 786,2312 791,2318 880,2318 890,2312 901,2316 905,2313 918,2312 928,2316 975,2314 998,2319 1043,2316 1060,2323 1103,2323 1104,2320 1119,2318 1126,2318 1130,2323 1200,2323 1201,2318 1208,2315 1222,2316 1226,2318 1227,2323 1252,2323 1259,2317 1276,2316 1288,2323 1355,2324 1394,2322 1410,2316 1420,2316 1433,2321 1457,2320 1466,2316 1490,2320 1509,2316 1517,2321 1524,2321 1547,2314 1552,2310 1551,2350 1549,2351 1545,2355 1545,2364 1539,2371 1518,2371 1509,2374 1489,2367 1413,2368 1401,2374 1390,2368 1382,2373 1371,2373 1365,2368 1343,2368 1338,2364 1258,2366 1241,2363 1235,2366 1218,2364 1191,2368 1120,2367 1115,2364 1103,2364 1098,2367 994,2368 942,2365 932,2367 921,2361 911,2360 902,2370 898,2370 891,2364 867,2364 860,2358 846,2358 817,2367 806,2367 795,2361 784,2360 760,2362 741,2370 725,2370 713,2364 699,2365 695,2362 685,2362 677,2367 648,2367 615,2362 563,2360 525,2363 510,2371 491,2369 485,2361 413,2362 306,2357 301,2354 258,2356 255,2346"/>
        <Baseline points="255,2345 1545,2360"/>
        <Word id="region0001_line0034_word0000" custom="readingOrder {index:0;}">
          <Coords points="263,2318 315,2318 315,2349 263,2349"/>
          <TextEquiv conf="0.91322017">
            <Unicode>an</Unicode>
          </TextEquiv>
        </Word>
        <Word id="region0001_line0034_word0001" custom="readingOrder {index:1;}">
          <Coords points="325,2314 325,2352 449,2352 449,2317 400,2316 384,2320 380,2316 361,2314"/>
          <TextEquiv conf="0.92376816">
            <Unicode>deiner</Unicode>
          </TextEquiv>
        </Word>
        <Word id="region0001_line0034_word0002" custom="readingOrder {index:2;}">
          <Coords points="484,2313 477,2318 464,2317 464,2361 485,2361 485,2362 526,2362 563,2360 613,2361 613,2315 602,2314 580,2318 503,2318 499,2313"/>
          <TextEquiv conf="0.9269218">
            <Unicode>eigenen</Unicode>
          </TextEquiv>
        </Word>
        <Word id="region0001_line0034_word0003" custom="readingOrder {index:3;}">
          <Coords points="622,2313 622,2359 714,2359 714,2316 693,2313"/>
          <TextEquiv conf="0.920424">
            <Unicode>Ehr</Unicode>
          </TextEquiv>
        </Word>
        <Word id="region0001_line0034_word0004" custom="readingOrder {index:4;}">
          <Coords points="769,2314 762,2319 723,2317 723,2364 754,2364 760,2362 784,2360 795,2361 801,2364 824,2364 846,2358 860,2358 867,2364 873,2364 873,2318 791,2318 788,2314"/>
          <TextEquiv conf="0.92969835">
            <Unicode>gelegen</Unicode>
          </TextEquiv>
        </Word>
        <Word id="word_1661859476675_507" custom="readingOrder {index:5;}">
          <Coords points="885,2315 957,2314 957,2365 937,2366 885,2364"/>
          <TextEquiv>
            <Unicode>iſt/</Unicode>
          </TextEquiv>
        </Word>
        <Word id="region0001_line0034_word0007" custom="readingOrder {index:6;}">
          <Coords points="954,2317 954,2357 1055,2358 1055,2320 1047,2317 1018,2317 998,2319 990,2317"/>
          <TextEquiv conf="0.9312016">
            <Unicode>Ceſſa</Unicode>
          </TextEquiv>
        </Word>
        <Word id="region0001_line0034_word0008" custom="readingOrder {index:7;}">
          <Coords points="1202,2318 1201,2318 1200,2323 1130,2323 1126,2318 1119,2318 1104,2320 1103,2323 1072,2323 1072,2356 1241,2357 1241,2323 1227,2323 1226,2318 1226,2318"/>
          <TextEquiv conf="0.9188602">
            <Unicode>miracula</Unicode>
          </TextEquiv>
        </Word>
        <Word id="region0001_line0034_word0009" custom="readingOrder {index:8;}">
          <Coords points="1258,2318 1258,2364 1318,2364 1338,2364 1338,2364 1383,2365 1383,2322 1355,2324 1288,2323 1279,2318"/>
          <TextEquiv conf="0.91911733">
            <Unicode>facere,</Unicode>
          </TextEquiv>
        </Word>
        <Word id="region0001_line0034_word0010" custom="readingOrder {index:9;}">
          <Coords points="1399,2320 1398,2320 1398,2366 1434,2366 1434,2320 1433,2321 1430,2320"/>
          <TextEquiv conf="0.9266377">
            <Unicode>ſo</Unicode>
          </TextEquiv>
        </Word>
        <Word id="region0001_line0034_word0011" custom="readingOrder {index:10;}">
          <Coords points="1543,2323 1450,2322 1450,2367 1489,2367 1493,2368 1540,2368 1543,2366"/>
          <TextEquiv conf="0.9169848">
            <Unicode>ſtehe</Unicode>
          </TextEquiv>
        </Word>
        <TextEquiv>
          <Unicode>an deiner eigenen Ehr gelegen iſt/ Ceſſa miracula facere, ſo ſtehe</Unicode>
        </TextEquiv>
      </TextLine>
      <TextLine id="line_1661857421762_146" custom="readingOrder {index:34;}">
        <Coords points="289,2355 301,2355 316,2361 377,2365 420,2365 425,2361 437,2361 443,2365 468,2366 473,2362 485,2362 489,2369 503,2372 515,2371 538,2363 563,2361 615,2363 648,2368 677,2368 685,2363 695,2363 725,2371 741,2371 760,2363 784,2361 795,2362 806,2368 817,2368 846,2359 860,2359 871,2366 891,2365 898,2371 902,2371 911,2361 921,2362 932,2368 942,2366 994,2371 1086,2370 1103,2365 1115,2365 1121,2369 1173,2370 1218,2365 1235,2367 1241,2364 1289,2371 1303,2364 1338,2365 1343,2372 1393,2372 1402,2375 1415,2371 1438,2371 1442,2368 1464,2368 1471,2372 1476,2368 1489,2368 1494,2373 1509,2375 1538,2374 1547,2391 1550,2390 1550,2428 1533,2428 1520,2422 1469,2418 1458,2423 1441,2417 1337,2419 1325,2419 1322,2423 1314,2425 1300,2425 1287,2419 1262,2419 1253,2423 1243,2418 1225,2418 1218,2424 1209,2424 1207,2418 1200,2414 1148,2417 1117,2413 1109,2416 1070,2418 1026,2413 1017,2419 1010,2418 1000,2423 990,2423 975,2414 935,2415 928,2412 894,2414 843,2410 791,2415 738,2414 729,2410 713,2414 666,2411 599,2416 587,2415 576,2410 556,2410 547,2413 507,2410 464,2412 383,2409 371,2411 365,2408 256,2404 256,2361 283,2360"/>
        <Baseline points="256,2394 579,2403 1444,2406 1514,2410 1550,2417"/>
        <Word id="region0001_line0036_word0000" custom="readingOrder {index:0;}">
          <Coords points="266,2366 316,2366 316,2403 266,2403"/>
          <TextEquiv conf="0.9302199">
            <Unicode>ab</Unicode>
          </TextEquiv>
        </Word>
        <Word id="region0001_line0036_word0001" custom="readingOrder {index:1;}">
          <Coords points="333,2376 410,2376 410,2406 333,2406"/>
          <TextEquiv conf="0.932893">
            <Unicode>von</Unicode>
          </TextEquiv>
        </Word>
        <Word id="region0001_line0036_word0002" custom="readingOrder {index:2;}">
          <Coords points="427,2371 427,2407 551,2408 551,2372 507,2371 503,2372 501,2371"/>
          <TextEquiv conf="0.9236106">
            <Unicode>deiner</Unicode>
          </TextEquiv>
        </Word>
        <Word id="word_1661859492307_516" custom="readingOrder {index:3;}">
          <Coords points="565,2365 705,2365 958,2367 1030,2370 1030,2413 1017,2419 1004,2420 986,2420 599,2416 587,2415 565,2410"/>
          <TextEquiv>
            <Unicode>Wunder⸗Wuͤrckung/</Unicode>
          </TextEquiv>
        </Word>
        <Word id="region0001_line0036_word0005" custom="readingOrder {index:4;}">
          <Coords points="1049,2373 1126,2373 1126,2411 1049,2411"/>
          <TextEquiv conf="0.9250731">
            <Unicode>und</Unicode>
          </TextEquiv>
        </Word>
        <Word id="region0001_line0036_word0006" custom="readingOrder {index:5;}">
          <Coords points="1142,2370 1142,2416 1148,2417 1200,2414 1207,2418 1207,2420 1221,2420 1225,2418 1243,2418 1249,2421 1257,2421 1262,2419 1287,2419 1292,2421 1322,2421 1325,2419 1337,2419 1343,2418 1343,2372"/>
          <TextEquiv conf="0.92854935">
            <Unicode>verſchaffe</Unicode>
          </TextEquiv>
        </Word>
        <Word id="region0001_line0036_word0007" custom="readingOrder {index:6;}">
          <Coords points="1358,2382 1433,2382 1433,2413 1358,2413"/>
          <TextEquiv conf="0.92744315">
            <Unicode>uns</Unicode>
          </TextEquiv>
        </Word>
        <Word id="region0001_line0036_word0008" custom="readingOrder {index:7;}">
          <Coords points="1447,2372 1447,2416 1542,2417 1542,2382 1538,2374 1509,2375 1494,2373 1493,2372"/>
          <TextEquiv>
            <Unicode>hier⸗</Unicode>
          </TextEquiv>
        </Word>
        <TextEquiv>
          <Unicode>ab von deiner Wunder⸗Wuͤrckung/ und verſchaffe uns hier⸗</Unicode>
        </TextEquiv>
      </TextLine>
      <TextLine id="line_1661857421762_148" custom="readingOrder {index:35;}">
        <Coords points="262,2404 343,2413 365,2409 373,2413 410,2416 418,2416 424,2411 436,2411 441,2417 491,2417 499,2411 513,2413 516,2417 541,2417 556,2411 576,2411 589,2419 603,2419 624,2415 666,2412 712,2416 723,2411 733,2412 745,2418 772,2419 798,2414 816,2415 843,2411 891,2413 900,2417 928,2413 937,2419 962,2419 964,2415 975,2415 990,2424 1000,2424 1010,2419 1017,2420 1026,2414 1041,2415 1048,2419 1078,2423 1103,2421 1106,2417 1117,2414 1130,2415 1133,2421 1179,2421 1186,2416 1200,2415 1206,2418 1209,2425 1233,2422 1314,2426 1354,2422 1511,2426 1520,2423 1533,2429 1549,2429 1549,2474 1532,2476 1488,2470 1481,2476 1476,2476 1470,2469 1439,2471 1303,2468 1294,2465 1281,2469 1265,2469 1208,2464 1193,2468 1172,2465 1123,2470 1103,2465 1089,2468 1047,2468 1035,2464 999,2468 958,2465 909,2472 895,2464 880,2467 877,2464 867,2464 855,2470 820,2468 808,2463 795,2464 793,2459 779,2458 743,2463 739,2466 719,2461 686,2468 671,2464 658,2468 608,2465 590,2458 579,2462 574,2469 567,2472 543,2471 537,2464 519,2463 449,2462 425,2459 407,2461 378,2458 370,2463 364,2463 345,2456 322,2459 283,2452 255,2453 256,2405"/>
        <Baseline points="256,2443 573,2454 792,2450 821,2458 1191,2455 1549,2461"/>
        <Word id="region0001_line0037_word0000" custom="readingOrder {index:0;}">
          <Coords points="383,2416 265,2415 264,2452 283,2452 319,2458 325,2458 345,2456 352,2458 376,2458 378,2458 382,2458"/>
          <TextEquiv conf="0.9278633">
            <Unicode>durch</Unicode>
          </TextEquiv>
        </Word>
        <Word id="region0001_line0037_word0001" custom="readingOrder {index:1;}">
          <Coords points="405,2419 482,2420 481,2456 404,2455"/>
          <TextEquiv conf="0.9304898">
            <Unicode>eine</Unicode>
          </TextEquiv>
        </Word>
        <Word id="region0001_line0037_word0002" custom="readingOrder {index:2;}">
          <Coords points="500,2416 499,2462 519,2463 537,2464 539,2467 575,2467 579,2462 590,2458 608,2465 629,2466 630,2417 614,2416 603,2419 589,2419 585,2416 542,2416 541,2417 516,2417 515,2416"/>
          <TextEquiv conf="0.83633894">
            <Unicode>beſſere</Unicode>
          </TextEquiv>
        </Word>
        <Word id="region0001_line0037_word0003" custom="readingOrder {index:3;}">
          <Coords points="646,2418 645,2462 712,2463 719,2461 725,2463 745,2463 778,2458 779,2419 772,2419 772,2419 770,2419"/>
          <TextEquiv conf="0.92812026">
            <Unicode>Ruhe.</Unicode>
          </TextEquiv>
        </Word>
        <Word id="region0001_line0037_word0004" custom="readingOrder {index:4;}">
          <Coords points="830,2417 829,2465 864,2465 867,2464 877,2464 878,2465 887,2465 895,2464 897,2465 951,2465 954,2465 954,2419 937,2419 935,2417"/>
          <TextEquiv conf="0.91093236">
            <Unicode>Dieſer</Unicode>
          </TextEquiv>
        </Word>
        <Word id="word_1661859515321_531" custom="readingOrder {index:5;}">
          <Coords points="972,2421 1104,2419 1132,2419 1206,2420 1528,2427 1544,2430 1543,2470 1461,2470 1356,2469 1185,2466 971,2462"/>
          <TextEquiv>
            <Unicode>keck⸗ aber fromm⸗ vermeynte</Unicode>
          </TextEquiv>
        </Word>
        <TextEquiv>
          <Unicode>durch eine beſſere Ruhe. Dieſer keck⸗ aber fromm⸗ vermeynte</Unicode>
        </TextEquiv>
      </TextLine>
      <TextLine id="line_1661857421762_150" custom="readingOrder {index:36;}">
        <Coords points="255,2454 266,2453 322,2460 345,2457 364,2464 370,2464 378,2459 389,2459 395,2463 425,2460 434,2465 445,2466 474,2465 478,2468 538,2469 543,2472 560,2473 575,2470 576,2465 590,2459 599,2461 604,2469 610,2470 624,2467 658,2469 667,2465 683,2469 704,2468 719,2462 739,2467 777,2459 784,2461 786,2466 808,2464 820,2469 855,2471 867,2465 877,2465 881,2468 895,2465 909,2473 958,2466 999,2469 1040,2466 1047,2469 1088,2470 1103,2466 1123,2471 1223,2465 1265,2470 1298,2466 1303,2469 1327,2471 1424,2470 1454,2473 1461,2469 1470,2470 1476,2477 1481,2477 1488,2471 1510,2472 1521,2477 1549,2475 1548,2519 1538,2520 1513,2525 1473,2519 1449,2520 1441,2525 1429,2526 1430,2514 1427,2511 1422,2511 1416,2516 1378,2513 1315,2518 1289,2514 1281,2519 1254,2520 1219,2520 1204,2516 1171,2517 1149,2513 1141,2517 1088,2513 1065,2519 1039,2520 1025,2516 1017,2519 1000,2514 992,2519 984,2519 978,2513 968,2512 956,2518 884,2517 872,2523 860,2517 849,2518 838,2513 829,2513 821,2517 788,2518 762,2513 751,2516 739,2512 715,2520 699,2512 681,2516 655,2514 649,2517 631,2514 613,2523 600,2522 591,2517 566,2516 561,2513 525,2517 460,2512 425,2517 411,2509 401,2509 392,2515 346,2511 331,2514 321,2509 285,2509 274,2502 266,2502 256,2507"/>
        <Baseline points="256,2496 518,2505 1410,2506 1548,2510"/>
        <Word id="region0001_line0038_word0000" custom="readingOrder {index:0;}">
          <Coords points="397,2465 265,2464 265,2502 266,2502 274,2502 285,2509 321,2509 327,2512 338,2512 346,2511 366,2512 395,2512 397,2511"/>
          <TextEquiv conf="0.9249802">
            <Unicode>Anſuch</Unicode>
          </TextEquiv>
        </Word>
        <Word id="region0001_line0038_word0001" custom="readingOrder {index:1;}">
          <Coords points="474,2469 416,2468 416,2511 418,2513 449,2513 460,2512 474,2513"/>
          <TextEquiv conf="0.9290679">
            <Unicode>hat</Unicode>
          </TextEquiv>
        </Word>
        <Word id="word_1661859529303_539" custom="readingOrder {index:2;}">
          <Coords points="484,2468 583,2461 599,2461 657,2468 657,2514 649,2517 525,2517 484,2513"/>
          <TextEquiv>
            <Unicode>vermoͤgt/</Unicode>
          </TextEquiv>
        </Word>
        <Word id="region0001_line0038_word0004" custom="readingOrder {index:3;}">
          <Coords points="664,2467 664,2514 681,2516 699,2512 713,2519 718,2519 731,2514 731,2467 706,2467 704,2468 683,2469 675,2467"/>
          <TextEquiv conf="0.93099016">
            <Unicode>daß</Unicode>
          </TextEquiv>
        </Word>
        <Word id="region0001_line0038_word0005" custom="readingOrder {index:4;}">
          <Coords points="752,2464 747,2465 747,2514 751,2516 762,2513 785,2517 800,2517 821,2517 829,2513 838,2513 849,2518 860,2517 862,2518 880,2518 884,2517 918,2517 918,2471 909,2473 896,2465 891,2465 881,2468 877,2465 866,2465 855,2471 820,2469 809,2464 801,2464 786,2466 785,2464"/>
          <TextEquiv conf="0.8265427">
            <Unicode>fuͤrderhin</Unicode>
          </TextEquiv>
        </Word>
        <Word id="region0001_line0038_word0006" custom="readingOrder {index:5;}">
          <Coords points="931,2473 994,2473 994,2512 931,2512"/>
          <TextEquiv conf="0.9009761">
            <Unicode>alle</Unicode>
          </TextEquiv>
        </Word>
        <Word id="region0001_line0038_word0007" custom="readingOrder {index:6;}">
          <Coords points="1345,2473 1005,2470 1005,2514 1081,2514 1088,2513 1113,2514 1144,2515 1149,2513 1162,2515 1285,2516 1289,2514 1306,2516 1329,2516 1345,2515"/>
          <TextEquiv conf="0.77001166">
            <Unicode>Gnaden⸗Wunder</Unicode>
          </TextEquiv>
        </Word>
        <Word id="region0001_line0038_word0008" custom="readingOrder {index:7;}">
          <Coords points="1355,2475 1355,2514 1378,2513 1416,2516 1422,2511 1427,2511 1430,2514 1429,2522 1445,2522 1449,2520 1473,2519 1498,2522 1523,2522 1538,2520 1543,2519 1543,2476 1540,2475 1521,2477 1518,2475 1482,2475 1481,2477 1476,2477 1474,2475"/>
          <TextEquiv conf="0.040834352">
            <Unicode>ausgeblie⸗</Unicode>
          </TextEquiv>
        </Word>
        <TextEquiv>
          <Unicode>Anſuch hat vermoͤgt/ daß fuͤrderhin alle Gnaden⸗Wunder ausgeblie⸗</Unicode>
        </TextEquiv>
      </TextLine>
      <TextLine id="line_1661857421777_152" custom="readingOrder {index:37;}">
        <Coords points="266,2503 274,2503 285,2510 323,2512 331,2515 343,2512 392,2516 401,2510 411,2510 425,2518 434,2515 454,2516 460,2513 477,2517 541,2518 548,2514 561,2514 568,2518 592,2519 600,2523 613,2524 631,2515 649,2518 665,2515 670,2519 677,2519 686,2514 696,2513 715,2521 739,2513 751,2517 762,2514 788,2519 820,2519 829,2514 838,2514 872,2524 882,2520 904,2522 921,2519 955,2521 959,2516 968,2513 978,2514 984,2520 1005,2515 1017,2520 1034,2517 1039,2521 1056,2521 1088,2514 1141,2518 1149,2514 1171,2518 1204,2517 1219,2521 1254,2521 1281,2520 1289,2515 1309,2519 1378,2514 1416,2517 1422,2512 1427,2512 1429,2527 1479,2520 1491,2525 1548,2531 1547,2572 1545,2573 1521,2571 1499,2575 1428,2565 1363,2572 1308,2571 1264,2579 1217,2571 1178,2573 1155,2571 1152,2575 1144,2576 1133,2571 1058,2570 1051,2574 1035,2574 1022,2566 1004,2563 948,2571 886,2569 878,2575 870,2575 865,2571 816,2570 748,2574 698,2572 692,2578 683,2578 674,2572 663,2570 633,2569 603,2571 524,2567 502,2570 498,2567 390,2566 377,2563 257,2558 256,2508"/>
        <Baseline points="257,2548 700,2562 1547,2562"/>
        <Word id="word_1661859542935_545" custom="readingOrder {index:0;}">
          <Coords points="266,2514 343,2512 347,2512 347,2561 323,2561 266,2558"/>
          <TextEquiv>
            <Unicode>ben/</Unicode>
          </TextEquiv>
        </Word>
        <Word id="region0001_line0039_word0002" custom="readingOrder {index:1;}">
          <Coords points="355,2518 423,2518 423,2562 355,2562"/>
          <TextEquiv conf="0.93055755">
            <Unicode>und</Unicode>
          </TextEquiv>
        </Word>
        <Word id="region0001_line0039_word0003" custom="readingOrder {index:2;}">
          <Coords points="434,2522 518,2523 518,2564 434,2563"/>
          <TextEquiv conf="0.92781335">
            <Unicode>aber</Unicode>
          </TextEquiv>
        </Word>
        <Word id="region0001_line0039_word0004" custom="readingOrder {index:3;}">
          <Coords points="533,2521 533,2565 613,2566 613,2524 600,2523 597,2521"/>
          <TextEquiv conf="0.9319923">
            <Unicode>eben</Unicode>
          </TextEquiv>
        </Word>
        <Word id="region0001_line0039_word0005" custom="readingOrder {index:4;}">
          <Coords points="710,2572 710,2520 631,2520 631,2569 633,2569 663,2570 674,2572 698,2572"/>
          <TextEquiv conf="0.9279824">
            <Unicode>dieſe</Unicode>
          </TextEquiv>
        </Word>
        <Word id="region0001_line0039_word0006" custom="readingOrder {index:5;}">
          <Coords points="721,2519 718,2520 718,2568 885,2569 886,2569 904,2570 955,2570 1004,2563 1022,2566 1030,2571 1056,2571 1058,2570 1072,2570 1072,2522 912,2521 904,2522 887,2520 881,2520 872,2524 859,2520"/>
          <TextEquiv>
            <Unicode>Wunder ⸗ wuͤrdige</Unicode>
          </TextEquiv>
        </Word>
        <Word id="region0001_line0039_word0007" custom="readingOrder {index:6;}">
          <Coords points="1291,2515 1289,2515 1281,2520 1254,2521 1219,2521 1204,2517 1171,2518 1149,2514 1141,2518 1095,2514 1095,2570 1133,2571 1144,2576 1152,2575 1155,2571 1178,2573 1217,2571 1264,2579 1291,2574"/>
          <TextEquiv conf="0.9291066">
            <Unicode>Abſtellung</Unicode>
          </TextEquiv>
        </Word>
        <Word id="region0001_line0039_word0008" custom="readingOrder {index:7;}">
          <Coords points="1290,2523 1346,2524 1346,2570 1290,2569"/>
          <TextEquiv conf="0.9318049">
            <Unicode>der</Unicode>
          </TextEquiv>
        </Word>
        <Word id="region0001_line0039_word0009" custom="readingOrder {index:8;}">
          <Coords points="1356,2517 1356,2569 1389,2569 1428,2565 1460,2569 1546,2570 1546,2531 1491,2525 1479,2520 1429,2527 1427,2517"/>
          <TextEquiv conf="0.92083305">
            <Unicode>Wunder⸗</Unicode>
          </TextEquiv>
        </Word>
        <TextEquiv>
          <Unicode>ben/ und aber eben dieſe Wunder ⸗ wuͤrdige Abſtellung der Wunder⸗</Unicode>
        </TextEquiv>
      </TextLine>
      <TextEquiv>
        <Unicode>Saͤchel aus. Sie wuſten aber nicht/ wohin ſie jetzt den Leib ihres ver⸗
ſtorbenen Vatters begraben muͤſten? ſetzen derowegen ihr ungezweif⸗
feltes Vertrauen nur eben auf dem allguͤtigen GOTT/ und hoͤren
gleich zum drittenmal eine Stimme vom Himmel/ welche ſie auf Gran-
dimont, oder Großberg/ angewieſen/ ſo eben der von GOTT fuͤr die
neugepflantzte Strengheit Stephani beſtimmte Wohn⸗Platz war; wo
ſie ſich gleich hingezogen/ und in einem ſchlecht⸗gebauten Cloſter die zu
Moreto gepflogene Lebens⸗Ordnung mit beſtaͤndigen Eiffer ausge⸗
fuͤhrt haben.
An dieſem Ort iſt auch der Leib des heiligen Stephani durch viel
groſſe Gnaden⸗Wunder ſcheinbar worden/ alſo zwar daß der fromme
Fuͤrwitz den Zulauff des begierigen Poͤvels alltaͤglich groͤſſer gemacht.
Aus dieſem iſt denen frommen Cloſter⸗Leuthen eine groſſe Unruhe zu⸗
geſtanden/ und haben ſie ihrer geliebten Einſame/ Stillſchweigen und
Gebett/ nicht mehr ſo ungehindert abwarten koͤnnen. Damit dann
der neue geiſtliche Vorſteher die Cloͤſterliche Zucht und Ruhſamkeit
noch ferners unterhalten kunte/ faſſet er einen Rath/ als nicht leicht wird
ſeyn erhoͤrt worden. Er beruffet dir gantze Verſammlung/ fuͤhret ſie
in ſchoͤner Ordnung zu dem Grab/ wo eben ſchon das Volck mit groſ⸗
ſer Ungeſtimm beyſammen war/ den viel groſſen Gnaden⸗Wuͤrckun⸗
gen zuzuſehen. Nachdem er ſich dort mit allen auf die Knye gelaſſen/
den heiligen Leib verehrt/ und ſein Gebett verrichtet/ ſteht er wieder auf/
redet den verſtorbenen Vatter an/ und ohne Forcht: Verzeich es
deinen Kindern/ ſagt er/ heiliger Vatter/ wann ſie jetzt von dir
begehren/ was deine Ehre moͤcht ſchmaͤlern/ aber die nothwen⸗
dige Ruhe des Cloſters befoͤrdern koͤnnen. Du weiſt wie nutz⸗
und loͤblich wir uns allezeit durch deine Lehr und Anfuͤhrung
befliſſen haben des heiligen Gebetts zu pflegen. Nun aber
wer iſt Urſach der ſo groſſen Hinternuß/ Zerſtoͤhrung und Zer⸗
ſtreuung/ als nur eben du? indem du durch deine taͤgliche Gna⸗
den ⸗ Wuͤrckung den Zulauff des begierigen Volcks/ und mit
dem Zulauff auch die Unruhe nur immer groͤſſer macheſt. De⸗
rowegen/ wann dir mehr an der Andacht deiner Kinder/ als
an deiner eigenen Ehr gelegen iſt/ Ceſſa miracula facere, ſo ſtehe
ab von deiner Wunder⸗Wuͤrckung/ und verſchaffe uns hier⸗
durch eine beſſere Ruhe. Dieſer keck⸗ aber fromm⸗ vermeynte
Anſuch hat vermoͤgt/ daß fuͤrderhin alle Gnaden⸗Wunder ausgeblie⸗
ben/ und aber eben dieſe Wunder ⸗ wuͤrdige Abſtellung der Wunder⸗</Unicode>
      </TextEquiv>
    </TextRegion>
    <TextRegion orientation="-0.3997726" type="marginalia" readingDirection="left-to-right" id="TextRegion_1661857448355_183" custom="readingOrder {index:1;} structure {type:marginalia;}">
      <Coords points="1564,785 1733,785 1733,925 1563,925"/>
      <TextLine id="line_1661857421646_79" custom="readingOrder {index:0;}">
        <Coords points="1565,772 1581,773 1594,785 1634,785 1642,789 1697,791 1698,836 1654,836 1645,833 1631,835 1621,832 1612,835 1586,836 1570,832 1564,824"/>
        <Baseline points="1565,812 1603,822 1690,824"/>
        <Word id="region0001_line0003_word0011" custom="readingOrder {index:0;}">
          <Coords points="1576,790 1576,830 1693,830 1693,803 1646,801 1638,797 1598,797 1590,790"/>
          <TextEquiv conf="0.8782551">
            <Unicode>Stimm</Unicode>
          </TextEquiv>
        </Word>
        <TextEquiv conf="0.8404325">
          <Unicode>feltes Vertrauen nur eben auf dem allguͤtigen GOTT / und voͤren Stimm</Unicode>
        </TextEquiv>
      </TextLine>
      <TextLine id="line_1661857421646_81" custom="readingOrder {index:1;}">
        <Coords points="1564,828 1570,833 1586,837 1612,836 1621,833 1631,836 1645,834 1654,837 1706,839 1705,879 1618,876 1590,871 1570,873 1564,872"/>
        <Baseline points="1564,860 1690,866"/>
        <Word id="region0001_line0004_word0012" custom="readingOrder {index:0;}">
          <Coords points="1570,863 1627,864 1627,834 1621,833 1612,836 1586,837 1570,833"/>
          <TextEquiv conf="0.8138275">
            <Unicode>aus</Unicode>
          </TextEquiv>
        </Word>
        <Word id="region0001_line0004_word0013" custom="readingOrder {index:1;}">
          <Coords points="1641,869 1703,870 1704,838 1654,837 1645,834 1641,834"/>
          <TextEquiv>
            <Unicode>dem</Unicode>
          </TextEquiv>
        </Word>
        <TextEquiv>
          <Unicode>aus dem</Unicode>
        </TextEquiv>
      </TextLine>
      <TextLine id="line_1661857421661_83" custom="readingOrder {index:2;}">
        <Coords points="1564,873 1570,874 1590,872 1617,877 1713,878 1713,921 1596,921 1587,924 1564,920"/>
        <Baseline points="1564,909 1689,912"/>
        <Word id="region0001_line0005_word0013" custom="readingOrder {index:0;}">
          <Coords points="1571,876 1570,917 1713,919 1713,878 1617,877 1613,876"/>
          <TextEquiv>
            <Unicode>Himmel.</Unicode>
          </TextEquiv>
        </Word>
        <TextEquiv>
          <Unicode>Himmel.</Unicode>
        </TextEquiv>
      </TextLine>
      <TextEquiv>
        <Unicode>feltes Vertrauen nur eben auf dem allguͤtigen GOTT / und voͤren Stimm
aus dem
Himmel.</Unicode>
      </TextEquiv>
    </TextRegion>
    <TextRegion orientation="-0.3997726" type="marginalia" readingDirection="left-to-right" id="TextRegion_1661857446329_178" custom="readingOrder {index:3;} structure {type:marginalia;}">
      <Coords points="1559,1756 1748,1756 1748,1931 1558,1931 1559,1920"/>
      <TextLine id="line_1661857421715_117" custom="readingOrder {index:0;}">
        <Coords points="1559,1765 1576,1762 1613,1763 1635,1760 1640,1764 1739,1770 1741,1812 1583,1811 1571,1805 1559,1809"/>
        <Baseline points="1559,1803 1690,1801"/>
        <Word id="region0001_line0023_word0011" custom="readingOrder {index:0;}">
          <Coords points="1563,1766 1563,1802 1689,1803 1743,1807 1740,1774 1662,1766"/>
          <TextEquiv>
            <Unicode>Keck ⸗ aber</Unicode>
          </TextEquiv>
        </Word>
        <TextEquiv>
          <Unicode>Keck ⸗ aber</Unicode>
        </TextEquiv>
      </TextLine>
      <TextLine id="line_1661857533372_217" custom="readingOrder {index:1;}">
        <Coords points="1559,1810 1571,1806 1583,1812 1745,1814 1744,1847 1559,1847"/>
        <Baseline points="1561,1847 1582,1840 1690,1841"/>
        <Word id="word_1661857533439_220" custom="readingOrder {index:0;}">
          <Coords points="1561,1810 1571,1806 1583,1812 1744,1811 1744,1846 1561,1847"/>
          <TextEquiv>
            <Unicode>fromm ⸗ er⸗</Unicode>
          </TextEquiv>
        </Word>
        <TextEquiv>
          <Unicode>fromm ⸗ er⸗</Unicode>
        </TextEquiv>
      </TextLine>
      <TextLine id="line_1661857533371_216" custom="readingOrder {index:2;}">
        <Coords points="1559,1847 1744,1847 1744,1890 1671,1891 1657,1887 1650,1891 1640,1886 1628,1890 1620,1884 1604,1888 1564,1885 1559,1879"/>
        <Baseline points="1559,1848 1561,1847"/>
        <Word id="word_1661857533439_219" custom="readingOrder {index:0;}">
          <Coords points="1561,1847 1687,1847 1687,1880 1561,1879"/>
          <TextEquiv>
            <Unicode>theilter</Unicode>
          </TextEquiv>
        </Word>
        <TextEquiv>
          <Unicode>theilter</Unicode>
        </TextEquiv>
      </TextLine>
      <TextLine id="line_1661857421730_121" custom="readingOrder {index:3;}">
        <Coords points="1559,1880 1564,1886 1604,1889 1620,1885 1628,1891 1640,1887 1650,1892 1657,1888 1671,1892 1690,1890 1691,1937 1624,1935 1619,1939 1609,1938 1603,1933 1582,1932 1574,1926 1558,1923 1559,1920"/>
        <Baseline points="1559,1914 1578,1921 1690,1927"/>
        <Word id="word_1661857421730_124" custom="readingOrder {index:0;}">
          <Coords points="1559,1880 1564,1886 1604,1889 1620,1885 1628,1891 1640,1887 1650,1892 1657,1888 1671,1892 1687,1890 1688,1929 1560,1928"/>
          <TextEquiv>
            <Unicode>Befelch.</Unicode>
          </TextEquiv>
        </Word>
        <TextEquiv>
          <Unicode>Befelch.</Unicode>
        </TextEquiv>
      </TextLine>
      <TextEquiv>
        <Unicode>Keck ⸗ aber
fromm ⸗ er⸗
theilter
Befelch.</Unicode>
      </TextEquiv>
    </TextRegion>
    <TextRegion orientation="-0.3997726" type="marginalia" readingDirection="left-to-right" id="TextRegion_1661857441444_170" custom="readingOrder {index:5;} structure {type:marginalia;}">
      <Coords points="1552,2267 1733,2267 1733,2519 1547,2519"/>
      <TextLine id="line_1661857421746_139" custom="readingOrder {index:0;}">
        <Coords points="1552,2260 1566,2259 1728,2268 1730,2315 1675,2313 1641,2310 1571,2311 1555,2308 1552,2309"/>
        <Baseline points="1552,2305 1689,2302"/>
        <Word id="region0001_line0033_word0012" custom="readingOrder {index:0;}">
          <Coords points="1616,2310 1616,2269 1555,2268 1555,2308 1560,2309"/>
          <TextEquiv>
            <Unicode>Die</Unicode>
          </TextEquiv>
        </Word>
        <Word id="region0001_line0033_word0013" custom="readingOrder {index:1;}">
          <Coords points="1630,2274 1629,2310 1641,2310 1675,2313 1689,2310 1730,2308 1729,2286"/>
          <TextEquiv>
            <Unicode>Wun⸗</Unicode>
          </TextEquiv>
        </Word>
        <TextEquiv>
          <Unicode>Die Wun⸗</Unicode>
        </TextEquiv>
      </TextLine>
      <TextLine id="line_1661857421762_141" custom="readingOrder {index:1;}">
        <Coords points="1552,2310 1555,2309 1571,2312 1640,2311 1675,2314 1730,2312 1731,2354 1632,2355 1568,2347 1551,2350"/>
        <Word id="region0001_line0034_word0012" custom="readingOrder {index:0;}">
          <Coords points="1554,2318 1554,2349 1568,2347 1632,2355 1730,2353 1729,2318"/>
          <TextEquiv>
            <Unicode>der ⸗ Wuͤr⸗</Unicode>
          </TextEquiv>
        </Word>
        <TextEquiv>
          <Unicode>der ⸗ Wuͤr⸗</Unicode>
        </TextEquiv>
      </TextLine>
      <TextLine id="line_1661857421762_143" custom="readingOrder {index:2;}">
        <Coords points="1551,2353 1568,2348 1632,2356 1675,2356 1730,2353 1731,2391 1657,2395 1649,2391 1640,2391 1631,2398 1624,2398 1564,2392 1559,2389 1550,2389"/>
        <Baseline points="1550,2379 1690,2385"/>
        <Word id="region0001_line0035_word0000" custom="readingOrder {index:0;}">
          <Coords points="1638,2359 1553,2358 1553,2389 1559,2389 1564,2392 1624,2398 1631,2398 1638,2392"/>
          <TextEquiv conf="0.9290311">
            <Unicode>ckung</Unicode>
          </TextEquiv>
        </Word>
        <Word id="region0001_line0035_word0001" custom="readingOrder {index:1;}">
          <Coords points="1651,2362 1651,2392 1655,2394 1665,2394 1728,2390 1727,2361"/>
          <TextEquiv>
            <Unicode>wird</Unicode>
          </TextEquiv>
        </Word>
        <TextEquiv>
          <Unicode>ckung wird</Unicode>
        </TextEquiv>
      </TextLine>
      <TextLine id="line_1661857421762_145" custom="readingOrder {index:3;}">
        <Coords points="1550,2390 1559,2390 1564,2393 1631,2399 1640,2392 1671,2396 1676,2392 1712,2390 1712,2435 1639,2438 1634,2432 1626,2432 1613,2437 1596,2436 1576,2434 1571,2430 1550,2428"/>
        <Baseline points="1550,2417 1575,2423 1690,2426"/>
        <Word id="region0001_line0036_word0009" custom="readingOrder {index:0;}">
          <Coords points="1553,2426 1616,2427 1616,2405 1565,2401 1560,2398 1553,2398"/>
          <TextEquiv>
            <Unicode>dem</Unicode>
          </TextEquiv>
        </Word>
        <Word id="region0001_line0036_word0010" custom="readingOrder {index:1;}">
          <Coords points="1707,2398 1676,2398 1671,2402 1640,2398 1631,2405 1628,2404 1628,2425 1707,2425"/>
          <TextEquiv>
            <Unicode>Heil.</Unicode>
          </TextEquiv>
        </Word>
        <TextEquiv>
          <Unicode>dem Heil.</Unicode>
        </TextEquiv>
      </TextLine>
      <TextLine id="line_1661857421762_147" custom="readingOrder {index:4;}">
        <Coords points="1549,2429 1571,2431 1576,2435 1596,2437 1613,2438 1634,2433 1639,2439 1707,2438 1706,2474 1662,2474 1656,2470 1643,2469 1634,2474 1621,2474 1606,2478 1600,2472 1549,2474"/>
        <Baseline points="1549,2461 1689,2464"/>
        <Word id="region0001_line0037_word0009" custom="readingOrder {index:0;}">
          <Coords points="1706,2472 1706,2440 1639,2439 1634,2433 1613,2438 1596,2437 1576,2435 1571,2431 1553,2430 1553,2469 1641,2469 1643,2469 1652,2469"/>
          <TextEquiv>
            <Unicode>Stephano</Unicode>
          </TextEquiv>
        </Word>
        <TextEquiv>
          <Unicode>Stephano</Unicode>
        </TextEquiv>
      </TextLine>
      <TextLine id="line_1661857421762_149" custom="readingOrder {index:5;}">
        <Coords points="1549,2475 1600,2473 1606,2479 1611,2479 1621,2475 1634,2475 1643,2470 1650,2470 1662,2475 1717,2472 1718,2522 1654,2524 1650,2527 1638,2527 1632,2522 1575,2519 1548,2519"/>
        <Baseline points="1548,2510 1690,2515"/>
        <Word id="region0001_line0038_word0009" custom="readingOrder {index:0;}">
          <Coords points="1594,2473 1553,2475 1553,2518 1717,2519 1717,2475 1662,2475 1659,2473 1636,2473 1634,2475 1621,2475 1611,2479 1606,2479 1600,2473"/>
          <TextEquiv>
            <Unicode>unterſagt.</Unicode>
          </TextEquiv>
        </Word>
        <TextEquiv>
          <Unicode>unterſagt.</Unicode>
        </TextEquiv>
      </TextLine>
      <TextEquiv>
        <Unicode>Die Wun⸗
der ⸗ Wuͤr⸗
ckung wird
dem Heil.
Stephano
unterſagt.</Unicode>
      </TextEquiv>
    </TextRegion>
  </Page>
</PcGts>
