1581 2367
160 433 271 484 einem
279 435 443 495 gewiſſen
451 428 765 490 Manuſcripto,
767 431 805 489 ſo
806 440 845 479 in
860 429 916 483 des
921 430 1054 482 Herrn

160 501 229 544 von
238 493 496 557 Seckendorff
498 483 805 551 Manuſcriptis
814 489 888 534 mir
898 495 941 543 zu
941 486 1055 542 Haͤn⸗

162 546 227 595 den
243 558 438 603 kommen/
449 567 526 597 und
542 555 672 595 dahero
688 558 789 597 billig
798 551 920 609 werth
924 557 970 608 zu
977 546 1055 608 hal⸗

165 616 236 662 ten.
295 613 488 667 Nachdem
503 614 557 660 die
566 607 961 664 Schlacht⸗Ordnung
974 617 1057 659 vor⸗

165 660 225 714 her
251 674 400 733 gemacht
408 672 591 730 geweſen/
592 672 677 709 ritte
691 664 824 720 Koͤnig
831 681 1056 719 Guſtavus

166 731 231 779 den
239 733 284 793 6.
278 732 495 783 Novemb.
502 735 561 790 des
576 730 671 784 1632.
692 727 819 781 Jahres
830 728 907 772 mit
903 733 940 781 2.
955 727 1058 769 ſeiner

168 784 513 844 Sattel⸗Knechte/
523 800 590 834 um
603 792 719 834 ſeinen
728 786 910 836 Vortheil
918 787 1060 835 abzuſe⸗

170 841 260 905 hen/
273 854 331 899 ein
338 856 458 906 wenig
463 874 537 905 von
547 867 608 903 der
620 859 758 903 Armee
763 861 825 900 ab.
883 859 986 898 Aber
995 867 1059 896 der

172 905 288 973 Koͤnig
296 916 379 979 ſtieß
386 915 439 960 im
448 912 677 968 damahligen
686 909 808 958 dicken
808 905 1062 955 Nebel⸗Wet⸗

173 967 226 1014 ter
246 975 542 1028 unvermuthend
567 996 616 1026 an
632 983 710 1021 eine
726 978 937 1026 Kaͤiſerliche
955 969 1064 1018 Par⸗

175 1027 254 1084 they
268 1035 536 1089 Couraßirer/
538 1034 615 1092 auff
623 1031 771 1081 welcher
777 1037 887 1081 beyde
900 1029 1067 1080 Piſtolen

174 1081 292 1144 loͤſete/
306 1109 384 1146 und
394 1104 625 1146 detendirte
630 1099 694 1141 ſich
704 1095 983 1145 hernachmahls
994 1089 1067 1145 mit

178 1147 254 1200 dem
267 1154 418 1214 Degen.
477 1156 724 1207 Dergleichen
735 1154 863 1197 thaten
873 1160 962 1205 auch
974 1159 1066 1201 ſeine

175 1198 303 1260 beyden
319 1219 502 1264 Knechte/
516 1229 639 1270 indem
658 1217 751 1268 wird
771 1222 811 1271 er
828 1213 898 1270 mit
918 1219 1069 1259 etlichen

178 1262 362 1330 Schuͤſſen
380 1278 584 1330 getroffen/
600 1285 672 1326 alſo
697 1284 769 1328 daß
784 1283 824 1324 er
840 1278 930 1325 vom
944 1271 1071 1318 Pferd

179 1335 364 1392 geſuncken
372 1343 443 1389 mit
458 1344 526 1385 den
539 1336 679 1390 Degen
684 1336 725 1377 in
731 1339 794 1376 der
801 1332 939 1384 Fauſt/
960 1329 1074 1374 bleibt

182 1390 261 1444 aber
269 1399 321 1448 im
327 1398 529 1456 Stegreiff
535 1401 620 1441 oder
631 1395 772 1447 Biegel
786 1402 857 1442 mit
870 1408 954 1444 dem
965 1404 1073 1444 einen

182 1438 266 1503 Fuß
279 1457 450 1512 hangen/
462 1465 511 1512 da
517 1465 619 1513 dann
636 1456 702 1511 ihn
716 1457 788 1503 das
803 1451 927 1499 Pferd
938 1452 998 1503 ein
1005 1455 1076 1516 gut

182 1507 310 1577 Stuͤck
310 1519 455 1576 Weges
458 1516 665 1571 geſchleifft/
661 1515 734 1575 ehe
731 1522 766 1571 eꝛ
772 1529 844 1565 aus
861 1517 928 1569 dem
941 1508 1077 1561 Steg⸗

186 1572 266 1627 reiff
279 1578 462 1628 kommen.
521 1575 759 1624 Unterdeſſen
777 1575 853 1622 ſind
868 1576 923 1625 die
931 1575 1079 1630 Reuter

187 1629 292 1684 neben
299 1640 376 1695 ihm
383 1644 472 1690 her/
484 1642 606 1702 hauen
614 1642 692 1696 und
698 1647 826 1691 ſtechen
832 1643 917 1685 auff
921 1642 1002 1686 ihn/
1008 1647 1080 1686 alſo

188 1683 255 1742 daß
262 1705 299 1740 er
309 1706 356 1739 11.
370 1702 510 1748 Stiche
522 1719 599 1751 und
607 1696 772 1750 Schuͤße
779 1697 931 1752 gehabt/
941 1705 1082 1756 darun⸗

189 1743 241 1793 ter
254 1764 285 1801 2.
301 1756 467 1811 Schuͤße
485 1761 599 1811 durch
613 1763 681 1817 den
697 1754 847 1820 Kopff/
855 1759 921 1807 als
929 1763 994 1805 der
1002 1755 1083 1806 eine

189 1799 291 1864 durch
309 1833 377 1869 den
385 1821 569 1892 Schlaff/
585 1827 652 1876 der
657 1824 791 1872 andere
797 1819 907 1879 durch
915 1818 985 1875 den
993 1814 1085 1873 Ba⸗

191 1860 283 1919 cken/
290 1876 342 1920 die
350 1876 504 1928 uͤbrigen
513 1901 552 1932 in
562 1889 631 1935 den
644 1879 730 1928 Leib
737 1879 898 1945 gangen.
936 1873 1085 1936 Unter⸗

192 1933 403 2004 waͤhrenden
421 1953 536 2010 dieſen
545 1949 706 2008 Dingen
713 1949 806 1995 wird
821 1954 883 1995 der
892 1946 968 1993 eine
976 1940 1088 1992 Sat⸗

190 1974 386 2047 tel⸗Knecht
399 2012 614 2052 geſchoſſen/
629 2001 701 2063 daß
711 2008 753 2052 er
769 2002 860 2056 auch
874 2000 985 2060 gleich
999 2005 1089 2047 vom

195 2031 328 2110 Pferde
335 2058 417 2118 faͤllt
426 2071 505 2120 und
512 2069 589 2123 todt
597 2062 718 2112 bleibt.
747 2058 846 2112 Den
853 2066 995 2113 andern
1003 2057 1094 2106 aber
