1669 2552
110 514 161 555 die
179 514 351 566 Pflantzen
367 517 477 555 etwas
492 511 674 563 erwachſen
691 512 782 563 ſind,
805 512 868 555 kan
889 522 971 554 man
989 513 1053 555 die⸗

109 566 214 617 ſelben
223 566 306 614 nach
314 565 483 613 Belieben
496 565 735 616 verpflantzen;
737 566 857 612 weilen
872 565 948 608 aber
965 566 1055 614 nicht

108 620 171 662 alle
191 615 309 670 gefuͤllt
335 620 496 666 werden,
522 617 556 668 ſo
578 618 680 668 pflege
703 617 750 667 ich
772 617 930 668 allemahl
947 633 979 664 3.
1000 621 1056 661 bis

109 685 146 711 4.
162 669 372 722 beyſammen
387 679 427 719 zu
437 668 552 722 ſetzen,
567 669 687 719 mithin
705 671 756 712 die
770 669 935 720 einfachen
949 673 982 712 in
998 675 1055 714 der

110 724 252 777 Bluͤthe
268 722 502 776 auszuziehen,
527 723 578 767 die
602 721 760 776 gefuͤllten
783 725 861 769 aber
884 723 992 775 ſtehen
1017 733 1055 774 zu

111 782 227 829 laſſen.

440 844 508 891 20)
538 845 737 894 Colocynthis.

163 898 225 950 Jſt
247 898 317 944 eine
336 898 405 945 Art
428 899 546 944 wilder
561 896 731 949 Kuͤrbiße,
756 899 937 939 Cucurbita
961 912 1056 948 agre-

109 940 163 986 ſtis
184 951 262 991 oder
278 946 436 996 ſylveſtris
457 949 621 997 genannt.
671 947 773 992 Man
791 946 850 994 hat
866 949 969 997 einige
987 951 1056 992 Ar⸗

107 1009 195 1062 ten,
219 1007 298 1049 als:

161 1050 376 1099 Colocynthis
398 1050 513 1092 fructu
538 1051 684 1089 rotundo
710 1055 830 1100 major.

178 1120 201 1140 -
264 1124 297 1140 -
351 1120 385 1136 -
441 1120 481 1136 -
533 1127 564 1138 -
627 1129 642 1137 -
707 1108 828 1145 minor.

111 1160 182 1199 und
195 1157 277 1206 noch
287 1159 408 1199 andere
417 1156 530 1208 mehr,
546 1157 597 1200 die
604 1155 663 1207 bey
672 1159 735 1198 den
756 1156 948 1196 Cucurbitis
956 1167 1056 1206 ange⸗

109 1208 222 1263 fuͤhret
234 1214 368 1254 werden
384 1209 505 1261 ſollen;
529 1210 632 1258 Man
649 1208 747 1260 ziehet
759 1209 860 1262 ſolche
877 1207 974 1259 eben,
988 1211 1056 1253 wie

111 1264 192 1314 dieſe
211 1271 278 1308 aus
298 1263 484 1312 Saamen.

113 1334 182 1383 21)
208 1336 337 1372 Colutea
350 1334 498 1382 veſicaria
520 1335 676 1384 Africana
694 1345 813 1374 annua,
832 1335 960 1380 floribus
978 1343 1053 1382 pur-

350 1390 454 1437 pureis
480 1390 619 1436 veſiculis
643 1388 807 1438 compreſſis

164 1459 229 1511 Jſt
252 1462 322 1504 eine
346 1461 416 1506 Art
440 1465 501 1504 des
524 1460 703 1512 Welſchen
729 1457 1055 1511 Linſenbaͤumleins,

113 1510 230 1561 welche
254 1511 313 1563 bey
328 1513 391 1553 den
411 1506 732 1562 Baumgewaͤchſen
752 1508 949 1559 beſchrieben
974 1518 1058 1552 wer⸗

113 1558 196 1611 den,
218 1565 290 1604 und
303 1562 416 1612 wird,
440 1561 506 1605 wie
518 1560 620 1613 dieſe,
643 1567 711 1605 aus
727 1559 899 1609 Saamen
913 1570 1055 1611 gezogen

111 1619 181 1658 und
203 1622 377 1668 gewartet.

436 1680 505 1728 22)
529 1679 742 1729 Delphinium.

157 1732 248 1779 Das
267 1735 492 1788 Delphinium
514 1732 576 1784 hat
600 1734 745 1786 mehrere
770 1732 1058 1783 Benennungen,

112 1786 167 1828 als
184 1787 418 1838 Calcatrippa,
441 1786 502 1824 flos
514 1790 644 1837 regius,
671 1791 734 1826 flos
751 1791 903 1827 calcaris,
928 1799 987 1829 am
1004 1793 1057 1830 be⸗

111 1833 176 1883 ſten
190 1840 268 1882 aber
282 1839 320 1891 iſt
332 1848 369 1881 es
382 1843 481 1881 unter
497 1840 573 1882 dem
588 1840 735 1884 Namen
751 1841 929 1877 Conſolida
947 1846 1057 1888 Rega-

115 1886 171 1931 lis,
191 1893 258 1943 auf
267 1894 385 1946 teutſch
402 1893 643 1945 Ritterſporn,
660 1896 814 1937 bekannt.
866 1893 921 1937 Es
940 1896 977 1944 iſt
989 1902 1058 1937 ein⸗

112 1935 184 1989 fach
210 1947 282 1990 und
312 1942 458 1993 gefuͤllt,
491 1948 555 1984 mit
579 1947 735 1997 blauen,
750 1944 1057 1992 Fleiſchfarbenen,

115 2002 241 2053 weiſſen
259 2005 330 2044 und
347 1999 654 2053 Purpurfarbenen
673 1997 856 2051 Bluͤthen,
881 2003 961 2043 als:

114 2036 324 2096 Delphinum
351 2055 436 2083 flore
456 2055 533 2083 albo
557 2057 667 2096 pleno.

189 2127 205 2139 -
251 2133 273 2147 -
321 2137 353 2145 -
393 2132 409 2141 -
460 2126 621 2165 argenteo
643 2114 757 2166 pleno.

196 2183 212 2192 -
262 2189 280 2197 -
331 2187 346 2195 -
395 2182 412 2192 -
465 2177 586 2204 carneo
601 2164 713 2216 pleno.
