2766 4156
1009 1331 1208 1374 Votum!

319 1447 427 1497 Mein
446 1449 567 1497 GOtt
588 1450 659 1491 und
670 1444 797 1489 Vater
815 1446 879 1488 des
889 1439 1026 1496 Lichts!
1052 1442 1111 1483 der
1128 1442 1175 1480 du
1193 1444 1286 1487 zwar
1301 1431 1454 1491 wohneſt
1470 1435 1508 1478 in
1527 1429 1632 1475 einem
1649 1424 1852 1481 unzugaͤng⸗

429 1505 536 1556 lichen
554 1503 676 1555 Licht,
709 1505 793 1544 aber
818 1502 872 1543 die
888 1498 1071 1553 Deinigen
1087 1497 1148 1541 ins
1162 1493 1343 1541 Dunckele
1361 1490 1513 1547 fuͤhreſt,
1545 1489 1582 1543 ja
1598 1488 1647 1532 im
1665 1485 1854 1532 Dunckeln

428 1560 551 1611 herum
576 1559 728 1614 fuͤhreſt,
764 1562 812 1600 du
842 1554 918 1608 haſt
943 1558 1008 1597 den
1033 1558 1277 1605 vergangenen
1295 1548 1475 1602 Dienſtag
1502 1550 1575 1588 uns
1600 1544 1694 1588 einen
1718 1538 1856 1596 finſtern

431 1617 518 1669 Tag
521 1606 675 1669 erleben
686 1608 856 1668 laſſen,
870 1623 918 1652 an
943 1609 1107 1659 welchem
1123 1613 1176 1649 du
1191 1606 1272 1648 eben
1294 1607 1332 1648 in
1350 1610 1409 1648 der
1423 1599 1788 1653 Mittags ⸗ Stunde
1803 1598 1857 1639 ein

433 1674 552 1722 bisher
562 1674 665 1712 unter
683 1677 757 1712 uns
775 1667 946 1717 ſcheinend
956 1671 1030 1707 und
1047 1663 1220 1705 brennend
1237 1661 1331 1709 Licht
1347 1659 1453 1710 durch
1471 1662 1536 1701 den
1553 1658 1638 1703 Tod
1657 1655 1746 1699 einer
1759 1657 1859 1705 gott⸗

435 1724 559 1774 ſeligen
576 1722 748 1773 adelichen
756 1713 981 1765 Matron
930 1709 970 1767 zu
986 1718 1093 1764 unſer
1101 1713 1238 1765 groſſen
1245 1712 1481 1763 Beſtuͤrtzung
1495 1705 1715 1758 ausloͤſchen,
1735 1708 1807 1746 und
1819 1709 1860 1746 es

432 1772 587 1820 dadurch
604 1774 641 1815 in
665 1771 763 1819 unſer
784 1770 869 1811 aller
884 1766 1047 1816 Hertzen,
1077 1762 1262 1814 beſonders
1287 1767 1345 1803 der
1365 1751 1479 1811 hohen
1504 1755 1752 1808 Angehoͤrigen
1785 1755 1859 1806 ſehr

434 1821 546 1877 finſter
564 1825 698 1863 werden
718 1817 850 1871 laſſen.
884 1806 984 1860 Nun,
1033 1816 1069 1866 ſo
1085 1813 1204 1863 erhebe
1220 1813 1307 1861 doch
1325 1811 1411 1851 uͤber
1431 1814 1495 1851 uns
1510 1808 1591 1850 dein
1610 1805 1764 1854 Antlitz,
1794 1801 1859 1854 laß

437 1884 477 1918 es
494 1876 581 1925 auf⸗
597 1877 635 1928 ja
659 1876 695 1917 in
713 1877 786 1916 uns
812 1869 988 1922 leuchten,
1005 1868 1076 1918 auf
1098 1869 1170 1919 daß
1193 1866 1258 1907 wir
1275 1865 1444 1916 geneſen!
1478 1863 1598 1910 mache
1625 1861 1712 1909 doch
1739 1859 1857 1906 unſere

436 1932 626 1983 Finſternis
643 1929 757 1979 Licht,
783 1929 856 1969 und
870 1924 938 1976 laß
957 1934 1028 1967 von
1045 1924 1099 1964 dir
1114 1919 1290 1972 gnaͤdigen
1316 1923 1391 1959 und
1414 1914 1680 1964 barmhertzigen
1695 1915 1859 1963 GOTT

436 1983 562 2024 mitten
578 1979 616 2021 in
633 1981 686 2022 die
700 1972 1070 2031 Trauer⸗Finſternis,
1092 1971 1145 2015 ein
1161 1955 1673 2020 Freuden ⸗ und Troſt ⸗ Licht
1699 1952 1858 2012 nachein⸗

436 2038 545 2080 ander
561 2031 759 2088 aufgehen,
785 2029 848 2087 laß
864 2035 939 2073 uns
955 2029 993 2073 in
1011 2027 1142 2073 deinem
1165 2024 1257 2077 Licht
1280 2025 1375 2079 ſehen
1392 2026 1464 2066 das
1480 2018 1593 2078 Licht,
1625 2021 1699 2064 und
1727 2009 1861 2069 leuchte

436 2098 511 2140 uns
528 2095 643 2138 damit
662 2093 697 2146 ſo
715 2090 819 2144 lange
835 2087 873 2132 in
888 2093 963 2134 dem
981 2082 1118 2142 finſtern
1138 2083 1240 2137 Thal
1260 2086 1324 2128 des
1338 2079 1468 2127 Lebens
1488 2089 1581 2132 vor,
1617 2076 1676 2123 bis
1702 2075 1767 2121 wir
1791 2074 1861 2123 mit

439 2158 499 2201 der
516 2164 588 2199 von
607 2157 679 2198 uns
694 2148 972 2208 abgeſchiedenen
990 2144 1130 2205 ſeeligen
1147 2141 1287 2198 Seele,
1314 2152 1354 2198 zu
1373 2146 1448 2188 dem
1467 2136 1682 2194 Erb ⸗ Theil
1699 2141 1757 2181 der
1775 2135 1865 2187 Hei⸗

440 2213 532 2267 ligen
562 2211 609 2256 im
635 2207 729 2263 Licht
753 2206 943 2264 gelangen,
977 2201 1146 2249 darinnen
1172 2212 1239 2248 vor
1266 2199 1396 2246 deinem
1416 2193 1697 2252 Lichts ⸗ Thron
1725 2190 1869 2248 herrlich

440 2279 620 2325 prangen,
653 2269 691 2323 ja
709 2268 747 2313 in
764 2267 875 2314 deiner
892 2262 1005 2323 ſuͤſſen
1023 2262 1248 2317 Umarmung
1270 2258 1337 2304 mit
1366 2259 1454 2305 allen
1472 2255 1630 2303 Kindern
1656 2258 1720 2298 des
1744 2250 1873 2307 himm⸗

441 2330 561 2382 liſchen
579 2329 695 2379 Lichts
712 2337 753 2380 zu
766 2325 900 2369 deinem
917 2320 1047 2376 ewigen
1065 2319 1154 2365 Lobe
1171 2314 1405 2375 anſtimmen:
1431 2314 1597 2365 GOTT
1587 2307 1634 2367 du
1681 2309 1744 2365 biſt
1762 2308 1871 2361 mein,

442 2401 493 2437 du
517 2397 588 2443 biſt
598 2397 709 2443 unſer
719 2394 904 2442 GOTT!
932 2390 1064 2437 Amen.

340 2493 767 2901 G

770 2527 905 2583 en.15,
923 2541 955 2574 1.
979 2526 1179 2588 Fuͤrchte
1198 2526 1299 2583 dich
1315 2524 1449 2574 nicht,
1467 2517 1677 2577 Abram,
1702 2521 1771 2571 ich
1789 2516 1870 2565 bin

778 2586 898 2638 dein
922 2587 1108 2644 Schild
1131 2588 1229 2638 und
1254 2583 1358 2632 dein
1387 2579 1489 2640 ſehr
1518 2575 1690 2640 groſſer
1732 2572 1854 2629 Lohn.

795 2646 927 2702 Dieſe
951 2646 1140 2695 uͤberaus
1182 2640 1365 2699 wichtige
1408 2635 1685 2693 Verheiſſung
1729 2632 1871 2678 bekam

796 2702 964 2750 Abram
981 2707 1067 2746 von
1087 2702 1220 2751 GOtt
1238 2695 1315 2753 juſt
1332 2703 1381 2750 zu
1398 2693 1469 2739 der
1486 2689 1607 2748 Zeit,
1642 2693 1698 2737 da
1719 2685 1767 2743 ſie
1787 2685 1876 2741 ihm

795 2771 872 2814 am
891 2748 1123 2815 noͤthigſten
1148 2765 1256 2803 war.

878 2806 1088 2854 Wichtig
1104 2817 1211 2850 war
1227 2807 1283 2855 ſie
1298 2800 1346 2848 in
1354 2792 1601 2854 Anſehung
1616 2792 1694 2850 (1)
1713 2788 1871 2849 Jhres

803 2856 1076 2930 goͤttlichen
1094 2863 1347 2917 Urhebers:
1392 2861 1498 2904 denn
1532 2862 1576 2903 es
1602 2853 1766 2906 geſchah
1789 2855 1873 2895 das

343 2929 480 2979 Wort
489 2935 560 2977 des
569 2926 728 2988 HErrn
740 2928 800 2974 im
811 2918 993 2975 Geſichte
1034 2920 1089 2978 zu
1071 2920 1252 2972 Abram.
1301 2916 1442 2974 Dieſer
1451 2913 1591 2970 HErr,
1603 2898 1876 2970 JEHOVA

348 2992 574 3040 genannt,
613 2992 683 3034 der
720 2981 905 3038 Weſener
932 2981 1033 3028 aller
1060 2973 1239 3035 Dinge,
1270 2975 1423 3025 kommt
1455 2976 1544 3020 dem
1581 2966 1877 3021 bekuͤmmerten

343 3044 522 3093 Abram
533 3044 614 3090 mit
632 3047 761 3089 einem
777 3032 1042 3096 weſentlichen
1061 3034 1206 3082 reellen
1224 3031 1348 3087 Troſt
1364 3039 1412 3087 zu
1429 3024 1600 3083 ſtatten:
1640 3029 1709 3073 der
1728 3020 1880 3083 HErr,

358 3100 516 3164 welcher
538 3100 618 3157 hier
641 3098 908 3158 inſonderheit
932 3093 1001 3143 der
1021 3094 1159 3150 Sohn
1177 3092 1384 3147 GOttes,
1403 3094 1471 3136 der
1485 3085 1779 3143 unerſchaffene
1801 3083 1886 3134 En⸗

359 3158 451 3213 gel,
473 3157 543 3204 der
560 3160 694 3217 Engel
712 3162 784 3205 des
799 3139 1056 3209 Angeſichtes
1069 3150 1278 3200 GOttes,
1291 3146 1492 3203 erſcheinet
1508 3140 1594 3196 hier
1609 3144 1700 3188 dem
1717 3133 1893 3198 gedach⸗

351 3224 431 3264 ten
455 3216 638 3274 Freunde
656 3216 837 3269 GOttes
870 3224 910 3260 in
933 3213 1062 3257 einem
1085 3208 1269 3265 Geſichte
1305 3216 1378 3266 zur
1408 3201 1573 3259 finſtern
1607 3199 1881 3254 Nacht⸗Zeit,

348 3267 452 3314 und
468 3270 573 3317 ſucht
588 3272 687 3317 ſeine
692 3256 1114 3336 Seelen⸗Finſternis
1133 3260 1243 3312 Licht
1258 3268 1310 3316 zu
1327 3252 1520 3308 machen:
1549 3253 1593 3307 ja
1613 3250 1697 3304 der
1711 3235 1887 3299 HErr,

1881 2521 2002 2558 Exord.
2013 2529 2072 2567 ge-

1876 2565 2001 2620 nerale.

1891 3133 1941 3185 Eſ.
1951 3144 2018 3187 63,
2031 3137 2072 3185 9.

1199 3331 1298 3381 A2

1743 3308 1888 3367 deſſen
