1574 2397
886 390 935 420 52

488 464 591 505 Auges
616 461 698 494 nicht
729 461 842 493 dunkel
866 468 969 501 genug
997 457 1050 499 ist,
1091 470 1142 491 um
1171 459 1219 492 die
1244 458 1341 492 hellen

489 520 618 554 Streifen
636 518 692 550 auf
707 518 758 550 der
779 516 931 550 Netzhaut
949 514 1015 546 sehr
1031 515 1215 558 empfindbar
1228 525 1267 545 zu
1284 523 1344 544 ma-

488 581 576 616 chen.
620 582 721 613 Wenn
741 589 809 610 man
836 577 901 610 dem
923 578 1007 609 Glase
1026 576 1078 608 der
1100 577 1212 608 Camera
1232 574 1345 605 obscura

490 643 588 683 einige
601 638 784 681 Bedeckung
798 637 879 678 gibt,
901 648 932 670 so
945 637 1063 669 werden
1082 638 1129 670 die
1150 635 1275 670 Streifen
1293 634 1349 668 auf

491 705 585 735 ihrem
603 703 705 735 Boden
726 701 866 734 ebenfalls
885 698 1036 733 lebhafter.

556 774 614 805 Die
635 770 897 811 Beschattung
923 766 1002 799 kann
1023 767 1104 800 nicht
1122 769 1171 800 die
1189 764 1347 806 einzige

492 830 623 875 Ursache
643 837 733 868 seyn,
761 828 828 859 weil
847 838 915 859 man
935 826 982 857 die
1003 823 1242 866 Lichtschweife,
1272 820 1348 855 auch

493 899 583 922 wenn
610 898 678 920 man
703 887 797 920 durch
817 888 865 918 ein
898 884 1145 919 durchstochenes
1167 883 1350 917 Kartenblatt

495 954 588 993 sieht,
610 950 693 996 nicht
712 952 784 985 eher
803 950 943 990 erblickt,
966 951 1007 981 als
1021 948 1066 981 bis
1079 959 1146 980 man
1164 948 1212 980 die
1225 950 1351 988 Augen-

496 1012 589 1046 lieder
622 1011 781 1046 zudrückt.
826 1011 898 1044 Hier
927 1008 1051 1041 können
1076 1006 1122 1039 die
1148 1005 1350 1049 Augenlieder

495 1075 579 1110 nicht
597 1074 691 1108 durch
710 1071 909 1115 Beschattung
927 1070 1059 1111 wirken,
1081 1072 1147 1103 weil
1162 1071 1213 1103 das
1229 1071 1352 1102 Karten-

494 1137 570 1170 blatt
591 1136 683 1168 schon
699 1135 749 1167 das
773 1134 878 1175 übrige
890 1133 975 1166 Licht
986 1132 1094 1167 abhält.

559 1202 596 1240 Je
616 1199 729 1230 stärker
754 1208 822 1229 man
845 1197 976 1233 blinzelt,
997 1196 1082 1227 desto
1102 1195 1187 1226 mehr
1210 1195 1284 1226 wird
1304 1193 1354 1225 die

496 1262 584 1292 Linse
597 1256 758 1299 gedrückt,
781 1258 864 1287 desto
882 1253 999 1297 gröſser
1013 1255 1133 1287 werden
1150 1254 1196 1285 die
1212 1253 1352 1285 Uneben-

496 1322 597 1355 heiten
611 1319 691 1352 ihrer
705 1318 893 1358 Oberfläche,
914 1317 997 1350 desto
1015 1317 1118 1359 länger
1133 1315 1180 1348 die
1196 1315 1333 1348 Streifen.

561 1392 636 1427 Daſs
662 1393 709 1425 die
732 1389 874 1425 Schweife
893 1390 952 1423 sich
972 1388 1028 1422 mit
1048 1388 1116 1421 dem
1135 1389 1224 1429 Auge
1242 1385 1353 1419 drehen

498 1459 634 1497 müssen,
657 1454 734 1498 folgt
750 1464 807 1486 von
825 1453 924 1489 selbst.

904 1559 936 1583 2.

568 1619 631 1645 Der
641 1620 671 1644 in
686 1606 741 1646 der
748 1616 969 1641 Beschreibung
987 1610 1080 1634 dieser
1090 1600 1297 1638 Erscheinung
1306 1594 1361 1640 be-

500 1667 616 1700 merkte
635 1667 797 1706 Umstand,
821 1666 905 1698 daſs
927 1666 985 1697 die
1010 1663 1187 1696 Strahlen
1216 1661 1355 1701 schräg

469 1727 600 1761 nach
624 1730 780 1761 unserm
803 1729 911 1766 Auge
930 1724 995 1755 her
1021 1733 1085 1755 aus
1108 1724 1173 1756 der
1191 1723 1355 1755 Flamme

500 1787 760 1821 auszufahren
792 1786 988 1823 scheinen,
1014 1784 1052 1816 ist
1068 1783 1115 1813 ein
1137 1782 1282 1824 optischer
1301 1785 1353 1817 Be-

502 1854 587 1886 trug,
608 1845 659 1875 der
670 1844 729 1885 bey
744 1854 907 1884 genauerer
918 1840 1118 1885 Betrachtung
1130 1839 1353 1874 verschwindet.

501 1911 540 1942 Es
557 1909 595 1939 ist
618 1906 780 1946 natürlich,
802 1904 866 1938 daſs
882 1905 936 1937 wir
957 1904 1004 1935 die
1017 1904 1145 1936 Flamme
1166 1904 1207 1936 als
1221 1902 1279 1935 den
1295 1902 1353 1935 Ort

501 1964 646 2011 ansehen,
680 1978 738 2003 von
764 1968 830 2002 dem
858 1969 905 2001 die
925 1967 1060 2002 Strahlen
1087 1964 1246 2007 ausgehen.
1295 1966 1354 1999 Die
