1747 2440
232 349 293 389 der
311 343 747 399 Allerdurchlauchtigſten
770 342 965 399 Kayſerin.

1008 354 1055 394 53

150 436 209 474 wir
228 445 264 475 es
281 437 361 483 recht
380 435 552 483 bedenken,
577 446 638 482 gar
666 444 772 481 keinen
792 435 985 484 Augenblick
1009 449 1058 481 ge⸗

149 501 209 531 gen
225 494 314 535 unſre
332 489 613 537 Vergaͤnglichkeit
639 491 792 538 geſichert.
847 496 945 534 Unſer
963 488 1056 545 Leben

150 541 210 580 kan
228 541 381 589 ploͤtzlich,
407 539 460 590 ehe
486 543 545 579 wir
568 549 602 579 es
621 542 707 589 ſelbſt
732 557 796 588 und
825 548 879 587 ehe
905 556 940 596 es
959 552 1058 593 andre

151 589 281 634 denken,
297 589 355 626 wie
365 590 414 626 ein
426 588 590 634 Schatten
607 595 846 635 verſchwunden
859 599 940 633 ſeyn.
969 601 1060 649 Mit⸗

152 649 203 680 ten
225 650 317 683 unter
338 647 394 682 den
423 643 577 691 weiteſten
593 646 801 690 Ausſichten,
827 651 859 679 in
875 653 934 679 den
954 653 1056 688 beſten

151 689 349 740 Hofnungen
367 692 515 737 zeitlicher
525 697 774 738 Gluͤckſeligkeit,
789 710 878 752 unter
895 706 953 750 den
967 706 1060 751 muͤh⸗

152 746 283 791 ſamſten
309 744 555 792 Beſtrebungen
575 756 631 782 um
648 754 730 790 das,
762 765 833 796 was
861 767 990 802 ſichtbar
1008 755 1057 805 iſt,

155 798 216 834 kan
234 802 287 835 der
316 792 439 849 Menſch
457 797 557 845 dahin
585 801 656 842 ſeyn
682 808 749 849 und
773 808 819 850 im
834 809 973 854 Staube
1000 813 1059 854 des

153 846 261 890 Todes
289 847 453 888 darnieder
478 847 588 896 liegen.
647 861 702 898 O!
731 858 790 905 wie
814 863 917 907 gewiß
950 863 986 908 iſt
1008 869 1057 910 es,

153 911 225 941 was
237 904 354 945 David
371 903 536 945 bekennet:
565 901 702 952 Siehe,
724 911 832 957 meine
850 912 952 957 Tage
971 915 1056 952 ſind

154 952 252 993 einer
281 952 398 1000 Hand
434 951 548 1002 breit,
603 958 708 991 mein
732 962 861 993 Leben
891 961 938 1002 iſt
975 969 1056 1015 wie

153 1003 310 1048 Nichts
317 1016 394 1045 vor
409 1005 485 1047 dir.
524 1001 634 1053 Wie
649 1015 723 1055 gar
740 1013 869 1060 nichts
890 1019 978 1068 ſind
984 1021 1055 1067 alle

154 1057 378 1111 Menſchen,
392 1058 450 1101 die
459 1056 557 1103 doch
572 1058 613 1111 ſo
623 1060 740 1111 ſicher
754 1063 871 1100 leben.
898 1071 952 1113 Pſ.
966 1072 1014 1126 39,
1024 1076 1058 1120 6.

229 1160 292 1210 Jſt
308 1155 382 1202 aber
392 1163 469 1209 dieſe
480 1161 764 1207 unausſprechliche
774 1166 1060 1209 Vergaͤnglichkeit

154 1213 211 1249 des
229 1209 341 1250 Lebens
360 1209 441 1249 nicht
458 1208 533 1249 eben
553 1214 626 1255 das,
651 1221 723 1246 was
740 1219 819 1246 alles
839 1215 937 1258 Thun
965 1232 1060 1272 unter

156 1266 209 1303 der
229 1264 350 1307 Sonne
367 1265 439 1304 eitel
457 1264 584 1311 macht?
618 1266 709 1305 Was
726 1270 777 1312 fuͤr
799 1275 929 1312 zeitliche
950 1278 1058 1312 Ange⸗

154 1309 347 1359 legenheiten
373 1319 496 1357 koͤnnen
525 1327 587 1359 wir
619 1320 804 1368 beſchließen
832 1330 897 1377 und
926 1336 1059 1380 vorneh⸗

155 1376 240 1409 men,
262 1368 338 1410 nach
353 1360 425 1407 was
443 1367 495 1412 fuͤr
517 1369 712 1414 ſcheinbaren
723 1377 854 1425 Guͤtern
869 1381 989 1426 koͤnnen
999 1379 1060 1431 wir

157 1414 328 1460 verlangen
345 1415 410 1453 und
426 1417 565 1462 ſtreben,
593 1425 642 1467 die
657 1440 722 1472 uns
745 1430 821 1475 uͤber
838 1434 886 1478 die
903 1436 1060 1485 Graͤnzen

156 1465 213 1503 des
230 1464 362 1504 Grabes
378 1463 542 1515 begleiten,
559 1480 633 1513 oder
651 1489 706 1521 am
720 1479 816 1521 Ende
829 1485 928 1527 dieſes
943 1489 1061 1536 Lebens

156 1525 221 1556 uns
237 1520 327 1561 einen
343 1518 466 1571 Nutzen
484 1520 638 1567 ſchaffen?
665 1524 763 1561 Sind
787 1537 824 1557 es
839 1534 967 1581 Kuͤnſte
992 1543 1059 1591 und

155 1569 443 1623 Wißenſchaften?
468 1570 561 1612 Was
590 1573 661 1619 hilft
678 1583 743 1623 uns
761 1585 841 1626 alles
858 1590 1005 1638 Wißen,
1031 1595 1062 1643 ſo

156 1622 242 1669 ferne
259 1630 295 1663 es
312 1635 349 1674 zu
366 1624 459 1673 dieſer
468 1623 561 1665 Welt
575 1629 716 1673 gehoͤret,
734 1640 827 1675 wenn
841 1643 896 1677 wir
914 1646 958 1687 die
966 1646 1063 1691 Welt

157 1681 307 1728 verlaßen
326 1680 472 1730 muͤßen?
496 1679 560 1729 Jſt
574 1689 610 1722 es
620 1683 709 1732 Ehre
725 1689 788 1719 und
806 1690 962 1741 Anſehen,
980 1706 1062 1744 wor⸗

157 1728 220 1776 auf
232 1729 293 1768 wir
310 1735 375 1769 uns
388 1729 560 1778 verlaßen:
583 1735 664 1770 Wie
673 1738 744 1770 eitel
753 1740 791 1775 iſt
803 1745 857 1788 es!
886 1747 968 1795 denn
978 1758 1065 1801 wem

159 1786 243 1827 wird
257 1788 318 1827 wol
323 1779 411 1836 ſeine
431 1781 613 1842 Herlichkeit
621 1789 840 1842 nachfahren?
865 1795 966 1845 Wird
979 1806 1062 1851 nicht

157 1838 211 1876 der
226 1836 424 1888 Erhabenſte
439 1846 476 1886 zu
493 1838 616 1880 Staub
633 1851 698 1883 und
718 1844 827 1901 Aſche,
848 1853 900 1899 der
911 1854 991 1904 Leib,
1007 1863 1063 1904 der

145 1890 230 1937 noch
239 1890 271 1937 ſo
287 1891 427 1939 praͤchtig
441 1890 643 1938 geſchmuͤcket
654 1902 702 1946 iſt,
722 1899 767 1944 im
777 1902 864 1950 Tode
874 1908 924 1952 ein
933 1911 1063 1960 Scheu⸗

156 1940 201 1984 ſal
208 1942 262 1979 der
272 1939 464 1989 Lebendigen
472 1947 634 1980 werden?
656 1949 729 1987 Hat
745 1959 821 2005 man
833 1957 1063 2006 Reichthuͤmer

155 1996 219 2031 und
227 1993 362 2047 Schaͤtze
376 1995 474 2043 dieſes
494 1995 609 2036 Lebens
627 2004 794 2042 geſamlet:
823 2012 917 2061 Was
925 2019 1011 2062 wird
1023 2030 1058 2066 es

628 2066 660 2105 D
690 2079 705 2105 3

982 2081 1063 2128 ſeyn,
