1544 2271
188 345 247 384 62.
270 357 304 391 5.
325 346 485 390 Chamae
498 350 675 400 ſtriatae.

189 395 247 435 63.
263 406 296 436 5.
310 399 399 437 dito.

190 441 248 482 64.
264 446 337 483 Eine
349 451 479 493 Auſter,
494 457 542 484 ein
556 459 720 488 Steinkern
737 470 796 487 von
804 465 884 487 einer
897 465 1039 498 Chama,

236 507 294 540 und
313 510 360 544 ein
381 508 512 546 Abdruck
528 512 609 547 einer
628 513 909 554 Jakobsmuſchel
931 524 989 556 auf
1001 524 1042 550 ei⸗

234 560 299 591 nem
317 557 493 602 Feuerſtein,
509 562 571 594 aus
585 564 636 596 der
654 575 829 610 Ukermarck.

188 599 246 641 65.
277 613 333 639 12.
357 603 579 644 Terebrateln
606 616 663 642 mit
682 615 793 648 ſtarken
813 622 947 651 Furchen
970 625 1040 645 eben

232 658 333 700 daher.

185 706 244 743 66.
264 717 320 743 12.
334 706 424 746 dito.

184 752 245 791 67.
270 763 328 786 12.
345 754 436 790 dito.

185 805 246 840 68.
266 815 323 841 12.
337 808 394 843 mit
409 809 506 848 feinen
519 808 671 849 Streifen,
686 810 763 854 eben
778 815 882 853 daher.

185 855 245 893 69.
269 848 333 888 12.
348 855 440 899 glatte
465 855 703 903 Terebrateln,
731 866 789 893 mit
812 873 907 896 einem
926 870 1040 903 ſtarken

233 901 346 951 Sulco,
360 904 431 944 eben
444 906 547 953 daher.

181 970 243 1004 70.
268 972 325 1000 12.
340 961 428 1004 dito.

181 1022 242 1056 71.
257 1017 316 1055 Ein
331 1015 421 1069 dito,
437 1013 521 1072 nebſt
537 1017 616 1073 einem
624 1020 790 1061 Steinkern
799 1028 880 1060 einer
887 1026 1039 1063 conchae

226 1063 380 1123 veneris,
398 1072 473 1119 beyde
495 1070 526 1124 in
515 1071 685 1115 Matrice
692 1077 877 1121 calcarea,
885 1087 955 1112 eben
965 1091 1036 1119 dah.

182 1117 243 1149 72.
272 1124 305 1157 3.
333 1119 390 1160 tief
406 1121 552 1164 gefurchte
570 1129 632 1155 und
652 1132 790 1164 gefaltete
813 1137 1037 1161 Terebrateln

230 1178 289 1212 aus
304 1182 354 1217 der
368 1181 527 1223 Schweitz.
587 1179 678 1220 Wal
710 1181 799 1221 Tab.
828 1194 884 1226 17.
903 1196 936 1223 3.

181 1218 243 1256 73.
257 1219 315 1256 Ein
327 1221 509 1272 Syſterolit
545 1227 584 1275 in
576 1227 745 1262 Matrice
766 1234 948 1271 calcarea,
975 1243 1037 1262 aus

229 1268 302 1309 Ball
315 1276 345 1312 in
358 1274 545 1319 Schwaben.

183 1321 242 1359 74.
263 1315 495 1373 Verſchiedene
516 1330 716 1375 Steinkerne
724 1341 787 1365 von
811 1338 1035 1369 Terebrateln

206 1367 286 1407 und
299 1372 664 1424 Flußpoſthoͤrnchens.

182 1427 241 1464 75.
260 1434 316 1465 12.
332 1428 430 1468 Stuͤck
450 1434 513 1475 fein
534 1437 679 1475 geſtreifte
699 1440 935 1472 Terebrateln.

179 1478 239 1514 76.
262 1489 319 1518 12.
332 1480 431 1521 Stuͤck
449 1484 538 1520 dito.

181 1527 239 1565 77.
259 1521 316 1580 Ein
330 1526 462 1582 Echinus
492 1535 746 1580 Mammillaris,
753 1549 814 1570 aus
823 1547 1034 1580 derSchweitz.

182 1571 240 1606 78.
253 1575 312 1615 Ein
324 1581 401 1617 dito
415 1586 529 1623 kleiner,
547 1591 638 1627 beyde
651 1596 714 1624 ſind
728 1599 984 1625 Kalckſteinartig.

182 1620 239 1658 79.
252 1634 287 1662 2.
301 1631 509 1672 hutfoͤrmige
522 1642 719 1675 Echiniten,
741 1652 785 1667 im
803 1652 981 1678 Feuerſtein.

182 1669 240 1706 80.
255 1684 288 1712 2.
300 1682 377 1716 dito
392 1692 452 1715 aus
465 1697 516 1716 der
530 1696 713 1719 Ukermarck.

183 1720 237 1777 zr.
252 1738 286 1768 2.
300 1736 389 1774 dito.

181 1769 236 1809 82.
252 1785 285 1818 3.
299 1785 454 1829 Lapides
463 1804 620 1840 judaici,
635 1798 707 1842 eben
721 1803 825 1845 daher.

183 1817 238 1858 33.
253 1836 288 1867 7.
296 1837 559 1892 Judennadeln,
575 1853 647 1892 eben
654 1855 759 1896 daher.
