2814 3162
607 445 670 489 am
685 442 835 490 dritten
852 445 1070 491 Sonntage
1089 442 1180 491 nach
1195 433 1428 483 Trinitatis.

1734 448 1812 491 793

148 1786 217 1844 Geſetz

146 1823 193 1877 ſoll
193 1842 229 1877 al⸗

146 1870 187 1917 lein
194 1890 237 1934 den

143 1916 205 1972 alten

140 1966 229 2022 menſchẽ

142 2005 229 2063 treiben.

229 512 302 559 frey
328 515 488 556 worden
520 510 606 564 ſeyd
634 519 720 552 von
746 511 818 554 der
837 507 1004 558 Suͤnde,

229 556 306 608 ſeyd
329 560 391 613 ihr
407 560 585 608 Knechte
611 559 681 601 der
697 555 1004 609 Gerechtigkeit.

229 607 309 657 Das
325 610 393 664 ſind
407 615 478 662 die,
502 615 553 652 die
567 612 650 653 alles
664 612 729 650 mit
742 610 866 659 freyem
873 605 1007 656 Gewiſ⸗

229 659 272 711 ſen
286 664 366 713 ohne
378 664 510 717 Zwang
524 668 584 706 des
599 664 748 714 Geſetzes
764 663 862 712 thun.

273 731 332 770 23.
358 722 444 768 Denn
464 728 529 765 das
544 720 790 770 Evangelium,
809 728 865 761 wo
875 723 911 760 es
920 717 1007 770 recht

229 761 272 806 im
284 767 415 819 Hertzen
430 776 486 820 iſt,
512 780 570 811 ſoll
585 782 676 810 einen
692 770 815 818 ſolchen
823 765 1005 816 Menſchen

229 824 354 876 machen,
400 827 455 869 der
470 821 559 877 nicht
573 824 605 874 ſo
623 818 720 872 lange
728 821 859 870 harret,
877 819 930 862 bis
941 820 1006 863 das

229 868 328 924 Geſetz
342 873 502 920 kommet;
527 879 665 923 ſondern
680 876 718 921 iſt
732 873 766 920 ſo
780 875 848 912 voll
856 871 1007 917 Freuden

229 920 260 963 in
275 926 418 979 Chriſto,
443 932 516 978 Luſt
530 932 599 969 und
612 928 703 968 Liebe
718 928 776 974 hat
793 933 866 974 zum
874 924 1007 969 Guten,

230 967 290 1020 daß
304 983 335 1015 er
349 985 445 1024 gerne
460 986 630 1023 jederman
644 980 729 1024 helfe
742 982 812 1012 und
827 976 1007 1020 wohlthue,

230 1031 281 1068 wo
295 1039 325 1073 er
338 1032 418 1082 kan,
439 1040 505 1075 aus
522 1037 644 1081 freyem
665 1034 822 1079 Hertzen,
839 1030 894 1076 ehe
902 1035 935 1068 er
944 1028 1010 1066 ein⸗

229 1082 294 1123 mal
306 1094 350 1127 an
365 1085 428 1128 das
442 1088 571 1135 Geſetze
588 1087 734 1130 dencket,
765 1090 842 1138 wage
858 1080 924 1127 ſein
936 1079 1009 1124 Leib

232 1132 294 1174 und
304 1135 405 1181 Leben
427 1147 490 1187 gar
511 1142 635 1185 hinan,
658 1139 768 1185 nichts
791 1134 936 1183 darnach
957 1139 1011 1179 ge⸗

231 1173 331 1231 fragt,
356 1193 432 1227 was
447 1200 480 1227 er
496 1193 638 1227 daruͤber
656 1192 753 1230 leide,
771 1189 840 1221 und
856 1186 922 1227 alſo
944 1186 1011 1220 voll

232 1242 318 1283 guter
331 1243 475 1289 Wercke
488 1248 617 1291 werde,
627 1245 676 1296 die
700 1250 756 1296 von
770 1242 838 1290 ſich
858 1239 946 1288 ſelbſt
952 1240 1012 1279 da⸗

233 1279 281 1329 her
294 1289 425 1340 flieſſen:
455 1300 620 1342 gleichwie
636 1295 791 1338 Chriſtus
810 1298 1010 1335 gezwungen

235 1333 314 1388 nicht
325 1345 393 1385 will
407 1352 496 1386 einen
505 1350 722 1391 Strohhalm
730 1347 908 1389 aufheben,
933 1347 1011 1378 aber

229 1388 463 1447 ungezwungen
480 1404 568 1445 laͤſſet
584 1411 617 1436 er
632 1403 692 1443 ſich
711 1400 768 1444 fuͤr
785 1399 869 1442 mich
885 1399 954 1431 und
963 1397 1011 1430 al⸗

234 1433 260 1474 le
271 1439 367 1487 Welt
382 1457 447 1490 ans
462 1458 572 1495 Creutz
587 1456 753 1491 ſchlagen,
779 1454 848 1481 und
856 1451 947 1487 ſtirbt
954 1448 1010 1491 fuͤr

236 1481 294 1528 das
329 1503 473 1539 verlorne
499 1507 712 1543 Schaͤflein:
755 1507 820 1532 das
845 1502 951 1540 heiſſet
973 1501 1012 1541 ja

229 1538 353 1595 Werck
364 1555 442 1597 uͤber
456 1560 600 1597 Werck.

282 1614 340 1657 24.
364 1606 510 1668 Demnach
539 1611 625 1654 lerne
641 1620 712 1652 nun
721 1611 814 1661 wohl
820 1606 1011 1660 unterſchei⸗

238 1636 310 1694 den,
331 1663 397 1693 und
412 1665 492 1702 dieſe
506 1661 641 1694 Stuͤcke
657 1660 755 1700 beyde
768 1656 854 1695 recht
863 1660 898 1692 zu
909 1655 1009 1691 legen,

237 1700 298 1743 und
312 1715 346 1755 zu
359 1714 496 1759 theilen,
522 1724 621 1748 wenn
636 1718 673 1746 es
681 1714 756 1755 zum
762 1708 899 1756 Treffen
906 1708 1009 1749 komt,

240 1743 279 1790 da
292 1752 351 1796 das
363 1766 470 1812 Geſetz
484 1772 553 1798 und
569 1768 703 1800 Suͤnde
717 1767 781 1797 mit
795 1767 869 1796 dem
876 1759 1010 1800 Gewiſ⸗

240 1792 286 1842 ſen
299 1805 477 1856 diſputiret,
495 1823 560 1853 daß
578 1824 623 1843 du
653 1824 714 1844 dem
732 1820 811 1852 Moſi
829 1814 1010 1850 getroſt
958 1814 1015 1856 ins

242 1847 341 1893 Maul
358 1873 502 1931 greifeſt,
524 1876 595 1923 und
615 1874 731 1925 heiſſeſt
745 1874 801 1923 ihn
816 1866 1010 1922 ſchweigen,

245 1899 350 1959 weiſeſt
370 1917 425 1963 ihn
444 1924 567 1962 heraus
589 1927 655 1959 auf
673 1927 787 1950 deinen
803 1924 890 1949 alten
905 1924 1013 1948 Men⸗

245 1957 339 2021 ſchen;
365 1981 425 2024 den
448 1980 542 2035 fuͤhre
559 1990 598 2032 zu
618 1978 723 2031 Moſe
742 1979 777 2022 in
789 1979 841 2023 die
858 1974 1013 2029 Schule,

254 2010 301 2064 daß
314 2017 348 2074 er
359 2024 407 2074 mit
423 2028 475 2074 ihm
493 2034 665 2064 diſputire,
681 2034 752 2055 und
766 2032 910 2069 ſpreche:
934 2026 1013 2058 Hoͤ⸗

243 2065 295 2112 reſt
309 2069 369 2120 du,
393 2079 437 2115 du
452 2083 510 2120 biſt
523 2089 629 2121 zumal
643 2088 714 2122 faul
727 2089 797 2110 und
812 2088 906 2116 traͤge
912 2081 1012 2114 gutes

243 2117 277 2157 zu
294 2118 391 2173 thun,
413 2133 488 2167 dem
506 2137 677 2173 Naͤheſten
699 2146 737 2173 zu
751 2140 879 2161 dienen.
927 2132 1013 2162 Wo

244 2158 285 2206 du
303 2168 400 2223 ſolteſt
420 2185 588 2224 Chriſtum
609 2194 702 2216 loben,
753 2192 787 2220 ſo
810 2187 952 2220 trinckeſt
969 2187 1014 2208 du

247 2206 337 2260 lieber
351 2230 417 2264 eine
442 2239 564 2266 Kanne
578 2242 668 2265 Bier
681 2249 778 2263 aus:
812 2243 867 2267 ehe
889 2242 934 2258 du
956 2238 1012 2265 ſol⸗

246 2262 297 2313 teſt
308 2271 341 2314 in
353 2279 486 2329 Gefahr
499 2290 603 2324 ſtehen
618 2302 678 2316 um
691 2296 813 2325 Chriſti
827 2295 961 2320 willen,
982 2291 1017 2317 ſo

246 2318 362 2373 raubeſt
381 2336 426 2371 du
445 2340 507 2370 viel
528 2344 640 2373 lieber,
665 2353 735 2365 und
758 2348 934 2372 betreugeſt
956 2347 1018 2360 den

247 2364 429 2440 Naͤheſten,
460 2397 520 2425 wo
520 2396 584 2452 du
606 2398 708 2455 kanſt.
759 2402 834 2461 Fuͤr
849 2400 1019 2454 denſelben

246 2411 347 2472 faulen
362 2423 567 2488 Schelmen,
588 2449 646 2494 der
660 2451 747 2504 nicht
762 2457 830 2508 fort
846 2454 938 2502 will,
952 2453 1020 2503 und

248 2477 296 2524 die
308 2488 421 2545 Faͤuſte
434 2508 523 2559 nicht
535 2508 679 2553 arbeiten
693 2510 835 2560 wollen,
860 2507 912 2553 die
926 2504 1012 2560 Fuͤſſe

249 2532 331 2587 nicht
342 2545 440 2596 gehen
461 2570 517 2604 wo
532 2562 574 2610 ſie
586 2560 704 2612 ſollen,
731 2555 787 2604 die
798 2561 920 2611 Augen
934 2562 1026 2612 nicht

249 2582 366 2647 zuͤchtig
366 2595 479 2656 ſehen,
506 2609 547 2653 da
548 2607 663 2656 magſt
681 2609 720 2656 du
735 2610 885 2656 ſteinerne
914 2613 1025 2656 Tafeln

250 2628 396 2686 nehmen,
420 2650 489 2681 und
504 2662 548 2679 auf
579 2667 634 2701 den
647 2662 730 2707 Eſel
747 2673 853 2712 damit
872 2672 1018 2712 ſchlagen,

252 2671 311 2730 daß
324 2694 357 2729 er
371 2696 438 2739 fort
451 2702 564 2736 muͤſſe.

295 2760 364 2797 25.
376 2757 522 2803 Darum,
573 2777 631 2813 wo
661 2772 707 2816 du
728 2771 813 2820 mich
834 2769 1026 2824 angreifeſt,

1010 508 1063 550 da
1080 509 1115 546 es
1130 503 1217 551 recht
1232 505 1287 553 iſt,
1312 502 1370 552 ſoll
1386 513 1466 545 man
1482 514 1518 553 zu
1533 499 1636 551 Moſe
1651 499 1810 552 ſprechen,

1023 566 1055 603 ſo
1070 557 1141 602 will
1150 556 1196 608 ich
1208 556 1276 607 dich
1294 564 1382 605 gerne
1397 549 1501 607 hoͤren
1500 555 1568 597 und
1578 553 1706 606 folgen,
1721 561 1814 595 nem⸗

1024 608 1101 662 lich,
1127 610 1177 654 die
1192 610 1293 660 Fauſt
1307 610 1376 650 und
1391 609 1477 650 mein
1493 609 1613 656 Leben,
1640 601 1731 656 auſer
1753 606 1816 648 dem

1023 666 1184 714 Glauben
1200 664 1268 706 und
1284 662 1524 710 Gerechtigkeit
1539 662 1664 704 meines
1680 659 1814 709 Gewiſ⸗

1021 719 1097 761 ſens
1121 717 1176 766 fuͤr
1198 717 1337 764 GOtt;
1363 716 1406 757 da
1429 716 1535 762 magſt
1552 717 1597 756 du
1612 713 1736 762 regiren
1753 711 1818 754 wie

1028 770 1074 814 ein
1106 767 1336 822 Zuchtmeiſter
1361 771 1457 810 unter
1485 768 1559 808 dem
1586 768 1734 815 Geſinde
1769 766 1818 808 im

1023 819 1164 872 Hauſe,
1188 821 1257 863 und
1274 819 1356 870 mich
1375 816 1486 869 heiſſen
1502 815 1693 865 gehorſam,
1726 813 1820 867 zuͤch⸗

1028 872 1091 919 tig,
1101 868 1248 921 gedultig
1258 868 1349 923 ſeyn,
1358 869 1432 912 dem
1440 863 1610 917 Naͤheſten
1621 868 1712 916 wohl
1720 868 1818 916 thun,

1026 934 1086 967 den
1103 925 1231 969 Armen
1250 924 1375 978 helfen,
1399 923 1512 971 GOtt
1526 921 1619 963 loben
1643 922 1711 961 und
1735 921 1819 967 prei⸗

1030 987 1096 1027 ſen,
1114 977 1195 1026 dazu
1216 977 1301 1028 mich
1325 976 1420 1028 laſſen
1444 970 1601 1028 ſchaͤnden
1617 975 1685 1015 und
1703 969 1821 1020 laͤſtern

1026 1039 1086 1073 um
1088 1025 1205 1082 ſeines
1235 1023 1331 1080 Worts
1370 1025 1499 1075 willen,
1525 1026 1592 1068 und
1605 1023 1725 1072 leiden,
1753 1024 1820 1073 daß

1027 1086 1093 1130 mir
1108 1085 1158 1127 die
1172 1085 1282 1130 Welt
1293 1085 1357 1128 alle
1371 1083 1481 1134 Plage
1497 1080 1650 1129 anleget;
1676 1080 1737 1125 deß
1761 1079 1818 1121 bin

1029 1135 1073 1187 ich
1098 1135 1180 1177 alles
1201 1133 1293 1183 wohl
1314 1132 1502 1187 zufrieden,
1534 1132 1603 1174 und
1634 1129 1704 1172 will
1727 1130 1821 1180 wohl

1028 1186 1121 1236 mehr
1135 1185 1239 1234 thun,
1266 1185 1351 1226 denn
1367 1184 1414 1236 ich
1431 1183 1513 1235 nach
1530 1183 1605 1227 dem
1624 1175 1818 1230 aͤuſerlichen

1030 1242 1210 1296 Menſchen
1234 1243 1317 1291 thun
1333 1243 1409 1284 kan.
1460 1242 1569 1287 Denn
1587 1241 1642 1282 der
1664 1240 1759 1283 Geiſt
1778 1237 1817 1275 iſt

1029 1296 1161 1346 willig,
1186 1294 1305 1348 ſpricht
1327 1292 1502 1345 Chriſtus,
1529 1295 1597 1335 und
1621 1293 1712 1341 mehr
1734 1292 1821 1331 denn

1027 1347 1152 1398 willig,
1197 1346 1312 1389 obwol
1344 1349 1410 1388 das
1448 1344 1567 1397 Fleiſch
1597 1341 1740 1395 ſchwach
1770 1340 1819 1390 iſt.

1027 1403 1136 1448 Denn
1152 1401 1218 1452 alſo
1235 1396 1293 1450 laͤſt
1309 1411 1342 1445 er
1357 1401 1418 1452 ſich
1435 1400 1523 1451 ſelbſt
1538 1396 1758 1449 beſchneiden,
1774 1394 1822 1438 im

1027 1454 1169 1502 Tempel
1182 1453 1318 1503 opfern,
1335 1450 1450 1501 geiſeln
1467 1452 1536 1492 und
1554 1447 1744 1499 creutzigen,
1765 1448 1823 1490 der

1028 1510 1096 1558 ihm
1117 1507 1225 1550 keines
1249 1506 1331 1551 noth
1358 1505 1415 1552 iſt,
1440 1505 1521 1556 noch
1542 1505 1609 1548 das
1631 1503 1739 1555 Geſetz
1755 1506 1819 1540 von

1030 1558 1097 1608 ihm
1115 1567 1152 1603 zu
1166 1556 1301 1603 fordern
1317 1555 1389 1603 hat.

1077 1610 1139 1648 26.
1157 1605 1247 1649 Aber
1270 1612 1368 1646 wenn
1391 1603 1438 1646 du
1450 1602 1537 1652 wilſt
1551 1602 1664 1645 weiter
1678 1599 1823 1653 greifen,

1027 1661 1069 1704 da
1085 1661 1130 1702 du
1146 1659 1234 1710 nicht
1251 1657 1322 1709 ſolſt
1331 1659 1568 1709 hinkommen,
1578 1655 1611 1698 in
1621 1654 1708 1697 mein
1722 1653 1819 1705 Hertz

1026 1715 1095 1758 und
1111 1712 1291 1761 Glauben,
1318 1712 1362 1755 da
1377 1711 1449 1754 will
1461 1710 1510 1760 ich
1526 1709 1596 1761 dich
1611 1702 1695 1758 weder
1714 1700 1813 1763 hoͤren

1028 1758 1108 1810 noch
1126 1755 1238 1808 ſehen:
1263 1755 1349 1798 denn
1365 1757 1407 1797 da
1424 1756 1507 1806 habe
1522 1755 1569 1806 ich
1583 1756 1676 1795 einen
1691 1755 1818 1801 andern

1026 1816 1150 1869 groſſen
1166 1812 1489 1866 unausſprechlichen
1505 1814 1660 1865 Schatz,
1684 1808 1823 1863 welcher

1029 1873 1133 1925 heiſſet
1154 1870 1309 1922 Chriſtus
1331 1870 1394 1912 mit
1418 1869 1517 1920 ſeiner
1533 1869 1648 1921 Taufe
1662 1868 1732 1910 und
1749 1866 1823 1911 Ev⸗

1029 1923 1171 1974 angelio.
1221 1924 1412 1967 Summa,
1441 1926 1521 1964 was
1544 1922 1606 1964 den
1628 1916 1821 1972 aͤuſerlichen

1030 1975 1212 2029 Menſchen
1226 1975 1356 2025 betrift,
1380 1976 1423 2018 da
1439 1975 1529 2023 kanſt
1545 1976 1590 2016 du
1606 1971 1695 2021 nicht
1709 1982 1745 2022 zu
1761 1972 1823 2016 viel

1030 2029 1180 2078 auflegen
1197 2026 1278 2077 noch
1294 2025 1437 2070 treiben;
1465 2026 1544 2067 aber
1559 2027 1634 2067 dem
1650 2022 1822 2074 Gewiſſen

1029 2081 1099 2133 folſt
1123 2083 1167 2123 du
1189 2079 1298 2130 nichts
1321 2075 1448 2120 uͤberall
1461 2076 1639 2126 auflegen:
1666 2077 1752 2118 denn
1768 2083 1823 2117 wo

1031 2137 1086 2180 der
1094 2134 1191 2185 Geiſt
1205 2133 1262 2181 iſt,
1287 2133 1342 2175 der
1350 2136 1417 2174 uns
1425 2130 1595 2177 Chriſtum
1604 2128 1751 2178 bringet,
1760 2125 1821 2166 der

1034 2189 1068 2241 iſt
1082 2185 1164 2232 uͤber
1177 2186 1241 2232 alle
1255 2183 1399 2236 Geſetze,
1427 2183 1492 2227 wie
1498 2183 1572 2227 St.
1580 2183 1722 2231 Paulus
1736 2180 1823 2232 ſaget

1040 2237 1173 2287 1Tim.
1191 2248 1224 2287 1,
1245 2247 1283 2285 9.
1326 2238 1429 2280 Dem
1448 2234 1670 2279 Gerechten
1670 2234 1727 2285 iſt
1741 2236 1823 2278 kein

1035 2289 1167 2346 Geſetz
1190 2286 1385 2343 gegeben;
1417 2290 1486 2332 und
1511 2287 1587 2336 thut
1608 2288 1688 2329 doch
1711 2286 1823 2337 gleich⸗

1036 2343 1105 2388 wol
1117 2344 1230 2393 mehr,
1255 2341 1340 2384 denn
1357 2350 1390 2383 er
1405 2339 1485 2391 nach
1501 2338 1575 2383 dem
1593 2338 1712 2389 Fleiſch
1728 2336 1823 2390 erfuͤl⸗

1038 2399 1087 2442 len
1102 2393 1210 2441 koͤnte.
1262 2396 1371 2443 Denn
1388 2394 1468 2446 nach
1485 2393 1661 2443 demſelben
1678 2393 1748 2441 ſind
1764 2393 1823 2434 wir

1037 2449 1147 2502 nichts
1163 2449 1250 2492 denn
1265 2445 1436 2498 Suͤnder,
1461 2447 1532 2488 und
1553 2443 1683 2494 unſerer
1697 2442 1823 2495 Perſon

1039 2504 1156 2558 halben
1180 2500 1308 2554 muͤſten
1330 2501 1394 2546 wir
1411 2499 1501 2552 wohl
1516 2504 1613 2543 unter
1628 2499 1703 2542 dem
1720 2496 1823 2551 Geſetz

1039 2557 1193 2598 verdamt
1208 2553 1358 2599 bleiben;
1384 2550 1462 2594 aber
1476 2561 1537 2593 um
1551 2549 1672 2600 Chriſti
1687 2551 1758 2592 und
1774 2550 1823 2593 der

1035 2611 1154 2663 Taufe
1168 2610 1280 2656 willen
1311 2606 1474 2664 ſchweben
1497 2605 1561 2651 wir
1583 2604 1663 2659 hoch
1667 2597 1743 2653 uͤber
1768 2597 1823 2653 alle

1035 2674 1178 2723 Geſetze.

1095 2727 1158 2767 27.
1181 2716 1262 2769 Alſo
1284 2716 1342 2771 ſoll
1361 2712 1491 2765 Moſes
1513 2710 1604 2763 auſer
1620 2711 1752 2766 Chriſto
1773 2711 1823 2764 ſein

1025 2776 1174 2831 Werck
1181 2774 1283 2826 uͤben,
1308 2775 1372 2821 daß
1381 2761 1522 2821 ertreibe
1526 2770 1589 2821 die,
1596 2768 1629 2821 ſo
1637 2770 1726 2821 nicht
1736 2772 1823 2820 Chri⸗

1832 1599 1889 1653 Jm

1826 1648 1922 1703 kampf

1828 1709 1877 1742 des
1892 1718 1939 1749 ge⸗

1828 1748 1940 1793 wiſſens

1828 1801 1877 1836 ſoll

1823 1825 1896 1861 man

1823 1873 1884 1910 kein
1902 1881 1948 1911 ge⸗

1830 1922 1874 1966 ſetz
1883 1917 1935 1967 hoͤ⸗

1823 1972 1889 2015 ren.

290 2793 419 2864 Luth.
426 2802 560 2867 Kirch.
566 2810 678 2867 Poſt.
693 2823 724 2863 l.
733 2817 864 2859 Theil.

1128 2836 1296 2885 Hhhhh

1771 2832 1823 2880 ſten
