1621 2256
506 293 555 333 1.
559 284 664 332 Tim.
664 284 784 331 1,15.
825 279 928 329 Das
936 279 985 330 iſt
995 279 1026 334 je
1036 278 1241 338 gewißlich
1248 278 1366 336 wahr
1377 279 1463 331 und

512 330 577 391 ein
597 332 729 390 theuer
751 322 919 389 werthes
930 325 1078 388 Wort.
1135 335 1189 382 Es
1209 328 1271 388 kann
1272 327 1343 393 ſich
1358 338 1465 382 ieder⸗

514 382 598 435 man
616 382 749 437 darauf
764 379 948 439 verlaſſen,
974 396 1012 431 es
1031 390 1068 440 iſt
1087 389 1160 431 kein
1173 386 1355 433 Betrug,
1376 387 1466 437 keine

513 449 578 494 Liſt
595 450 677 487 oder
694 444 883 494 Falſchheit
899 456 936 495 zu
946 436 1153 492 befuͤrchten.
1203 439 1285 488 Die
1297 433 1469 493 Prophe⸗

514 501 574 538 ten
586 494 634 534 im
648 494 733 542 alten
744 482 939 542 Teſtament
948 485 1091 543 pflegten
1101 481 1155 535 die
1165 484 1343 540 Goͤttliche
1351 481 1468 529 Auto-

510 538 602 590 ritaͤt
611 544 681 590 und
689 535 940 599 unbetruͤgliche
951 532 1153 596 Gewißheit
1167 538 1260 589 ihrer
1272 531 1468 593 Predigten

511 588 592 646 und
610 584 825 646 Schrifften
839 585 925 638 mit
937 589 1064 640 dem:
1116 586 1193 639 So
1222 582 1366 646 ſpricht
1385 592 1471 637 der

514 648 718 708 HERR,
729 663 765 702 zu
777 641 1016 701 behaupten.
1037 647 1169 698 Denn
1182 647 1225 693 es
1242 646 1288 703 iſt
1298 647 1393 698 noch
1405 645 1471 700 nie

513 710 624 765 keine
637 705 909 772 Weiſſagung
909 704 998 763 aus
1007 703 1298 764 menſchlichem
1307 707 1470 760 Willen

515 764 661 821 herfuͤr
681 769 847 820 bracht,
883 756 1055 822 ſondern
1069 767 1137 823 die
1148 759 1325 826 heiligen
1339 759 1471 816 Men⸗

510 814 627 878 ſchen
639 811 817 875 GOttes
829 809 959 876 haben
965 817 1122 875 geredt,
1129 811 1336 874 getrieben
1349 816 1470 871 durch

516 887 595 932 den
607 879 794 937 Heiligen
809 877 962 932 Geiſt,
977 894 1011 928 2.
1016 884 1168 935 Petr.1,
1185 889 1223 922 2.
1281 882 1363 924 Und
1376 890 1469 922 nun⸗

518 935 637 986 mehro
654 928 725 990 iſt
722 925 807 983 auch
832 936 879 978 im
914 933 1045 979 Neuen
1075 926 1274 985 Teſtament
1291 933 1395 976 durch
1419 934 1473 974 die

513 989 803 1041 Offenbahrung
812 987 888 1040 St.
897 981 1085 1039 Johannis
1095 991 1154 1029 der
1165 987 1297 1030 Canon
1312 982 1469 1037 geſchloſ⸗

514 1035 605 1096 ſen,
612 1037 689 1084 und
707 1036 771 1083 der
789 1036 933 1091 heiligen
950 1033 1072 1084 Bibel
1081 1037 1320 1088 Uberſchrifft:
1355 1035 1475 1077 Πᾶσα

520 1084 656 1154 γϱαϕὴ
675 1089 890 1141 θεόπνευϛος,
919 1082 1009 1143 Alle
1015 1082 1199 1142 Schrifft
1205 1095 1282 1138 von
1289 1088 1474 1143 GOTT

518 1136 775 1205 eingegeben,
795 1161 826 1193 2.
831 1143 934 1196 Tim.
947 1139 995 1195 III,
1010 1147 1075 1192 16.
1092 1140 1167 1203 Jſt
1185 1157 1242 1188 nun
1257 1151 1308 1189 die
1312 1141 1473 1197 Schrifft

514 1199 599 1262 von
605 1204 722 1251 GOtt
738 1197 962 1255 eingegeben,
990 1197 1016 1242 ſo
1028 1205 1093 1259 kan
1108 1204 1270 1245 niemand
1283 1202 1347 1242 mit
1360 1200 1475 1249 Recht

517 1261 578 1311 an
591 1252 700 1312 deren
712 1243 912 1307 Wahrheit
922 1241 1104 1302 zweiffeln.
1159 1241 1275 1309 Denn
1278 1237 1318 1301 es
1336 1242 1391 1304 iſt
1400 1258 1477 1298 un⸗

517 1306 742 1365 muͤglich,
765 1312 856 1360 daß
875 1306 1063 1356 GOTT
1063 1305 1197 1359 luͤge,
1216 1302 1338 1364 Hebr.
1347 1297 1404 1358 VI,
1412 1310 1477 1357 18.

523 1350 673 1414 Wegen
694 1360 910 1406 unendlicher
917 1352 1246 1408 Vollkommenheit
1260 1345 1363 1407 ſeines
1377 1360 1478 1402 aller⸗

517 1411 693 1462 heiligſten
703 1395 939 1457 Verſtandes
967 1391 1049 1458 kan
1071 1401 1157 1458 GOtt
1203 1406 1292 1450 nicht
1312 1402 1477 1455 betrogen

518 1464 682 1506 werden,
705 1463 778 1503 und
796 1450 910 1510 wegen
932 1451 1162 1507 unendlicher
1151 1456 1479 1505 Vollkommenheit

515 1511 629 1567 ſeines
646 1504 900 1563 allerheiligſten
936 1501 1085 1559 Willens
1105 1499 1188 1555 kan
1204 1499 1282 1557 GOtt
1311 1509 1400 1558 nicht
1418 1511 1477 1553 be⸗

516 1562 665 1624 truͤgen.
669 1564 745 1621 O
745 1563 874 1615 welch
874 1563 969 1617 eine
985 1559 1111 1618 Tieffe
1131 1558 1199 1613 des
1189 1563 1479 1620 Reichthums,

517 1613 643 1681 beyde
665 1618 726 1679 der
762 1612 947 1677 Weißheit
975 1627 1041 1674 und
1068 1609 1296 1675 Erkaͤntniß
1313 1613 1477 1678 GOttes.

517 1685 647 1736 Rom.
663 1691 719 1732 XI,
734 1688 793 1734 33.
846 1677 1028 1739 Heiliger
1037 1678 1208 1732 Vater!
1236 1678 1373 1738 heilige
1387 1683 1476 1728 uns

517 1745 570 1794 in
569 1737 737 1794 deiner
751 1730 1034 1795 Wahrneit,
1047 1739 1155 1795 dein
1184 1734 1316 1802 Wort
1318 1728 1387 1793 iſt
1399 1739 1476 1790 die

516 1791 793 1865 Wahhrheit:
837 1785 944 1860 Dein
971 1784 1076 1859 Wort
1104 1784 1169 1857 iſt
1186 1784 1344 1855 nichts,
1366 1784 1477 1853 denn
