1728 2264
802 252 1057 302 Rechtliches
1066 248 1313 293 Bedencken.

616 333 691 374 ches
704 328 859 379 erkaufen
871 329 969 376 darf,
991 324 1179 374 beſtaͤtiget,
1196 323 1372 371 verlanget
1389 318 1533 369 indeſſen

618 387 669 426 die
679 382 837 432 Abtißin,
855 380 920 427 daß
931 380 981 420 die
993 369 1180 427 angebliche
1190 373 1434 425 Aftervaſallen
1446 380 1532 411 nun⸗

618 437 712 482 mehr
730 437 781 478 die
794 432 900 479 Lehen
917 440 984 473 von
1003 430 1055 479 ihr
1072 430 1216 474 nehmen
1235 426 1354 476 ſollen,
1369 429 1474 467 deſſen
1489 422 1533 472 ſie

613 483 674 530 ſich
689 480 768 525 aber
784 479 956 528 weigern,
981 477 1089 525 haben
1106 474 1265 523 vielmehr
1279 472 1363 522 dieſe
1379 460 1439 520 ſich
1460 478 1536 518 zum

620 515 837 579 Naͤherrecht
857 521 1095 568 anerbothen,
1122 521 1290 559 darneben
1310 517 1538 564 angefuͤhret,

619 586 687 631 daß
706 584 758 624 die
776 583 880 623 Lehen
904 583 995 629 gantz
1020 578 1182 625 ungewiß
1206 574 1350 618 waͤren,
1348 564 1456 617 auch
1471 572 1538 613 das

616 636 754 681 Kloſter
766 638 815 675 die
827 631 1041 680 Vorlegung
1059 619 1114 669 der
1127 618 1466 679 Lehen⸗Protocollen
1485 623 1539 664 be⸗

615 680 754 735 ſtaͤndig
776 690 1004 731 verweigert,
1031 682 1113 729 dieſe
1140 679 1217 722 aber
1242 688 1302 720 um
1323 677 1358 727 ſo
1380 674 1537 723 noͤthiger

618 744 736 781 waͤre,
763 736 815 775 als
835 743 914 773 man
933 732 1020 779 nicht
1040 730 1171 778 wuͤſte,
1196 732 1275 768 was
1291 724 1461 775 eigentlich
1480 725 1537 775 fuͤr

619 786 765 832 Stuͤcke
782 794 855 831 zum
875 781 1102 831 Stiftslehen
1121 775 1328 828 gehoͤreten,
1361 780 1440 816 oder
1458 779 1537 816 was

621 838 681 887 fuͤr
695 835 798 881 Lehen
819 839 895 875 dem
907 829 1166 877 Commenthur
1183 838 1250 869 von
1259 824 1406 874 Delwig
1427 827 1537 869 1670.

625 881 827 931 abgekaufet
844 883 914 920 und
932 889 1000 919 von
1022 869 1127 926 deſſen
1139 871 1383 923 Lehenbarkeit
1394 870 1539 920 befreyet

622 939 778 980 worden,
800 934 998 981 derowegen
1016 933 1067 973 die
1080 929 1252 979 Vaſallen
1269 928 1328 973 bey
1340 930 1416 967 dem
1426 923 1540 973 Chur⸗

623 989 751 1033 Fuͤrſtl.
791 983 987 1032 Coͤlniſchen
1023 979 1210 1030 Officialat
1263 974 1305 1025 in
1311 975 1541 1026 Weſtphalen

629 1037 741 1083 Klage
762 1033 920 1083 erhoben,
934 1036 1006 1075 und
1025 1027 1184 1075 demnach
1200 1026 1355 1077 gefraget
1372 1025 1477 1067 wird:

691 1130 721 1170 I.
754 1129 824 1177 Ob
835 1127 894 1173 die
916 1121 1139 1176 angeſtellte
1151 1117 1284 1174 Klage
1297 1113 1548 1173 begruͤndet?

690 1188 840 1229 oder
853 1176 943 1234 durch
976 1166 1048 1228 die
1073 1162 1363 1235 gegeutheilige
1375 1170 1548 1227 Schutz⸗

750 1250 864 1290 reden
886 1240 1119 1296 abgelehuet
1140 1240 1229 1294 ſey?

688 1337 756 1381 Ob
774 1345 844 1379 nun
865 1342 951 1383 zwar
973 1333 1032 1374 der
1050 1331 1182 1376 Grund
1198 1334 1256 1372 der
1273 1328 1387 1376 Klage
1406 1324 1472 1373 auf
1484 1325 1550 1366 das

636 1392 687 1426 ius
706 1386 972 1424 amortizationis
989 1380 1119 1432 geſetzet
1136 1382 1300 1427 worden,
1321 1377 1461 1427 welches
1473 1375 1552 1416 wei⸗

637 1443 721 1482 land
739 1438 865 1486 Kayſer
884 1437 970 1481 Carl
998 1439 1055 1476 der
1079 1440 1133 1470 Vl.
1160 1435 1209 1475 im
1230 1430 1328 1478 Jahr
1357 1439 1464 1473 1727.
1487 1428 1552 1467 mit

639 1487 885 1536 Bewilligung
895 1471 1402 1536 JhrerChur⸗Fuͤrſtl.Durchl.
1409 1487 1447 1525 zu
1459 1475 1551 1521 Coͤln

643 1551 693 1581 im
703 1538 951 1586 Hertzogthum
961 1533 1188 1584 Weſtphalen
1211 1534 1333 1574 wieder
1349 1531 1401 1571 die
1414 1527 1554 1577 Stifter

641 1594 712 1631 und
725 1588 856 1636 Kloͤſter
869 1584 1101 1633 eingefuͤhret,
1125 1576 1198 1624 und
1211 1590 1278 1624 von
1290 1578 1418 1629 Hoͤchſt
1433 1577 1553 1627 dieſem

643 1645 778 1681 unterm
794 1640 874 1674 dato
888 1635 1066 1682 Arnsberg
1083 1634 1149 1678 den
1149 1634 1199 1676 7.
1210 1628 1356 1681 Junius
1378 1635 1485 1674 1728.
1497 1627 1555 1667 da⸗

645 1681 705 1721 hin
724 1678 905 1720 verkuͤndet
918 1679 1089 1722 worden,
1124 1659 1197 1720 daß
1211 1681 1256 1714 an
1279 1672 1456 1718 Geiſtliche
1479 1673 1555 1714 hin⸗

645 1735 748 1786 fuͤhro

696 1785 784 1826 keine
805 1781 952 1832 liegende
964 1784 1033 1822 und
1052 1775 1296 1829 unbewegliche
1313 1774 1464 1820 Gruͤnde
1485 1773 1555 1814 und

700 1837 828 1873 Guͤter,
838 1839 900 1873 wie
911 1836 952 1873 ſie
965 1833 1135 1873 Nahmen
1145 1826 1395 1873 habenmoͤgen,
1405 1831 1446 1869 es
1454 1820 1574 1878 ſeyen

1460 1879 1558 1928 gleich
