1836 2788
235 491 437 540 vatintereſſe
457 491 532 528 oder
549 486 614 526 auf
626 489 676 524 die
693 482 924 531 Gerechtſame
940 479 1096 528 einzelner
1114 478 1207 522 Par⸗

238 548 329 585 teyen
359 551 452 581 unter
484 540 542 584 ſich
563 536 753 584 ankommt,
770 537 810 581 *)
845 535 921 570 oder
945 533 1061 579 ſelbige
1084 534 1117 568 in
1142 533 1206 566 das

236 592 428 633 Kriminale
454 577 678 634 einſchlagen;
688 588 745 633 **)
772 581 879 629 jedoch
906 582 1060 629 verſtehet
1087 588 1123 614 es
1148 583 1208 623 ſich

238 658 305 689 von
336 648 445 696 ſelbſt,
491 644 554 689 daß
587 645 637 683 die
672 637 926 692 Juſtitzkollegia
963 638 1022 684 ſich
1057 636 1136 675 eben
1178 636 1211 680 ſo

242 703 305 738 wie
336 702 386 737 die
416 694 603 736 Kammern
641 691 701 738 bey
734 690 827 741 ihren
853 679 1104 734 Verfuͤgungen
1144 688 1214 722 und

242 750 524 799 Entſcheidungen
565 747 645 792 nach
686 748 747 784 den
787 738 1058 793 Policeygeſetzen
1103 738 1214 783 achten

243 806 374 850 muͤſſen.
389 805 461 852 ***)
513 797 759 850 Jnsbeſondere
773 793 911 844 gehoͤren
936 791 993 841 fuͤr
1014 794 1064 832 die
1082 793 1218 842 Juſtitz⸗

244 846 393 885 kollegia,
410 850 568 875 entweder
586 839 829 880 ausſchließlich
844 847 918 867 oder
930 848 989 865 mit
1011 847 1216 874 Konkurrenz

246 908 310 946 der
323 891 649 955 Policeykollegien,
686 898 735 936 die
752 898 1053 943 Abſchoßproceſſe,
1091 909 1143 928 wo
1167 904 1218 926 die

246 964 294 1003 im
318 955 600 1008 vorhergehenden
625 953 653 1006 §.
687 952 842 994 bemerkte
866 952 1107 998 Beſtimmung
1134 954 1221 993 nicht

248 1008 394 1043 eintritt,
422 1001 567 1040 weshalb
590 1003 674 1026 denn
691 1001 771 1033 auch
799 1002 848 1022 die
867 1003 1222 1031 Untergerichtsobrig⸗

252 1069 352 1108 keiten
392 1072 501 1111 wegen
537 1056 755 1107 Exportation
796 1061 851 1096 der
891 1054 1104 1101 Erbſchaften
1145 1058 1221 1091 oder

250 1112 469 1166 Vermoͤgens
492 1106 674 1152 auſſerhalb
694 1106 818 1143 Landes
846 1105 910 1147 bey
928 1105 987 1145 den
1012 1108 1225 1154 Provinzial⸗

251 1158 497 1227 juſtitzkollegiis
521 1165 685 1215 anfragen
714 1158 856 1210 muͤſſen;
892 1161 941 1198 die
958 1157 1228 1210 Landeshoheits⸗

255 1234 324 1269 und
340 1223 579 1275 Graͤnzſachen.
632 1220 770 1270 Ferner:
799 1221 831 1259 in
855 1217 978 1260 Brau⸗
999 1217 1067 1254 und
1085 1215 1229 1255 Brand⸗

253 1270 680 1326 teweinbrennereyſachen,
707 1279 801 1309 wenn
824 1269 874 1308 die
892 1267 1033 1308 daruͤber
1055 1270 1231 1316 entſtehen⸗

255 1340 293 1374 de
312 1331 460 1382 Proceſſe
478 1332 528 1370 die
542 1338 620 1370 vom
637 1328 722 1370 Adel
747 1323 918 1374 betreffen,
956 1324 1032 1360 oder
1057 1333 1151 1359 wenn
1177 1326 1230 1358 ein

255 1385 445 1429 Edelmann
471 1385 547 1420 oder
571 1377 758 1427 Unterthan
797 1383 863 1414 von
888 1377 961 1412 dem
984 1375 1086 1420 Fisko
1119 1385 1232 1417 wegen

258 1436 349 1473 eines
368 1425 515 1480 Regalis
529 1430 677 1476 verklagt
699 1428 804 1470 wird;
837 1433 932 1459 wenn
957 1427 1045 1466 nicht
1067 1426 1146 1459 uͤber
1169 1423 1232 1457 den

258 1491 361 1532 Sinn
379 1489 469 1527 eines
482 1485 683 1532 Privilegii,
708 1482 843 1525 ſondern
860 1479 937 1525 bloß
954 1477 1033 1517 uͤber
1049 1480 1098 1516 die
1113 1478 1235 1514 Ueber⸗

258 1542 390 1584 tretung
413 1536 566 1582 deſſelben
597 1535 666 1570 und
705 1534 762 1568 der
789 1529 928 1566 daraus
961 1525 1235 1573 entſpringenden

263 1586 477 1636 Beſtrafung
509 1588 579 1621 und
599 1574 882 1627 Entſchaͤdigung
927 1575 1091 1623 geſtritten
1129 1581 1236 1620 wird;

261 1639 377 1684 (wenn
393 1634 500 1681 jedoch
516 1635 572 1670 der
586 1629 660 1678 Fall
673 1628 866 1679 vorhanden
887 1629 945 1676 iſt,
972 1629 1037 1673 daß
1053 1631 1102 1664 die
1116 1632 1238 1663 Unter⸗

266 1684 545 1736 policeyobrigkeit
559 1691 624 1723 von
639 1683 701 1721 den
716 1676 955 1731 gewoͤhnlichen
969 1683 1238 1725 Untergerichten

261 1747 411 1790 getrennt
432 1740 495 1790 iſt,
525 1739 588 1777 wie
611 1734 670 1784 bey
685 1732 914 1785 Magiſtraͤten
938 1738 972 1771 in
999 1741 1239 1777 verſchiedenen

265 1789 445 1840 Staͤdten,
488 1788 521 1836 ſo
552 1785 663 1838 behaͤlt
692 1788 742 1826 die
765 1788 1152 1833 Unterpoliceyobrigkeit
1187 1798 1240 1818 die

267 1846 344 1894 erſte
374 1840 562 1894 Jnſtanz;)
593 1842 644 1881 die
668 1837 923 1888 Streitigkeiten
955 1848 1103 1884 zwiſchen
1136 1851 1242 1872 einem

267 1911 334 1944 von
352 1897 436 1939 Adel
451 1899 527 1937 oder
549 1896 674 1936 andern
689 1894 919 1943 Unterthanen
943 1902 1006 1929 mit
1029 1903 1102 1926 dem
1119 1901 1245 1935 Fisko,

270 1948 456 2005 ſtaͤdtiſchen
475 1946 743 1995 Kaͤmmereyen,
775 1948 935 1983 Aemtern
958 1954 1027 1978 und
1049 1953 1248 1988 Kolonien,

273 2017 383 2055 wegen
410 2001 533 2053 Huth,
564 2000 676 2049 Trift,
710 2000 873 2050 Graͤnzen
897 2005 965 2036 und
989 2004 1247 2044 Zehendgerech⸗

273 2062 382 2110 tigkeit,
430 2055 461 2109 †)
485 2056 567 2105 auch
591 2054 789 2105 Schulden;
824 2057 931 2103 jedoch
961 2057 1042 2099 muß
1065 2056 1116 2089 die
1139 2054 1248 2088 Kam⸗

1179 2129 1248 2157 mer

225 2178 267 2216 *)
293 2174 463 2216 Reglement
477 2175 543 2202 vom
566 2170 658 2207 19ten
676 2164 757 2207 Jun.
779 2173 884 2207 1749.

226 2230 289 2275 **)
318 2227 422 2263 Kleins
440 2222 596 2261 Annalen,
625 2228 690 2259 4ter
709 2226 820 2259 Band,
845 2238 922 2259 pag.
944 2230 1025 2248 266.

224 2309 309 2348 ***)
338 2303 488 2350 Daſelbſt,
520 2306 583 2338 8ter
594 2298 706 2339 Band,
733 2303 809 2339 pag.
829 2305 906 2334 272.

222 2377 263 2419 †)
289 2375 436 2420 Daſelbſt,
464 2377 526 2418 5ter
552 2370 668 2413 Band,
695 2374 771 2412 pag.
791 2368 848 2410 64.
