1770 2487
643 400 722 459 528

848 390 915 450 II.
915 390 1060 450 Theil.
1060 390 1134 450 III.
1134 390 1350 450 Abſchnitt.

645 492 750 540 Kopf,
773 491 824 532 bis
853 503 886 532 er
909 499 968 533 den
989 493 1130 534 Knaben
1153 495 1299 545 verlaͤßt,
1326 494 1383 545 ſich
1405 506 1442 545 zu
1467 497 1536 546 ihm

644 549 787 589 wendet,
814 547 880 580 und
903 546 935 580 in
953 544 1002 581 die
1019 542 1118 590 Hand
1133 544 1248 593 beiſſet.
1300 545 1410 593 Corps
1424 548 1536 587 verlie⸗

645 603 694 633 ret
711 595 853 641 hiedurch
876 600 935 633 den
953 595 1059 645 Muth
1077 596 1170 645 nicht,
1186 597 1314 644 ſondern
1331 600 1460 646 ergreift
1476 605 1536 639 den

645 650 762 696 Wolf,
789 654 853 687 und
869 648 937 696 haͤlt
953 649 1005 698 ihn
1023 649 1050 697 ſo
1067 652 1161 699 lange,
1205 653 1244 699 (il
1256 653 1337 689 ſaiſit
1351 656 1382 689 le
1396 655 1487 700 loup,
1500 662 1536 688 et

646 703 678 730 le
694 704 755 728 tint
769 702 846 732 long
871 702 954 728 tems
970 704 1061 731 entre
1075 696 1121 731 ſes
1137 697 1237 742 bras,)
1264 698 1318 735 bis
1341 702 1395 736 der
1413 697 1534 737 Knabe

644 740 862 794 weggebracht
888 751 1015 787 worden
1038 757 1128 793 war;
1169 751 1301 796 welcher
1319 752 1457 798 Verluſt
1471 759 1533 792 den

643 802 744 846 Wolf
749 800 892 846 raſender
902 800 1120 848 gemacht
1070 795 1152 850 hat.
1171 802 1247 843 Der
1254 803 1372 844 Knabe
1380 805 1469 851 ſtirbt
1477 815 1533 848 am

644 853 760 891 dritten
769 853 871 899 Tage,
882 856 946 892 und
962 856 1011 894 die
1020 855 1132 904 Magd
1148 856 1227 895 wird
1241 856 1317 898 nach
1326 857 1534 907 Monatszeit

643 908 711 950 toll,
727 910 791 943 und
801 907 907 953 ſtirbt;
943 904 1037 952 Henri
1055 900 1166 958 Corps
1176 907 1252 948 aber
1255 902 1350 955 ſtirbt
1374 903 1472 954 mitten
1485 912 1532 949 im

645 960 769 1002 Maͤrz,
795 957 944 1003 nachdem
968 968 1001 995 er
1017 958 1134 1006 vorher
1158 970 1204 1004 24
1220 958 1382 1001 Stunden
1404 962 1458 998 toll
1480 969 1532 1007 ge⸗

642 1012 756 1054 weſen.
808 1009 866 1056 Jn
882 1015 936 1051 der
958 1010 1099 1060 Tollheit
1122 1012 1178 1061 hat
1199 1023 1233 1052 er
1256 1018 1316 1053 das
1336 1014 1529 1061 Vermoͤgen

642 1062 760 1111 gehabt
791 1064 893 1103 Wein
924 1073 961 1111 zu
991 1065 1137 1113 trinken;
1174 1065 1231 1116 bey
1258 1067 1443 1115 Anbietung
1471 1072 1540 1106 des

642 1115 793 1162 Waſſers
816 1112 891 1152 aber
915 1113 971 1161 hat
987 1123 1021 1151 er
1039 1114 1195 1162 gezittert,
1217 1119 1280 1155 und
1297 1115 1530 1165 Convulſiones

641 1167 839 1198 bekommen.
867 1161 939 1199 Er
964 1161 1019 1206 hat
1037 1162 1089 1198 die
1113 1161 1277 1201 darwider
1292 1154 1543 1211 gebraͤuchliche

640 1218 783 1266 Arzeney
802 1217 989 1264 gebrauchet
1002 1219 1140 1267 gehabt,
1165 1223 1279 1266 welche
1292 1223 1366 1269 noch
1384 1227 1458 1270 drey
1472 1232 1529 1261 an⸗

640 1276 715 1306 dere
742 1278 817 1306 vom
839 1270 940 1315 Wolf
966 1270 1118 1316 gebiſſene
1148 1270 1310 1319 Perſonen
1341 1271 1552 1320 gebrauchet

641 1318 764 1369 haben,
792 1322 854 1358 und
879 1320 1006 1360 damals
1036 1321 1109 1366 noch
1138 1321 1254 1369 geſund
1285 1323 1424 1368 geweſen
1450 1325 1529 1372 ſind.

639 1375 686 1410 V.
701 1374 785 1412 Eine
800 1373 833 1409 in
853 1373 913 1410 den
928 1371 1120 1412 Memoiren
1134 1378 1187 1410 der
1196 1372 1335 1421 Pariſer
1350 1373 1527 1416 Academie

640 1437 703 1461 von
742 1429 836 1468 1699
869 1423 1058 1474 angefuͤhrte
1089 1424 1320 1476 Beſichtigung
1351 1427 1438 1466 eines
1470 1436 1526 1467 am

639 1477 858 1528 Waſſerſcheu
872 1478 1146 1525 Verſtorbenen,
1128 1479 1256 1528 lehret
1269 1489 1345 1528 uns,
1361 1484 1424 1529 daß
1439 1485 1525 1522 dem⸗

640 1534 740 1575 ſelben
764 1534 818 1565 der
841 1529 1020 1575 inwendige
1037 1528 1131 1578 Theil
1154 1534 1212 1569 des
1225 1529 1437 1577 Schlundes,
1463 1531 1526 1571 wie

640 1586 716 1621 auch
748 1584 798 1617 die
836 1579 997 1627 Luftroͤhre
1022 1585 1146 1627 etwas,
1180 1580 1348 1627 entzuͤndet
1375 1581 1526 1630 geweſen.

639 1635 708 1678 Jm
723 1633 853 1678 Magen
870 1633 945 1670 aber
962 1633 1031 1671 eine
1046 1633 1279 1675 dunkelbraune
1294 1634 1524 1681 Materie,
1468 1631 1526 1681 wie

637 1693 677 1729 ſie
701 1690 756 1720 der
780 1679 912 1721 Kranke
935 1680 1196 1730 weggebrochen,
1227 1688 1292 1723 und
1302 1680 1362 1732 die
1377 1681 1525 1727 Gallen⸗

637 1741 718 1780 blaſe
755 1738 853 1773 voller
884 1736 1049 1783 ſchwarzer
1072 1737 1170 1776 Galle
1198 1733 1355 1786 gefunden
1386 1743 1524 1779 worden.

637 1792 719 1832 Das
736 1791 827 1831 Blut
843 1790 963 1831 uͤberall
982 1789 1106 1842 fluͤſſig,
1134 1795 1198 1830 und
1225 1798 1288 1833 das
1309 1792 1449 1843 Gehirn
1460 1801 1524 1833 tro⸗

635 1846 716 1879 cken.
767 1846 826 1880 VI.
852 1840 954 1883 Einer
982 1840 1081 1890 Kuh,
1118 1841 1230 1888 welche
1260 1844 1347 1892 ſchon
1374 1848 1429 1884 toll
1455 1849 1522 1885 und

635 1894 852 1942 Waſſerſcheu
876 1892 1032 1940 geweſen,
1066 1892 1121 1940 hat
1144 1904 1240 1941 man,
1273 1896 1424 1942 nachdem
1443 1905 1521 1934 man

634 1948 674 1984 ſie
697 1950 810 1988 vorher
836 1944 1122 1990 niedergeworfen,
1148 1944 1238 1982 einen
1251 1945 1370 1988 Eimer
1390 1946 1522 1994 Waſſer

631 2001 711 2032 nach
735 2004 798 2031 und
823 1997 899 2039 nach
928 1998 960 2031 in
984 1999 1043 2034 den
1066 1993 1155 2042 Hals
1177 1995 1344 2051 gegoſſen,
1393 1997 1524 2046 worauf

634 2048 676 2096 ſie
708 2048 780 2084 bald
813 2058 850 2093 zu
878 2048 997 2087 weiden
1025 2045 1247 2096 angefangen,
1281 2053 1345 2087 und
1371 2047 1446 2094 nach
1471 2061 1517 2093 24

1398 2109 1527 2143 Stun⸗
