1493 2405
416 366 453 386 20

809 362 1004 399 Lob ⸗ Geſaͤnge.

415 427 483 460 gehn
501 428 606 459 herein,
633 428 696 455 Den
723 430 834 462 glauben
854 441 894 465 zu

411 465 570 498 bewahren;
596 464 650 497 Du,
665 459 742 502 HErr,
768 463 888 498 erhaͤlteſt

417 500 481 531 fried
497 503 547 529 und
566 499 632 533 ruh,
662 499 711 528 Als
728 500 761 527 du
779 502 887 532 verheiſ⸗

417 533 459 568 ſen
477 540 611 566 immerzu.

455 581 478 600 2.
491 571 610 605 Darum,
623 571 692 601 mein
704 571 769 604 volk,
787 570 889 605 verlaſſe

417 603 471 635 dich
498 603 544 637 Auf
561 604 658 641 GOttes
678 608 796 634 beyſtand
813 610 890 644 ewig⸗

419 643 478 675 lich,
496 637 524 674 Er
533 642 575 678 iſt
587 644 627 679 ein
634 641 683 675 fels
694 646 744 673 ohn
756 645 834 672 ende;
852 642 890 670 Er

418 677 528 709 zwinget
538 679 588 709 die,
606 676 682 710 welch
693 678 733 711 ihr
744 677 826 708 gezelt
843 678 889 704 So

419 716 480 746 hoch
492 723 533 747 zur
542 714 677 748 wohnung
686 712 840 747 aufgeſtellt,
852 711 890 742 Er

420 749 511 784 ſtuͤrzet
529 749 560 786 ſie
578 750 715 783 behende;
752 747 808 778 Die
824 749 889 779 hohe

420 784 485 817 ſtadt
501 785 643 818 erniedrigt
658 790 704 816 er,
725 784 782 814 Und
791 783 891 815 machet

421 820 476 852 ihre
487 820 549 853 veſte
559 822 618 850 leer.

457 864 481 889 3.
500 856 538 887 Er
552 856 630 890 ſtoͤſſet
646 856 678 890 ſie
695 856 746 886 voll
762 852 889 888 uͤberdruß

419 883 476 920 Zur
490 888 585 919 erden,
610 889 658 917 daß
675 887 707 917 ſie
728 888 812 917 kuͤſſen
829 889 891 916 muß

421 931 484 960 Den
495 929 563 959 ſtaub
579 929 624 963 auf
637 930 706 961 ihren
717 928 816 962 gaſſen;
837 926 893 957 Sie

418 969 485 995 wird
497 972 547 995 mit
555 964 635 999 fuͤſſen
647 969 713 997 ganz
721 965 774 993 und
784 970 832 998 gar
840 961 894 994 Zu⸗

422 1004 520 1033 treten,
530 1000 555 1033 ja
564 1002 609 1029 der
617 1006 707 1030 armen
726 998 812 1032 ſchaar
828 997 894 1029 Will

421 1034 485 1067 auch
504 1035 572 1067 nicht
587 1032 759 1068 unterlaſſen,
775 1031 894 1065 Dieweil

421 1071 456 1102 ſie
470 1066 523 1104 rach
536 1066 578 1103 und
600 1070 661 1104 eifer
671 1067 751 1103 ſticht,
767 1068 806 1104 Zu
814 1066 895 1101 ſprin⸗

420 1113 472 1138 gen
483 1106 524 1137 ihr
533 1107 576 1137 ins
588 1105 724 1142 angeſicht.

460 1152 475 1172 4.
488 1142 546 1174 Ach!
557 1142 638 1174 HErr
647 1144 691 1171 der
701 1140 830 1175 frommen
839 1145 895 1173 weg

422 1173 453 1206 iſt
470 1172 591 1207 ſchlecht,
621 1172 672 1203 Du
697 1173 803 1204 macheſt
819 1173 894 1202 ihren

424 1223 495 1246 gang
512 1215 632 1248 gerecht,
660 1214 711 1247 Du
727 1214 825 1247 richteſt
840 1214 895 1247 ihre

425 1240 515 1279 ſteige;
547 1244 637 1276 Drum
664 1247 764 1273 warten
784 1246 833 1273 wir
850 1246 899 1276 auf

423 1285 480 1315 dich
490 1279 590 1320 allein,
603 1284 643 1314 Wie
652 1282 721 1314 wohl
732 1280 796 1311 wird
806 1282 896 1315 unſrer

425 1320 489 1349 ſeele
508 1319 585 1354 ſeyn,
616 1319 678 1351 Das
697 1317 730 1353 ſie
748 1325 777 1351 zu
795 1318 836 1346 dir
850 1316 897 1351 ſich

426 1361 518 1386 neige!
537 1360 610 1389 Dein
619 1364 692 1389 nam,
705 1356 799 1391 HErr,
809 1355 837 1387 iſt
845 1359 898 1385 uns

425 1384 496 1420 wohl
512 1387 613 1422 bewuſt,
630 1388 686 1417 Und
703 1389 751 1416 das
766 1388 795 1417 iſt
807 1388 899 1418 unſers

427 1425 533 1458 herzens
551 1427 607 1458 luſt.

463 1467 488 1492 5.
509 1459 566 1492 Des
576 1461 683 1493 nachtes
683 1458 772 1495 ſtehet
785 1452 845 1496 mein
859 1458 900 1487 be⸗

428 1494 503 1529 gier,
524 1497 551 1527 O
567 1497 660 1531 groſſer
671 1496 764 1529 GOtt,
779 1494 854 1524 allein
871 1499 900 1527 zu

428 1526 479 1563 dir,
498 1530 575 1562 Mein
589 1529 648 1564 geiſt
660 1530 719 1562 muß
730 1528 790 1560 fruͤh
801 1529 899 1559 aufwa⸗

430 1565 507 1599 chen;
537 1567 617 1598 Denn
644 1572 685 1594 wo
701 1566 760 1594 dein
776 1565 844 1596 recht
863 1569 900 1593 im

430 1602 508 1632 lande
522 1604 594 1636 geht,
614 1603 668 1632 Und
681 1607 742 1629 man
753 1607 795 1633 auf
810 1600 900 1628 deinen

430 1648 518 1670 wegen
536 1642 615 1675 ſteht,
641 1642 689 1672 Da
709 1639 764 1676 ſind
785 1638 901 1674 gerechte

431 1671 535 1705 ſachen;
556 1673 602 1703 Da
620 1673 706 1701 lernen
713 1674 767 1709 denn
786 1677 826 1705 zur
856 1673 902 1702 ſel⸗

430 1708 480 1737 ben
508 1715 555 1741 zeit
582 1706 637 1738 Die
664 1708 759 1741 buͤrger
778 1710 840 1737 auch
860 1713 900 1737 ge⸗

431 1742 589 1771 rechtigkett.

466 1784 483 1809 6.
514 1782 578 1812 Viel
593 1782 689 1812 anders
706 1780 733 1814 iſt
748 1781 792 1809 der
804 1778 901 1813 ſpoͤtter

431 1805 501 1839 ſinn,
523 1809 571 1843 Sie
585 1813 684 1834 nehmen
709 1817 750 1831 nie
763 1817 803 1831 die
819 1823 903 1834 gnade

434 1849 499 1881 hin,
521 1849 611 1881 Welch
631 1854 709 1877 ihnen
730 1852 900 1880 angetragen,

433 1887 489 1915 Sie
510 1884 597 1913 lernen
624 1883 691 1915 nicht
711 1888 903 1918 gerechtigkeit,

435 1920 491 1949 Sie
518 1919 582 1950 thun
610 1924 646 1946 im
676 1919 751 1945 lande
770 1923 903 1950 jederzeit,

433 1956 507 1985 Was
516 1953 593 1984 ihnen
603 1959 664 1986 mag
674 1953 800 1987 behagen;
814 1959 903 1982 Drum

434 1992 535 2024 ſchauet
556 1991 619 2022 auch
636 1990 678 2021 ihr
699 1993 835 2029 angeſicht
853 1997 907 2021 Die

434 2026 596 2060 herrlichkeit
615 2028 659 2057 des
677 2025 789 2057 HErren
809 2035 886 2056 nicht.

471 2072 496 2095 7.
516 2063 610 2094 HErr,
622 2062 717 2094 treſlich
728 2064 788 2091 hoch
797 2067 823 2091 iſt
834 2069 907 2092 deine

436 2093 526 2125 hand,
560 2092 629 2122 Doch
644 2094 672 2120 iſt
689 2099 716 2120 es
733 2099 810 2120 ihnen
829 2105 897 2121 unbe⸗

435 2134 513 2165 kant;
534 2134 624 2165 Wenn
635 2131 667 2164 ſie
683 2132 739 2160 dies
749 2135 809 2160 aber
819 2137 905 2166 ſehen,

436 2167 557 2200 Alsdenn
573 2167 600 2201 ſo
613 2166 679 2199 wird
705 2168 746 2197 die
764 2169 835 2200 ſtolze
851 2179 908 2197 rott

922 429 973 464 Jm
990 428 1054 461 eifer
1069 434 1134 461 ganz
1151 428 1205 455 und
1222 433 1270 457 gar
1280 433 1306 458 zu
1316 426 1399 459 ſpott,

924 475 981 503 Und
1009 479 1070 503 mag
1097 471 1156 501 dort
1184 470 1253 504 nicht
1273 468 1396 502 beſtehen.

924 510 1010 541 Dann
1032 509 1136 537 werden
1157 508 1189 540 ſie
1205 507 1299 539 durchs
1310 505 1398 540 feuers

936 547 1012 576 macht
1026 544 1117 576 Gleich
1128 543 1217 574 demen
1228 541 1332 577 feinden
1342 547 1399 571 um⸗

934 580 1056 614 gebracht.

962 619 986 642 8.
992 616 1047 642 Uns
1056 611 1117 640 aber
1126 610 1189 646 gibſt
1198 612 1232 640 du
1242 609 1328 643 wahre
1338 609 1399 640 ruh,

927 650 981 678 und
995 651 1050 677 was
1061 647 1108 677 wir
1119 643 1234 680 machen,
1257 648 1304 675 das
1315 646 1400 678 ſchafft

928 689 981 721 du,
1001 688 1064 716 Wir
1077 687 1176 715 habens
1195 687 1272 719 dir
1243 684 1275 723 zu
1283 685 1400 718 danken;

926 720 966 752 Es
998 719 1127 754 herrſchen
1155 725 1222 752 zwar
1248 722 1299 748 wol
1320 718 1401 747 andre

926 760 1019 791 mehr,
1033 751 1099 789 Doch
1112 760 1172 787 dich
1195 757 1272 787 allein
1289 754 1403 790 gebuͤhrt

927 793 967 823 die
980 796 1044 827 ehr,
1078 795 1090 824 O
1101 795 1197 825 GOtt!
1217 792 1257 825 laß
1268 797 1320 820 uns
1332 790 1402 824 nicht

926 831 1042 859 wanken.
1079 828 1150 862 Hilf,
1170 830 1217 861 daß
1226 826 1274 857 wir
1284 827 1343 859 ſtets
1358 832 1401 860 ge⸗

928 865 1024 893 denken
1040 860 1110 894 dein,
1123 864 1172 892 Um
1185 862 1276 890 deines
1291 861 1403 889 namens

929 898 974 923 ehr
990 898 1077 923 allein.

963 939 991 963 9.
1010 931 1066 962 Die
1080 932 1172 961 todten
1188 930 1290 961 bleiben
1310 929 1340 960 in
1357 928 1404 959 der

930 965 989 1001 raſt,
1007 964 1098 1001 Dieweil
1119 970 1153 998 du
1165 969 1197 1001 ſie
1206 966 1329 1000 vertilget
1337 967 1402 1001 haſt,

930 1005 986 1036 Sie
1003 1002 1100 1037 muͤſſen
1116 1004 1180 1035 alles
1194 1001 1321 1037 meiden;
1352 1002 1404 1033 Du

932 1040 993 1071 aber
1003 1039 1079 1073 koͤmſt
1087 1046 1139 1069 von
1156 1037 1257 1069 deinem
1267 1040 1327 1073 ort,
1347 1038 1404 1068 Und

931 1074 1025 1108 faͤhreſt
1052 1073 1146 1105 immer
1174 1072 1228 1107 fort
1251 1074 1304 1102 und
1331 1074 1405 1105 fort,

933 1113 1002 1143 Auch
1015 1109 1089 1143 unter
1103 1104 1196 1147 vielen
1196 1110 1311 1145 heyden;
1329 1109 1406 1140 Dein

933 1148 1092 1181 herrlichkeit
1107 1146 1171 1176 wird
1189 1144 1314 1180 offenbar,
1329 1145 1405 1177 Dort

931 1189 973 1211 wo
981 1184 1025 1212 der
1032 1182 1095 1213 welt
1102 1179 1146 1214 ihr
1153 1182 1217 1211 ende
1223 1186 1289 1209 war.

952 1227 992 1249 10.
1012 1214 1087 1252 HErr!
1100 1226 1175 1249 wenn
1186 1222 1238 1248 uns
1248 1210 1342 1255 truͤbſal
1356 1216 1409 1248 kla⸗

932 1262 982 1288 gen
999 1257 1104 1289 macht,
1124 1256 1171 1288 So
1188 1255 1278 1288 ſuchen
1285 1254 1324 1290 wir
1346 1250 1406 1291 dich

935 1295 980 1322 tag
1002 1293 1055 1320 und
1066 1290 1152 1322 nacht,
1165 1292 1213 1322 So
1228 1289 1346 1324 ſchreyen
1357 1288 1408 1318 wir

934 1331 984 1357 mit
994 1323 1119 1359 thraͤnen,
1131 1320 1172 1356 Als
1179 1324 1238 1353 eine
1248 1323 1407 1355 ſchwangre,

935 1368 1010 1391 wenn
1035 1359 1077 1390 die
1103 1363 1153 1394 zeit
1177 1359 1217 1393 Zu
1244 1360 1289 1386 der
1313 1358 1409 1391 geburt

935 1398 1012 1428 ſchier
1029 1398 1057 1430 iſt
1070 1396 1169 1427 bereit,
1187 1395 1256 1428 Sich
1266 1397 1326 1430 muß
1342 1394 1407 1428 nach

937 1432 1009 1464 huͤlfe
1017 1432 1127 1465 ſehnen;
1147 1431 1195 1462 So
1212 1430 1283 1463 klagt
1297 1429 1329 1462 ſie
1338 1430 1409 1459 denn

938 1472 989 1498 ohn
1006 1467 1147 1500 unterlaß;
1174 1466 1237 1499 Wir
1253 1464 1329 1500 rufen
1346 1464 1409 1500 auch

937 1505 989 1528 ohn
1005 1502 1053 1528 alle
1071 1501 1158 1528 maaß.

977 1543 1016 1565 11.
1031 1534 1103 1569 Ach,
1124 1542 1173 1565 wir
1188 1531 1243 1566 ſind
1253 1530 1410 1567 ſchwanger,

936 1573 1007 1605 angſt
1025 1574 1077 1602 und
1096 1571 1160 1606 noth
1181 1570 1235 1603 Die
1252 1570 1346 1605 quaͤlen
1356 1573 1410 1599 uns

937 1611 979 1641 bis
995 1610 1045 1644 auf
1059 1611 1108 1640 den
1125 1611 1189 1643 tod,
1210 1608 1277 1643 So,
1297 1609 1345 1642 daß
1361 1608 1412 1638 wir

937 1647 1012 1678 kaum
1029 1646 1102 1678 mehr
1111 1645 1199 1680 lallen,
1216 1646 1290 1678 Noch
1308 1644 1411 1676 koͤnnen

936 1691 984 1714 wir
1002 1684 1030 1713 in
1047 1682 1143 1717 ſolcher
1159 1690 1217 1717 pein
1242 1682 1317 1713 Dem
1333 1681 1413 1712 lande

939 1720 1009 1751 nicht
1028 1718 1163 1754 behuͤlflich
1184 1717 1253 1752 ſeyn.
1274 1716 1337 1748 Das
1354 1716 1412 1748 volk

936 1758 988 1787 will
1004 1765 1029 1789 ja
1042 1753 1108 1790 nicht
1125 1751 1228 1790 fallen;
1230 1754 1324 1789 HErr,
1337 1753 1412 1785 deine

940 1797 1029 1824 todten
1048 1793 1112 1824 wird
1129 1799 1191 1823 man
1200 1790 1261 1826 ſehn
1275 1786 1314 1828 Mit
1335 1791 1412 1825 ihren

940 1828 1036 1853 leibern
1046 1826 1200 1853 auferſtehn.

978 1871 1017 1891 12.
1033 1862 1084 1894 Auf,
1103 1859 1183 1898 wachet
1204 1860 1254 1894 auf,
1274 1853 1318 1898 und
1320 1856 1414 1892 ruͤhmt

941 1900 968 1930 in
984 1901 1036 1931 eil,
1056 1901 1112 1935 Jhr
1123 1898 1218 1934 voͤlker,
1230 1899 1270 1928 die
1283 1899 1328 1928 des
1338 1898 1413 1927 todes

941 1935 1003 1967 pfeil
1012 1937 1110 1967 Gelegt
1119 1935 1166 1966 hat
1176 1941 1204 1963 in
1213 1935 1258 1965 der
1275 1931 1353 1971 erden;
1374 1930 1415 1963 Eur

944 1973 1007 2003 thau
1023 1972 1050 2006 iſt
1067 1979 1115 2001 wie
1132 1973 1180 2002 das
1202 1970 1256 2001 edle
1273 1969 1333 2003 naß,
1349 1967 1414 1999 Das

943 2015 1006 2038 man
1023 2016 1073 2039 von
1089 2007 1196 2042 ſchoͤnen
1211 2006 1335 2039 kraͤutern
1360 2004 1414 2038 laß,

942 2043 998 2077 Jhr
1006 2043 1063 2075 ſollt
1072 2042 1194 2078 getroͤſtet
1194 2041 1319 2076 werden;
1337 2039 1417 2072 Bald

943 2081 1004 2109 aber
1019 2081 1082 2110 wird
1100 2080 1143 2110 der
1167 2079 1256 2107 todten
1275 2076 1335 2106 land
1362 2078 1416 2109 Ge⸗

944 2114 1033 2148 ſtuͤrzet
1041 2114 1119 2148 durch
1127 2117 1173 2145 des
1182 2112 1307 2149 Hoͤchſten
1317 2113 1397 2143 hand.

984 2160 1023 2183 13.
1035 2153 1114 2182 Mein
1123 2153 1190 2185 volk,
1207 2156 1306 2181 vernim
1317 2157 1345 2181 es
1355 2146 1417 2181 doch

943 2195 994 2220 von
1004 2185 1069 2223 mir,
1083 2188 1143 2224 Geh
1152 2188 1211 2222 hin,
1220 2184 1318 2223 ſchleuß
1328 2192 1357 2220 zu
1376 2183 1418 2214 die

1350 2227 1419 2259 kam⸗
