1749 2351
774 458 853 488 quæ
866 462 944 492 doti
951 446 1095 491 æqualis
1106 450 1202 491 eſſet/
1212 443 1317 491 geben
1326 451 1467 500 wolten/
1471 461 1529 496 per
1540 461 1581 488 ea,
1585 445 1634 494 quæ

771 503 943 550 allegantur
943 502 969 551 à
979 499 1103 543 Moller.
1107 498 1155 543 ad
1160 498 1194 539 d.
1209 498 1304 535 Conſt.
1313 508 1408 537 Elect.
1417 501 1477 534 44.
1484 505 1517 539 p.
1526 514 1553 536 2.
1558 483 1632 539 pact.

769 565 859 597 num.
872 561 908 594 9.
918 555 941 597 §
954 552 1061 601 porrò.

827 607 953 662 Klaͤger
963 609 1071 667 ſagt/
1075 623 1112 653 es
1128 607 1222 651 waͤre
1229 611 1423 657 Rechtens/
1434 602 1502 654 daß
1512 604 1563 656 ihr
1578 593 1632 643 aus

771 660 847 716 den
847 662 1106 716 Lehn⸗Guͤtern
1140 663 1191 700 ihr
1215 661 1452 705 Leib⸗Geding
1471 648 1631 701 verordnet

771 722 909 768 wuͤrde/
917 727 977 765 per
977 727 1035 766 ea,
1048 725 1112 762 quæ
1119 714 1218 755 tradit
1225 713 1422 761 Schneidevv.
1427 720 1461 753 in
1470 712 1541 751 Inſt.
1550 706 1595 740 tit.
1602 699 1631 731 ne

769 772 881 818 hæred.
891 779 956 812 quæ
966 767 1005 806 ab
1017 778 1115 808 inteſt.
1124 774 1219 808 defer.
1231 769 1299 806 rub.
1307 766 1344 806 de
1351 762 1474 803 ſucceſſ.
1491 771 1572 803 inter
1583 749 1631 788 vir.

771 823 813 866 &
829 827 916 866 uxor.
934 829 1023 861 num.
1041 834 1102 863 48.
1111 816 1210 863 Coler.
1217 824 1255 863 p.
1264 825 1286 857 I.
1297 821 1389 858 deciſ.
1397 822 1450 863 63.
1454 824 1494 858 n.
1491 830 1525 862 4.
1538 814 1569 851 &
1572 803 1630 853 ſeq.

770 873 895 919 Moller.
907 870 954 913 ad
963 877 1084 911 Conſtit.
1095 873 1189 910 Elect.
1196 881 1258 911 44.
1263 884 1296 911 p.
1310 887 1340 906 2.
1350 885 1437 906 num.
1448 883 1495 909 10.
1507 857 1628 902 Schultz.

770 934 802 969 in
813 931 936 974 Synopſ.
935 929 1028 967 feud.
1033 935 1064 964 c.
1074 935 1103 958 8.
1118 940 1150 957 n.
1154 925 1223 961 229.
1250 914 1365 967 Bleibt
1381 914 1569 972 derowegen
1578 905 1627 951 bey

766 980 919 1033 vorigem
931 982 1062 1035 petito.

1083 1067 1324 1133 Beſcheid.

816 1145 896 1199 Auf
914 1154 1054 1199 Klage/
1076 1139 1239 1195 Antwort
1258 1149 1328 1185 und
1341 1142 1448 1192 ferner
1458 1124 1623 1183 Vorbrin⸗

766 1210 831 1255 gen
849 1202 1059 1255 Kriegiſchen
1077 1196 1317 1244 Vormunden
1332 1203 1473 1242 Frauen
1490 1173 1624 1237 Marga⸗

765 1254 902 1300 rethen/
914 1251 1074 1299 weyland
1092 1248 1217 1294 Georg
1229 1249 1298 1289 von
1318 1252 1452 1285 Truxes
1470 1214 1624 1281 hinterlaſ⸗

763 1306 861 1354 ſenen
874 1302 1060 1351 Wittben/
1072 1297 1225 1348 Klaͤgern
1237 1302 1283 1343 an
1300 1298 1420 1344 einem/
1433 1270 1620 1336 jetztgedach⸗

761 1363 817 1389 ten
845 1357 1010 1396 Georgen
1034 1357 1103 1390 von
1128 1352 1263 1403 Truxes
1282 1351 1551 1403 Lehnsfolgern/
1553 1336 1621 1380 Be⸗

761 1409 894 1455 klagten
912 1411 972 1454 am
988 1404 1116 1450 andern
1129 1401 1255 1449 Theil/
1271 1399 1378 1451 geben
1378 1402 1429 1452 ꝛc.
1442 1387 1550 1443 dieſen
1566 1369 1621 1437 Be⸗

760 1460 895 1508 ſcheid:
909 1455 1007 1506 Daß
1016 1453 1204 1502 Beklagte/
1212 1452 1305 1502 ihres
1310 1439 1559 1499 Vorwendens
1571 1419 1620 1484 un⸗

759 1511 890 1561 geacht/
898 1507 1061 1560 Klaͤgerin
1076 1508 1194 1553 wegen
1208 1504 1266 1549 der
1280 1513 1316 1546 zu
1333 1508 1439 1539 ihrem
1456 1471 1619 1550 Ehemann

759 1565 829 1618 ſeel
837 1558 1083 1605 eingebrachter
1092 1552 1312 1608 dreytauſend
1287 1549 1480 1601 Guͤlden/
1478 1539 1547 1593 dem
1547 1522 1618 1587 Lan⸗

760 1621 988 1661 des⸗Brauch
1002 1609 1100 1662 nach/
1112 1612 1141 1662 zu
1153 1607 1383 1659 beleibdingen
1390 1605 1547 1663 ſchuldig.

1062 1720 1193 1774 Caſ.
1229 1737 1309 1788 75.

914 1788 1043 1831 Conſt.
1058 1788 1177 1831 Elect.
1193 1788 1258 1841 48.
1272 1786 1292 1839 &
1310 1789 1379 1843 ſeq.
1397 1803 1435 1842 p.
1447 1799 1501 1835 2.

803 1861 929 1907 Georg
951 1868 1021 1902 von
1045 1858 1172 1913 Lemſol
1198 1863 1259 1914 hat
1284 1863 1349 1909 mit
1370 1859 1542 1916 Conſens
1553 1831 1617 1889 Jhr
