1706 2523
428 377 640 425 buͤrgerlichen
660 381 820 425 Freyheit.

969 389 1016 426 57

233 445 391 486 Maximen
408 446 487 481 einer
498 445 681 487 verbeſſerten
691 446 874 487 Menſchheit
891 448 941 487 ſich
958 456 1016 483 von

231 506 327 547 ihnen
340 510 397 543 mit
407 509 550 549 Schauer
571 508 744 550 entfernen,
755 510 812 545 die
826 509 1016 550 Einrichtun⸗

231 581 286 613 gen
311 575 388 607 einer
413 575 738 616 ungeſellſchaftlichen,
769 576 877 611 wilden
894 576 1013 616 Polizey

229 638 349 676 beßtens
371 639 572 678 ſicherſtellten.

269 702 334 738 Die
349 702 515 743 bisherigen
531 696 758 748 Betrachtungen
783 698 855 738 uͤber
872 704 918 738 die
934 704 1014 743 ſpar⸗

229 766 354 803 taniſche
377 766 537 805 Republick
560 764 665 806 fuͤhren
691 767 766 804 mich
791 766 862 803 noch
886 767 945 806 auf
959 767 1017 809 fol⸗

229 826 319 866 gende
335 827 447 866 fernere
463 827 712 868 Bemerkungen:

273 893 317 932 1.)
338 894 492 935 Bezeugen
515 894 570 929 alle
597 895 779 936 diejenigen,
795 896 917 938 welche
942 895 1015 936 uͤber

229 954 325 994 dieſen
344 954 517 995 beruͤhmten
538 955 690 998 Freyſtaat
707 958 882 997 geſchrieben
901 960 1013 999 haben,

229 1018 294 1059 ihre
312 1021 571 1060 Verwunderung,
584 1021 672 1061 durch
690 1023 757 1057 was
768 1018 817 1060 fuͤr
832 1022 938 1059 Mittel
954 1025 1015 1062 und

229 1086 322 1126 Wege
341 1087 472 1129 Lykurg
491 1086 561 1125 doch
580 1087 689 1123 immer
708 1087 800 1128 dahin
823 1087 897 1129 habe
917 1090 1015 1129 gelan⸗

228 1154 283 1186 gen
312 1145 457 1189 koͤnnen,
483 1148 557 1187 ſeine
585 1152 787 1188 Spartaner
805 1161 838 1190 zu
868 1155 1012 1191 bereden,

227 1213 306 1253 nicht
323 1215 415 1250 allein
430 1216 491 1253 ihre
508 1215 696 1253 Verfaſſung
705 1214 836 1253 gaͤnzlich
860 1223 893 1254 zu
910 1217 1014 1253 veraͤn⸗

228 1278 319 1318 dern,
340 1278 464 1320 ſondern
484 1280 554 1322 noch
575 1277 721 1321 uͤberdas,
746 1281 818 1316 alles
831 1280 1015 1326 Eigenthum

228 1345 282 1387 hin
303 1347 362 1383 und
384 1346 446 1388 ihre
466 1346 629 1386 Lebensart
646 1345 849 1391 aufzugeben;
880 1350 935 1385 den
952 1349 1016 1388 Ge⸗

229 1412 338 1455 brauch
358 1416 410 1450 des
431 1415 565 1455 Geldes,
598 1417 645 1451 die
671 1416 828 1458 Vortheile
847 1417 898 1453 der
917 1417 1014 1460 Kauf⸗

227 1480 446 1520 mannſchaft,
473 1480 542 1515 den
547 1476 659 1529 Beſitz
676 1477 769 1530 ihrer
792 1499 935 1520 Weiber,
966 1483 1012 1525 die

228 1539 335 1580 Sorge
350 1536 401 1581 fuͤr
423 1540 486 1579 ihre
503 1542 618 1577 Kinder
638 1541 744 1580 fahren
762 1549 796 1581 zu
817 1542 926 1580 laſſen,
949 1545 1010 1578 und

229 1605 277 1641 ein
295 1614 367 1649 ganz
387 1607 653 1653 entgegengeſetztes
669 1610 811 1653 Syſtem,
835 1605 933 1652 wofuͤr
950 1611 1012 1650 jede

228 1672 353 1711 geſittete
364 1675 484 1712 Nation
495 1673 627 1715 Abſcheu
638 1675 742 1713 tragen
760 1674 846 1715 muß,
865 1674 1009 1715 anzuneh⸗

228 1732 321 1771 men?
341 1739 406 1775 Die
416 1737 593 1781 Thatſache,
608 1735 655 1771 als
672 1737 774 1779 richtig
791 1738 1008 1780 vorausgeſetzt,

227 1798 317 1840 bleibt
345 1801 452 1839 immer
477 1802 524 1839 ein
552 1801 711 1843 Paradox,
735 1808 842 1839 wovon
869 1803 1008 1840 niemand

580 1880 653 1920 D5

954 1882 1011 1920 den
