1835 2702
564 362 657 411 196

866 356 1326 410 Confirmationshandlung.

648 455 696 493 Es
716 454 821 498 erhoͤht
836 457 898 499 ſehr
920 459 966 492 die
978 458 1174 503 Feierlichkeit
1186 465 1239 498 der
1252 460 1437 506 Handlung,
1461 471 1550 500 wenn
1562 465 1612 500 die

571 506 808 553 Confirmanden
829 509 882 542 mit
897 508 978 548 ihren
992 510 1194 548 Verwandten
1211 516 1271 547 und
1285 517 1397 550 andern
1413 516 1611 559 Mitgliedern

569 563 622 587 der
641 561 786 593 Gemeine
812 557 902 594 gleich
930 560 1002 599 nach
1022 564 1073 593 der
1095 552 1319 605 Confirmation
1344 566 1405 598 das
1422 562 1611 605 Abendmahl

568 612 625 643 des
640 614 741 652 Herrn
763 609 875 649 halten.
929 614 991 649 Sie
1008 613 1201 656 verſammlen
1219 616 1272 660 ſich
1285 615 1420 652 alsdann
1437 618 1509 659 nach
1519 616 1609 660 geen⸗

568 663 678 704 digtem
693 663 831 705 Geſange
843 674 893 700 um
908 669 964 704 den
979 668 1078 711 Altar,
1090 672 1149 704 und
1165 673 1216 705 der
1228 672 1372 719 Prediger
1388 675 1465 711 redet
1480 674 1518 718 ſie
1531 677 1609 711 etwa

529 715 831 766 folgendermaßen
852 732 911 758 an:

652 800 850 859 Beſtaͤtigt
869 808 947 849 und
966 803 1154 860 verſiegelt
1175 817 1277 863 nun,
1305 808 1418 863 junge
1437 811 1607 864 Schuͤler

568 864 647 907 und
663 859 949 918 Schuͤlerinnen
964 865 1088 921 Jeſu,
1110 871 1171 912 die
1193 867 1402 927 feierlichen
1413 871 1607 925 Geluͤbde,

565 918 625 964 die
649 917 707 971 ihr
728 918 894 974 abgelegt
912 920 1022 976 habt,
1053 924 1109 967 bei
1129 928 1211 970 dem
1228 925 1340 981 erſten
1357 926 1519 984 Genuſſe
1535 933 1604 975 des

564 977 726 1033 heiligen
743 981 1015 1033 Abendmahls.
1045 983 1128 1039 Jhr
1143 985 1238 1040 wißt
1253 990 1311 1032 die
1329 987 1475 1042 Abſicht
1490 988 1603 1044 dieſer

562 1034 824 1095 ehrwuͤrdigen
841 1040 1047 1096 Stiftung.
1078 1045 1162 1096 Sie
1177 1048 1220 1102 iſt
1232 1051 1305 1093 das
1318 1050 1520 1096 Andenken
1535 1054 1604 1097 des

560 1093 762 1148 goͤttlichen
776 1096 966 1148 Urhebers
982 1098 1127 1152 unſerer
1140 1099 1342 1155 Religion,
1358 1107 1439 1148 dem
1455 1104 1529 1150 wir
1543 1103 1603 1150 die

559 1157 734 1211 heilſame
756 1157 1011 1212 Erkenntniß,
1045 1166 1117 1207 den
1137 1164 1252 1218 Troſt
1280 1171 1349 1211 des
1369 1165 1603 1220 Gewiſſens,

560 1218 621 1262 die
636 1216 755 1266 Ruhe
777 1223 839 1266 der
854 1219 995 1269 Seele,
1025 1221 1083 1262 die
1107 1215 1296 1274 Hofnung
1320 1230 1379 1266 der
1397 1224 1602 1278 Ewigkeit,

559 1273 620 1315 die
636 1280 713 1314 uns
730 1274 792 1317 als
808 1273 977 1325 Chriſten
998 1284 1067 1318 vor
1088 1281 1228 1323 andern
1243 1279 1278 1332 ſo
1296 1278 1453 1332 gluͤklich
1466 1282 1651 1336 macht,

559 1328 788 1381 verdanken;
819 1333 892 1377 das
917 1331 1116 1381 Andenken
1140 1332 1270 1388 unſers
1292 1344 1421 1383 treuen
1439 1338 1600 1390 Lehrers

558 1393 639 1433 und
655 1386 839 1447 Fuͤhrers,
870 1398 932 1435 der
946 1393 1045 1444 ſelbſt
1062 1400 1131 1438 den
1146 1397 1249 1450 Weg
1266 1399 1403 1452 betrat,
1432 1396 1507 1449 auf
1517 1404 1599 1445 dem

558 1445 633 1489 wir
654 1448 827 1492 wandeln
848 1448 981 1500 ſollen;
1009 1451 1140 1499 unſers
1156 1449 1444 1507 großmuͤthigen
1470 1457 1599 1503 Erret⸗

556 1505 659 1554 ters,
689 1507 752 1546 der
773 1508 849 1547 uns
869 1508 969 1550 mehr
992 1509 1122 1560 liebte,
1152 1512 1215 1554 als
1234 1511 1306 1560 ſein
1320 1513 1450 1564 eignes
1464 1515 1647 1568 Leben,

555 1563 635 1604 und
656 1560 751 1604 alles
774 1558 1008 1614 aufopferte,
1039 1574 1103 1609 um
1120 1568 1197 1618 uns
1215 1567 1320 1621 weiſe
1338 1573 1414 1612 und
1428 1575 1497 1622 gut
1518 1575 1596 1616 und

553 1617 640 1670 ſelig
662 1629 705 1674 zu
721 1622 890 1673 machen;
923 1624 1056 1676 unſers
1073 1623 1273 1680 goͤttlichen
1287 1628 1501 1685 Freundes,
1530 1636 1597 1676 der

553 1678 668 1728 durch
685 1676 875 1730 Schmach
895 1683 973 1723 und
990 1679 1124 1726 Leiden
1141 1690 1204 1735 zur
1218 1683 1465 1738 Herrlichkeit
1478 1680 1597 1738 einge⸗

552 1742 700 1784 gangen
725 1734 789 1784 iſt,
826 1738 913 1780 aber
935 1739 1027 1786 auch
1053 1740 1094 1782 in
1115 1739 1229 1794 ſeiner
1253 1742 1500 1799 Herrlichkeit
1529 1752 1594 1791 der

527 1791 708 1839 Seinen
733 1792 830 1840 nicht
856 1793 1015 1846 vergißt.
1074 1798 1147 1845 So
1168 1795 1298 1848 erfuͤlle
1316 1800 1419 1846 denn
1439 1807 1501 1845 der
1516 1803 1595 1848 Ge⸗

550 1848 667 1891 danke
683 1857 733 1889 an
749 1848 813 1897 ihn
827 1859 912 1890 eure
922 1859 1033 1903 ganze
1044 1852 1161 1897 Seele
1172 1857 1240 1901 mit
1250 1856 1358 1903 Liebe
1373 1863 1449 1900 und
1460 1857 1594 1913 Dank,

550 1911 628 1949 und
641 1907 747 1954 Liebe
763 1914 840 1952 und
854 1908 974 1957 Dank
990 1909 1110 1965 mache
1127 1921 1170 1955 es
1185 1915 1271 1966 euch
1286 1915 1417 1958 immer
1432 1915 1591 1971 leichter,

549 1974 657 2009 eurer
680 1965 853 2019 heutigen
875 1966 1018 2021 Zuſage
1040 1978 1193 2023 getreu,
1232 1972 1322 2023 nach
1345 1972 1469 2025 ſeiner
1484 1977 1591 2025 Vor⸗

546 2023 673 2080 ſchrift
688 2033 765 2069 und
780 2028 870 2079 nach
887 2031 1018 2081 ſeinem
1038 2031 1208 2087 Beiſpiel
1226 2044 1269 2088 zu
1286 2034 1399 2080 leben.
1438 2035 1515 2091 Ja,
1532 2036 1591 2082 bei

546 2083 680 2129 allem,
709 2086 797 2123 was
819 2093 856 2122 er
880 2084 971 2134 auch
988 2085 1074 2132 euch
1089 2095 1192 2138 war,
1224 2088 1301 2129 und
1317 2086 1379 2137 iſt,
1411 2096 1487 2133 und
1504 2089 1590 2143 ſeyn

546 2143 643 2185 wird
661 2146 699 2186 in
717 2141 918 2195 Ewigkeit,
941 2144 998 2187 bei
1015 2144 1138 2196 allem,
1163 2149 1250 2192 was
1262 2156 1301 2188 er
1313 2148 1405 2206 auch
1421 2147 1484 2202 fuͤr
1501 2145 1592 2204 euch

542 2199 629 2255 that
645 2204 723 2249 und
737 2203 899 2258 duldete,
914 2204 970 2249 bei
984 2209 1048 2252 der
1056 2207 1179 2260 Liebe,
1192 2207 1327 2254 womit
1341 2220 1379 2254 er
1393 2210 1484 2264 auch
1500 2210 1589 2264 euch

1452 2274 1585 2323 geliebt
