2295 2735
568 427 699 476 Welche
722 426 826 476 hoͤchſt
856 426 969 468 unedel
991 437 1075 477 war.
1126 429 1224 478 Dieſe
1248 428 1358 470 beiden
1378 427 1693 478 Krieges ⸗ Knechte

566 486 684 524 Deren
710 485 772 522 edle
794 483 1081 536 Denkungs ⸗ Art
1102 489 1197 534 ihnen
1220 492 1371 534 allemahl
1400 497 1461 527 mit
1486 493 1609 537 Rechte

567 563 648 605 Gab
669 570 726 605 den
750 563 908 613 Nahmen
930 566 1055 612 wahrer
1076 564 1226 609 Roͤmer,
1253 565 1399 613 ſprachen
1423 570 1475 606 als
1497 570 1537 615 ſie
1562 568 1659 615 dieſen
1682 567 1798 615 Ort

565 624 652 668 Jetzt
673 627 848 668 verließen,
876 626 954 670 noch
978 623 1164 670 zuſammen
1187 629 1338 671 waͤhrend
1357 635 1401 662 da
1426 635 1470 671 ſie
1490 636 1609 671 gingen
1637 635 1719 671 fort:

670 721 793 796 Sage
817 740 938 789 liebſter
968 738 1059 787 Piſo
1082 741 1163 785 mir,
1190 743 1249 780 wie
1275 741 1329 790 ich
1345 743 1426 780 alles
1446 744 1499 790 ſoll
1519 746 1680 791 verſtehen

568 821 684 867 Sagte
709 819 844 868 Aſper,
872 827 944 857 was
967 820 1013 868 ich
1035 822 1110 869 heut
1136 822 1207 870 hab'
1237 826 1297 860 mit
1316 822 1432 870 Augen
1457 822 1655 871 angeſehen?

555 869 699 935 Dieſer,
718 886 781 930 der
800 884 834 918 in
857 884 942 928 jener
965 884 1105 922 Mitten
1122 888 1211 923 ward
1238 894 1292 923 am
1316 885 1442 932 Creutze
1468 887 1656 932 angeheft't,

565 962 630 1002 Da
652 973 684 998 er
703 959 789 1007 ſchon
804 959 845 1009 ſo
866 960 944 1006 lang
966 960 1098 1012 vorhero
1120 970 1188 999 war
1209 963 1305 1012 durch
1334 962 1492 1002 Martern
1516 972 1599 1009 ganz
1622 963 1804 1011 entkraͤft't,

568 1030 651 1072 Gab
673 1030 753 1079 nach
774 1030 856 1069 allen
885 1031 1060 1071 Wundern
1091 1030 1169 1080 noch
1196 1032 1268 1079 kurz
1288 1033 1404 1082 vorher
1426 1044 1459 1070 er
1482 1032 1603 1079 ſterben
1625 1033 1749 1084 wollte,

567 1103 716 1142 Solchen
741 1102 860 1140 ſtarken
881 1103 963 1138 Laut
979 1112 1046 1140 von
1069 1105 1147 1143 ſich,
1174 1109 1237 1141 daß
1257 1115 1335 1140 man
1353 1109 1480 1144 warlich
1509 1109 1648 1142 zweifeln
1673 1113 1777 1149 ſollte,

566 1173 621 1212 Ob
644 1163 723 1209 auch
749 1173 876 1211 Mars
885 1173 937 1208 als
962 1172 1191 1210 Diomedens
1211 1168 1325 1211 Spieß
1346 1171 1413 1212 ihm
1434 1172 1517 1212 ſtach
1541 1173 1601 1202 den
1620 1186 1744 1223 Wanſt
1764 1190 1892 1223 entzwei

552 1235 790 1290 Ausgeſtoßen
812 1234 920 1282 haben
951 1234 1044 1283 moͤge
1073 1236 1152 1286 ſolch
1175 1240 1229 1274 ein
1254 1246 1402 1286 uͤberlaut
1430 1227 1599 1291 Geſchrei:

552 1316 662 1362 Dieſe
687 1312 841 1352 Stimme
863 1323 932 1351 war
961 1322 998 1361 zu
1021 1315 1102 1361 ſtark
1122 1316 1175 1353 als
1208 1325 1275 1354 man
1296 1310 1397 1369 ſonſt
1405 1324 1469 1355 aus
1494 1311 1833 1371 Menſchen ⸗ Munde

552 1375 667 1422 Wohl
688 1383 726 1414 zu
750 1375 847 1416 hoͤren
872 1377 910 1414 iſt
926 1386 1078 1425 gewohnt
1103 1394 1197 1425 wenn
1219 1384 1276 1424 ſich
1307 1381 1403 1421 nah't
1423 1393 1470 1429 die
1492 1387 1777 1440 Todes ⸗ Stunde.

666 1587 772 1646 Piſo
797 1599 903 1649 ſprach
924 1598 1053 1638 betruͤbt
1075 1602 1236 1647 dagegen:
1262 1601 1378 1642 Denke
1398 1614 1463 1641 nur
1491 1608 1543 1641 der
1564 1603 1656 1643 Rede
1677 1604 1753 1653 nach

565 1667 700 1714 Welche
715 1669 806 1712 unſer
830 1666 1051 1715 Hauptmann
1079 1667 1194 1708 Titus
1216 1670 1288 1716 kurz
1310 1677 1370 1707 vor
1392 1671 1518 1716 unſerm
1543 1666 1728 1720 Weggeh'n
1756 1659 1873 1726 ſprach.

640 1739 805 1785 Warlich,
832 1749 927 1777 wenn
949 1740 1026 1787 ich's
1048 1741 1140 1788 ſagen
1162 1741 1234 1787 ſoll;
1261 1742 1328 1789 ſind
1337 1741 1507 1790 hierunter
1522 1743 1619 1792 ſolche
1641 1742 1780 1794 Sachen

564 1811 634 1851 Die
657 1810 739 1847 beim
760 1808 922 1857 ſchaͤrfſten
940 1810 1077 1848 Denken
1101 1806 1178 1857 mich
1202 1806 1284 1857 ganz
1308 1807 1443 1858 beſtuͤrzt
1465 1813 1531 1849 und
1553 1811 1631 1858 irrig
1654 1809 1809 1868 machen,

563 1876 668 1918 Denn
692 1874 737 1925 ich
755 1875 810 1913 bin
825 1870 906 1915 vom
924 1875 1022 1923 erſten
1035 1872 1173 1925 Anfang
1197 1877 1291 1925 dieſer
1308 1879 1472 1925 traurigen
1497 1877 1694 1930 Geſchicht',

565 1950 680 2000 Selbſt
699 1950 750 1990 bei
773 1950 868 1989 allem
898 1951 959 1988 mit
983 1947 1140 2000 geweſen,
1167 1951 1290 1998 ſonſten
1313 1951 1434 2000 glaubt'
1455 1953 1532 2001 ich's
1554 1952 1682 2001 warlich
1702 1954 1802 2002 nicht.

668 2036 784 2108 Hoͤre
803 2043 952 2102 Freund!
980 2062 1031 2097 als
1055 2056 1149 2102 dieſer
1175 2063 1294 2101 Mann
1319 2071 1409 2101 ward
1429 2072 1489 2103 den
1516 2068 1680 2111 Prieſtern
1706 2069 1882 2116 uͤbergeben

566 2129 695 2180 Welche
715 2132 768 2178 ſeit
788 2129 877 2181 ſchon
903 2131 1014 2178 langer
1033 2130 1108 2180 Zeit
1122 2132 1253 2175 Stricke
1273 2130 1405 2183 ſtell'ten
1426 2131 1542 2182 ſeinem
1561 2120 1691 2183 Leben;
