1488 2358
1094 327 1148 375 85

242 413 301 460 mer
315 418 369 447 vor
377 407 443 449 mir
456 430 507 439 —
503 399 665 458 vielleicht
684 406 746 443 weis
762 406 799 453 ſie
815 402 917 448 Rath,
931 400 989 438 wie
1005 400 1049 443 ich
1066 400 1148 438 mein

242 468 337 510 Geld,
343 465 369 509 ſo
380 463 509 515 beynahe
518 463 548 499 in
557 460 676 506 tauſend
687 459 822 507 Thalern
833 456 968 502 beſtehet,
980 464 1031 491 am
1049 456 1148 500 ſicher⸗

242 519 303 563 ſten
313 521 374 554 und
383 514 480 562 beſten
489 515 654 553 anwenden
663 510 750 549 kann.
772 509 860 549 Gute
867 508 985 552 Nacht,
994 504 1150 551 Sachſen.

242 565 459 614 Vermuthlich
469 567 526 612 auf
536 562 619 607 ewig,
632 565 695 597 denn
716 561 757 602 ich
767 559 841 606 habe
859 559 890 593 in
897 559 944 594 dir
958 557 1056 601 nichts
1064 556 1151 602 mehr

232 625 279 662 zu
294 614 391 661 holen.
442 617 502 657 So
521 616 592 653 bald
606 611 650 655 ich
666 612 742 648 mich
758 614 826 647 dort
842 606 1040 654 eingerichtet,
1054 610 1153 643 werde

244 661 288 704 ich
305 660 352 698 dir
365 661 518 707 ſchreiben,
535 660 596 693 und
613 658 680 703 eher
706 652 843 701 brauchſt
863 644 903 688 du
926 650 1003 689 nicht
1026 661 1060 695 zu
1087 657 1154 685 ant⸗

246 723 371 761 worten,
389 718 495 762 zumal
514 715 557 754 ich
573 712 652 752 nicht
671 711 757 757 weis,
777 710 815 748 ob
828 709 872 752 ich
898 708 953 751 bey
968 706 1083 743 meiner
1110 708 1156 741 al⸗

246 775 295 807 ten
315 767 480 819 Wirthinn
501 765 613 803 wieder
628 766 724 801 werde
747 761 861 809 logiren
886 758 1012 805 koͤnnen,
1036 760 1086 794 als
1108 760 1156 795 die

246 826 442 874 vermuthlich
458 821 522 869 boͤſe
534 820 601 869 ſeyn
617 818 708 858 wird.

298 899 408 944 Willſt
423 902 464 935 du
477 895 579 934 deiner
599 891 685 937 Frau
707 890 790 930 einen
805 886 1004 936 Zeitvertreib
1020 884 1159 930 machen,

248 948 278 996 ſo
301 950 357 984 lies
372 949 419 993 ihr
438 938 605 990 einliegend
630 944 710 981 mein
742 940 956 986 Reiſejournal
981 945 1052 973 vor.
1104 933 1156 982 Zu

247 1002 349 1042 deiner
364 998 525 1044 wichtigen
540 995 699 1044 Erbſchaft
713 994 855 1042 gratulirt
868 993 917 1031 dir
937 1001 999 1029 von
1018 988 1137 1038 Herzen

480 1073 571 1112 Dein

903 1119 1002 1154 treuer
1016 1111 1161 1154 Bruder.

527 1239 614 1282 Den
638 1244 741 1285 13ten
764 1232 879 1283 Sept.

255 1305 391 1366 Fruͤh
412 1322 467 1351 um
472 1312 511 1364 7
526 1310 601 1360 Uhr,
618 1309 668 1348 als
687 1308 742 1358 ſich
767 1307 814 1347 die
833 1305 928 1347 dicken
952 1304 1065 1346 Lenden
1090 1304 1165 1342 mei⸗

253 1380 308 1410 ner
333 1369 437 1417 feiſten
451 1358 615 1417 Wirthinn
631 1364 704 1411 noch
718 1363 748 1401 in
773 1366 830 1401 den
845 1357 974 1414 weichen
993 1358 1095 1413 Federn
1116 1355 1167 1394 be⸗

254 1418 386 1469 fanden,
415 1421 479 1457 und
502 1419 551 1457 als
573 1416 736 1458 Leonore
756 1413 812 1457 bey
835 1413 915 1451 allen
944 1403 1170 1457 geſchwaͤtzigen

255 1476 496 1524 Milchweibern
510 1475 619 1521 herum
641 1474 705 1522 lief,
724 1475 770 1512 die
786 1472 892 1516 Milch
920 1480 957 1516 zu
977 1471 1046 1507 dem
1056 1467 1170 1512 Caffee

256 1538 293 1573 zu
310 1530 410 1573 holen,
437 1527 499 1575 flog
519 1520 570 1572 ich
591 1528 641 1564 als
663 1526 709 1563 ein
734 1529 890 1561 munterer
912 1520 1029 1567 Gehaſi
1064 1519 1096 1555 in
1121 1518 1170 1555 die

255 1575 432 1621 Wohnung
432 1573 537 1626 meiner
560 1571 745 1618 gutwilligen
752 1568 966 1612 Waͤſcherinn.
1013 1563 1083 1604 Sie
1089 1564 1171 1602 wuͤr⸗

257 1627 295 1663 de
309 1625 369 1660 mir
377 1626 462 1664 einen
471 1621 577 1671 Caffee
592 1611 748 1666 vorgeſetzt
759 1616 870 1663 haben,
890 1624 978 1653 wenn
1003 1615 1083 1657 nicht
1110 1618 1170 1651 den

258 1662 439 1725 Augenblick
458 1677 548 1720 zuvor
562 1668 607 1704 die
629 1665 720 1710 Katze
734 1665 799 1711 ihre
832 1663 971 1711 ſchwarze
986 1661 1098 1699 Kanne
1113 1669 1171 1701 zer⸗

258 1726 397 1773 brochen,
421 1731 483 1765 und
496 1726 561 1774 ihre
584 1721 763 1767 Schweſter
779 1721 842 1768 ihre
858 1718 969 1767 einzige
991 1719 1065 1764 beſte
1082 1716 1173 1761 Taſſe

259 1777 340 1816 nicht
354 1775 436 1818 haͤtte
460 1775 550 1817 fallen
572 1771 674 1817 laſſen,
691 1771 729 1815 ſie
751 1769 854 1806 wuͤrde
870 1767 940 1807 aber
960 1767 1031 1810 doch
1057 1764 1173 1809 endlich

260 1828 309 1868 ein
330 1825 542 1874 Schluͤcksgen
561 1823 660 1871 geholt
680 1819 792 1870 haben,
808 1828 896 1858 wenn
918 1817 997 1865 nicht
1011 1816 1059 1856 die
1068 1814 1174 1855 Bulle

261 1884 309 1923 im
322 1878 422 1919 Bette
435 1867 555 1927 geſteckt
569 1875 682 1926 haͤtte
698 1892 720 1902 —

711 1986 794 2037 F3

1066 1977 1177 2031 Jch
