1524 2221
486 341 560 381 156

491 432 591 470 tigkeit
603 435 657 466 und
676 435 781 469 Staͤrke
800 435 906 467 Deiner
923 434 1086 480 Phantaſie,
1099 436 1198 476 denn
1199 432 1234 480 ſie
1249 432 1287 481 iſt

492 487 533 522 oft
548 487 592 517 der
608 485 701 524 groͤßte
718 486 899 524 Widerſacher
915 489 1021 525 unſerer
1038 489 1121 527 ſelbſt,
1137 490 1190 520 und
1206 491 1284 524 wirkt

490 544 532 578 oft
550 542 672 580 ungleich
687 544 775 582 mehr,
803 544 850 577 als
868 544 1011 583 koͤrperlich
1038 546 1207 584 vorhandene
1226 549 1281 580 Ge⸗

490 600 646 640 genſtaͤnde,
676 603 727 638 auf
742 603 835 639 unſere
853 604 1078 641 Empfindungen,
1097 604 1282 644 Leidenſchaff⸗

489 661 535 688 ten
555 656 607 693 und
626 658 703 693 unſre
730 655 904 695 Thaͤtigkeit;
942 661 969 695 ſo
989 658 1039 690 wie
1065 660 1098 695 ſie
1117 661 1155 692 im
1175 661 1283 698 Gegen⸗

488 713 558 748 theil
583 715 663 746 unter
689 715 735 745 der
757 713 871 750 Leitung
889 716 936 747 des
961 715 1125 750 Verſtandes
1151 722 1204 749 uns
1231 718 1281 749 den

487 771 607 808 ſuͤſſeſten
627 772 712 807 Erſatz
739 768 784 808 fuͤr
809 772 850 803 die
870 772 1045 810 Entbehrung
1074 773 1119 806 der
1138 774 1279 812 Wirklich⸗

487 825 574 862 keiten
596 826 686 863 reicht.

558 940 650 988 Schon
671 941 848 989 vermittelſt
862 946 945 985 dieſer
977 947 1103 987 Pruͤfung
1134 949 1211 987 wirſt
1230 950 1280 983 Du

486 1004 536 1034 den
555 1002 654 1038 großen
671 1002 784 1041 Einfluß
810 1004 1011 1042 wahrnehmen,
1046 1018 1064 1039 —
1095 1005 1144 1041 den
1170 1006 1204 1042 ſie
1230 1005 1283 1043 auf

484 1060 560 1093 Dein
588 1060 728 1099 Betragen
761 1060 798 1093 im
831 1063 970 1098 Umgange
1002 1061 1055 1093 mit
1085 1064 1186 1095 andern
1219 1064 1277 1102 hat.

484 1119 568 1149 Denn
587 1117 628 1150 die
648 1118 866 1154 Bekanntſchafft
883 1120 936 1155 mit
946 1120 1063 1157 Deinen
1081 1121 1197 1155 Fehlern
1215 1122 1278 1157 und

486 1167 528 1200 die
546 1168 773 1205 Ueberzeugung,
810 1172 861 1204 daß
879 1171 930 1201 Du
953 1177 1010 1209 von
1031 1169 1112 1207 ihnen
1138 1172 1209 1207 nicht
1226 1172 1279 1211 frei

483 1234 540 1261 biſt,
559 1235 632 1260 wird
643 1234 762 1259 Deinem
781 1225 937 1260 Verhalten
957 1226 1185 1263 Beſcheidenheit,
1207 1233 1278 1266 Ver⸗

460 1284 661 1322 traͤglichkeit,
679 1285 823 1322 Duldung,
843 1285 896 1323 und
916 1285 992 1319 einen
1011 1282 1185 1330 anziehenden
1199 1285 1278 1331 ſanf⸗

483 1346 530 1376 ten
554 1340 627 1379 Reitz
653 1342 745 1378 geben.
798 1343 855 1376 Die
879 1344 1075 1381 Anerkennung
1107 1346 1155 1377 des
1181 1347 1279 1379 Guten

482 1401 565 1436 aber,
595 1402 706 1438 welches
726 1405 776 1436 Du
793 1404 823 1436 in
841 1404 896 1436 Dir
915 1405 1020 1443 findeſt,
1054 1405 1120 1437 wird
1140 1406 1209 1440 Dich
1228 1412 1277 1439 vor

483 1460 543 1491 dem
563 1458 730 1495 kriechenden
749 1459 857 1494 Weſen,
877 1466 924 1491 vor
949 1460 1087 1496 niedrigen
1105 1461 1275 1499 Schmeiche⸗

483 1520 572 1549 leien,
604 1522 651 1546 vor
671 1497 899 1545 Schuͤchternheit
916 1512 968 1541 und
987 1509 1149 1545 Kleinmuth
1169 1511 1275 1547 ſichern,

483 1575 537 1604 und
556 1573 674 1605 Deinem
694 1575 835 1611 Betragen
853 1576 1021 1613 Veſtigkeit,
1044 1576 1125 1612 Ruhe
1144 1577 1202 1609 und
1217 1576 1275 1609 eine

483 1629 586 1665 gewiſſe
606 1630 757 1666 Zuverſicht
775 1630 938 1668 mittheilen.

554 1745 625 1777 Aber
646 1745 714 1781 dieſe
736 1743 930 1783 Anerkennung
954 1747 1002 1779 des
1026 1746 1120 1781 Guten
1136 1753 1185 1770 —
1206 1746 1276 1782 liebe

483 1794 614 1836 Pauline,
634 1798 702 1835 dieſe
717 1798 912 1836 Anerkennung
933 1799 964 1837 iſt
982 1801 1009 1837 ſo
1032 1798 1110 1836 leicht
1131 1799 1210 1836 nicht,
1228 1803 1275 1836 als

483 1859 534 1890 Du
550 1854 680 1891 vielleicht
691 1856 796 1894 glaubſt
810 1859 863 1889 und
879 1859 924 1891 als
938 1861 985 1893 der
1002 1857 1112 1897 Menſch
1126 1858 1212 1897 ſeiner
1230 1860 1277 1895 Ei⸗
