1536 2331
603 276 709 366 161

276 389 486 442 taillons,
533 395 618 434 was
643 403 684 433 n.
716 405 753 434 2.
785 390 907 445 geſagt
935 398 1101 445 worden.

307 448 385 494 So
407 451 477 494 wie
498 451 589 505 dieſe
607 452 725 502 beyde
754 464 832 505 weg
862 454 972 510 ſind,
1004 461 1098 504 wird

305 510 396 547 vom
418 506 555 558 rechten
580 508 713 561 Fluͤgel
737 514 802 555 des
822 512 1098 564 Grenadierba⸗

306 563 460 607 taillons
469 566 648 619 rottweiſe
659 568 774 619 rechts
783 567 995 624 abgefallen,
1007 575 1095 624 nach

304 624 366 668 der
391 626 571 675 Methode
595 629 665 669 wie
685 625 773 670 Art.
788 636 825 676 8.
841 630 919 673 Lit.
937 632 981 675 B.
998 647 1035 674 n.
1056 644 1097 676 2.

303 678 379 721 und
400 685 438 732 3.
458 679 579 732 geſagt
595 685 758 730 worden.
816 686 901 732 Die
918 690 1095 741 abfallen⸗

300 735 380 780 den
404 737 536 782 Rotten
561 739 697 789 muͤſſen
722 742 836 793 dichte
870 744 985 796 hinter
1014 749 1095 789 dem

297 792 503 840 Bataillon
518 793 753 851 marſchiren,
785 802 859 846 und
876 803 913 853 ſo
938 803 1007 846 wie
1031 808 1094 848 der

278 849 414 899 rechte
433 847 567 902 Fluͤgel
587 861 673 896 vom
696 844 1094 912 Grenadierbataillon

293 916 341 949 an
379 908 441 953 den
467 912 584 956 linken
599 912 739 965 Fluͤgel
763 922 849 956 vom
870 924 971 970 4ten
990 917 1091 969 Zuge

268 958 365 1003 des
385 962 482 1017 1ſten
499 961 721 1009 Bataillons
737 955 886 1018 koͤmmt,
913 968 953 1019 ſo
970 973 1089 1022 macht

281 1029 342 1063 er
343 1015 551 1072 wiederum
575 1018 776 1076 Rechtsum
804 1029 880 1067 und
903 1028 1092 1081 marſchirt

265 1076 645 1126 perpendiculariter
666 1081 755 1135 nach
783 1084 844 1128 der
867 1085 1013 1132 Bruͤcke
1032 1099 1089 1138 zu,

292 1140 361 1178 um
376 1134 424 1187 ſie
440 1146 481 1187 zu
491 1134 668 1193 paſſiren,
675 1133 745 1189 und
761 1143 883 1188 drehet
898 1144 966 1199 ſich
977 1147 1087 1201 links,

293 1202 356 1238 um
372 1196 439 1239 mit
448 1194 654 1251 Rechtsum
662 1198 728 1253 ſich
744 1212 793 1244 an
811 1204 890 1245 dem
908 1204 1011 1257 ſchon
1023 1209 1085 1262 ſte⸗

290 1252 431 1307 henden
441 1254 540 1307 Zuge
547 1258 593 1313 zu
601 1258 720 1310 ſetzen.
744 1261 822 1308 So
840 1266 910 1309 wie
921 1268 982 1310 der
995 1270 1086 1313 linke

286 1309 433 1365 Fluͤgel
459 1308 523 1360 des
537 1323 626 1358 2ten
644 1317 911 1370 Bataillons,
931 1324 1086 1375 welcher

273 1355 467 1415 waͤhrend
480 1353 542 1408 der
550 1365 634 1419 Zeit
643 1378 691 1411 an
704 1369 774 1412 den
791 1371 928 1424 rechten
948 1372 1081 1425 Fluͤgel

286 1422 355 1466 des
375 1428 460 1478 5ten
476 1421 598 1478 Zuges
612 1427 816 1481 gekommen
835 1433 890 1483 iſt,
920 1437 994 1476 und
1013 1438 1081 1478 mit

280 1477 453 1537 Linksum
469 1481 672 1542 abgefallen
691 1485 780 1545 iſt,
784 1491 903 1543 macht
920 1506 955 1538 er
974 1496 1079 1549 noch⸗

284 1539 389 1587 mals
399 1537 569 1587 Linksum
583 1535 652 1594 und
670 1543 755 1595 geht
765 1549 832 1590 mit
842 1548 922 1590 dem
938 1549 1077 1602 rechten

281 1593 419 1647 Fluͤgel
461 1601 528 1644 des
563 1595 978 1650 Grenadierbataillons
1018 1618 1077 1658 zu⸗

246 1654 396 1708 gleich
418 1662 485 1704 mit
512 1657 685 1714 hinuͤber,
728 1665 803 1709 und
820 1666 870 1717 ſo
893 1666 969 1709 wie
1003 1670 1073 1713 das

282 1707 676 1760 Grenadierbataillon
708 1718 803 1763 links
839 1723 900 1765 der
918 1723 1074 1770 Bruͤcke

242 1765 405 1821 gehet,
442 1769 549 1815 wenn
574 1779 614 1814 es
639 1776 696 1818 die
722 1774 866 1829 paſſirt,
903 1781 977 1822 und
1004 1782 1072 1823 mit

257 1824 485 1880 Rechtsum
502 1826 579 1884 ſich
593 1833 631 1882 an
650 1829 778 1886 ſeinem
797 1836 983 1891 ſtehenden
993 1839 1069 1888 Pe⸗

280 1883 389 1931 loton
417 1887 531 1940 ſetzet,
579 1887 618 1938 ſo
654 1893 757 1942 gehet
790 1893 900 1947 dieſer
935 1889 1069 1950 Fluͤgel

280 1939 434 1996 rechts,
447 1956 510 1999 um
532 1946 615 1993 mit
626 1949 795 1999 Linksum
818 1951 900 1999 ſich
914 1965 962 1999 an
987 1958 1066 1997 dem

674 1997 706 2061 L

991 2006 1084 2071 ſei⸗
