1504 2442
496 347 617 397 taͤglich
626 347 658 396 ſo
669 351 757 396 wohl
765 349 828 390 mit
842 350 944 392 denen
953 352 1107 398 Soͤhnen
1115 354 1171 395 als
1178 353 1260 401 auch
1274 354 1336 397 mit
1344 354 1395 398 de⸗

494 412 559 444 nen
568 403 739 448 Weibern
749 406 817 446 eine
826 404 986 454 Stunde,
997 410 1064 449 und
1075 406 1256 455 unterwieß
1267 410 1307 457 ſie
1315 409 1408 456 noch

493 455 607 496 weiter
623 454 657 494 in
677 456 806 503 unſerer
831 456 1003 505 Religion.
1056 459 1116 510 Jn
1138 457 1225 501 einer
1237 460 1314 511 Zeit
1329 469 1398 502 von

491 504 567 552 acht
583 503 743 549 Wochen
763 505 852 556 hatte
866 494 919 554 ich
942 505 984 557 ſie
1000 509 1069 549 alle
1079 507 1170 557 ſchon
1187 509 1219 557 ſo
1239 508 1319 551 weit
1340 518 1394 558 ge⸗

491 560 632 607 bracht,
658 560 723 603 daß
731 563 773 613 ſie
783 561 847 604 mit
855 570 958 613 guten
966 563 1075 612 Recht
1085 566 1155 607 und
1163 569 1246 615 ohne
1253 567 1394 611 Beden⸗

491 611 562 650 cken
572 609 685 659 haͤtten
692 600 817 654 koͤnnen
830 611 987 662 getauffet
1003 614 1158 663 werden;
1182 615 1278 658 allein
1293 616 1395 666 dieſes

488 664 589 706 wolte
603 663 652 712 ich
666 665 748 713 noch
756 666 865 713 nicht,
890 666 977 708 denn
996 669 1091 714 unſer
1109 667 1204 716 Herr
1220 669 1392 719 Magiſter

488 716 629 762 Menzer
655 717 730 765 ſolte
755 718 816 766 erſt
846 716 1001 765 dieſelben
1025 717 1105 766 noch
1128 718 1221 768 mehr
1244 720 1280 762 in
1298 723 1393 769 ihren

486 767 648 813 Glauben
660 769 857 819 beveſtigen:
882 769 954 821 Jch
964 772 1027 821 ließ
1042 771 1102 821 ihn
1111 770 1287 821 deswegen
1307 772 1394 819 auch

486 820 569 866 nach
588 820 837 869 Salmasburg
859 820 1022 871 abholen,
1048 823 1118 866 und
1134 823 1231 872 dieſer
1252 819 1297 876 gab
1300 826 1391 876 ſich

486 867 568 915 auch
577 868 611 915 ſo
616 869 681 910 viel
688 867 822 918 Muͤhe,
847 869 913 917 daß
925 880 960 911 er
967 870 1065 919 mich,
1089 863 1247 917 nachdem
1261 883 1294 913 er
1304 881 1393 922 zwey

482 915 646 973 Wochen
661 921 730 971 hier
746 923 901 972 geweſen,
925 924 1126 973 verſicherte,
1137 919 1169 969 er
1174 927 1275 968 koͤnne
1292 929 1392 974 ihnen

484 967 594 1011 nichts
601 968 714 1010 weiter
724 967 938 1019 beybringen,
963 960 1069 1023 auſſer
1085 981 1121 1014 er
1137 970 1238 1022 muͤſte
1246 975 1289 1026 ſie
1306 976 1390 1018 denn

485 1021 549 1074 auf
558 1023 628 1066 eine
634 1025 772 1076 gelehrte
781 1025 847 1071 Art
862 1026 942 1076 noch
958 1028 1051 1078 mehr
1076 1029 1293 1078 unterrichten
1310 1034 1392 1073 wol⸗

483 1079 550 1125 len,
572 1069 711 1127 welches
723 1080 804 1123 aber
809 1080 883 1130 jetzo
890 1078 967 1132 Zeit
980 1077 1052 1124 und
1063 1082 1282 1134 Gelegenheit
1300 1084 1390 1135 nicht

483 1137 639 1189 zulieſſen.

553 1233 763 1284 Unterdeſſen
781 1243 857 1277 war
868 1236 926 1277 der
941 1234 1117 1285 koͤnigliche
1134 1234 1228 1280 Bau
1243 1236 1385 1289 ziemlich

481 1291 548 1325 von
553 1278 680 1338 ſtatten
701 1292 881 1334 gegangen,
906 1284 992 1330 denn
1000 1292 1041 1330 es
1053 1286 1178 1336 muſten
1193 1287 1313 1339 taͤglich
1323 1291 1391 1341 auf

481 1335 623 1385 hundert
652 1337 817 1389 Perſonen
841 1329 1030 1386 arbeiten.
1036 1341 1104 1382 Es
1121 1340 1238 1383 wurde
1253 1343 1337 1387 auch
1348 1344 1385 1386 in

479 1387 575 1438 That
599 1388 652 1432 ein
672 1390 757 1439 recht
784 1387 1020 1445 vortreffliches
1052 1395 1234 1441 Gebaͤude.
1285 1398 1385 1442 Vier

479 1439 700 1485 Stockwerck
730 1440 809 1489 hoch
840 1439 956 1484 wurde
988 1448 1027 1485 es
1052 1436 1170 1486 alleine
1187 1442 1243 1487 bis
1257 1455 1304 1489 an
1316 1446 1386 1490 das

479 1493 612 1544 Dach,
636 1496 704 1537 und
713 1495 813 1545 dieſes
829 1497 903 1545 ſolte
912 1494 1055 1547 hernach
1073 1498 1137 1540 mit
1150 1509 1255 1547 puren
1270 1503 1385 1547 Golde

476 1543 658 1594 uͤberzogen
667 1544 816 1597 werden;
835 1548 955 1591 mitten
967 1546 1034 1597 auf
1043 1550 1110 1591 das
1117 1551 1287 1595 Gebaͤude
1305 1553 1384 1600 ſolte

479 1593 533 1638 ein
552 1595 684 1644 Thurm
695 1596 866 1646 kommen,
890 1597 1025 1648 welcher
1041 1595 1238 1649 wenigſtens
1255 1598 1383 1651 viertzig

478 1648 574 1694 Ellen
587 1648 621 1688 in
644 1650 743 1700 Hoͤhe
757 1652 862 1701 haben
882 1651 987 1699 ſolte,
1010 1658 1079 1694 und
1095 1651 1130 1694 in
1143 1646 1259 1704 dieſen
1277 1647 1382 1705 Thurm

474 1703 578 1744 wolte
592 1700 639 1746 ich
654 1703 751 1749 durch
763 1703 856 1755 Herr
871 1704 1127 1753 Thalemannen
1140 1707 1209 1748 eine
1229 1709 1298 1754 Uhr
1309 1716 1380 1749 ver⸗

476 1749 614 1805 fertigen
624 1751 737 1805 laſſen,
756 1755 955 1805 dergleichen
971 1766 1005 1798 er
1013 1757 1096 1806 auch
1103 1759 1168 1810 auf
1176 1760 1238 1802 den
1246 1760 1382 1810 Thurm

477 1802 513 1845 in
539 1805 668 1853 unſerer
692 1805 812 1854 Kirche
831 1804 969 1854 machte.
1020 1808 1203 1859 Uebrigens
1220 1819 1295 1852 war
1312 1811 1379 1855 das

477 1863 587 1906 gantze
603 1856 772 1904 Gebaͤude
786 1870 855 1902 von
866 1861 941 1903 dem
953 1861 1112 1909 ſchoͤnſten
1136 1861 1379 1908 ſuͤdlaͤndiſchen

476 1909 641 1954 Marmor
651 1908 806 1960 gebauet,
817 1910 956 1963 welchen
963 1911 1013 1957 die
1022 1911 1232 1960 Suͤdlaͤnder
1240 1913 1305 1962 auf
1307 1912 1377 1959 eine
