1445 2097
548 294 621 345 63

206 383 398 418 zuzusehen.
448 377 519 418 Bey
556 375 676 408 seinem
709 373 803 405 Jubel
837 372 968 411 vergiſst

209 448 280 470 man
298 439 357 470 mit
376 435 457 471 ihm,
475 430 574 464 durch
592 429 718 462 welche
734 428 886 457 Arbeiten
903 423 970 451 und

210 478 475 533 Aufopferungen
501 493 534 512 es
567 483 619 511 die
646 484 796 510 ärmliche
815 481 902 510 Lust
927 489 972 501 er-

212 543 306 577 kauft
324 542 389 572 hat.
427 540 467 570 In
493 536 609 567 diesem
634 540 754 574 bunten
784 534 972 580 Gewimmel

213 600 315 633 weise
342 594 500 628 sehender
530 592 720 627 Matronen,
760 589 976 626 ehrwürdiger

215 651 400 692 Graubärte,
417 648 555 692 rüstiger
565 647 702 678 Männer
720 645 785 672 und
795 644 975 680 Jünglinge,

217 703 395 739 blühender
411 704 573 733 Mädchen
593 705 660 727 und
678 703 807 729 Kinder,
824 701 887 728 bey
907 700 978 718 dem

217 762 446 798 aromatischen
466 758 613 791 Geruche
632 765 694 785 von
716 755 848 782 tausend
867 753 979 779 heilsa-

219 828 293 851 men
312 817 488 854 Kräutern,
510 812 574 852 bey
593 811 653 841 den
674 807 853 839 ländlichen
869 805 981 834 Jauch-

220 881 281 903 zen
301 871 357 902 der
371 866 567 901 Schalmeien
587 865 709 894 könnte
728 872 797 888 man
817 861 884 886 sich
901 859 982 885 nach

209 921 382 957 Arkadien
403 927 542 951 versetzt
559 920 706 956 glauben.
748 917 836 958 Aber
855 934 899 948 —
911 916 985 954 dort

222 976 268 1010 im
290 974 527 1020 Hintergrunde
550 974 678 1011 spähen
708 973 760 997 die
784 971 987 1003 Gewaltigen

225 1031 286 1067 mit
313 1027 567 1072 gravitätischem
603 1037 699 1065 Ernst
728 1038 806 1060 oder
834 1038 893 1063 mit
921 1047 988 1061 ver-

227 1084 403 1120 ächtlicher
419 1081 652 1121 Herablassung
675 1084 746 1105 zum
768 1091 901 1115 Fenster
919 1080 989 1115 hin-

230 1150 296 1172 aus.
336 1139 423 1178 Weg
447 1137 496 1166 ist
518 1134 580 1164 alle
608 1131 759 1162 Illusion!
789 1132 845 1155 Ich
874 1132 989 1163 glaube

232 1194 285 1227 die
305 1192 404 1224 Katze
425 1199 466 1219 zu
484 1184 579 1223 sehn,
600 1184 651 1216 die
669 1184 738 1215 ihre
757 1182 860 1211 Klaue
881 1182 991 1214 öffnet,

231 1248 287 1279 das
306 1243 479 1289 gefangene
496 1240 689 1280 Mäuschen,
713 1240 766 1268 das
789 1240 856 1273 sich
878 1240 993 1278 befreit

232 1306 362 1344 wähnt,
382 1301 484 1343 einige
500 1299 644 1341 Sprünge
662 1296 791 1327 machen
810 1295 901 1328 läſst,
928 1294 995 1319 und

236 1356 321 1390 dann
353 1365 385 1388 es
419 1354 486 1389 mit
509 1352 743 1393 verdoppelter
776 1350 994 1395 Grausamkeit

237 1415 359 1448 wieder
376 1411 493 1444 foltert.

315 1468 373 1500 Ich
392 1467 510 1497 kannte
528 1462 621 1493 einen
636 1472 809 1501 Edelmann
827 1475 871 1488 —
885 1477 999 1494 unver-

241 1522 374 1563 geſslich
402 1521 515 1553 theuer
533 1526 591 1556 sey
610 1518 662 1546 das
687 1514 861 1544 Andenken
882 1514 998 1538 meines

242 1577 337 1608 edeln
366 1572 527 1606 Freundes
554 1570 656 1607 jedem
686 1571 815 1599 Guten,
856 1567 912 1590 der
944 1567 1002 1588 ihn

241 1626 375 1660 kannte!
391 1640 429 1648 —
453 1627 510 1651 der
526 1625 590 1659 bey
607 1625 734 1649 solchen
753 1620 1005 1653 Gelegenheiten

245 1680 308 1711 fast
334 1680 386 1712 die
409 1685 507 1718 ganze
532 1687 640 1716 Nacht
667 1685 850 1713 zubrachte,
881 1676 916 1714 in
935 1676 1005 1712 dem

247 1733 358 1767 frohen
375 1732 554 1767 Getümmel
581 1740 686 1773 seiner
711 1742 932 1768 Unterthanen
968 1753 1004 1769 zu
