1998 2991
166 375 237 414 Des
237 375 326 414 worts

407 370 598 425 (Pſ.119.)

702 368 795 425 Der
795 368 960 425 Pſalter.

1036 379 1200 416 lieblichkeit
1200 379 1259 416 und
1259 379 1328 416 nutz.

1392 377 1493 430 617

181 447 256 484 61.
285 445 340 481 Der
342 440 483 492 gottloſen
501 441 574 489 rotte
591 439 712 489 beraubet
721 440 815 490 mich:

170 493 235 529 aber
250 491 291 531 ich
305 493 420 535 vergeſſe
433 493 529 528 deines
539 491 649 533 geſetzes
662 489 747 533 nicht.

212 539 261 572 62.
279 537 362 578 Zur*
370 534 546 576 mitternacht
554 535 623 577 ſtehe
630 535 671 579 ich
677 534 746 576 auf,
767 535 812 569 dir

171 590 203 625 zu
223 583 342 619 dancken
365 581 414 625 fuͤr
431 584 473 620 die
491 580 577 623 rechte
596 582 689 616 deiner
708 579 812 621 gerech⸗

168 626 275 670 tigkeit.
640 625 658 645 *
667 628 712 662 Pſ.
721 635 772 666 42,
779 634 809 667 9.

212 672 259 711 63.
282 668 340 712 Jch
355 670 429 712 halte
444 666 515 710 mich
528 676 561 711 zu
576 670 679 708 denen,
699 668 741 702 die
750 667 809 710 dich

167 710 316 757 fuͤrchten,
338 715 398 747 und
411 713 488 747 deine
504 711 605 752 befehle
622 710 728 753 halten.

192 757 264 799 64.
273 755 428 798 HERR,*
436 758 479 790 die
485 751 550 797 erde
552 755 584 795 iſt
596 756 653 789 voll
661 754 752 788 deiner
759 750 810 795 guͤ⸗

170 809 211 841 te:
236 806 308 843 lehre
264 843 268 844 lehre
323 805 393 843 mich
407 806 484 838 deine
497 803 593 843 rechte.
653 803 725 845 *Pſ.
733 810 808 842 33,5.

212 849 258 887 65.
281 849 336 883 Du
357 848 376 870 *
394 846 470 889 thuſt
486 848 559 889 guts
579 845 686 884 deinem
706 845 809 888 knecht,

167 893 307 930 HERR,
329 891 399 930 nach
418 891 524 928 deinem
537 896 621 926 wort.
703 890 754 925 *v.
763 898 808 930 17.

209 938 259 971 66.
283 934 362 975 Lehre
375 934 449 977 mich
461 934 589 978 heilſame
605 934 685 977 ſitten
697 936 757 968 und
769 942 810 970 er⸗

164 978 295 1020 kentniß:
318 981 391 1012 denn
403 977 445 1019 ich
460 975 562 1021 glaͤube
576 978 673 1012 deinen
681 976 809 1020 geboten.

209 1027 260 1068 67.
269 1023 329 1066 Ehe
337 1025 402 1067 ich*
410 1021 615 1066 gedemuͤthiget
623 1026 713 1060 ward,
729 1023 810 1057 irrete

167 1067 236 1108 ich:
250 1076 311 1104 nun
319 1066 384 1101 aber
393 1066 468 1108 halte
477 1066 517 1108 ich
530 1068 587 1102 dein
608 1072 678 1102 wort.
700 1066 751 1099 *v.
760 1074 808 1107 75.

211 1119 259 1155 68.
283 1118 337 1153 Du
338 1111 401 1158 biſt
416 1114 490 1158 guͤtig
504 1119 556 1151 und
563 1113 732 1160 freundlich:
754 1115 809 1157 leh⸗

168 1167 198 1195 re
214 1157 285 1199 mich
302 1159 380 1193 deine
396 1158 493 1195 rechte.

209 1203 261 1246 69.
285 1201 344 1239 Die
346 1196 366 1241 *
375 1202 483 1245 ſtoltzen
496 1201 627 1243 ertichten
641 1199 725 1243 luͤgen
739 1198 808 1235 uͤber

168 1246 257 1290 mich:
278 1246 343 1286 Jch
353 1245 419 1281 aber
427 1245 501 1288 halte
508 1251 566 1279 von
571 1245 695 1286 gantzem
705 1243 809 1285 hertzen

167 1294 245 1329 deine
259 1292 372 1332 befehle.
646 1292 698 1326 *v.
705 1294 753 1331 78.
763 1294 808 1331 85.

208 1345 262 1377 70.
285 1336 346 1378 Jhr
356 1338 424 1381 hertz
431 1333 469 1380 iſt
475 1333 526 1377 dick
541 1333 585 1378 wie
591 1334 723 1380 ſchmeer:
743 1336 810 1377 Jch

167 1373 234 1410 aber
248 1376 317 1417 habe
331 1374 384 1414 luſt
396 1382 435 1407 an
449 1373 556 1408 deinem
568 1375 657 1414 geſetz.

208 1436 254 1463 71.
275 1426 323 1463 Es
337 1427 369 1466 iſt
381 1427 436 1462 mir
450 1424 518 1465 lieb,
541 1425 595 1466 daß
609 1426 641 1458 du
654 1422 726 1465 mich
733 1425 810 1464 gede⸗

167 1462 308 1508 muͤthiget
322 1464 398 1505 haſt:
420 1465 475 1506 daß
488 1463 529 1504 ich
542 1466 618 1498 deine
632 1464 717 1505 rechte
724 1465 809 1498 lerne.

208 1523 258 1556 72.
281 1513 354 1551 Das
366 1514 444 1559 geſetz
458 1513 554 1549 deines
568 1515 691 1550 mundes
708 1512 742 1554 iſt
751 1515 808 1548 mir

168 1557 250 1594 lieber
263 1558 336 1593 denn
350 1556 404 1593 viel
424 1557 539 1598 tauſend
553 1554 624 1599 ſtuͤck
646 1556 655 1576 *
668 1555 734 1598 gold
749 1558 809 1591 und

164 1601 258 1639 ſilber.
641 1603 713 1639 *Pf
721 1611 807 1639 19,11.

209 1654 256 1686 73.
266 1644 384 1681 Deine*
391 1644 469 1687 hand
479 1643 529 1687 hat
537 1641 609 1685 mich
616 1641 741 1685 gemacht
748 1645 809 1677 und

165 1686 308 1730 bereitet:
317 1686 474 1734 unterweiſe
492 1685 561 1733 mich,
570 1687 626 1727 daß
634 1686 674 1729 ich
681 1686 758 1721 deine
764 1694 809 1726 ge⸗

165 1735 230 1772 bote
244 1737 328 1772 lerne.
388 1735 407 1758 *
413 1735 492 1777 Hiob
500 1740 580 1772 10,8.
592 1733 641 1778 Pſ.
648 1741 711 1776 139,
716 1738 755 1773 13.
763 1739 808 1772 14.

208 1786 261 1821 74.
275 1779 335 1816 Die
347 1779 407 1819 dich
415 1776 554 1820 fuͤrchten,
568 1779 645 1818 ſehen
654 1775 735 1819 mich,
749 1779 809 1810 und

165 1818 261 1860 freuen
275 1815 344 1859 ſich:
365 1820 439 1852 denn
448 1818 489 1860 ich
503 1817 578 1858 hoffe
586 1819 641 1857 auf
650 1820 714 1852 dein
721 1822 806 1851 wort.

207 1877 254 1910 75.
277 1869 416 1907 HERR,
437 1869 479 1912 ich
493 1868 582 1908 weiß,
606 1867 661 1906 daß
676 1868 753 1903 deine
763 1874 809 1907 ge⸗

166 1909 252 1952 richte
269 1906 342 1947 recht
361 1908 437 1949 ſind:
461 1910 520 1945 und
537 1907 597 1949 haſt
609 1907 680 1952 mich
694 1908 809 1947 treulich

164 1949 383 1997 gedemuͤthiget.

209 2002 261 2041 76.
283 1998 376 2035 Deine
382 2000 473 2039 gnade
481 1996 568 2039 muͤſſe
573 1999 649 2033 mein
657 1996 727 2039 troſt
735 1996 810 2040 ſeyn,

166 2045 220 2081 wie
233 2049 272 2081 du
287 2043 396 2078 deinem
409 2041 501 2086 knecht
516 2042 656 2084 zugeſaget
674 2041 745 2084 haſt.

208 2095 260 2130 77.
282 2088 339 2126 Laß
349 2088 405 2119 mir
419 2086 496 2121 deine
505 2084 740 2127 barmhertzigkeit
754 2088 815 2131 wie⸗

167 2128 334 2171 derfahren,
356 2128 414 2168 daß
428 2128 469 2169 ich
482 2127 573 2172 lebe;
590 2123 656 2163 denn
668 2127 729 2173 *ich
740 2127 813 2169 habe

170 2177 224 2217 luſt
237 2189 270 2217 zu
285 2178 393 2212 deinem
409 2175 496 2217 geſetz.
705 2176 723 2197 *v.
733 2183 814 2217 35.

211 2224 261 2259 78.
270 2217 328 2260 Ach
335 2217 391 2258 daß
399 2218 442 2252 die
448 2215 555 2258 ſtoltzen
562 2217 670 2256 muͤſten
679 2223 712 2258 zu
722 2217 815 2254 ſchan⸗

169 2263 223 2297 den
235 2266 364 2303 werden,
385 2262 429 2298 die
443 2259 516 2301 mich
524 2260 542 2280 *
550 2262 604 2295 mit
618 2259 703 2301 luͤgen
712 2261 816 2295 nieder⸗

172 2305 306 2346 druͤcken:
325 2310 392 2351 Jch
407 2306 473 2343 aber
492 2308 553 2343 rede
573 2314 633 2343 von
651 2307 759 2343 deinem
775 2308 818 2343 be⸗

171 2355 239 2398 fehl.
705 2358 725 2379 *
732 2364 761 2391 v.
768 2358 819 2393 86.

195 2406 246 2441 79.
258 2396 316 2437 Ach
325 2398 382 2437 daß
389 2396 441 2440 ſich
449 2396 558 2436 muͤſten
564 2403 598 2439 zu
605 2396 662 2429 mir
670 2396 773 2436 halten,
782 2396 821 2439 die

176 2441 234 2481 dich
249 2438 377 2482 fuͤrchten
393 2441 452 2472 und
467 2437 544 2472 deine
559 2437 691 2480 zeugniſſe
706 2438 821 2472 kennen.

219 2493 270 2526 80.
294 2488 381 2523 Mein
398 2490 467 2532 hertz
482 2487 566 2523 bleibe
584 2486 777 2528 rechtſchaffen
790 2488 822 2522 in

176 2535 274 2570 deinen
289 2533 414 2576 rechten,
435 2533 490 2575 daß
506 2531 548 2575 ich
561 2529 638 2574 nicht
646 2540 678 2576 zu
688 2531 823 2576 ſchanden

178 2584 282 2617 werde.

222 2626 263 2659 81.
280 2619 382 2657 Meine
389 2620 477 2662 ſeele*
485 2617 631 2661 verlanget
640 2618 710 2662 nach
718 2618 827 2653 deinem

180 2667 246 2712 heil,
252 2667 294 2712 ich
301 2667 376 2712 hoffe
383 2667 437 2711 auf
446 2661 504 2708 dein
522 2660 594 2710 wort.
612 2667 640 2703 *1
648 2663 826 2711 Moſ.49,18.

873 453 918 485 82.
927 447 1030 486 Meine
1036 456 1128 488 augen
1137 446 1233 486 ſehnen
1243 447 1294 487 ſich
1303 445 1373 487 nach
1380 447 1488 480 deinem

844 502 930 533 wort,
940 494 998 528 und
1008 494 1105 536 ſagen:
1120 495 1218 532 Wenn
1225 494 1331 533 troͤſteſt
1342 496 1381 528 du
1390 493 1488 533 mich?

890 540 934 576 83.
956 535 1045 570 Denn
1066 537 1106 576 ich
1130 537 1178 571 bin
1200 536 1253 569 wie
1272 535 1331 568 eine
1351 534 1425 576 haut
1448 542 1488 569 im

845 581 949 623 rauch,
972 581 1065 617 deiner
1081 582 1167 619 rechte
1192 582 1307 621 vergeſſe
1326 580 1367 619 ich
1380 579 1465 619 nicht.

887 630 933 669 84.
942 626 1008 662 Wie
1015 627 1033 647 *
1040 628 1122 667 lange
1130 626 1178 665 ſoll
1236 616 1248 619 dem
1185 619 1248 659 dein
1255 624 1345 664 knecht
1353 619 1493 670 warten?

844 668 942 704 Wenn
955 666 1019 701 wilt
1030 669 1068 701 du
1083 666 1188 709 gericht
1206 665 1301 707 halten
1317 667 1385 701 uͤber
1398 667 1487 700 meine

844 712 1007 755 verfolger?
1253 715 1270 735 *
1278 713 1394 756 Offenb.
1403 714 1487 751 6,10.

889 761 931 799 85.
943 757 1001 793 Die
1009 757 1115 798 ſtoltzen
1122 752 1225 797 graben
1237 755 1285 799 mir
1296 757 1422 795 gruben,
1445 758 1488 787 die

844 803 918 842 nicht
931 803 990 842 ſind
1006 803 1075 843 nach
1095 804 1200 837 deinem
1218 803 1305 842 geſetz.

887 852 933 890 86.
957 849 1049 886 Deine
1061 847 1157 890 gebote
1178 848 1238 890 ſind
1254 848 1316 883 eitel
1335 848 1488 889 wahrheit.

843 892 904 929 Sie
917 891 1059 934 verfolgen
1075 891 1147 932 mich
1162 890 1217 924 mit
1230 888 1331 931 luͤgen:
1355 891 1412 932 hilf
1420 899 1486 923 mir.

886 946 933 981 87.
942 940 1000 976 Sie
1009 939 1099 982 haben
1110 937 1180 980 mich
1188 937 1269 980 ſchier
1277 936 1426 977 umbracht
1435 938 1492 981 auf

845 987 936 1020 erden:
945 986 1009 1026 Jch
1018 985 1084 1019 aber
1092 984 1202 1026 verlaſſe
1210 985 1285 1020 deine
1292 982 1394 1024 befehle
1402 983 1493 1022 nicht.

887 1034 932 1067 88.
956 1027 1089 1071 Erquicke
1104 1028 1174 1065 mich
1189 1028 1273 1068 durch
1293 1027 1369 1062 deine
1385 1031 1488 1068 gnade,

843 1072 898 1112 daß
911 1071 951 1112 ich
966 1070 1039 1110 halte
1049 1070 1090 1104 die
1104 1069 1233 1112 zeugniſſe
1247 1070 1344 1103 deines
1353 1061 1488 1105 mundes.

876 1123 925 1161 89.
935 1119 1083 1160 HERR,*
1093 1122 1142 1154 dein
1166 1112 1237 1153 wort
1239 1110 1341 1158 bleibet
1349 1117 1488 1156 ewiglich,

843 1162 871 1203 ſo
886 1163 950 1197 weit
965 1164 1011 1196 der
1032 1162 1147 1201 himmel
1161 1161 1203 1201 iſt.
1316 1162 1332 1181 *
1342 1160 1387 1197 Eſ.
1395 1169 1447 1200 40,
1456 1164 1486 1196 8.

886 1214 939 1247 90.
962 1205 1056 1240 Deine
1073 1206 1213 1247 wahrheit
1229 1205 1339 1247 waͤhret
1358 1205 1406 1245 fuͤr
1427 1207 1486 1239 und

844 1247 900 1288 fuͤr.
930 1249 987 1286 Du
1001 1248 1060 1289 haſt
1074 1247 1117 1284 die
1130 1246 1141 1291 *
1153 1247 1209 1283 erde
1222 1244 1404 1289 zugerichtet,
1426 1248 1487 1280 und

843 1297 878 1334 ſie
890 1297 986 1334 bleibet
997 1296 1096 1336 ſtehen.
1304 1294 1376 1334 *Pſ.
1387 1299 1486 1334 89,12.

884 1346 928 1378 91.
950 1336 998 1371 Es
1024 1336 1121 1371 bleibet
1149 1333 1252 1378 taͤglich
1279 1341 1349 1369 nach
1378 1337 1487 1368 deinem

843 1385 940 1416 wort:
963 1382 1035 1413 denn
1050 1381 1084 1414 es
1098 1379 1168 1419 muß
1182 1371 1232 1411 dir
1246 1379 1320 1414 alles
1334 1380 1442 1414 dienen.

885 1438 935 1467 92.
955 1428 1016 1463 Wo
1024 1429 1087 1463 dein
1094 1428 1171 1470 geſetz
1178 1427 1253 1468 nicht
1262 1427 1340 1468 mein
1340 1427 1366 1467 *
1366 1427 1436 1467 troſt
1443 1435 1488 1470 ge⸗

842 1473 929 1511 weſen
949 1466 1043 1510 waͤre,
1066 1471 1093 1512 ſo
1112 1467 1190 1505 waͤre
1210 1469 1251 1512 ich
1270 1474 1432 1511 vergangen
1456 1470 1488 1501 in

843 1517 961 1552 meinem
978 1517 1079 1553 elende.
1193 1516 1246 1550 *v.
1254 1525 1304 1552 50.
1318 1514 1384 1552 Jer.
1394 1516 1488 1552 15,16.

885 1569 933 1602 93.
953 1559 1010 1602 Jch
1019 1562 1078 1596 will
1086 1560 1163 1597 deine
1171 1560 1274 1601 befehle
1284 1560 1487 1600 nimmermehr

842 1607 996 1648 vergeſſen:
1020 1610 1092 1642 denn
1106 1609 1144 1641 du
1155 1606 1298 1649 erquickeſt
1305 1605 1377 1649 mich
1385 1607 1487 1641 damit.

884 1657 937 1692 94.
963 1650 1019 1692 Jch
1039 1653 1088 1687 bin
1106 1651 1187 1689 dein,
1211 1650 1267 1693 hilf
1285 1650 1358 1685 mir:
1381 1650 1398 1671 *
1411 1652 1487 1684 denn

838 1687 883 1731 ich
897 1690 968 1729 ſuche
980 1687 1069 1728 deine
1078 1688 1188 1732 befehle.
1366 1688 1396 1716 *
1399 1692 1433 1737 v.
1436 1693 1488 1735 45.

887 1749 935 1780 95.
956 1740 1014 1776 Die
1028 1741 1046 1762 *
1059 1740 1194 1782 gottloſen
1211 1741 1322 1772 warten
1342 1738 1398 1779 auf
1405 1738 1489 1778 mich,

842 1783 898 1824 daß
912 1784 947 1826 ſie
960 1781 1031 1824 mich
1047 1779 1233 1822 umbringen:
1255 1779 1297 1823 ich
1309 1778 1376 1814 aber
1387 1781 1489 1815 mercke

842 1830 897 1867 auf
909 1832 986 1864 deine
999 1831 1139 1871 zeugniſſe.
1301 1829 1376 1867 *Pſ.
1385 1836 1432 1867 37,
1441 1836 1489 1869 32.

885 1873 936 1914 96.
958 1869 1015 1912 Jch
1031 1870 1100 1912 habe
1114 1871 1188 1907 alles
1198 1871 1301 1912 dinges
1309 1871 1354 1906 ein
1369 1872 1435 1904 ende
1443 1867 1490 1914 ge⸗

842 1914 936 1954 ſehen:
959 1912 1026 1947 aber
1039 1914 1103 1947 dein
1122 1912 1206 1955 gebot
1221 1912 1342 1953 waͤhret.

887 1971 939 2004 97.
962 1962 1031 1997 Wie
1050 1961 1106 2002 hab
1117 1961 1158 2005 ich
1172 1960 1234 1995 dein
1247 1961 1324 2003 geſetz
1339 1962 1366 2002 ſo
1379 1961 1450 1997 lieb:
1473 1964 1492 1985 *

844 2001 948 2048 taͤglich
964 2006 1025 2038 rede
1040 2004 1081 2046 ich
1098 2007 1204 2039 davon.
1348 2005 1366 2026 *
1374 2003 1421 2048 Pſ.
1429 2012 1452 2040 1,
1460 2012 1491 2036 2.

888 2054 937 2091 98.
960 2048 1017 2083 Du
1038 2048 1156 2089 macheſt
1170 2048 1242 2087 mich
1257 2049 1310 2083 mit
1324 2048 1431 2082 deinem
1447 2055 1492 2087 ge⸗

843 2089 893 2126 bot
905 2088 1014 2129 weiſer,
1038 2091 1098 2124 denn
1119 2087 1190 2134 meine
1218 2088 1307 2128 feinde
1315 2088 1393 2132 ſind:
1417 2089 1494 2123 denn

847 2142 880 2175 es
891 2141 924 2180 iſt
935 2137 1060 2180 ewiglich
1078 2141 1153 2173 mein
1166 2136 1257 2180 ſchatz.

868 2191 919 2226 99.
928 2182 986 2224 Jch
995 2183 1043 2216 bin
1052 2183 1195 2225 gelehrter,
1211 2185 1266 2216 denn
1283 2177 1337 2224 alle
1354 2176 1427 2224 meine
1439 2181 1498 2222 leh⸗

849 2236 910 2261 rer:
934 2230 1006 2261 denn
1018 2228 1094 2261 deine
1106 2227 1237 2269 zeugniſſe
1250 2226 1309 2267 ſind
1325 2226 1414 2260 meine
1425 2228 1498 2258 rede.

881 2279 949 2303 100.
960 2269 1016 2311 Jch
1024 2261 1074 2309 bin
1074 2263 1092 2309 *
1092 2259 1185 2309 kluͤger
1194 2272 1265 2302 denn
1273 2269 1315 2301 die
1323 2269 1414 2301 alten:
1424 2269 1501 2301 denn

851 2316 893 2354 ich
901 2315 975 2354 halte
983 2317 1060 2349 deine
1067 2306 1179 2355 befehle.
1267 2319 1284 2337 *
1293 2313 1409 2352 Weish.
1417 2317 1502 2350 8,10.

897 2368 955 2394 101.
977 2359 1035 2402 Jch
1057 2360 1148 2399 wehre
1171 2359 1290 2393 meinem
1306 2359 1355 2398 fuß
1370 2359 1422 2392 alle
1440 2356 1505 2402 boͤſe

853 2411 945 2439 wege,
968 2404 1024 2442 daß
1037 2405 1078 2439 ich
1091 2402 1154 2434 dein
1172 2410 1247 2437 wort
1263 2405 1346 2445 halte.

900 2458 965 2482 102.
988 2447 1046 2490 Jch
1056 2450 1155 2489 weiche
1163 2447 1239 2486 nicht
1253 2455 1311 2481 von
1324 2447 1423 2482 deinen
1433 2446 1508 2491 rech⸗

857 2495 921 2526 ten:
944 2493 1018 2526 denn
1033 2494 1089 2527 Du
1106 2489 1201 2531 lehreſt
1218 2488 1300 2530 mich.

900 2544 963 2577 103.
980 2535 1061 2571 Dein
1067 2537 1085 2557 *
1092 2540 1168 2572 wort
1176 2534 1206 2571 iſt
1215 2536 1335 2569 meinem
1342 2535 1449 2570 munde
1456 2532 1511 2577 ſuͤſ⸗

860 2584 898 2622 ſer
906 2586 980 2619 denn
988 2581 1088 2622 honig.
1138 2584 1155 2603 *
1163 2581 1308 2624 Pſ.19,11.
1319 2578 1392 2617 Sir.
1401 2577 1512 2622 24,27.

903 2634 971 2666 104.
987 2624 1065 2661 Dein
1072 2631 1148 2660 wort
1161 2617 1240 2668 macht
1263 2622 1333 2671 mich
1343 2623 1423 2668 klug:
1445 2625 1512 2659 dar⸗

862 2678 914 2709 um
926 2671 999 2715 haſſe
1013 2670 1054 2708 ich
1069 2671 1122 2706 alle
1136 2668 1236 2713 falſche
1250 2675 1336 2711 wege.

1013 2719 1089 2765 Qq
1089 2719 1126 2765 5

1343 2722 1420 2757 105.
1420 2722 1516 2757 Dein
