1682 2536
615 571 696 616 lens
705 569 794 619 ſind,
805 575 872 610 und
892 572 973 615 nicht
986 572 1103 618 haften
1122 583 1160 616 an
1179 576 1311 616 irgends
1331 582 1435 623 einem
1452 583 1566 621 dinge,

617 630 703 662 denn
721 626 802 665 blos
821 625 927 666 lauter
951 636 995 668 an
1015 631 1087 671 dem
1112 636 1225 670 willen
1247 636 1411 668 GOttes,
1430 637 1499 673 das
1512 639 1566 671 iſt,

616 676 687 721 daß
700 685 741 723 ſie
754 682 867 715 weder
877 683 978 724 gutes
990 679 1169 731 begehren,
1180 684 1263 729 noch
1283 683 1382 734 boͤſes
1401 685 1566 737 fuͤrchten,

614 721 718 777 gleich
730 731 846 776 achten
858 733 986 779 ſterben
996 737 1066 775 und
1080 734 1186 783 leben,
1209 735 1320 783 haben
1340 743 1411 780 und
1428 740 1564 789 duͤrfen,

613 779 691 824 ehre
702 780 772 817 und
790 776 950 828 ſchmach,
966 782 1069 824 allein
1086 786 1199 824 daran
1217 784 1397 835 geſaͤttiget
1413 791 1485 831 und
1506 791 1565 830 be⸗

612 829 728 878 gnuͤgt
740 831 819 879 ſind,
839 826 909 881 daß
929 823 976 884 es
976 835 1133 882 GOttes
1152 840 1243 879 wille
1261 841 1334 886 alſo
1354 842 1421 889 ſey.
1469 843 1564 887 Aber

611 885 680 922 das
697 879 737 927 iſt
756 883 813 923 der
830 889 936 925 natur
952 890 1022 926 und
1041 887 1183 931 Adams
1200 888 1340 931 kindern
1357 892 1447 938 nicht
1463 889 1562 939 moͤg⸗

610 933 686 982 lich,
697 933 841 981 ſondern
853 940 910 977 der
921 939 1038 986 heilige
1049 939 1152 988 Geiſt
1163 940 1245 992 muß
1257 944 1322 984 das
1343 947 1406 983 mit
1422 947 1561 990 gnaden

611 985 648 1023 in
665 987 772 1027 denen
791 986 966 1035 menſchen
983 988 1149 1040 wircken,
1171 994 1243 1033 und
1261 994 1316 1039 ein
1333 995 1409 1038 kind
1429 996 1560 1046 Chriſti

606 1033 765 1087 machen.
797 1042 973 1089 Welches
984 1041 1142 1090 geſchicht
1149 1046 1253 1095 durch
1262 1049 1331 1090 das
1338 1054 1431 1092 wort
1440 1049 1559 1099 GOt⸗

608 1090 662 1127 tes
676 1087 745 1127 und
758 1088 821 1129 den
830 1089 943 1134 veſten
952 1089 1095 1135 wahren
1105 1090 1273 1134 glauben.

626 1140 806 1185 Unterſcheid
823 1143 872 1183 des

604 1188 798 1230 reichsChriſti
811 1190 870 1222 und

602 1242 675 1277 aller
713 1242 870 1279 regimente

602 1280 657 1322 auf
665 1283 761 1316 erden.

971 1128 1125 1177 Darum
1136 1138 1182 1181 iſt
1201 1136 1259 1179 diß
1273 1138 1383 1175 wort:
1391 1134 1558 1193 Willig⸗

922 1183 999 1228 lich
1019 1185 1142 1234 geſetzt,
1161 1190 1368 1237 anzuzeigen
1379 1193 1426 1232 die
1450 1200 1557 1239 eigen⸗

921 1239 1028 1291 ſchaft
1047 1240 1131 1287 und
1164 1244 1258 1294 kraft
1289 1246 1397 1293 dieſes
1434 1250 1556 1297 koͤnig⸗

918 1291 1046 1342 reichs,
1071 1302 1177 1343 gegen
1194 1291 1293 1348 allem
1314 1298 1442 1341 andern
1466 1293 1572 1344 regi⸗

602 1344 700 1380 ment
724 1344 790 1389 auf
806 1341 919 1392 erden,
938 1349 975 1385 es
994 1343 1093 1398 heiſſe
1109 1349 1171 1391 des
1192 1346 1318 1398 kaiſers
1338 1352 1417 1393 oder
1433 1351 1552 1401 Moſe,

595 1393 745 1444 weltlich
761 1398 841 1438 oder
858 1397 1004 1450 geiſtlich
1022 1401 1223 1451 regiment,
1237 1404 1282 1445 da
1299 1414 1382 1447 man
1401 1409 1473 1449 will
1497 1409 1551 1449 die

596 1448 689 1486 leute
696 1448 827 1492 fromm
846 1454 989 1492 machen
1015 1456 1079 1490 mit
1091 1463 1229 1493 geſetzen
1248 1466 1321 1492 und
1335 1461 1454 1499 gebot,
1479 1459 1549 1503 und

598 1507 661 1536 mit
671 1508 800 1546 zwang
812 1510 888 1540 oder
906 1505 1002 1546 ſtrafe
1018 1509 1118 1541 wider
1131 1508 1184 1543 die
1195 1513 1486 1550 ungehorſamen.

598 1564 710 1592 Worzu
720 1563 817 1592 weltli⸗

594 1607 641 1641 che
656 1604 814 1639 regimente

592 1647 709 1681 geſtiftet
724 1647 793 1685 ſeyn.

917 1560 1003 1590 Das
1041 1565 1188 1597 vermag
1209 1558 1315 1592 dieſer
1359 1565 1542 1596 regimente

859 1609 994 1649 keines,
1016 1608 1119 1654 ſolche
1141 1607 1312 1655 menſchen
1329 1618 1364 1652 zu
1388 1615 1540 1656 machen,

855 1662 900 1688 die
912 1659 954 1690 da
966 1668 1037 1692 von
1045 1659 1148 1696 ihnen
1164 1660 1255 1693 ſelbſt
1263 1666 1365 1703 willig
1377 1668 1454 1697 und
1462 1670 1544 1707 ger⸗

595 1717 635 1746 ne
647 1713 825 1745 gehorſam
845 1713 915 1747 und
937 1706 1060 1751 fromm
1083 1707 1176 1753 ſeyn,
1202 1717 1283 1752 und
1294 1714 1331 1750 iſt
1356 1720 1410 1750 mit
1430 1721 1543 1765 keiner

591 1765 717 1795 gewalt
743 1766 816 1790 noch
846 1761 953 1798 macht
971 1764 1036 1800 auf
1060 1767 1160 1800 erden
1177 1763 1283 1800 dahin
1316 1768 1346 1805 zu
1381 1765 1541 1811 bringen.

590 1809 685 1846 Das
696 1810 819 1847 moͤgen
830 1808 876 1848 ſie
893 1811 982 1857 thun,
992 1813 1066 1857 daß
1080 1814 1118 1854 ſie
1134 1816 1209 1853 eine
1232 1813 1423 1864 aͤuſſerliche
1438 1822 1539 1874 zucht

591 1866 663 1898 und
676 1864 850 1898 gehorſam
864 1864 1073 1905 erzwingen.

583 1922 651 1950 Wie
664 1927 727 1951 weit
741 1930 785 1955 die
790 1927 869 1954 kom⸗

586 1971 663 1997 men,
676 1970 718 1995 die
729 1973 765 1998 da
779 1968 861 1998 hoͤren

585 2013 642 2038 aus
652 2014 703 2040 den
715 2013 798 2044 zehen
819 2013 858 2039 ge⸗

583 2048 677 2083 boten,
686 2053 751 2081 was
768 2052 857 2083 GOtt

590 2098 641 2125 von
682 2097 765 2126 ihnen
799 2095 855 2127 for⸗

583 2142 646 2166 dert
650 2148 681 2174 ꝛc.

961 1911 1085 1958 Jtem,
1096 1918 1201 1952 wenn
1213 1920 1249 1953 es
1264 1922 1382 1951 weiter
1394 1917 1536 1973 koͤmmt,

907 1964 952 2002 da
963 1971 1048 2006 man
1067 1971 1139 2006 auch
1150 1963 1198 2002 die
1216 1964 1300 2007 leute
1323 1965 1395 2003 will
1401 1971 1538 2020 lehren,

908 2025 987 2052 was
1001 2016 1119 2050 GOtt
1139 2021 1210 2053 von
1225 2022 1297 2054 uns
1311 2021 1429 2055 haben
1449 2022 1533 2078 will,

908 2069 975 2107 und
991 2072 1054 2101 das
1075 2069 1161 2112 geſetz
1187 2067 1269 2113 oder
1285 2073 1340 2109 die
1357 2074 1461 2110 zehen
1475 2080 1533 2116 ge⸗

907 2118 977 2158 bote
1001 2118 1170 2165 prediget,
1205 2124 1277 2168 mit
1292 2123 1455 2163 draͤuung
1469 2128 1531 2161 der

910 2171 1024 2211 ſtrafe,
1057 2175 1138 2214 und
1149 2175 1265 2210 locken
1287 2175 1364 2210 oder
1389 2180 1530 2217 reitzung

581 2219 640 2257 der
656 2217 762 2260 guͤter,
775 2216 840 2260 die
853 2224 966 2264 denen
981 2218 1154 2267 frommen
1175 2227 1358 2266 verheiſſen
1372 2225 1525 2269 werden,
