1576 2432
1061 301 1130 327 121

208 376 336 416 Beyfall
351 375 456 417 geben,
478 376 542 409 und
558 373 694 416 geſtehen
714 372 861 406 werden:
880 368 940 413 Ja,
962 361 1024 406 das
1038 370 1073 411 iſt
1088 370 1136 406 die

208 420 330 463 richtige
351 414 574 463 Beſchreibung
597 418 706 460 unſers
721 416 899 458 Zuſtandes,
925 419 964 449 da
989 415 1046 450 wir
1061 413 1133 458 noch

208 473 298 503 unter
320 469 372 503 der
393 464 564 507 Herrſchaft
582 466 637 502 des
651 463 785 500 Satans
809 460 950 501 ſtanden:
973 461 1047 494 aber
1062 460 1137 495 eben

209 511 239 551 ſo
256 510 343 549 wahr
353 510 387 548 iſt
405 511 478 549 auch
495 507 599 547 unſere
612 500 908 546 Sinnesaͤnderung,
928 502 1016 542 unſer
1029 501 1138 538 Ueber⸗

207 559 290 595 gang
313 555 377 590 aus
398 556 466 587 dem
482 551 564 589 Tode
587 552 641 590 ins
656 549 761 590 Leben,
781 549 866 589 unſre
888 546 1078 586 Umkehrung
1102 552 1139 585 zu

210 598 292 635 Gott
307 596 485 643 |getroffen:
521 595 632 635 gerade
664 595 695 637 ſo
721 591 824 633 erfuhr
856 593 894 630 es
924 590 1012 629 unſre
1033 590 1141 627 Seele.

208 641 283 677 Den
296 639 488 681 Dekalogum
512 637 625 675 wuſten
646 638 705 674 wir
721 635 784 678 ſehr
799 638 874 676 gut:
894 635 951 670 Du
965 632 1033 672 ſollt
1049 632 1138 672 nicht

209 682 324 717 ſtehlen
346 697 390 709 —
414 686 469 723 Du
471 674 551 722 ſollt
568 673 668 724 keuſch
677 685 742 719 und
757 675 880 721 zuͤchtig
894 678 990 717 leben,
1013 687 1041 712 u.
1057 676 1075 715 ſ.
1092 675 1139 710 w.

209 717 270 760 das
298 723 383 763 ſtand
404 723 481 757 alles
502 719 628 760 deutlich
642 719 753 762 genug
775 718 806 754 in
835 715 944 755 unſern
958 714 1072 757 Herzen
1088 722 1138 755 ge⸗

210 769 377 812 ſchrieben;
399 768 471 806 aber
493 768 550 804 wir
572 767 703 803 konnten
729 769 779 800 der
796 764 970 803 Sklaverey
993 763 1073 803 nicht
1087 762 1138 802 loß

210 819 348 853 werden,
372 814 422 852 biß
454 819 506 852 der
539 813 622 852 Geiſt
651 813 770 849 Gottes
800 810 912 853 Jeſum
933 808 1082 850 Chriſtum
1106 809 1140 842 in

210 859 319 896 unſern
335 857 454 896 Seelen
479 853 634 896 verklaͤrte,
658 854 708 895 biß
731 854 831 899 Jeſus
844 853 981 896 Chriſtus
997 854 1060 887 eine
1077 850 1141 890 Ge⸗

211 899 282 939 ſtalt
303 899 333 933 in
357 897 421 934 uns
432 896 594 939 gewinnen
608 896 736 937 konnte;
758 896 797 931 da
814 895 941 931 wurden
956 892 1013 929 wir
1029 893 1140 927 andere

211 944 376 986 Menſchen
399 951 439 977 an
464 941 553 977 Herz,
575 940 686 982 Muth,
709 941 800 977 Sinn
818 942 885 975 und
907 939 986 976 allen
999 934 1140 978 Kraͤften.

294 989 354 1030 Jch
376 988 489 1029 glaube
509 986 584 1024 mich
603 985 728 1026 deutlich
745 981 852 1021 erklaͤrt
866 978 902 1021 zu
918 981 1034 1021 haben:
1055 983 1142 1021 Was

211 1026 255 1067 ich
291 1028 355 1065 nun
386 1024 515 1064 hieraus
540 1022 673 1064 folgere,
710 1022 746 1062 iſt
767 1021 879 1063 dieſes:
901 1021 965 1060 Die
990 1016 1142 1062 Maͤnner,

212 1076 309 1110 denen
318 1075 364 1109 die
372 1072 526 1113 Nahmen,
543 1067 836 1111 Wiedergebohrner
843 1071 905 1104 und
915 1067 1090 1109 Bekehrter.
1098 1081 1143 1091 —

211 1113 358 1156 Heuchler
379 1117 443 1151 und
458 1112 701 1156 Scheinheiliger
715 1109 869 1150 durchaus
883 1107 1142 1151 gleichbedeutend

212 1161 278 1198 ſind
299 1177 341 1185 —
366 1168 400 1201 zu
420 1158 528 1198 bitten,
551 1157 598 1198 ihr
617 1156 733 1197 Urtheil
748 1158 849 1191 etwas
864 1163 899 1198 zu
914 1151 1071 1195 maͤßigen:
1095 1155 1144 1189 Es

211 1196 334 1239 koͤnnte
346 1200 426 1238 denn
447 1197 518 1237 doch
540 1195 623 1240 wohl
647 1194 735 1235 ſeyn,
760 1194 821 1233 daß
842 1197 894 1228 der
914 1193 1065 1232 niedrige,
1090 1192 1142 1225 der

213 1254 317 1288 arme,
353 1250 403 1284 der
432 1244 556 1287 geringe
587 1245 651 1281 und
677 1243 844 1283 verachtete
865 1242 990 1283 Menſch
1011 1248 1074 1276 vor
1092 1242 1144 1276 der

212 1293 310 1328 Welt,
327 1293 378 1328 der
391 1289 465 1326 aber
482 1284 599 1332 hungert
622 1289 674 1324 und
692 1287 803 1327 durſtet
820 1285 894 1326 nach
909 1287 960 1322 der
969 1281 1145 1324 Gerechtig⸗

213 1335 271 1371 keit
294 1333 425 1375 Chriſti,
455 1332 574 1376 Etwas
598 1339 640 1367 an
663 1329 758 1374 ſeiner
772 1329 870 1369 Seele
893 1325 1033 1370 erfuͤhre,
1072 1328 1146 1363 was

214 1375 337 1421 freylich
353 1375 492 1416 mancher
501 1373 652 1419 Profeſſor
668 1372 747 1416 nicht
762 1365 900 1416 verſteht,
921 1372 985 1408 und
1002 1366 1146 1407 woruͤber

213 1423 247 1460 in
279 1422 393 1458 keinem
424 1419 561 1461 Collegio
584 1420 700 1458 dociret
721 1417 811 1452 wird.
853 1416 906 1458 Jſt
931 1417 968 1453 es
991 1414 1071 1456 nicht
1093 1417 1145 1448 der

212 1459 401 1504 allerſtaͤrkſte
421 1460 549 1503 Beweiß
572 1457 658 1496 eines
677 1454 860 1500 geaͤnderten
884 1453 1031 1498 Herzens,
1055 1459 1146 1489 wenn

212 1509 266 1544 der
286 1505 412 1545 Menſch
427 1500 544 1546 gerade
566 1502 743 1544 dasjenige,
764 1501 837 1535 was
857 1508 889 1534 er
909 1498 1021 1539 vorhin
1044 1497 1148 1538 liebte,

213 1549 323 1591 anjetzt
337 1546 440 1591 haſſet,
463 1549 525 1584 und
541 1545 712 1586 dasjenige,
733 1546 806 1581 was
821 1551 853 1580 er
870 1541 974 1584 haßte,
990 1548 1053 1578 von
1069 1541 1146 1582 Her⸗

213 1599 266 1633 zen
282 1592 378 1632 lieben
396 1592 501 1630 kann?
520 1591 630 1632 Dieſer
644 1586 772 1628 Beweiß
793 1589 834 1629 iſt
853 1585 945 1629 voͤllig
970 1585 1147 1628 unumſtoͤß⸗

185 1638 281 1679 lich.
325 1638 403 1676 Eine
424 1636 516 1675 ſolche
542 1631 690 1676 gaͤnzliche
705 1632 894 1674 umkehrung
921 1633 983 1669 und
998 1627 1147 1668 Umaͤnde⸗

216 1688 297 1723 rung
320 1682 376 1715 des
391 1678 529 1722 Herzens
549 1678 622 1716 aber
643 1674 758 1716 wuͤrket
779 1678 831 1714 der
851 1674 985 1717 lebhafte
1000 1672 1149 1712 Eindruck

215 1727 280 1760 von
295 1725 347 1761 der
360 1721 486 1762 Marter
503 1718 592 1762 Jeſu,
614 1724 676 1756 von
698 1717 806 1760 ſeinem
830 1715 1071 1758 verdienſtlichen
1090 1712 1150 1751 Lei⸗

217 1767 293 1806 den,
318 1765 375 1804 wie
398 1765 442 1806 ich
466 1763 519 1805 ihn
541 1761 654 1804 vorhin
677 1759 861 1802 beſchrieben
880 1758 981 1801 habe,
1012 1757 1182 1796 Gottlob

218 1810 293 1850 noch
308 1808 365 1844 alle
380 1807 463 1848 Tage
479 1814 523 1840 an
544 1804 657 1853 ſolchen
674 1803 850 1846 Menſchen,
872 1804 920 1841 die
942 1801 1023 1842 nicht
1043 1800 1150 1842 durch⸗

216 1856 280 1879 aus
293 1856 356 1879 und
370 1852 529 1879 vorſetzlich
544 1849 746 1879 Boͤſewichter
768 1848 885 1879 bleiben
899 1847 1019 1879 wollen.

265 1896 469 1941 Heucheley
492 1898 526 1939 iſt
559 1899 614 1932 es:
651 1894 860 1934 Einbildung,
901 1887 1150 1933 Schwaͤrmerey,

216 1930 438 1981 Phantaſterey
460 1946 505 1959 —
533 1932 702 1967 antwortet
729 1934 802 1964 man
830 1932 974 1970 dagegen.
1019 1927 1097 1963 Nun
1118 1928 1150 1966 ſo

218 1980 331 2020 erklaͤre
346 1988 419 2016 man
434 1981 481 2023 es,
503 1976 606 2021 wofuͤr
627 1985 700 2017 man
723 1977 809 2015 wolle
829 1994 874 2006 —
895 1967 973 2014 Das
990 1976 1065 2011 wird
1083 1974 1151 2012 dem

219 2026 322 2068 Geiſte
339 2025 458 2065 Gottes
480 2023 554 2062 aber
578 2023 659 2061 keine
672 2020 854 2065 Hinderung
878 2019 960 2060 ſeyn,
982 2019 1042 2059 ſein
1058 2018 1152 2059 Werk

219 2073 263 2100 im
279 2072 400 2100 Stillen
413 2072 522 2100 immer
537 2067 734 2100 fortzuſetzen,
755 2069 787 2100 in
805 2069 862 2100 den
877 2065 995 2100 Seelen
1019 2067 1070 2103 der
1087 2064 1151 2100 Ge⸗

745 2112 818 2158 H5

1043 2109 1151 2162 ringen
