2436 2774
307 469 444 516 Lebens
476 468 567 519 ſteckt
598 467 690 517 nicht
724 469 760 512 in
795 468 921 514 ſeinem
950 466 1092 514 Weſen.
1158 466 1342 513 Niemand
1369 462 1493 510 wuͤrde
1523 464 1584 515 ſich
1605 462 1779 515 erkuͤhnen

305 521 434 572 ſolches
457 530 501 570 zu
523 516 749 567 behaupten:
782 518 877 570 ſelbſt
901 520 1021 568 unſere
1047 516 1193 569 Deiſten
1220 515 1370 561 wuͤrden
1399 515 1475 566 ihre
1502 515 1779 566 Vermeſſenheit

307 577 400 623 nicht
419 576 453 625 ſo
477 576 561 619 weit
586 575 750 622 treiben;
788 574 863 616 und
882 580 990 618 wenn
1012 574 1116 621 dieſer
1138 573 1244 619 Keim
1269 575 1332 616 des
1353 570 1490 617 Lebens
1512 571 1606 616 nicht
1627 577 1700 613 von
1716 573 1778 614 der

307 630 473 676 Materie
496 622 691 675 herruͤhret,
719 627 844 674 welche
864 626 981 676 nichts
1000 628 1058 670 als
1087 627 1141 671 die
1168 623 1341 677 Traͤgheit
1366 626 1449 671 oder
1477 624 1562 673 ſtille
1582 623 1694 671 Ruhe
1714 632 1777 671 zur

305 680 544 728 weſentlichen
568 678 788 729 Eigenſchaft
803 678 887 728 hat,
919 675 1007 727 muß
1031 687 1116 721 man
1139 676 1296 721 alsdann
1314 676 1408 723 nicht
1432 674 1603 728 zugeben,
1634 676 1704 723 daß
1723 677 1778 720 die

307 733 474 778 Materie
507 732 581 780 ihre
612 726 862 783 Wirkſamkeit
886 737 960 775 von
987 732 1099 774 einem
1128 730 1259 780 Weſen
1283 729 1463 781 erhalten,
1492 717 1640 775 welches
1663 729 1710 772 da
1740 731 1778 772 es

305 788 411 830 ſelber
430 786 524 831 keine
549 785 717 832 Materie
741 784 794 836 iſt,
831 783 938 828 allein
965 784 1017 827 im
1046 784 1200 829 Stande
1218 782 1396 835 geweſen,
1426 780 1467 834 ſie
1487 781 1545 830 ihr
1566 781 1634 831 auf
1650 779 1725 826 eine
1743 781 1776 830 ſo

306 841 411 889 lange
433 839 514 888 Zeit
536 839 790 891 mitzutheilen,
816 839 873 883 als
892 844 930 884 es
946 839 1000 885 die
1021 838 1159 891 Abſicht
1182 836 1257 889 hat,
1287 836 1328 889 ſie
1349 836 1383 886 ſo
1402 844 1444 888 zu
1464 833 1633 888 erhalten,
1656 834 1725 881 wie
1740 836 1778 879 es

305 890 347 941 ſie
367 891 521 945 gebildet
540 892 615 945 hat.

384 997 460 1047 Jch
491 998 668 1046 verlange
696 995 772 1045 hier
809 1002 876 1048 gar
908 996 1008 1043 nicht
1034 996 1092 1040 als
1131 996 1186 1040 ein
1219 995 1386 1047 Forſcher
1431 995 1506 1039 und
1549 991 1694 1040 Kenner
1720 994 1782 1038 der

307 1046 432 1092 Natur
449 1043 703 1094 Schlußreden
727 1053 771 1093 zu
793 1034 933 1092 fuͤhren.
990 1044 1120 1090 Unſere
1146 1041 1286 1092 ſchoͤnen
1316 1042 1454 1093 Geiſter
1474 1039 1611 1091 bruͤſten
1634 1040 1695 1090 ſich
1713 1041 1782 1085 mit

306 1104 430 1146 dieſem
455 1102 638 1147 Nahmen.
695 1101 814 1143 Allein
836 1105 920 1144 was
947 1100 987 1148 iſt
1015 1100 1199 1148 kindiſcher
1235 1101 1292 1144 als
1327 1099 1385 1146 ihr
1409 1096 1597 1150 Gewaͤſche
1625 1096 1709 1142 uͤber
1728 1098 1784 1141 die

307 1152 611 1200 Entſtehungsart
635 1153 698 1195 des
716 1147 1031 1202 Weltgebaͤudes;
1069 1154 1153 1193 was
1188 1147 1226 1200 iſt
1250 1147 1537 1201 abgeſchmackter
1562 1149 1620 1193 als
1653 1148 1727 1191 eine
1749 1148 1784 1197 ſo

305 1200 451 1248 vielfach
485 1190 686 1247 zuſammen
716 1198 888 1250 geſetzte,
906 1198 941 1247 ſo
969 1197 1127 1246 weislich
1150 1197 1346 1246 geordnete,
1375 1197 1450 1239 und
1474 1196 1507 1244 ſo
1537 1193 1714 1247 beſtaͤndig
1733 1194 1784 1236 im

306 1254 422 1301 Gang
442 1253 620 1302 erhaltene
644 1247 832 1303 Wirkung
853 1252 912 1296 als
929 1252 1014 1301 dieſe
1031 1253 1137 1299 Welt
1149 1244 1197 1302 iſt
1217 1260 1259 1301 zu
1281 1249 1474 1298 gedenken,
1498 1248 1591 1299 ohne
1609 1249 1683 1291 eine
1708 1255 1786 1291 ver⸗

306 1299 460 1346 ſtaͤndige
480 1303 656 1343 wirkende
680 1300 846 1347 Urſache,
876 1299 1023 1348 welcher
1045 1301 1120 1342 eine
1165 1300 1273 1347 Macht
1298 1300 1523 1350 beywohnet,
1562 1300 1616 1339 die
1633 1299 1695 1339 der
1714 1305 1784 1338 un⸗

308 1354 532 1400 ermeslichen
557 1354 683 1401 Groͤße
710 1357 777 1397 des
797 1354 961 1400 Werks,
995 1355 1064 1394 das
1092 1353 1164 1393 wir
1183 1357 1251 1393 vor
1272 1351 1401 1400 Augen
1431 1350 1550 1399 ſehen,
1582 1349 1704 1398 gemaͤs
1730 1348 1782 1397 iſt.

308 1403 476 1452 Warum
493 1402 614 1453 ſollten
634 1402 718 1453 dieſe
733 1401 973 1464 ſogenannten
990 1401 1159 1447 Atomen,
1183 1402 1238 1444 die
1257 1402 1364 1449 durch
1387 1402 1454 1444 den
1473 1398 1598 1450 Zufall
1615 1402 1786 1449 geſamm⸗

308 1461 355 1504 let
373 1461 544 1509 worden,
578 1470 641 1505 um
665 1461 719 1506 die
739 1452 874 1510 Coͤrper
905 1466 947 1509 zu
967 1458 1104 1508 bilden,
1134 1457 1194 1509 ſich
1222 1458 1316 1507 nicht
1346 1457 1430 1503 eben
1456 1458 1588 1503 wieder
1616 1451 1653 1508 ſo
1687 1457 1791 1506 leicht

304 1520 379 1558 von
400 1516 570 1559 einander
597 1516 769 1562 trennen,
802 1513 860 1557 als
885 1512 926 1563 ſie
943 1512 1137 1565 vereiniget
1161 1514 1312 1559 worden
1331 1512 1433 1565 ſind?
1462 1514 1554 1560 Wie
1575 1512 1710 1556 kommt
1733 1513 1783 1559 es,

304 1565 386 1618 daß,
408 1569 454 1611 da
473 1566 515 1617 ſie
535 1565 595 1618 ſich
617 1564 709 1617 ohne
725 1563 904 1615 Unterlaß
929 1563 1105 1613 bewegen,
1130 1561 1248 1607 reiben
1270 1563 1344 1606 und
1359 1563 1638 1613 gegeneinander
1654 1559 1781 1612 ſtoßen,

303 1620 346 1667 ſie
369 1620 430 1670 ſich
458 1622 577 1664 weder
601 1616 820 1663 verraͤndern
851 1619 939 1669 noch
965 1612 1192 1670 zerſtoͤhren?
1233 1617 1288 1669 Je
1310 1617 1411 1665 mehr
1440 1617 1589 1668 Theile,
1631 1617 1662 1664 je
1686 1615 1787 1665 mehr

305 1672 431 1724 Groͤße
458 1674 542 1718 dieſe
564 1670 700 1722 Coͤrper
718 1671 844 1723 haben,
869 1673 903 1720 je
921 1671 1023 1720 mehr
1043 1669 1333 1722 Abaͤnderungen
1353 1668 1475 1717 ſollten
1493 1670 1561 1713 mit
1579 1667 1687 1718 ihnen
1704 1675 1789 1712 vor⸗

303 1726 425 1779 gehen.
497 1729 617 1774 Allein
654 1730 712 1776 ſeit
748 1728 818 1772 wie
855 1728 925 1773 viel
962 1725 1268 1779 Jahrhunderten
1299 1725 1458 1775 erhalten
1480 1725 1540 1778 ſich
1563 1726 1618 1770 die
1643 1720 1785 1773 Koͤrper

302 1786 381 1826 von
396 1778 662 1833 ungeheureſter
688 1779 825 1828 Groͤße,
857 1781 913 1826 die
933 1780 1076 1826 Sonne
1104 1780 1179 1823 und
1196 1780 1253 1824 die
1278 1778 1454 1830 Geſtirne,
1477 1776 1705 1828 ohngeachtet
1725 1777 1787 1820 der

303 1835 594 1888 unbegreiflichen
615 1836 877 1884 Schnelligkeit
913 1835 1010 1881 ihrer
1033 1833 1263 1882 Bewegung,
1301 1831 1338 1875 in
1367 1832 1529 1883 gleichem
1551 1833 1707 1878 Stande
1729 1832 1791 1875 der

301 1887 492 1940 Veſtigkeit
510 1889 585 1933 und
608 1890 671 1933 des
697 1886 1016 1937 Gleichgewichts,
1048 1886 1176 1932 welche
1203 1886 1324 1928 nichts
1349 1878 1413 1934 hat
1442 1881 1622 1935 zerruͤtten
1645 1883 1729 1927 oder
1750 1884 1789 1926 in

300 1941 535 1992 Unordnung
561 1937 719 1991 bringen
737 1931 928 1986 koͤnnen?
943 1940 1083 1987 Wie?
1109 1939 1237 1980 mitten
1268 1941 1376 1980 unter
1405 1937 1440 1985 ſo
1468 1937 1581 1981 vielen
1620 1937 1788 1986 entgegen

301 1986 460 2033 geſetzten
480 1985 757 2031 Bewegungen,
782 1981 837 2022 die
854 1980 927 2024 wir
947 1982 987 2023 in
1007 1965 1071 2023 der
1093 1978 1219 2025 Natur
1239 1980 1458 2033 bemerken;
1477 1984 1605 2020 mitten
1626 1980 1734 2019 unter
1756 1984 1789 2023 ſo

301 2048 417 2091 vielen
450 2045 639 2099 zufaͤlligen
669 2040 1008 2097 Abwechslungen,
1056 2041 1366 2095 Veraͤnderungen
1401 2044 1477 2088 und
1517 2041 1789 2095 Aufloͤſungen;

301 2101 396 2151 ſelbſt
435 2092 561 2147 mitten
594 2093 698 2143 unter
729 2100 791 2144 der
818 2095 995 2149 Faͤulnis,
1034 2098 1161 2143 welche
1191 2104 1260 2141 vor
1289 2099 1349 2140 der
1381 2096 1694 2147 Widererzielung
1730 2098 1791 2139 der

304 2151 449 2203 Koͤrper
473 2152 658 2203 hergehet,
695 2154 790 2197 wird
809 2153 870 2197 der
901 2151 1011 2198 Keim
1033 2153 1096 2196 der
1114 2151 1154 2199 ſie
1173 2149 1449 2201 hervorbringet
1476 2149 1570 2199 nicht
1589 2140 1789 2192 verdorben

302 2205 388 2247 oder
407 2197 643 2255 zernichtet?
660 2200 773 2256 Heißt
790 2205 864 2246 das
891 2198 1099 2249 vernuͤnftig
1119 2200 1303 2250 ſchließen,
1340 2207 1449 2242 wenn
1468 2210 1556 2242 man
1584 2199 1679 2241 einer
1696 2199 1790 2241 blin⸗

301 2260 369 2302 den
395 2258 552 2309 Urſache,
589 2257 702 2299 einem
727 2256 931 2308 begrifloſen
947 2248 1105 2303 Worte,
1118 2255 1231 2296 einem
1255 2251 1558 2305 Hirngeſpinnſte,
1584 2254 1661 2296 dem
1675 2250 1789 2300 Ohn⸗

301 2309 429 2358 gefehr,
460 2311 574 2353 einem
599 2310 732 2354 Etwas
752 2311 822 2354 das
844 2310 920 2353 kein
941 2306 1091 2357 Daſeyn
1109 2306 1183 2356 hat,
1205 2307 1292 2357 noch
1308 2300 1428 2357 haben
1446 2308 1549 2355 kann,
1574 2306 1663 2357 kurtz
1679 2312 1789 2347 wenn

299 2350 374 2412 man
398 2353 516 2413 einem
548 2360 686 2414 Nichts,
720 2362 787 2407 alle
812 2362 869 2407 die
884 2361 1059 2410 Wunder
1085 2359 1282 2411 zuſchreibt,
1315 2360 1441 2410 welche
1458 2360 1511 2405 die
1528 2358 1692 2412 Himmel
1714 2359 1790 2401 und
