1604 2305
942 361 1021 406 193

191 425 323 463 Das
333 422 451 473 Kloſter
463 422 628 466 Zwyfalten
648 424 695 466 ſoll
713 424 799 467 ſoviel
817 427 960 466 bedeuten,
978 431 1025 464 als

178 471 234 513 ad
234 471 372 514 duplices
396 485 501 515 aquas,
525 474 591 508 weil
611 475 685 516 nicht
708 480 774 511 weit
796 478 889 511 davon
897 482 914 522 2
941 477 1027 513 kleine

180 521 333 566 Gewaͤſſer
351 524 540 569 entſpringen.

183 592 311 645 Die
326 598 449 652 Tyroler
463 608 562 650 hatten
583 607 654 651 ſonſt
669 610 750 650 mehr
766 612 946 652 Freyheiten.
970 621 1026 648 Un⸗

181 671 224 702 ter
237 667 313 702 Karl
326 673 375 701 VI.
394 667 464 702 aber
475 669 534 711 fing
551 669 595 702 ein
611 668 755 710 Miniſter
769 676 824 704 von
843 669 1029 712 Sinzendorf

179 708 302 753 an,
259 703 322 760 die
322 710 445 756 Mauht
462 716 519 751 und
543 718 631 750 andre
653 716 795 758 Auflagen
826 718 1021 760 einzufuͤhren.

178 768 241 806 Ein
268 765 496 812 Burgermeiſter
518 771 641 807 Gunner
671 771 776 810 wehrte
805 771 853 811 ſich
882 771 1026 813 maͤnnlich

179 822 272 856 wider
292 821 354 858 den
363 820 446 864 Hof,
471 829 500 857 er
525 825 605 858 ward
622 824 689 860 nach
714 826 803 861 Wien
825 825 958 866 berufen,
978 828 1025 861 der

178 868 326 916 Miniſter
348 874 497 916 begegnete
524 875 583 916 ihm
608 875 668 918 ſehr
686 874 782 918 ſproͤde
800 878 856 910 und
872 869 947 918 ſagte
965 880 1028 913 end⸗

180 924 259 964 lich:
282 912 372 964 man
383 914 458 960 wird
479 925 542 967 euch
566 921 640 968 eben
662 921 733 973 auch
755 921 909 968 boͤhmiſche
929 929 1026 971 Hoſen

179 959 306 1014 anziehn
329 963 469 1014 muͤſſen.
478 967 669 1012 Geſchwind
691 968 860 1008 antwortete
881 974 1022 1009 Gunner:

177 1018 261 1067 Jhro
282 1019 388 1061 Excell.
413 1010 445 1056 in
461 1023 513 1058 dem
533 1014 612 1068 Fall
619 1016 736 1065 ſtuͤnden
753 1026 809 1057 uns
835 1025 878 1057 die
895 1026 1026 1065 Schwei⸗

175 1059 304 1112 zerhoſen
323 1061 426 1112 beſſer
450 1066 505 1118 an.
526 1071 604 1108 Aber
629 1072 704 1107 einer
718 1069 817 1120 ſeiner
834 1075 932 1111 eignen
950 1080 1024 1111 Ver⸗

177 1125 312 1158 wandten
333 1128 401 1161 oder
415 1124 524 1165 Soͤhne
545 1125 612 1168 half
630 1124 751 1168 nachher
770 1128 825 1164 das
839 1131 913 1165 Land
932 1129 1022 1171 ſeiner

171 1169 361 1225 Freyheiten
372 1166 532 1215 berauben;
552 1177 648 1220 durfte
665 1177 715 1220 ſich
737 1179 804 1215 aber
829 1180 904 1218 nicht
918 1181 1019 1224 oͤffent⸗

175 1216 240 1263 lich
263 1221 353 1267 ſehen
361 1211 479 1272 laſſen,
479 1230 543 1273 er
563 1225 636 1274 waͤre
665 1229 736 1270 ſonſt
765 1234 829 1263 todt
855 1234 1019 1269 geſchlagen

174 1264 301 1313 worden.

221 1371 276 1420 Jn
298 1373 384 1418 Tyrol
422 1375 454 1418 iſt
474 1380 523 1413 der
540 1375 725 1421 Aberglaube
745 1378 773 1419 ſo
796 1378 882 1419 groß,
907 1379 962 1421 daß
985 1381 1021 1420 ſie

172 1401 212 1460 ſo
231 1422 277 1461 gar
294 1407 348 1468 auf
366 1407 410 1460 die
419 1406 534 1474 Briefe
554 1429 583 1468 †
587 1425 621 1455 C.
645 1428 673 1473 †
683 1427 725 1455 M.
739 1422 762 1460 †
779 1425 810 1456 B.
828 1421 977 1463 ſchreiben.

202 1503 304 1534 Die
317 1486 443 1547 Tyroler
460 1497 529 1555 ſind
540 1509 588 1532 auf
604 1487 641 1546 den
678 1510 780 1533 Kaiſer
798 1512 860 1535 ſehr
881 1513 1021 1538 erbittert,

172 1524 206 1586 ſie
213 1548 323 1583 ſagen,
338 1550 430 1598 wenn
446 1553 509 1600 100
522 1559 653 1582 Joſephs
676 1562 789 1609 kaͤmen,
812 1565 842 1623 ſo
868 1568 939 1618 thun
968 1587 1016 1613 wir

173 1619 228 1654 das
243 1617 310 1658 doch
337 1617 420 1658 nicht.
463 1618 527 1656 Die
546 1618 763 1662 Vernuͤnftigen
788 1619 951 1664 befuͤrchten
976 1625 1017 1656 im

173 1668 260 1710 Ernſt
271 1661 354 1703 eine
369 1657 535 1709 Spaltung
566 1663 601 1717 in
626 1665 676 1706 der
705 1671 893 1715 katholiſchen
916 1677 1018 1711 Kirche

171 1723 278 1768 ſelbſt.
312 1726 375 1763 Die
396 1725 526 1766 Befehle
555 1728 667 1761 werden
697 1726 770 1764 nicht
798 1727 924 1767 befolgt,
958 1729 1018 1760 und

168 1762 255 1815 man
267 1760 379 1817 glaubt,
400 1768 451 1806 der
468 1766 570 1813 Kaiſer
585 1772 677 1809 werde
702 1774 776 1813 nicht
801 1776 1018 1816 durchdringen,

172 1825 221 1862 bis
237 1824 266 1858 er
285 1823 359 1864 nicht
379 1820 483 1870 fremde
502 1821 682 1874 Geiſtliche,
687 1827 941 1869 Kreishauptleute
957 1830 1017 1863 und

166 1866 295 1920 Beamte
308 1867 419 1924 ſchickt
442 1871 554 1914 und
525 1868 558 1924 in
576 1879 624 1913 der
639 1878 761 1926 ganzen
760 1878 944 1924 Monarchie
959 1888 1019 1915 um⸗

173 1924 306 1977 wechſelt.

218 2025 274 2067 3te
274 2025 436 2067 Samml.

628 2027 672 2075 R

918 2031 1012 2076 Sagt
