1616 2487
151 548 204 586 der
220 557 257 597 zu
274 544 384 595 laſſen,
411 552 477 590 und
500 548 568 600 ihre
589 548 758 597 Geſchaͤfte
779 550 853 588 eben
877 548 909 595 ſo
929 559 1028 597 unge⸗

146 603 293 647 hindert,
324 600 378 636 als
403 601 522 649 vorher
549 597 774 647 abzuwarten;
795 601 827 647 ſo
848 600 961 650 hoͤrten
988 604 1030 652 ſie

153 662 268 690 darum
286 656 372 694 nicht
386 655 448 703 auf
464 653 517 693 als
536 650 747 700 Gefangene,
769 653 830 691 die
844 662 938 692 man
951 653 1032 704 auf

149 709 214 758 ihr
236 708 364 749 Wort
387 700 614 757 losgelaſſen
640 705 772 754 hatte,
796 708 966 750 betrachtet
990 721 1027 757 zu

144 757 286 800 werden,
310 759 389 793 und
404 759 457 793 als
479 754 575 805 ſolche
595 753 711 792 konten
734 755 772 804 ſie
796 755 935 794 niemals
963 761 1027 795 das

150 817 307 857 geringſte
327 811 516 857 verlangen.
574 808 731 857 Obgleich
752 812 806 861 ihr
825 811 1027 861 Aufenthalt

151 870 188 894 in
211 865 395 907 erwaͤhnten
417 861 572 903 Staͤdten
602 860 697 900 durch
727 863 790 899 das
816 860 1025 910 verwerfliche

152 917 327 959 Betragen
343 913 566 961 verſchiedener
581 920 648 949 von
665 912 766 959 dieſen
781 914 937 966 Officiers
953 924 1024 953 ver⸗

146 970 285 1011 anlaſſet
310 964 445 1002 worden
458 970 554 1006 war,
585 961 639 1001 als
659 961 770 1010 welche
793 973 903 1012 wegen
931 963 1020 1012 ihres

145 1016 319 1071 Verkehrs
340 1017 415 1073 mit
421 1016 609 1079 Boͤhmen
632 1021 708 1064 Se.
725 1018 921 1073 Majeſtaͤt
946 1024 1021 1074 haͤt⸗

146 1078 205 1113 ten
219 1076 363 1117 bewegen
383 1072 520 1117 koͤnnen,
541 1069 639 1120 ihnen
659 1076 719 1112 den
740 1070 873 1123 Proceß
896 1082 932 1122 zu
953 1083 1024 1111 ma⸗

149 1122 238 1174 chen,
251 1136 359 1166 wenn
382 1116 446 1178 Sie
464 1123 567 1177 Jhrer
588 1126 708 1168 Gnade
731 1129 817 1173 nicht
839 1126 1022 1179 vorzuͤglich

149 1173 212 1222 vor
226 1187 281 1221 der
295 1175 527 1232 Gerechtigkeit
542 1179 659 1232 Gehoͤr
673 1181 811 1230 gegeben
825 1184 962 1236 haͤtten;
987 1176 1022 1231 ſo

149 1231 240 1282 hatte
260 1225 401 1288 derſelbe
421 1227 495 1282 doch
511 1231 616 1277 nichts
644 1233 809 1289 aͤhnliches
829 1237 892 1275 mit
918 1236 1022 1274 einem

139 1279 316 1336 Arreſte,
347 1284 407 1327 wie
430 1295 509 1330 man
531 1286 647 1337 ſolches
670 1290 807 1334 dennoch
827 1296 889 1330 aus
911 1289 1023 1336 dieſem

149 1341 416 1392 Geſichtspuncte
435 1339 494 1393 hat
518 1341 686 1392 vorſtellen
712 1342 844 1385 wollen.
919 1343 1022 1393 Dieſe

149 1398 282 1441 Staͤdte
297 1397 410 1451 hatten
424 1399 509 1440 keine
522 1398 758 1448 Beſatzungen,
781 1405 833 1442 der
848 1400 938 1443 Ein⸗
953 1405 1020 1441 und

149 1443 323 1495 Ausgang
346 1453 419 1485 war
445 1442 640 1487 niemanden
669 1448 845 1500 verboten,
879 1453 945 1490 und
973 1451 1021 1493 die

143 1493 377 1560 ſaͤchſiſchen
399 1494 567 1555 Officiers
575 1497 755 1551 brauchten
778 1507 896 1548 keinem
917 1507 1023 1546 Men⸗

145 1547 234 1599 ſchen
254 1559 329 1589 von
338 1548 453 1599 ihrem
461 1545 562 1599 Thun
584 1540 652 1589 und
672 1548 772 1602 Laſſen
806 1549 1020 1604 Rechenſchaft

147 1612 187 1648 zu
206 1601 320 1653 geben.
370 1597 543 1646 Ueberdem
564 1603 757 1654 bewilligten
771 1610 858 1658 Se.
875 1603 1024 1655 Maje⸗

148 1656 221 1709 ſtaͤt
240 1665 307 1701 und
333 1658 468 1711 hernach
494 1664 571 1703 auch
596 1666 657 1701 das
678 1661 1019 1713 Generalkrieges⸗

143 1708 412 1757 directorium,
429 1698 517 1746 allen
542 1706 745 1754 denjenigen,
766 1711 813 1749 die
834 1715 896 1748 aus
915 1708 1018 1758 guͤlti⸗

145 1768 207 1807 gen
223 1756 397 1814 Urſachen,
405 1752 515 1811 wegen
531 1759 1018 1817 Familienangelegenhei⸗

145 1820 223 1860 ten,
251 1822 325 1853 oder
340 1812 508 1862 bequemen
524 1811 814 1859 Auskommens
828 1821 944 1856 darum
956 1825 1017 1854 an⸗

146 1867 283 1920 ſuchten,
301 1872 349 1911 die
364 1868 566 1918 Erlaubniß,
581 1881 623 1909 an
638 1874 760 1913 andern
773 1874 893 1919 Orten,
911 1873 964 1912 als
980 1874 1016 1912 in

145 1915 317 1963 gedachten
331 1920 430 1970 ihnen
444 1912 678 1968 angewieſenen
687 1920 856 1973 Staͤdten,
870 1924 927 1972 ſich
943 1921 1018 1971 auf⸗

146 1971 317 2023 halten
280 1981 317 2027 zu
339 1973 479 2021 duͤrfen;
500 1973 647 2016 wodurch
671 1972 738 2020 alſo
763 1982 832 2018 dem
851 1971 1016 2019 Artickel

146 2026 201 2064 der
217 2025 513 2079 Capitulation,
541 2025 666 2078 zufolge
685 2029 783 2078 deſſen
804 2037 903 2072 denen
926 2028 1018 2079 Offi⸗

147 2077 228 2121 ciers
242 2082 453 2136 zugeſtanden
462 2085 582 2133 wurde,
596 2093 639 2125 an
656 2082 775 2138 ſolchen
790 2087 941 2132 Oertern,
962 2094 1017 2124 wo
