1467 2235
178 367 307 423 Dein
327 363 602 431 wahrhaftig
623 366 770 418 Wort
790 363 1004 428 regieren,

171 447 289 515 Laſſe
312 449 416 516 mich
442 446 616 515 daſſelbe
635 448 796 516 fuͤhren

180 534 361 601 Endlich
382 535 470 589 aus
487 534 563 589 der
582 532 905 599 Sterblichkeit

180 614 278 680 Hin
294 627 374 684 zur
396 613 548 680 frohen
568 614 811 682 Ewigkeit,
845 615 1008 673 Amen.

370 737 881 800 Morgen⸗Lied.

252 806 349 849 Mel.
365 787 518 848 Meinen
532 804 687 857 JEſum
702 804 767 854 laß
783 805 834 852 ich
851 806 946 849 nicht
962 815 1005 846 ꝛc.

112 874 166 979 L

166 874 243 948 icht
254 884 352 927 vom
363 877 484 934 Licht,
500 870 690 933 erleuchte
704 877 803 931 mich
825 878 897 925 bey
914 880 1001 923 dem
1017 886 1145 924 nenen

191 937 461 995 Tageslichte,
493 938 796 992 Gnadenſonne
825 935 924 987 ſtelle
955 937 1034 987 dich
1066 944 1144 984 vor

111 994 220 1044 mein
257 986 448 1044 munters
487 992 726 1050 Angeſichte,
762 993 909 1040 wohne
947 995 1028 1038 mir
1066 994 1145 1040 mit

113 1054 275 1106 Glanze
294 1055 390 1103 bey,
413 1044 475 1103 daß
491 1056 600 1105 mein
609 1054 825 1108 Sabbath
846 1045 965 1111 luſtig
979 1055 1056 1103 ſey.

171 1111 214 1162 2.
228 1108 512 1167 Brunnquell
511 1112 605 1163 aller
614 1112 850 1170 Suͤßigkeit,
862 1115 925 1166 laß
938 1106 1018 1161 mir
1035 1113 1145 1162 deine

98 1127 301 1214 Stroͤme
315 1157 466 1218 flieſſen,
477 1169 606 1212 mache
614 1159 755 1215 Mund
777 1164 863 1215 und
880 1163 989 1222 Herz
1006 1164 1145 1218 bereit,

112 1231 193 1277 dich
209 1233 250 1275 in
268 1223 448 1283 Andacht
453 1222 557 1279 recht
574 1232 623 1280 zu
637 1228 777 1285 kuͤſſen,
793 1227 896 1280 ſtreu
915 1231 993 1276 das
1007 1230 1146 1277 Wort

111 1290 191 1335 mit
204 1288 371 1342 Seegen
385 1286 459 1337 ein,
474 1286 540 1339 laß
553 1290 596 1333 es
613 1283 962 1342 hundertfruͤchtig
978 1286 1085 1340 ſeyn.

173 1357 216 1399 3.
229 1346 373 1400 Zuͤnde
397 1347 504 1396 ſelbſt
523 1352 601 1394 das
624 1348 761 1397 Opfer
777 1355 848 1395 an,
868 1346 945 1393 das
964 1356 1017 1395 auf
1052 1345 1146 1399 mei⸗

108 1414 189 1447 nen
203 1406 355 1456 Lippen
379 1402 505 1458 lieget,
518 1404 579 1456 ſey
599 1404 680 1451 mir
694 1403 914 1457 Weisheit,
931 1402 1040 1458 Licht
1053 1404 1144 1450 und

108 1457 263 1514 Bahn,
281 1459 358 1513 daß
376 1458 459 1507 kein
478 1456 689 1517 Jrrthum
711 1456 811 1507 mich
830 1448 1025 1509 betruͤget,
1054 1457 1144 1503 und

113 1518 194 1562 kein
210 1519 388 1571 fremdes
415 1514 542 1573 Feuer
558 1515 718 1568 brennt,
735 1512 897 1570 welches
917 1506 1003 1563 dein
1020 1513 1146 1564 Altar

109 1571 213 1620 nicht
228 1573 361 1620 kennt.

169 1648 210 1686 4.
225 1634 310 1687 Laß
325 1633 424 1685 mich
442 1632 538 1687 heut
553 1636 640 1683 und
658 1631 805 1691 allezeit
821 1632 971 1690 Heilig,
992 1630 1147 1689 Heilig,

110 1679 248 1739 Heilig
263 1683 417 1740 ſingen!
446 1684 533 1732 und
542 1682 640 1731 mich
650 1683 690 1730 in
701 1684 759 1730 die
770 1680 967 1738 Ewigkeit
988 1684 1051 1742 mit
1071 1687 1143 1730 des

111 1750 271 1803 Geiſtes
290 1748 433 1804 Fluͤgel
449 1743 681 1804 ſchwingen,
699 1746 785 1800 gieb
801 1740 882 1795 mir
899 1746 1010 1794 einen
1030 1747 1145 1798 Vor⸗

109 1799 276 1859 ſchmack
291 1803 365 1855 ein,
374 1795 457 1849 wie
471 1804 513 1851 es
525 1801 631 1849 wird
645 1794 708 1849 im
717 1797 906 1856 Himmel
920 1800 1028 1854 ſeyn.

171 1881 211 1920 5.
227 1867 333 1917 Ruh
347 1867 390 1913 in
405 1865 487 1916 mir
501 1868 587 1915 und
602 1863 655 1918 ich
669 1867 713 1912 in
734 1865 810 1919 dir,
833 1865 917 1912 ban
931 1856 993 1912 ein
1007 1862 1148 1917 Para⸗

114 1917 200 1970 dies
215 1920 284 1971 ins
313 1915 460 1971 Herze,
488 1914 691 1971 offenbare
712 1916 792 1971 dich
823 1915 916 1971 doch
939 1916 1033 1971 mir,
1056 1913 1148 1964 und
