1479 2232
958 324 1026 353 151

318 398 502 439 Buͤchſelſee.
529 395 684 442 Moͤglich,
706 398 765 440 daß
784 399 831 431 der
846 391 949 442 Riegel
963 391 1031 441 ſich

240 451 297 474 von
317 442 396 482 ſelbſt
412 439 517 480 ſenkte!
545 429 609 475 Und
627 437 748 475 daruͤber
762 440 908 481 erſchrakſt
925 446 961 474 du
977 442 1031 482 ſo?

241 497 393 540 Begannſt
414 498 460 531 ein
484 494 668 541 ungeſtuͤmes
690 494 836 533 Laͤrmen?
873 498 939 542 Biſt
959 497 1032 542 auch

241 554 323 596 ſogar
350 552 519 595 bewafnet?

319 613 521 656 Eppenberg.
573 614 631 649 Um
649 614 727 650 mein
741 612 828 650 Weib
842 620 933 657 gegen
947 611 1031 653 jeden

222 671 342 714 Anfall
355 680 390 713 zu
403 670 643 713 vertheidigen!

317 733 502 777 Buͤchſelſee.
523 736 610 769 (winkt
624 737 672 769 den
684 736 828 772 Knechten,
841 737 873 776 ſie
886 736 964 772 fallen
977 737 1033 774 ihm

240 783 369 821 ſeitwaͤrts
383 784 411 815 in
421 785 468 816 den
482 786 556 820 Arm,
565 783 618 816 und
632 784 765 820 entreiſſen
773 784 827 820 ihm
838 785 885 815 das
895 783 1034 821 Schwerd)

256 835 519 880 Eppenberg.
546 836 616 876 Ha,
640 835 830 877 ſchaͤndlicher
844 837 996 879 Verrath!

318 899 494 939 Mathilde.
515 897 710 942 Eppenberg!
737 898 827 934 Mein
836 896 1034 942 Eppenberg!

251 962 493 1006 Buͤchſelſee.
521 964 622 1002 Nun?
652 962 750 1007 Willſt
771 963 836 998 dein
858 963 947 1001 Weib
961 964 1032 1003 noch

241 1014 468 1060 vertheidigen?
500 1016 641 1052 Alberner
663 1015 785 1058 Junge!
813 1016 950 1062 Muͤßteſt
972 1012 1032 1053 kluͤ⸗

241 1077 291 1111 ger
309 1067 391 1111 ſeyn,
423 1078 509 1105 wenn
524 1072 562 1105 du
577 1070 634 1106 mir
648 1073 750 1114 trotzen
764 1072 901 1113 wollteſt!

316 1127 490 1166 Mathilde.
505 1126 561 1163 Um
578 1127 689 1164 Gottes
698 1124 950 1170 Barmherzigkeit
963 1126 1031 1161 wil⸗

240 1177 304 1216 len,
330 1180 397 1211 was
412 1176 482 1214 habt
502 1177 545 1217 ihr
561 1178 616 1212 mit
631 1179 689 1211 uns
703 1177 782 1213 vor?

316 1233 490 1274 Bichſelſee.
546 1232 638 1273 Sehr
653 1230 758 1271 wenig,
797 1234 856 1265 und
879 1230 946 1272 doch
961 1230 1033 1273 auch

240 1288 302 1331 ſehr
315 1287 388 1322 viel!
415 1288 512 1331 Sollſt
526 1292 558 1324 es
575 1287 644 1323 bald
661 1286 767 1327 hoͤren:
783 1294 823 1326 (zu
831 1290 880 1322 den
887 1288 1032 1323 Knechten)

243 1341 336 1377 Stekt
351 1340 396 1376 die
410 1340 516 1384 Fakeln
531 1351 568 1377 an
585 1340 629 1375 die
644 1339 757 1382 Wand,
780 1343 839 1376 und
857 1341 954 1377 bindet
964 1334 1032 1380 ihn!

318 1395 494 1437 Mathilde.
514 1398 589 1438 (ſinkt
606 1404 638 1432 zu
651 1396 817 1435 Buͤchſelſees
828 1399 916 1434 Fuͤſſen
932 1398 1032 1433 nieder)

240 1450 302 1487 Ach
324 1449 510 1484 Erbarmen!
549 1449 630 1485 Was
652 1450 704 1487 hat
726 1458 757 1483 er
780 1448 975 1487 verbrochen?

309 1483 512 1537 Eppenberg.
564 1496 656 1535 Nicht
678 1494 787 1539 naͤher!
819 1494 1028 1536 Boͤſewichter!

238 1551 297 1593 Jch
311 1551 382 1589 habe
398 1550 467 1589 noch
483 1546 591 1594 Haͤnde
605 1559 640 1594 zu
655 1551 764 1587 meiner
778 1549 1029 1592 Vertheidigung!

315 1611 498 1656 Buͤchſelſee.
545 1615 637 1650 Nun!
664 1614 854 1657 Vertheidige
869 1613 929 1648 dich
943 1614 1030 1654 doch!

240 1668 335 1710 Willſt
355 1669 394 1701 du
415 1668 484 1708 noch
504 1670 629 1709 trotzen,
660 1670 723 1714 noch
740 1664 901 1714 ungeſtuͤm
916 1668 1030 1705 toben?

313 1721 514 1766 Eppenberg.
555 1720 576 1771 O
629 1722 671 1763 ich
699 1723 797 1759 wuͤrde
821 1722 919 1757 beides
943 1723 1028 1765 thun,

239 1787 324 1813 wenn
357 1776 433 1816 nicht
454 1780 499 1813 ein
524 1778 612 1815 Weib
634 1787 670 1823 zu
693 1781 794 1814 deinen
820 1776 923 1821 Fuͤſſen
949 1773 1029 1822 laͤge,

237 1835 288 1881 fuͤr
309 1839 392 1872 deren
411 1832 580 1880 Sicherheit
599 1835 640 1881 ich
658 1836 776 1879 zittere,
800 1829 848 1879 fuͤr
870 1835 955 1871 deren
977 1835 1028 1873 Le⸗

973 1899 1026 1933 ben
