1743 2635
293 419 427 464 kriechen
442 413 601 458 Wuͤrmer
616 420 678 454 aus
698 417 765 454 dem
776 410 891 453 Mund
902 407 1032 458 heraus.
1090 406 1190 456 Dieſe
1200 416 1298 446 neuen

289 477 423 528 Zufaͤlle
441 480 563 516 werden
579 473 795 524 gemeiniglich
809 472 863 520 fuͤr
878 468 1003 521 Folgen
1022 473 1074 511 der
1090 468 1300 518 Vollbluͤtig⸗

298 540 358 580 keit
373 536 533 589 gehalten,
562 547 640 576 man
657 536 777 576 nimmt
786 535 879 585 daher
886 532 998 585 Anlaß
1009 533 1058 572 ein
1067 529 1301 580 Abfuͤhrungs⸗

297 598 404 642 mittel
427 608 464 645 zu
488 598 685 643 verordnen,
708 593 857 639 wodurch
881 593 928 631 die
952 590 1163 631 verdorbenen
1188 587 1301 635 Saͤfte

297 660 448 705 vielleicht
471 654 647 705 ausgeleert
670 654 830 703 werden,
843 657 909 692 und
934 652 981 692 die
1004 650 1127 702 Eßluſt
1152 650 1208 699 ſich
1234 657 1300 689 von

299 727 411 757 neuem
433 715 600 765 einfindet;
637 724 714 752 man
740 713 819 759 muß
845 711 986 751 alsdann
1012 710 1077 759 ſehr
1101 708 1206 757 wenig
1231 706 1302 754 feſte

301 777 448 826 Speiſen
465 773 625 823 erlauben,
653 781 731 810 man
748 769 873 809 erlaubt
890 766 1046 816 zweymal
1062 772 1115 805 des
1132 766 1227 813 Tags
1237 765 1303 804 eine

296 835 407 874 duͤnne
430 831 574 880 Suppe,
602 838 669 868 von
694 826 822 873 welcher
846 836 924 865 man
942 828 1020 871 nach
1041 829 1107 863 und
1133 825 1209 866 nach
1237 823 1304 861 eine

298 894 430 944 groͤßere
462 891 645 933 Quantitaͤt
675 890 782 940 giebt,
811 900 867 930 um
897 890 944 928 die
974 884 1218 934 Ausarbeitung
1250 886 1306 924 der

302 951 560 1002 Dauungsſaͤfte
576 962 612 999 zu
629 951 848 998 unterſtuͤtzen.

388 1017 452 1056 Um
471 1015 526 1064 ſich
543 1021 608 1053 von
624 1019 675 1053 der
691 1007 976 1060 Nothwendigkeit
994 1007 1076 1047 einer
1094 1003 1306 1060 nahrhaftern

302 1073 397 1118 Diaͤt
413 1082 451 1120 zu
466 1069 667 1118 uͤberzeugen,
699 1066 774 1118 darf
786 1066 864 1106 man
881 1076 942 1105 nur
958 1063 1121 1111 bedenken,
1142 1064 1212 1101 wie
1222 1061 1307 1100 viele

302 1131 558 1183 Feuchtigkeiten
570 1133 661 1180 unſer
676 1129 805 1178 Koͤrper
821 1129 856 1167 in
871 1133 928 1167 den
943 1125 1167 1175 chirurgiſchen
1180 1122 1309 1165 Krank⸗

303 1196 407 1247 heiten
438 1193 531 1237 durch
548 1193 595 1230 die
612 1192 718 1239 oͤftern
735 1189 915 1237 Aderlaͤſſe,
946 1187 1040 1229 duͤrch
1055 1185 1136 1232 allzu
1154 1184 1309 1230 reichliche

304 1251 536 1296 Vereiterung,
565 1257 600 1285 u.
616 1250 649 1283 d.
663 1256 697 1294 g.
716 1243 863 1286 verliert:
887 1243 960 1286 eben
979 1244 1012 1291 ſo
1021 1239 1194 1291 begreiflich
1199 1238 1248 1293 iſt
1262 1247 1308 1288 es,

305 1311 370 1361 daß
388 1312 422 1350 in
440 1309 537 1357 dieſen
553 1308 665 1358 Faͤllen
685 1306 788 1348 duͤnne
804 1302 1042 1359 Fleiſchbruͤhen
1067 1307 1133 1341 und
1149 1300 1310 1351 Ptiſanen

307 1371 393 1414 nicht
411 1368 605 1421 hinlaͤnglich
622 1369 710 1417 ſind;
739 1369 819 1405 denn
837 1365 886 1409 ein
903 1361 1053 1413 geſunder
1068 1361 1228 1413 Menſch,
1259 1365 1312 1400 der

307 1429 413 1471 keinen
431 1426 464 1477 ſo
479 1426 602 1476 großen
617 1424 757 1474 Verluſt
773 1423 898 1463 erlitten
917 1410 991 1471 hat,
1019 1420 1127 1459 wuͤrde
1149 1418 1205 1466 bey
1229 1418 1312 1457 einer

304 1485 352 1540 ſo
359 1500 492 1539 magern
511 1487 600 1530 Diaͤt
614 1488 700 1531 nicht
716 1485 846 1535 dreyßig
863 1488 936 1523 oder
947 1482 1062 1531 vierzig
1070 1481 1160 1529 Tage
1177 1479 1314 1529 beſtehen

306 1551 446 1593 koͤnnen.
505 1548 576 1591 Die
592 1546 789 1596 geſundeſten
798 1541 1093 1593 Nahrungsmittel
1103 1536 1173 1594 ſind
1186 1536 1315 1592 unſtrei⸗

307 1608 356 1656 tig
374 1604 562 1655 diejenigen,
588 1603 699 1649 welche
707 1603 772 1642 eine
780 1600 941 1651 mehlichte
950 1598 1124 1648 Subſtanz
1135 1595 1312 1645 enthalten,

308 1682 338 1720 z.
354 1670 409 1712 B.
424 1668 538 1715 Brod,
570 1666 674 1716 Reiß,
705 1675 740 1703 u.
757 1667 790 1702 d.
806 1672 841 1711 g.
900 1661 971 1711 Fuͤr
985 1659 1175 1712 Patienten,
1202 1657 1316 1704 welche

308 1731 367 1781 ſich
385 1733 451 1768 von
468 1726 552 1768 einer
569 1725 718 1775 ſchweren
734 1720 914 1772 Krankheit
930 1720 1076 1772 erholen,
1107 1721 1145 1769 iſt
1163 1719 1254 1770 Reiß
1278 1720 1314 1758 in

312 1790 399 1830 einer
414 1784 632 1837 Fleiſchbruͤhe
648 1782 792 1835 gekocht,
821 1787 893 1822 oder
909 1779 1163 1831 Nudelſuppen,
1191 1787 1247 1813 am
1264 1780 1318 1822 zu⸗

310 1846 535 1897 traͤglichſten;
578 1845 667 1896 Eyer
688 1844 810 1895 muͤſſen
830 1840 1085 1891 ſchlechterdings
1110 1837 1318 1888 wegbleiben.

311 1901 400 1952 Zum
416 1897 581 1943 Getraͤnke
592 1903 762 1940 verordnet
782 1907 863 1937 man
888 1898 938 1937 ein
956 1894 1121 1948 Viertheil
1136 1894 1235 1933 Wein
1256 1893 1317 1931 mit

313 1969 387 2011 drey
403 1961 608 2011 Viertheilen
624 1960 753 2011 Waſſer
775 1951 961 2006 vermiſcht;
990 1955 1086 2004 dieſes
1107 1953 1256 1995 Getraͤnk
1278 1954 1320 2000 iſt

313 2020 526 2070 erquickender
541 2022 609 2057 und
622 2017 808 2068 heilſamer,
835 2013 890 2055 als
915 2016 963 2054 die
985 2014 1086 2063 große
1099 2010 1225 2060 Menge
1240 2008 1320 2059 Pti⸗

313 2082 409 2134 ſane,
439 2080 587 2126 wodurch
610 2085 663 2119 der
686 2077 821 2128 Magen
844 2074 1031 2125 geſchwaͤcht
1054 2072 1158 2120 wird,
1187 2075 1255 2110 und
1272 2071 1321 2110 die

315 2136 574 2189 Dauungsſaͤfte
590 2144 653 2178 aus
669 2136 753 2187 ihrer
768 2134 963 2181 natuͤrlichen
974 2131 1151 2180 Miſchung
1162 2128 1321 2170 kommen.

405 2202 461 2246 Es
476 2201 514 2251 iſt
532 2198 617 2243 nicht
631 2203 748 2246 genug,
763 2194 826 2242 daß
843 2203 922 2234 man
938 2194 1000 2245 auf
1011 2192 1057 2232 die
1073 2188 1254 2233 Quantitaͤt
1268 2196 1322 2228 der

321 2260 471 2313 Speiſen
486 2256 558 2304 acht
569 2256 641 2312 hat,
668 2264 757 2307 man
767 2256 848 2305 muß
863 2257 942 2300 auch
957 2253 1004 2294 die
1020 2249 1251 2303 Zwiſchenzeit,
1286 2250 1325 2287 in
