1574 2527
595 328 652 356 21

151 406 271 444 meiſten
287 406 387 443 Orten
404 406 494 443 bauet
503 415 590 444 man
610 408 662 448 ihn
687 408 754 444 aber
779 419 839 445 nur
863 420 932 454 zum
947 413 1093 455 Verkauf,

151 471 213 498 und
240 457 364 497 glaubt,
398 457 453 494 daß
479 464 508 488 er
534 465 586 497 zur
611 458 778 501 Futterung
802 461 878 500 nicht
902 465 1093 504 vortheilhaft

115 509 207 541 ſey.
247 507 417 546 Allerdings
433 506 505 539 wird
523 513 592 539 man
609 507 659 545 ihn
677 517 727 549 zur
746 509 912 551 Futterung
932 511 1007 551 nicht
1022 512 1091 552 halb

150 558 181 592 ſo
197 556 265 592 hoch
281 556 427 593 benutzen,
444 556 492 587 als
506 563 595 589 wenn
610 565 680 591 man
696 558 747 597 ihn
764 560 838 597 ohne
855 568 889 602 zu
907 562 993 595 weite
1009 563 1091 603 Fuh⸗

148 613 200 634 ren
217 605 372 643 verkaufen
389 605 478 638 kann.
528 606 609 641 Aber
628 608 749 649 dennoch
765 610 840 643 wird
861 611 906 644 die
922 611 1090 653 Futterung

108 651 198 687 des
217 655 313 692 Kohls
333 655 397 693 ſehr
421 656 610 699 vortheilhaft
636 658 721 698 ſeyn,
749 668 834 693 wenn
860 670 931 694 man
957 664 1006 699 ihn
1030 671 1090 698 nur

147 706 217 738 nach
246 707 297 736 den
323 704 449 742 Koſten,
475 706 519 738 die
544 715 573 738 er
597 707 709 747 macht,
737 706 898 750 anſchlaͤgt,
927 713 1088 752 vorausge⸗

147 755 228 793 ſetzt,
252 754 308 793 daß
326 760 395 786 man
413 754 497 788 einen
513 754 574 794 ihm
589 758 808 801 angemeſſenen
826 760 937 798 Boden
953 761 1036 802 habe.

253 918 275 945 I.
290 918 332 949 S.
341 917 392 953 365
404 922 461 949 unt.
470 918 496 950 d.
503 920 680 958 Ueberſchrift;
718 926 754 952 II.
779 925 807 955 S.
815 933 868 960 359
881 925 973 957 ebend.

244 1004 314 1037 Das
332 1003 404 1044 muß
421 1004 513 1044 jedoch
530 1006 574 1039 die
592 1008 681 1048 große
701 1007 785 1049 fruͤhe
801 1010 1081 1055 Windſor ⸗ Bohne

143 1055 221 1090 ſeyn.
278 1054 383 1089 Unſere
413 1051 605 1094 gewoͤhnliche
635 1054 800 1096 Feldbohne
834 1058 901 1096 reift
934 1067 969 1099 zu
1003 1057 1077 1101 ſpaͤt.

141 1105 207 1137 Und
226 1104 306 1145 ſelbſt
330 1105 394 1144 jene
409 1106 482 1148 muß
500 1113 551 1140 vor
565 1106 643 1147 ihrer
664 1107 790 1151 voͤlligen
803 1111 890 1153 Reife
906 1110 1078 1159 geſchnitten

140 1159 267 1195 werden.

212 1318 236 1343 I.
256 1316 298 1348 S.
312 1317 365 1351 376
381 1322 439 1348 unt.
453 1318 480 1350 d.
493 1319 672 1357 Ueberſchrift;
711 1324 746 1351 II.
767 1323 809 1354 S.
820 1332 890 1359 370,
907 1325 1000 1357 ebend.

235 1401 375 1436 Seitdem
399 1402 439 1440 ich
463 1404 553 1445 dieſes
576 1404 697 1446 Capitel
716 1406 838 1445 ſchrieb,
869 1405 993 1450 naͤmlich
1017 1410 1071 1450 ſeit

143 1458 253 1486 1794,
281 1453 333 1487 hat
355 1452 404 1490 ſich
427 1456 475 1484 der
494 1452 700 1495 Kartoffelbau
716 1455 756 1487 im
772 1454 893 1496 Großen
910 1457 1070 1498 ungemein

135 1504 299 1530 verbreitet.
352 1501 407 1535 Jch
431 1503 534 1539 wohne
552 1502 750 1543 insbeſondere
777 1503 837 1544 jetzt
857 1506 889 1538 in
912 1506 990 1540 einer
1006 1509 1067 1545 Ge⸗

136 1552 227 1582 gend,
255 1558 301 1575 wo
319 1558 349 1576 er
368 1553 399 1577 in
419 1551 496 1580 einer
512 1550 716 1589 Ausdehnung
740 1551 884 1592 getrieben
902 1554 996 1593 wird,
1021 1555 1068 1588 die

134 1603 221 1629 kaum
247 1600 326 1634 ihres
348 1600 485 1637 Gleichen
509 1600 609 1640 finden
635 1600 740 1642 moͤgte.
802 1602 861 1641 Jm
882 1603 1066 1644 Oderbruche

136 1651 226 1685 ſowol
241 1653 289 1679 als
305 1652 359 1687 auf
372 1651 419 1682 der
429 1649 515 1692 Hoͤhe
530 1654 581 1685 des
597 1643 875 1695 Oberbarnimſchen
884 1656 1000 1695 Kreiſes
1016 1659 1068 1692 der

129 1699 297 1733 Churmark
322 1700 413 1731 macht
437 1703 484 1731 der
515 1699 718 1744 Kartoffelbau
747 1702 830 1734 einen
855 1702 1065 1747 Hauptpfeiler

135 1749 184 1777 der
199 1749 384 1787 Wirthſchaft
409 1750 465 1789 auf
478 1749 614 1784 manchen
631 1751 740 1792 großen
757 1750 877 1787 Guͤtern
901 1756 976 1790 aus,
1002 1755 1064 1788 und

135 1802 168 1826 es
194 1799 271 1834 giebt
297 1799 389 1831 viele,
423 1801 477 1836 auf
501 1800 593 1831 denen
618 1801 651 1831 in
675 1802 724 1833 der
749 1801 844 1844 Regel
871 1805 891 1839 5
917 1804 964 1837 bis
991 1804 1061 1836 600

133 1846 253 1885 Wiſpel
267 1848 389 1886 gebauet
412 1850 548 1885 werden,
574 1846 786 1892 groͤßtentheils
808 1861 874 1892 zum
889 1854 994 1895 Behuf
1013 1856 1062 1888 der

132 1898 427 1939 Ochſen⸗Maſtung.
481 1899 581 1937 Durch
608 1901 651 1935 die
669 1903 780 1942 Menge
804 1907 852 1938 des
875 1906 994 1944 hieraus
1019 1915 1061 1939 er⸗

125 1947 285 1983 folgenden
301 1947 448 1986 Duͤngers
465 1948 516 1983 hat
531 1948 574 1980 die
590 1938 775 1989 Wirthſchaft
793 1951 853 1989 hier
868 1950 950 1984 einen
968 1948 1063 1992 maͤch⸗

132 1997 214 2032 tigen
230 1995 383 2033 Schwung
399 1996 584 2031 bekommen,
611 1998 671 2031 und
688 2000 735 2030 der
757 2001 811 2040 auf
831 2000 880 2033 der
894 1997 979 2044 Hoͤhe
996 2009 1062 2036 vor⸗
