1576 2432
581 506 715 546 Butter,
753 503 922 548 geſtoßenen
946 506 1059 552 Pfeffer
1082 509 1145 543 und
1163 504 1395 549 Muſcatenblu⸗

583 564 664 595 men,
691 560 753 593 und
765 555 830 596 laßt
844 556 893 597 ihn
908 561 1004 592 damit
1016 558 1130 601 kochen,
1154 561 1232 590 denn
1243 557 1394 599 geriebene

581 613 748 654 Semmel,
780 615 841 646 und
865 616 962 657 zuletzt
980 618 1026 648 die
1039 615 1166 656 Auſtern
1178 615 1245 658 und
1245 615 1319 659 laßt
1337 615 1392 659 ihn

581 667 678 702 damit
692 661 763 709 noch
778 671 824 702 ein
840 672 936 707 wenig
950 663 1154 707 durchkochen.

901 781 968 821 No.
997 786 1067 827 383.

663 839 800 894 Einen
819 838 1012 896 Karpfen
1033 842 1114 894 mit
1133 841 1304 894 Oliven.

580 926 663 1014 D

663 926 694 984 er
716 931 853 971 Karpfen
866 935 946 968 wird
974 931 1129 974 geſchuppt
1153 937 1216 970 und
1231 931 1307 978 ſtark
1327 934 1397 971 aus

673 985 757 1013 dem
770 975 851 1020 Salz
866 978 1000 1018 gekocht,
1034 983 1112 1015 denn
1130 982 1188 1016 das
1203 978 1398 1023 Salzwaſſer

580 1036 768 1079 abgegoſſen,
794 1040 900 1073 wieder
912 1037 1011 1072 reines
1028 1038 1210 1080 zugegoſſen,
1237 1040 1322 1079 nebſt
1328 1039 1399 1075 Ca⸗

579 1094 670 1130 pern,
703 1088 833 1133 Oliven,
868 1090 1130 1130 Citronenſchaale
1139 1096 1216 1127 und
1226 1091 1398 1133 Scheiben,

578 1134 852 1177 Lorbeerblaͤtter,
876 1140 1010 1179 Butter,
1061 1134 1232 1179 geſtoßenen
1262 1139 1391 1184 Pfeffer,

578 1187 881 1228 Muſcatenblumen,
920 1179 1145 1232 ausgewaͤſſerte
1175 1190 1237 1223 und
1260 1188 1400 1231 gehackte

578 1246 764 1287 Sardellen,
796 1252 843 1282 ein
861 1252 958 1290 wenig
997 1243 1391 1288 Baum ⸗ oder Provencer⸗

580 1299 640 1345 oͤhl,
669 1298 837 1342 Weineſſig,
859 1304 920 1338 und
931 1302 1082 1345 geriebene
1096 1300 1249 1341 Semmel.
1287 1303 1392 1341 Wenn

578 1350 626 1382 die
644 1346 752 1388 Bruͤhe
774 1355 808 1390 zu
832 1350 916 1386 ſauer
935 1347 985 1387 iſt,
1024 1345 1102 1383 kann
1131 1354 1204 1383 man
1225 1348 1272 1381 ein
1292 1347 1392 1389 wenig

578 1405 685 1452 Zucker
701 1410 776 1451 dazu
791 1406 887 1455 thun;
914 1407 979 1449 laßt
992 1408 1027 1445 es
1043 1403 1138 1452 ſaͤmig
1148 1406 1313 1449 einkochen.

904 1510 970 1558 No.
994 1512 1065 1560 384.

655 1571 848 1636 Karpfen
868 1575 961 1629 mit
987 1577 1137 1634 ſeinem
1164 1575 1316 1632 Blute.

578 1669 626 1772 F

632 1660 721 1725 anget
746 1675 804 1713 das
831 1672 911 1714 Blut
931 1678 994 1720 auf
1013 1679 1045 1716 in
1080 1678 1127 1712 ein
1154 1677 1252 1722 wenig
1285 1677 1389 1722 Wein,

658 1727 792 1766 ſchuppet
806 1722 868 1765 ihn,
893 1726 1035 1767 ſchneidet
1050 1727 1104 1771 ihn
1122 1729 1159 1765 in
1170 1724 1326 1772 Stuͤcken,
1350 1730 1393 1763 le⸗

580 1785 629 1818 get
649 1783 700 1820 ihn
721 1789 752 1816 in
776 1778 839 1816 eine
864 1779 1011 1825 verzinnte
1033 1780 1178 1827 Caſſerole
1197 1785 1266 1819 oder
1279 1781 1394 1824 Tiegel,

580 1833 677 1874 gießet
697 1837 786 1872 Wein
811 1836 944 1876 darauf,
977 1838 1041 1871 und
1064 1838 1112 1872 ein
1137 1837 1236 1878 wenig
1264 1835 1401 1880 Waſſer,

581 1883 826 1925 Lorbeerblaͤtter,
857 1887 919 1919 und
931 1888 989 1924 das
1007 1886 1107 1928 Blut,
1135 1885 1274 1925 Capern,
1301 1877 1402 1929 gerie⸗

581 1938 653 1973 bene
673 1934 914 1976 Muſcatennuß,
951 1938 1121 1981 geſtoßenen
1143 1931 1255 1979 weißen
1281 1939 1394 1981 Pfeffer

580 1991 645 2025 und
660 1984 945 2028 Gewuͤrznaͤgelein,
980 1987 1063 2033 Salz
1080 1993 1142 2024 und
1155 1989 1287 2027 Butter;
1314 1986 1393 2023 deckt

581 2043 633 2088 ihn
646 2039 737 2085 dichte
748 2045 795 2084 zu,
821 2045 883 2077 und
899 2041 963 2087 laßt
971 2044 1027 2088 ihn
1043 2047 1101 2088 auf
1111 2043 1229 2087 Kohlen
1242 2046 1306 2078 eine
1320 2047 1392 2083 gute
