1902 2781
669 453 755 499 674

827 452 989 496 Drittes
1017 451 1141 509 Buch.
1204 457 1253 501 II.
1283 451 1486 509 Abſchnitt.

786 552 874 597 Herr
893 551 1037 604 Joſeph
1055 551 1188 595 Maria
1211 559 1287 595 von
1304 548 1519 604 Duͤfresne,
1541 554 1623 601 kurf.

670 604 837 650 geiſtlicher
867 605 972 654 Rath.
1039 604 1089 643 Er
1114 615 1183 641 war
1213 607 1272 651 erſt
1302 603 1497 655 Theatiner,
1532 609 1624 644 ward

673 661 748 697 aber
766 662 899 708 nachher
920 673 985 697 von
1006 662 1121 700 ſeinem
1136 659 1417 710 Moͤnchsgeluͤbde
1432 663 1625 707 entbunden.

674 714 725 755 Er
756 719 792 764 iſt
822 730 868 755 ein
893 718 1009 755 Mann
1041 725 1105 751 von
1135 713 1334 762 gruͤndlicher
1358 719 1625 769 Gelehrſamkeit,

671 775 775 824 dabey
805 780 852 813 ein
889 778 984 813 heller
1011 775 1123 825 Kopf;
1156 779 1211 813 der
1239 776 1348 824 wahre
1384 779 1625 827 philoſophiſche

669 831 858 877 Kenntniſſe
878 832 936 867 mit
953 829 1060 874 reifem
1078 834 1145 868 und
1161 829 1281 877 freyem
1299 830 1438 872 Denken
1451 838 1622 872 verbindet.

671 890 775 928 Unter
801 888 946 935 mehrern
971 890 1006 937 iſt
1029 893 1088 927 das
1116 890 1164 928 ein
1186 888 1316 936 Zeichen
1346 899 1410 927 von
1427 896 1482 928 der
1511 898 1624 929 wieder

672 950 909 997 zunehmenden
941 952 1060 998 Macht
1089 954 1146 990 des
1173 948 1433 1000 Moͤnchsgeiſtes
1469 956 1534 990 und
1566 956 1623 992 des

669 1006 1031 1056 Jeſuitendeſpotismus
1055 1011 1086 1048 in
1113 1009 1259 1060 Baiern,
1290 1009 1352 1057 daß
1386 1007 1472 1057 nebſt
1500 1013 1623 1051 andern

672 1063 752 1110 auch
770 1067 818 1105 ein
835 1067 951 1107 Mann
977 1068 1034 1106 wie
1049 1062 1261 1118 Duͤfresne,
1293 1071 1346 1107 der
1367 1077 1459 1107 unter
1480 1070 1527 1104 die
1549 1080 1624 1107 vor⸗

669 1119 853 1174 zuͤglichſten
877 1130 909 1165 in
926 1123 1097 1174 Muͤnchen
1122 1125 1255 1176 gehoͤrt,
1285 1129 1329 1166 im
1349 1128 1524 1177 geiſtlichen
1550 1131 1624 1169 Ra⸗

669 1188 734 1238 the,
766 1202 815 1228 wo
838 1191 917 1234 ſeine
942 1192 1130 1241 Kenntniſſe
1154 1192 1185 1238 ſo
1210 1188 1336 1241 nuͤtzlich
1366 1193 1439 1240 ſeyn
1469 1189 1620 1243 koͤnnten,

670 1248 771 1293 außer
787 1248 941 1288 Aktivitaͤt
966 1248 1070 1296 geſetzt
1086 1252 1218 1287 worden
1238 1250 1284 1298 iſt.
1341 1249 1391 1291 Er
1408 1246 1465 1300 hat
1486 1251 1538 1288 ein
1555 1248 1624 1295 feu⸗

672 1309 758 1348 riges
778 1302 1041 1352 Temperament,
1071 1306 1132 1342 das
1146 1305 1222 1343 aber
1237 1303 1330 1352 durch
1352 1309 1412 1344 den
1423 1304 1551 1353 Zwang
1569 1309 1624 1344 der

669 1360 809 1409 Pfaffen
823 1371 930 1409 genug
945 1359 1083 1410 gebeugt
1102 1365 1230 1402 worden
1255 1363 1301 1414 iſt.

785 1486 873 1530 Herr
898 1485 1055 1536 Ludwig
1079 1483 1314 1536 Fronhofer,
1348 1488 1446 1538 geiſtl.
1468 1486 1564 1538 Rath
1588 1490 1622 1528 in

669 1529 909 1579 Schulſachen,
940 1532 1061 1570 Rektor
1078 1536 1134 1571 des
1149 1533 1623 1578 Stadt⸗ und Landſchulwe⸗

670 1591 755 1639 ſens,
787 1594 942 1639 Mitglied
960 1597 1015 1631 der
1027 1592 1207 1633 Akademie.
1266 1591 1316 1633 Er
1333 1594 1432 1641 beſitzt
1453 1594 1622 1639 beſonders

668 1653 745 1692 viele
763 1652 952 1701 Kenntniſſe
975 1654 1007 1691 in
1023 1652 1249 1702 Kunſtſachen.
1306 1654 1383 1697 Der
1397 1653 1623 1704 Gefaͤlligkeit,

670 1714 731 1745 mit
757 1706 885 1753 welcher
913 1719 945 1745 er
968 1716 1032 1746 uns
1057 1708 1114 1756 bey
1136 1706 1367 1758 Beſichtigung
1389 1711 1485 1749 vieler
1507 1712 1622 1751 Merk⸗

669 1761 893 1812 wuͤrdigkeiten
920 1762 1099 1812 begleitete,
1129 1765 1232 1813 haben
1266 1769 1325 1802 wir
1346 1769 1407 1803 viel
1427 1776 1466 1812 zu
1487 1767 1620 1807 danken.

667 1820 720 1869 Zu
737 1822 974 1870 Verbeſſerung
998 1826 1051 1860 der
1068 1822 1220 1869 Schulen
1244 1823 1365 1864 koͤnnen
1388 1824 1563 1869 Patrioten
1586 1828 1620 1864 in

668 1878 800 1919 Baiern
816 1881 881 1927 jetzt
899 1881 931 1925 ſo
948 1879 1009 1916 viel
1017 1880 1075 1917 wie
1091 1882 1190 1925 nichts
1207 1883 1298 1929 thun.
1358 1874 1453 1920 Man
1462 1892 1538 1926 mag
1555 1894 1619 1925 nur

655 1933 727 1977 das
751 1933 1119 1989 Schuldirektorium
1145 1940 1298 1989 anſehen,
1333 1942 1395 1976 das
1420 1950 1485 1979 aus
1516 1947 1619 1980 lauter

669 1998 862 2054 Moͤnchen
885 2001 1031 2052 beſtehet,
1061 2005 1126 2041 und
1149 2003 1197 2041 die
1212 2000 1394 2055 Jntriguen
1415 2006 1470 2043 der
1489 2000 1620 2055 Jeſui⸗

669 2066 730 2103 ten
763 2076 819 2102 um
836 2066 950 2104 wieder
972 2063 1112 2114 Einfluß
1131 2064 1224 2103 darin
1239 2072 1279 2111 zu
1305 2062 1472 2115 erlangen!
1530 2064 1618 2108 Eins

668 2119 705 2163 iſt
723 2117 755 2163 ſo
773 2118 910 2164 ſchlinm
927 2119 984 2156 wie
1008 2110 1077 2157 das
1097 2120 1215 2156 andere
1243 2114 1298 2167 fuͤr
1321 2119 1464 2161 Baiern.
1522 2121 1617 2159 Inci-

668 2175 726 2219 dit
740 2179 780 2217 in
795 2174 955 2229 Scyllam
970 2180 1036 2233 qui
1050 2174 1132 2217 vult
1161 2177 1280 2218 vitare,
1292 2178 1559 2239 Charybdim!

1475 2381 1522 2418 P.
1551 2379 1617 2417 Jl⸗
