3159 4467
1735 788 1816 868 D

1814 788 1875 870 och
1897 818 1981 873 ſeufz
1993 820 2044 872 ich
2058 820 2097 865 in
2113 817 2283 867 betruͤbter
2297 821 2437 870 Stille:

1608 889 1714 934 Mein
1731 888 1847 934 Wille
1862 888 1913 939 ſey
1935 889 1996 931 des
2012 887 2182 940 Hoͤchſten
2198 888 2341 938 Wille;

1607 942 1713 994 Der,
1739 952 1798 985 wo
1815 928 1901 992 mich
1916 944 2000 996 auch
2018 943 2085 995 ſein
2100 944 2204 996 Rath
2218 944 2365 995 betruͤbt,

1606 1012 1690 1055 Mir
1703 1010 1892 1058 Linderung
1906 1009 1957 1051 im
1975 1008 2190 1061 Schmerzen
2203 1010 2317 1061 giebt!

1605 1073 1704 1124 Auch
1720 1083 1821 1119 wenn
1817 1074 1857 1126 er
1889 1072 2031 1127 ſchlaͤgt,
2070 1074 2158 1120 wird
2174 1087 2209 1120 er
2228 1077 2311 1128 noch
2326 1075 2437 1129 Guͤte,

1608 1144 1725 1191 Wird
1746 1156 1796 1196 er,
1828 1144 1867 1196 ſo
1878 1145 2058 1198 HERR,
2082 1149 2139 1191 als
2160 1146 2284 1191 Vater
2299 1144 2399 1199 ſeyn!

1606 1208 1659 1253 Er
1674 1207 1732 1258 ſoll
1746 1209 1824 1251 dem
1840 1204 2042 1258 traurigſten
2061 1205 2241 1258 Gemuͤthe

1605 1272 1700 1320 Den
1714 1269 1904 1322 allerbeſten
1917 1270 2026 1325 Troſt
2047 1270 2261 1327 verleihn.

1655 1539 1812 1616 S

1812 1539 1836 1617 o
1847 1565 1951 1614 ruhe,
1975 1558 2085 1611 ſpaͤter
2100 1561 2282 1611 Schmuck
2295 1564 2355 1615 der
2367 1540 2538 1610 Deinen!

1605 1628 1710 1679 Noch
1727 1628 1809 1682 muß
1822 1637 1883 1671 um
1899 1626 1971 1681 dich
1985 1627 2038 1672 die
2052 1616 2149 1675 Liebe
2162 1627 2315 1681 weinen;

1605 1705 1708 1759 Noch
1725 1707 1824 1758 lange
1836 1706 1928 1758 klagt
1944 1704 2002 1752 der
2019 1706 2157 1753 Gattin
2168 1707 2284 1764 Bruſt

1603 1764 1662 1817 Jn
1679 1765 1731 1810 dir
1748 1768 1812 1811 den
1824 1764 2103 1819 ſchmerzlichſten
2114 1753 2319 1821 Verluſt.

1603 1831 1684 1875 Die
1702 1827 1852 1877 werthen
1867 1825 2002 1881 Zeugen
2018 1833 2127 1872 treuer
2140 1829 2248 1882 Liebe,

1602 1904 1686 1951 Dir
1706 1901 1839 1946 weinen
1852 1903 1947 1948 deine
1962 1904 2094 1948 Kinder
2114 1904 2221 1955 nach:

1600 1969 1682 2013 Und
1698 1965 1919 2017 lebenslang,
1945 1971 2015 2009 aus
2031 1972 2157 2017 zartem
2172 1967 2314 2023 Triebe,

1603 2031 1725 2085 Quillt
1739 2031 1828 2086 ihrer
1841 2031 1939 2082 Liebe
1952 2030 2224 2086 Thraͤnenbach.

1718 2285 1813 2359 O

1820 2310 1921 2362 ruhe!
2017 2310 2096 2353 Bis
2111 2316 2148 2352 in
2159 2314 2255 2363 jenen
2266 2294 2396 2366 Hoͤhen

1600 2394 1701 2450 Dich
1719 2396 1802 2450 dieſe
1823 2395 1944 2442 Blicke
1958 2395 2236 2452 wiederſehen;

1599 2463 1682 2512 Die
1697 2462 1819 2511 Blicke
1835 2463 1889 2508 die
1910 2475 1970 2509 um
1991 2462 2084 2515 dich,
2110 2464 2201 2510 mein
2217 2465 2327 2521 Kind,

1597 2527 1673 2572 So
1689 2528 1772 2575 lang
1787 2524 1839 2574 ich
1848 2524 1987 2578 athme,
2026 2525 2125 2570 truͤbe
2137 2529 2227 2580 ſind.

1596 2588 1704 2634 Dort
1720 2587 1758 2631 in
1773 2577 1958 2636 verklaͤrten
1975 2588 2111 2642 Geiſter
2124 2588 2292 2646 Choͤren,

1600 2649 1723 2699 Werd
1740 2631 1791 2699 ich
1808 2646 1872 2690 mit
1891 2648 1960 2701 dir,
1994 2647 2044 2692 im
2060 2646 2166 2701 ſelgen
2182 2649 2355 2704 Licht,

1600 2724 1688 2771 Der
1705 2720 1870 2772 Gottheit
1884 2723 2008 2775 großes
2017 2722 2088 2766 Lob
2101 2726 2364 2774 vermehren:

1600 2785 1701 2834 Wer
1713 2785 1826 2832 weis?
1860 2775 1933 2840 Wie
1956 2788 2044 2835 bald
2059 2785 2153 2832 mein
2167 2784 2267 2840 Auge
2282 2786 2402 2843 bricht.
