1578 2346
512 316 557 340 30

515 374 561 409 die
581 374 665 410 obere
679 372 787 420 Haͤlfte
807 379 863 417 mit
886 379 955 422 Luft
974 381 1147 426 umwoben,

512 431 596 462 und,
616 437 662 463 wo
688 431 731 467 die
745 435 838 472 Decke
861 436 915 478 ſich
941 436 1127 481 verſchoben,

513 480 562 515 ein
581 482 689 519 rundes
710 487 787 524 Knie
807 485 1060 534 hervorgehoben,

510 531 555 567 ein
571 534 646 571 Knie
669 556 706 565 —
734 527 778 576 die
793 538 909 578 Sieben
925 545 984 577 aus
1003 543 1219 591 Griechenland

505 601 543 636 zu
563 595 679 633 Narren
703 600 846 642 machen!
871 618 912 629 —
934 606 1000 643 Und
1018 609 1086 645 was
1110 610 1163 645 des
1181 609 1302 656 Dinges

505 652 588 694 mehr
606 656 658 697 iſt,
678 658 706 699 ſo
725 657 844 702 freylich
864 659 911 695 ein
934 661 1083 708 Geringes

505 714 542 746 zu
558 708 677 750 mahlen
690 710 782 748 waͤre.
825 714 940 754 Allein,
962 717 1096 762 verzeyht

500 769 588 799 wenn
612 767 741 805 diesmal
766 778 832 806 eure
851 771 1032 816 Erwartung
1044 774 1183 820 betrogen

500 818 556 861 ſich
576 822 684 865 findet.
726 826 810 861 Alles
829 828 881 868 hat
894 828 969 871 ſeine
987 829 1070 875 Zeit!

499 875 561 913 Die
580 878 689 914 Dame
707 887 771 915 war
797 880 883 924 voͤllig
904 888 1089 927 angezogen,

498 928 543 963 die
562 930 621 973 auf
640 935 705 967 dem
723 934 932 980 Ruhebettlein
950 938 1020 981 lag,

494 988 556 1024 und
576 988 607 1024 in
632 993 683 1027 der
705 991 790 1036 That
815 993 843 1036 ſo
863 1000 1051 1041 angezogen,

495 1047 548 1084 als
568 1048 645 1085 keine
670 1049 717 1086 bis
736 1050 795 1095 auf
811 1052 903 1096 dieſen
927 1054 1009 1099 Tag.

490 1103 541 1140 So
552 1104 635 1149 ſteif!
657 1107 709 1144 So
721 1109 810 1145 voller
820 1108 1020 1155 Duͤrerſcher
1038 1112 1171 1160 Falten!

489 1160 576 1195 Alles
597 1162 626 1200 ſo
637 1162 716 1201 recht
735 1162 828 1205 drauf
845 1163 1001 1209 angelegt,

486 1212 571 1256 ſelbſt
593 1218 648 1249 den
667 1213 828 1256 Gedanken
843 1218 1056 1265 aufzuhalten,

487 1269 538 1302 der
562 1266 660 1305 weiter
680 1269 731 1307 als
751 1270 876 1315 hundert
893 1274 997 1320 Augen
1016 1272 1119 1324 traͤgt!

485 1321 658 1370 Unmoͤglich
681 1328 791 1365 war's,
816 1338 875 1366 von
897 1332 974 1376 ihrer
998 1332 1118 1380 ſchoͤnen

483 1383 603 1429 Geſtalt
617 1388 675 1424 das
694 1387 845 1433 Mindeſte
860 1400 917 1427 nur
941 1401 977 1437 zu
998 1392 1138 1438 woͤhnen.

482 1439 545 1477 Die
556 1442 666 1479 Arme,
689 1441 733 1476 die
754 1441 884 1489 Haͤnde,
904 1445 943 1490 ſie
958 1448 1089 1491 mochte,
1111 1457 1172 1488 wer
1188 1454 1291 1500 weiß?

481 1495 522 1540 ſie
537 1497 617 1540 wohl
629 1501 657 1542 ſo
677 1499 759 1544 ſchoͤn
779 1502 828 1539 als
850 1505 935 1546 Juno
954 1503 1069 1549 haben;

478 1554 577 1592 Allein
594 1555 633 1597 ſie
654 1555 744 1598 lagen
765 1559 822 1594 mit
846 1560 936 1597 allem
950 1559 1078 1607 Fleiß

478 1606 511 1641 in
529 1607 634 1644 weiten
656 1609 817 1651 Aermeln,
838 1614 911 1654 nach
926 1614 1078 1661 tuͤrkiſcher
1092 1618 1198 1660 Weis,

476 1665 526 1700 bis
542 1664 613 1701 uͤber
634 1666 680 1702 die
692 1665 900 1714 Fingerſpitzen
918 1670 1076 1717 begraben.

476 1721 529 1756 So
553 1719 684 1764 heimlich
701 1731 735 1765 zu
750 1723 825 1767 thun
839 1725 895 1763 mit
911 1728 1023 1766 Gottes
1039 1730 1166 1773 Gaben,

473 1772 581 1816 daͤucht
595 1776 710 1818 unſerm
732 1780 833 1818 Ritter
853 1780 1018 1827 ſonderbar.

471 1832 571 1874 Sonſt
588 1834 650 1876 ſind
674 1835 719 1871 die
735 1838 855 1876 Damen
876 1840 944 1882 doch
961 1840 1039 1884 nicht
1058 1842 1088 1884 ſo
1105 1850 1161 1888 gar

469 1883 662 1931 misguͤnſtig,
685 1889 730 1924 die
748 1895 815 1928 was
835 1901 870 1936 zu
887 1892 984 1939 zeigen
1007 1896 1122 1941 haben!

468 1947 538 1985 Und
556 1946 639 1989 (was
660 1947 720 1991 hier
741 1952 813 1995 noch
835 1955 894 1991 das
915 1954 1130 1998 Bedenklichſte
1148 1958 1231 1998 war)

1278 2002 1328 2038 ein
