1652 2500
600 477 742 527 fragen:
781 480 838 524 Ob
855 489 891 523 es
904 482 980 535 klug
996 484 1068 533 ſey,
1101 488 1164 527 mit
1181 494 1253 530 dem
1265 488 1503 543 Allmaͤchtigen

598 539 640 576 zu
655 530 803 579 hadern?
842 540 917 577 oder
932 548 965 575 er
985 548 1063 587 mag
1079 537 1217 590 fragen:
1260 543 1301 584 ob
1323 545 1413 594 Hiob
1435 550 1504 598 jetzt

597 590 707 634 genug
724 585 900 639 beſchaͤmt,
929 594 998 630 und
1018 596 1130 633 davon
1152 594 1372 648 hinlaͤngliche
1388 600 1502 642 Ueber⸗

595 646 746 691 zeugung
774 642 874 694 habe,
916 647 982 698 daß
1002 650 1066 697 ſein
1095 650 1217 694 Streit
1244 656 1307 695 mit
1334 661 1403 696 dem
1433 658 1502 699 All⸗

594 693 780 745 maͤchtigen
801 697 986 747 ungereimt
1004 700 1074 752 ſey;
1107 703 1209 751 (denn
1232 707 1310 752 auch
1332 710 1410 759 dieſe
1432 711 1500 753 Er⸗

592 749 738 800 klaͤrung
761 751 849 791 kann
869 755 950 803 ſtatt
971 756 1119 808 haben,)
1162 760 1194 809 ſo
1226 762 1326 804 bleibt
1350 764 1424 810 doch
1449 768 1498 806 die

591 803 722 854 Abſicht
744 807 792 846 die
806 806 984 858 naͤmliche,
1013 815 1073 851 den
1093 811 1185 862 Hiob
1211 820 1323 856 davon
1344 827 1382 865 zu
1406 818 1497 859 uͤber⸗

590 862 730 902 zeugen,
759 860 819 897 wie
834 860 973 912 unbillig
993 866 1060 902 und
1081 872 1250 920 verwegen
1273 878 1306 905 er
1324 871 1360 907 in
1377 871 1497 919 ſeinem

590 905 696 948 Tadel
725 896 804 947 uͤber
835 910 882 948 die
913 911 1061 960 goͤttliche
1086 914 1283 965 Regierung
1320 916 1495 969 gehandelt

588 949 691 1009 habe,
720 961 798 1000 weil
810 964 852 1012 ſie
874 965 960 1009 nicht
978 970 1014 1005 in
1039 968 1123 1007 allen
1138 970 1283 1019 Dingen
1307 972 1368 1011 mit
1389 974 1493 1025 ſeinen

586 1015 778 1065 Wuͤnſchen
812 1018 1059 1069 uͤbereinkaͤme;
1101 1022 1138 1069 ja
1159 1023 1216 1073 ihn
1236 1024 1408 1079 gleichſam
1435 1039 1494 1078 zur

584 1064 824 1121 Rechenſchaft
837 1070 980 1125 foderte,
1010 1074 1088 1116 weil
1104 1087 1138 1116 er
1151 1076 1239 1124 nicht
1256 1080 1354 1133 gleich
1368 1082 1403 1122 in
1418 1086 1492 1124 dem

583 1123 801 1174 Augenblicke
818 1128 919 1169 bereit
937 1139 1031 1179 war,
1070 1130 1140 1181 ihm
1163 1142 1202 1179 zu
1218 1134 1346 1188 helfen,
1385 1139 1441 1177 als
1456 1150 1491 1178 er

583 1185 622 1217 es
644 1175 834 1227 verlangte:
872 1182 952 1225 Der
967 1184 1057 1233 Herr
1078 1185 1145 1236 legt
1160 1188 1238 1240 dieſe
1252 1191 1380 1239 Abſicht
1401 1188 1491 1235 deut⸗

582 1228 646 1275 lich
661 1242 706 1271 an
728 1236 788 1272 den
806 1233 884 1282 Tag
898 1236 934 1274 in
956 1236 1056 1285 ſeiner
1071 1238 1252 1283 Antwort:
1297 1245 1383 1287 Wer
1397 1247 1490 1289 Gott

581 1280 716 1333 ſtrafet,
750 1288 805 1323 der
828 1287 906 1334 ſolls
926 1293 1195 1339 verantworten;
1235 1297 1313 1333 oder
1332 1297 1489 1343 vielleicht

579 1334 687 1384 naͤher
700 1336 781 1382 nach
799 1343 871 1381 dem
883 1341 1178 1394 Wortverſtande:
1216 1349 1303 1391 Wer
1318 1352 1382 1392 mit
1396 1352 1488 1394 Gott

579 1387 706 1431 rechten
728 1391 819 1438 will,
852 1402 920 1432 wer
943 1394 1026 1442 ſeine
1053 1395 1252 1448 Regierung
1273 1404 1343 1439 und
1363 1402 1487 1449 Haus⸗

576 1439 724 1493 haltung
754 1446 818 1483 mit
844 1451 908 1485 den
935 1448 1141 1499 Geſchoͤpfen
1162 1451 1274 1493 tadeln
1295 1455 1385 1501 will,
1430 1461 1485 1498 der

576 1491 662 1541 muß
677 1500 714 1531 es
728 1500 975 1538 verantworten
995 1500 1141 1547 koͤnnen,
1165 1512 1204 1540 er
1215 1503 1300 1552 muß
1315 1504 1484 1559 bedenken,

576 1543 620 1585 ob
640 1555 674 1582 er
695 1546 776 1590 auch
798 1549 845 1587 im
868 1549 1014 1593 Stande
1036 1552 1096 1602 iſt,
1127 1554 1199 1601 jene
1217 1551 1349 1607 Fragen
1372 1568 1411 1606 zu
1432 1560 1484 1600 be⸗

573 1602 788 1648 antworten,
830 1601 880 1641 die
916 1604 952 1644 in
984 1607 1044 1644 den
1072 1614 1159 1656 zwey
1197 1605 1482 1665 vorhergehenden

575 1648 738 1700 Capiteln
758 1646 976 1706 vorgetragen
992 1657 1076 1707 ſind.
1154 1661 1268 1705 Wenn
1287 1675 1320 1706 er
1344 1668 1393 1708 die
1412 1668 1483 1710 All⸗

570 1707 682 1754 macht
697 1708 825 1751 Gottes
845 1710 1009 1762 begreifen
1023 1715 1160 1765 koͤnnte,
1187 1717 1301 1766 welche
1316 1723 1365 1762 die
1381 1723 1484 1773 Him⸗

572 1764 640 1804 mel
653 1761 841 1814 befeſtigte,
869 1768 919 1807 die
939 1766 1030 1809 Erde
1050 1769 1227 1823 gruͤndete,
1260 1780 1332 1817 dem
1358 1777 1480 1820 Meere

571 1813 734 1862 Graͤnzen
758 1813 858 1862 ſetzte,
890 1820 960 1857 und
971 1808 1015 1868 ſie
1053 1818 1095 1871 zu
1096 1818 1270 1874 bequemen
1294 1829 1477 1879 Wohnun⸗

569 1880 634 1919 gen
660 1870 719 1919 fuͤr
739 1872 912 1924 unzaͤhlige
938 1873 1042 1916 Arten
1072 1877 1254 1934 lebendiger
1287 1883 1475 1927 Creaturen

569 1924 764 1972 einrichtete,
821 1927 870 1967 die
901 1928 1060 1979 ebenfalls
1085 1920 1187 1978 durch
1215 1936 1320 1987 ſeinen
1347 1939 1473 1981 Willen

552 1982 703 2020 worden
732 1980 815 2031 ſind.
917 1983 1033 2027 Wenn
1032 1986 1082 2037 er
1135 1989 1184 2028 die
1217 1989 1472 2044 nothwendigen
