1465 2282
428 310 515 379 74

735 313 848 390 Bub.
848 313 962 390 Buc.
962 313 1097 390 Buch.

452 425 578 466 Wenn
594 433 726 470 unterm
735 429 859 479 Flohre
866 432 926 481 ſich
938 439 993 478 der
1004 438 1183 487 Schwulſt
1191 449 1262 491 regt
1270 447 1304 485 in
1313 444 1368 483 den

449 469 620 523 Bruͤſten,
633 480 720 520 denn
736 478 796 528 laͤſt
811 483 862 523 die
870 482 980 530 Seele
987 486 1047 538 ſich
1061 491 1129 532 das
1146 490 1275 542 Sehen
1284 494 1368 545 ſchon

449 517 605 570 geluͤſten.
619 525 694 571 Die
702 528 810 572 vollen
817 528 979 575 Monden
989 534 1057 585 ſind
1067 537 1117 578 die
1126 535 1368 592 auffgeſchwoll⸗

448 586 515 620 nen
526 576 667 630 Bruͤſte.
742 585 826 630 Der
835 585 923 630 Liebe
937 589 1186 640 Nord⸗Stern
1199 598 1294 648 dreht
1308 597 1367 638 den

444 626 569 675 Stern
580 630 658 673 bald
666 631 754 679 ihrer
761 632 863 684 Luͤſte.
900 638 958 682 An
966 639 1231 694 Liljen⸗Bruͤſten
1248 649 1316 693 will
1322 644 1366 688 die

444 680 747 737 Suͤnden⸗Weſpe
756 687 876 734 kleben.
927 694 1003 738 Die
1012 696 1127 750 Bruſt
1137 701 1173 750 iſt
1181 701 1320 749 Schnee
1331 702 1363 746 zu

441 739 587 779 nennen,
604 743 659 777 wo
665 738 743 788 auff
749 743 805 782 der
815 740 896 786 See
906 747 972 788 voll
978 746 1091 798 Milch
1106 750 1158 791 ein
1167 752 1300 802 ſanffter
1309 754 1363 798 Lie⸗

439 784 632 830 bes⸗Wind
640 799 698 830 um
708 792 762 831 die
776 804 808 828 2.
817 790 928 842 Felſen
948 797 1051 847 ſpielt.
1098 799 1186 850 Hier
1195 804 1272 847 eben
1290 804 1362 848 dieſe

437 832 563 882 Berge
568 835 624 877 der
633 835 848 892 Richt⸗Platz
860 843 915 881 lda
923 843 1005 896 ſind,
1012 856 1070 889 wo
1078 847 1206 899 Schoͤn
1216 858 1285 896 und
1294 841 1361 904 Hoͤ⸗

436 885 472 934 he
487 886 544 935 ſich
562 891 748 939 zuſammen
775 895 854 947 ſehn
871 897 1069 951 vermaͤhlet.
1121 899 1178 955 Der
1207 902 1361 959 angeneh⸗

435 949 516 985 men
526 943 614 988 Liebe
628 942 771 1000 Koͤcher.
815 943 884 1000 Der
899 954 995 1000 Liebe
1001 955 1232 1011 Ruͤſt⸗Haus.

803 1013 994 1059 Bubalus.

480 1061 567 1106 Der
592 1065 673 1114 ſeine
687 1068 800 1116 Kunſt
812 1072 864 1111 im
880 1072 1031 1122 Mahlen
1047 1076 1109 1124 hat
1125 1080 1288 1131 erwieſen,
1302 1074 1355 1131 hat

428 1119 661 1166 Hipponacten
678 1124 772 1165 einen
781 1126 931 1169 Poëten,
947 1131 1004 1172 der
1020 1129 1071 1173 ein
1080 1133 1283 1187 ungeſtaltes
1290 1140 1355 1183 Ge⸗

426 1170 504 1220 ſicht
520 1171 631 1222 hatte,
658 1168 728 1222 aus
715 1175 833 1229 Spaß
856 1181 965 1226 damit
988 1193 1076 1230 man
1087 1183 1232 1233 daruͤber
1249 1190 1356 1242 lachen

424 1217 572 1275 moͤchte,
578 1222 801 1280 abgemahlet.
848 1234 917 1280 Als
940 1238 1038 1288 dieſer
1052 1240 1173 1292 ſolches
1195 1244 1353 1295 erfahren,

422 1275 487 1320 hat
494 1286 528 1319 er
536 1278 656 1322 wieder
673 1283 736 1326 den
752 1285 916 1327 Bubalum
926 1289 962 1337 ſo
977 1288 1099 1342 ſcharff
1109 1296 1178 1333 und
1186 1295 1291 1346 ſpitzig
1301 1293 1354 1346 ge⸗

422 1326 609 1377 ſchrieben/
605 1332 672 1380 daß
698 1330 733 1381 er
725 1342 796 1380 aus
803 1338 976 1390 Verdruß
983 1344 1047 1393 ſich
1052 1342 1199 1395 erhenckt
1206 1349 1279 1392 hat.

790 1399 971 1447 Bubona.

465 1459 552 1515 Der
564 1459 708 1510 Heyden
721 1461 865 1518 Goͤttin,
872 1468 905 1519 ſo
915 1471 978 1513 den
985 1469 1118 1525 Ochſen
1132 1475 1306 1529 vorſtand.

743 1533 1013 1585 Bucephalus.

463 1587 548 1635 Des
556 1591 738 1633 Alexandri
754 1595 867 1648 Pferd
883 1601 948 1642 mit
954 1602 1061 1646 einem
1068 1598 1343 1664 Ochſen⸗Kopffe,

411 1638 447 1687 ſo
454 1641 559 1690 ſeinen
577 1641 709 1692 Herren
731 1655 803 1689 nur
816 1649 931 1694 alleine
946 1653 1011 1699 ließ
1027 1656 1195 1709 auffſitzen.
1217 1666 1252 1698 it.
1274 1667 1340 1707 eine

409 1694 556 1743 Stadt,
571 1698 604 1746 ſo
628 1698 818 1742 Alexander
832 1705 946 1756 ſeinem
962 1706 1096 1761 Pferde
1113 1721 1156 1761 zu
1174 1712 1292 1764 Ehren
1304 1717 1338 1758 in

408 1743 526 1783 Indien
549 1743 678 1791 erbaut.

758 1823 1007 1873 Buchnerus.

453 1873 538 1919 Der
543 1874 822 1930 durch⸗erlauchte
831 1883 967 1937 Mann,
976 1890 1051 1931 dem
1060 1889 1119 1939 ſich
1126 1891 1193 1935 kein
1202 1900 1331 1938 Cicero,

404 1931 486 1983 noch
505 1928 580 1979 Maro
598 1930 750 1992 gleichen
749 1939 827 1986 kan.
858 1943 940 1990 Der
952 1943 1056 1997 groſſe
1061 1944 1232 1997 Buchner.

1213 2013 1331 2060 Buch⸗
