3420 4695
138 1709 199 1755 Gen.
207 1727 259 1765 3,1.
264 1725 320 1777 ſeqq.

144 2078 242 2136 2.Sam.
253 2116 324 2151 II,2.

141 2112 193 2164 ſeqq.

171 3055 249 3111 2,10.

329 566 541 616 Anzudeuten,
547 568 605 616 daß
611 572 644 610 eꝛ
652 570 710 616 die,
714 572 744 618 ſo
751 572 788 616 er
796 575 929 622 beſitzet,
935 573 1057 620 ſtumm
1063 573 1201 622 machet,
1203 581 1248 618 zu

321 618 412 659 beten
414 620 483 665 und
496 624 609 671 GOtt
609 630 642 669 zu
660 624 769 675 loben,
775 632 804 671 ja
818 630 888 667 daß
909 634 958 669 ein
974 628 1127 679 Menſch,
1135 642 1246 669 wann

323 675 352 712 er
381 673 451 714 nicht
473 677 578 714 fleißig
603 683 685 722 betet,
697 696 765 720 und
783 685 890 722 GOtt
907 683 1005 723 lobet,
1016 683 1137 725 Urſach
1159 688 1240 725 giebt

323 729 362 772 zu
377 725 486 778 dieſem
518 733 631 780 groſſen
654 731 829 774 Jammer.
874 731 935 778 Ja
956 737 1007 770 ein
1022 737 1151 780 Menſch
1174 739 1237 774 kan

323 774 377 821 diß
383 778 484 817 Elend
512 784 714 825 verurſachen
730 794 792 827 mit
820 794 901 829 allen
909 784 1014 827 ſeinen
1026 784 1244 835 aͤuſſerlichen

323 825 477 887 Sinnen,
494 831 677 887 Gebaͤrden
699 850 771 875 und
790 835 975 891 Wercken,
1003 842 1104 885 wann
1125 852 1161 885 er
1176 833 1244 887 ſich

321 887 397 924 nicht
414 891 492 922 nach
502 887 652 934 GOttes
668 893 775 936 Wort
788 893 907 936 richtet.
915 891 1040 938 Dann
1051 895 1112 934 der
1116 895 1238 938 Mund,

319 928 440 985 Augen
451 942 516 985 und
525 936 650 985 Ohren
662 940 728 983 ſind
751 938 839 998 gleich
859 942 917 983 als
921 942 1086 990 Thuͤren,
1088 938 1246 985 dadurch

323 990 389 1041 viel
397 990 477 1031 boͤſes
486 988 543 1037 ins
557 994 650 1039 Hertz
658 994 757 1041 gehet,
769 1004 839 1043 und
851 1006 917 1053 viel
925 996 1124 1047 Aergerniß,
1133 998 1168 1045 ja
1180 996 1246 1033 der

326 1054 450 1098 Teuffel
466 1054 582 1101 ſelbſt,
590 1068 640 1098 der
668 1064 751 1103 Tod,
767 1063 839 1110 ſagt
856 1060 1072 1109 Jeremias
1043 1056 1077 1108 c.
1083 1058 1186 1109 9,21.
1197 1060 1253 1109 iſt

323 1107 370 1139 zu
383 1100 517 1154 unſern
532 1100 712 1154 Fenſtern
731 1100 869 1153 hinein
893 1098 1098 1154 geſtiegen.
1142 1099 1229 1157 Viel

322 1146 498 1201 Menſchen
509 1152 578 1202 ſind
590 1152 651 1201 offt
663 1154 851 1199 leibhafftig
865 1163 942 1189 vom
956 1154 1092 1197 Teuffel
1109 1154 1253 1199 beſeſſen

322 1210 465 1257 worden,
478 1203 522 1258 die
532 1208 590 1259 ſich
610 1210 644 1250 in
655 1207 824 1256 Worten,
840 1207 1011 1250 Wercken
1026 1210 1095 1248 und
1104 1208 1240 1250 Gebaͤr⸗

321 1251 382 1295 den
396 1253 546 1312 geſtellet
556 1260 671 1304 haben,
681 1263 745 1297 wie
767 1261 818 1296 die
832 1261 984 1305 Teuffel.
1038 1260 1112 1309 Man
1137 1260 1242 1304 darff

322 1304 392 1346 dem
396 1304 525 1365 Teuffel
540 1312 620 1365 nicht
628 1314 846 1362 nachohmen,
854 1318 925 1363 oder
935 1314 990 1354 ihn
1015 1316 1056 1345 an
1068 1312 1127 1362 die
1110 1311 1243 1347 Wand

322 1364 460 1413 mahlen,
470 1376 502 1407 er
523 1362 632 1418 kommt
651 1366 721 1418 doch
731 1366 811 1406 wol.
865 1366 960 1407 Wie
970 1367 1063 1403 dann
1075 1366 1164 1402 einer
1175 1366 1243 1401 ein⸗

323 1420 390 1459 mal
409 1421 469 1461 dem
481 1418 630 1471 Teuffel,
639 1419 670 1467 ſo
692 1429 738 1461 an
753 1421 809 1460 der
818 1416 954 1461 Wand
972 1418 1141 1463 gemahlet
1154 1422 1243 1462 war,

322 1466 564 1518 zugetruncken,
581 1472 647 1511 und
663 1480 697 1511 er
713 1470 860 1516 kommt,
878 1471 955 1518 thut
969 1469 1154 1517 Beſcheid,
1173 1474 1242 1508 und

322 1515 439 1561 nimmt
454 1522 508 1571 ihn
522 1521 596 1564 mit.

371 1598 491 1650 Dann
501 1603 590 1657 ſehet
598 1615 635 1663 an
648 1608 698 1647 die
712 1601 809 1652 boͤſen
816 1607 940 1647 Reden
957 1606 1025 1645 und
1040 1602 1243 1661 Geſchwaͤtze

324 1643 379 1688 des
392 1652 593 1704 Menſchen,
610 1664 675 1694 wie
692 1661 848 1701 ſchaͤdlich
866 1663 907 1698 iſt
926 1666 992 1691 das
1012 1666 1068 1691 der
1100 1660 1253 1704 Seelen?

324 1700 410 1750 Wie
418 1711 509 1760 gehet
517 1713 709 1757 manchmal
725 1716 773 1750 der
785 1715 913 1763 Teuffel
921 1716 1066 1755 dadurch
1076 1716 1131 1745 ins
1148 1711 1244 1761 Hertz:

327 1756 437 1812 Sehet
460 1766 571 1814 unſere
596 1768 674 1816 erſte
693 1769 814 1809 Eltern
836 1775 907 1811 an,
932 1768 998 1804 wie
1019 1769 1078 1811 hat
1109 1766 1170 1808 ſich
1189 1767 1253 1796 der

325 1808 393 1860 boͤſe
406 1816 501 1870 Geiſt
516 1819 577 1864 bey
596 1821 694 1864 ihnen
710 1821 881 1857 inſinuiret
896 1820 999 1861 durch
1018 1821 1070 1854 ein
1090 1815 1165 1857 boͤſe
1174 1816 1253 1862 Ge⸗

327 1856 459 1918 ſchwaͤtz.
520 1873 639 1917 Sehet
663 1875 714 1907 die
742 1871 944 1914 aͤrgerlichen
968 1871 1153 1906 Gebaͤrden
1188 1873 1238 1896 der

326 1912 499 1973 Menſchen
516 1933 587 1968 an,
608 1927 672 1960 wie
691 1927 815 1967 groſſen
827 1926 1001 1965 Schaden
1018 1925 1100 1965 thun
1115 1922 1167 1953 die
1188 1924 1241 1953 der

328 1967 484 2022 Seelen?
504 1979 627 2022 Dann
644 1979 702 2016 der
721 1977 855 2024 Teuffel
871 1980 911 2020 iſt
930 1978 962 2020 ſo
986 1977 1097 2021 liſtig,
1125 1974 1194 2017 daß
1210 1980 1253 2018 er

329 2028 454 2077 tauſend
464 2034 583 2083 Wege
595 2029 770 2079 verſuchet,
784 2035 826 2071 ob
836 2030 906 2077 ihm
920 2030 1011 2070 einer
1022 2030 1161 2076 gelinge.

379 2110 493 2164 Sehet
508 2120 574 2161 das
589 2114 749 2165 Exempel
763 2112 896 2159 David
912 2116 980 2156 und
988 2109 1174 2162 Bathſeba
1188 2104 1236 2173 an,

330 2160 396 2210 diß
413 2157 493 2226 Weib
508 2170 606 2210 badei
617 2172 652 2204 in
659 2170 774 2222 ihrem
793 2167 924 2225 Garten,
941 2164 1023 2213 dieſe
1028 2149 1248 2224 Gelegenheit

331 2219 428 2268 nahm
440 2220 495 2279 der
507 2225 633 2271 Teuffel
645 2230 678 2262 in
690 2227 773 2267 acht,
785 2228 854 2260 und
868 2228 939 2267 gab
963 2224 1031 2278 dem
1055 2222 1152 2274 David
1181 2220 1251 2267 ein,

330 2262 464 2317 daſelbſt
476 2277 505 2329 zu
510 2279 677 2321 ſpatziren,
685 2282 766 2307 was
776 2277 878 2317 folget
887 2276 1039 2317 darauf?
1059 2275 1187 2324 Mord
1187 2268 1264 2320 und

330 2319 506 2374 Ehebruch.
559 2332 711 2368 Darum
730 2331 799 2363 wol
817 2333 873 2364 der
889 2329 1002 2371 HErr
1025 2328 1163 2371 ſpricht,
1192 2325 1250 2375 daß

332 2367 397 2408 der
415 2366 525 2428 Satan
555 2385 585 2421 ſo
608 2384 687 2414 bald
706 2383 793 2418 nicht
806 2381 954 2419 ablaͤſſet,
974 2380 1111 2416 ſondern
1125 2377 1271 2421 ſieben

335 2420 486 2471 Geiſter
499 2440 546 2475 zu
562 2434 637 2479 ſich
654 2436 815 2469 nimmt,
822 2436 884 2463 die
899 2434 1013 2474 aͤrger
1029 2431 1135 2473 ſind,
1144 2425 1271 2472 dann

336 2486 376 2516 er
393 2478 500 2535 ſelbſt.
523 2487 627 2530 Einer
644 2484 745 2531 reitzet
764 2489 826 2522 den
841 2488 1021 2527 Menſchen
1035 2489 1090 2528 zur
1098 2481 1271 2534 Unzucht,

334 2519 390 2565 der
398 2530 495 2572 ander
504 2542 554 2579 zur
559 2541 717 2579 Hoffart,
728 2543 784 2568 der
792 2542 888 2566 dritte
898 2538 1077 2578 zumGeitz,
1091 2543 1143 2584 der
1144 2534 1271 2572 vierd⸗

335 2584 365 2623 te
373 2591 440 2630 zum
448 2586 550 2639 Zorn,
568 2594 755 2636 Rachgier,
775 2594 831 2629 der
848 2591 967 2635 fuͤnffte
985 2597 1058 2635 zum
1069 2590 1182 2637 Neid,
1201 2581 1271 2634 der

332 2625 433 2678 ſechſte
443 2655 496 2685 zur
510 2643 673 2697 Wolluſt,
691 2653 746 2695 der
754 2647 897 2692 ſiebende
911 2657 958 2692 zur
973 2654 1100 2697 Luͤgen,
1107 2646 1169 2692 auf
1177 2649 1255 2694 daß,

333 2676 455 2745 obwol
455 2696 512 2746 der
519 2700 669 2752 Menſch
670 2701 732 2761 ſich
758 2701 848 2755 vieler
865 2701 927 2759 boͤſen
981 2701 1116 2760 Geiſtern
1142 2701 1271 2757 erweh⸗

332 2747 392 2792 net,
409 2738 471 2802 doch
483 2751 569 2791 einer
583 2751 678 2790 unter
688 2753 786 2794 ihnen
800 2751 860 2793 ſey,
876 2754 935 2807 der
945 2758 998 2807 ihn
1012 2750 1129 2793 fange.
1181 2750 1271 2794 Und

330 2795 423 2846 gehet
440 2797 506 2858 dem
521 2803 684 2852 Menſchen
700 2806 803 2849 gleich
816 2809 875 2842 als
893 2807 999 2839 einem
1027 2805 1143 2846 Vogel,
1171 2805 1258 2845 wann

335 2851 369 2883 er
387 2847 482 2898 gleich
507 2862 563 2893 nur
579 2865 615 2895 an
630 2860 692 2891 den
705 2860 893 2897 geringſten
903 2858 1038 2890 Klauen
1051 2859 1127 2888 oder
1137 2857 1257 2899 Feder⸗

334 2894 397 2938 lein
414 2899 559 2948 bekleben
579 2912 706 2947 bleibet,
715 2912 746 2949 ſo
761 2912 802 2948 iſt
816 2917 850 2939 er
866 2912 944 2946 doch
953 2918 1018 2945 gar
1026 2910 1191 2961 gefangen
1209 2903 1271 2952 mit

334 2940 406 2986 dem
421 2957 549 3001 gantzen
558 2963 671 2994 Leibe:
689 2964 780 2997 Alſo,
791 2972 861 2990 wer
881 2966 914 2988 in
937 2970 988 2987 ein
1003 2964 1112 2994 Laſter
1129 2963 1257 3000 geraͤth,

333 2996 394 3049 deß
403 3003 512 3050 Seele
528 3015 567 3057 iſt
581 3014 662 3047 vom
675 3015 815 3052 Teuffel
831 3016 1009 3050 gefangen,
1018 3020 1056 3040 es
1070 3016 1119 3046 ſey
1136 3015 1219 3052 auch
1229 3012 1271 3048 ſo

335 3046 490 3104 liederlich
507 3067 562 3097 als
580 3070 617 3097 es
634 3071 739 3095 wolle.
783 3067 857 3101 Auf
877 3068 993 3096 welche
1007 3066 1198 3102 Meynung
1214 3066 1249 3105 S

335 3093 495 3158 Jacobus
516 3114 650 3159 ſpricht:
671 3119 818 3149 Wann
834 3120 940 3146 einer
957 3121 1032 3142 das
1046 3124 1177 3156 gantze
1186 3103 1271 3151 Ge⸗

337 3147 397 3201 ſetz
409 3154 516 3207 haͤtte
530 3170 733 3211 gehalten,
744 3171 827 3220 und
850 3170 959 3218 waͤre
980 3171 1023 3215 in
1035 3177 1162 3216 einem
1177 3174 1273 3213 bruͤ⸗

338 3199 441 3263 chig,
446 3212 505 3267 iſt
507 3224 546 3254 er
560 3229 615 3269 an
619 3235 708 3264 dem
718 3238 877 3270 gantzen
892 3233 1022 3272 Geſetz
1032 3223 1215 3270 ſchuldig.

387 3301 547 3359 Wiewol
561 3317 632 3349 nun
645 3311 703 3348 der
710 3310 853 3354 Menſch
861 3311 948 3348 nicht
958 3317 1098 3351 meynet,
1108 3308 1176 3351 daß
1184 3315 1222 3344 es
1240 3293 1273 3359 ſo

338 3345 512 3406 gefaͤhrlich
527 3364 585 3395 um
602 3363 658 3402 ihn
676 3367 758 3400 ſtehe
783 3372 892 3392 wann
902 3374 936 3390 er
945 3367 1044 3397 gleich
1061 3368 1095 3391 in
1106 3366 1184 3396 dieſe
1217 3363 1275 3405 und

337 3411 407 3453 jene
417 3410 552 3457 Suͤnde
568 3416 777 3465 verwilliget,
803 3423 912 3454 meynet
935 3416 1033 3456 nicht,
1044 3415 1113 3458 daß
1128 3423 1162 3450 er
1182 3400 1272 3451 dar⸗

339 3462 396 3498 um
412 3466 486 3503 vom
495 3459 633 3511 Teuffel
650 3474 817 3510 gefangen
837 3473 898 3505 ſey,
907 3476 1046 3505 meynet,
1055 3476 1094 3498 es
1106 3472 1189 3505 ſtehe
1198 3478 1272 3506 gar

339 3506 404 3545 wol
418 3516 475 3550 um
491 3515 572 3556 ſeine
582 3518 744 3560 Sachen,
758 3524 858 3573 locket
875 3525 956 3566 noch
971 3527 1042 3571 wol
1052 3526 1175 3569 andere
1189 3525 1269 3560 auch

339 3546 466 3604 herbey,
481 3563 514 3606 ſo
530 3572 644 3606 gehets
660 3577 729 3606 ihm
750 3578 830 3602 doch
849 3578 951 3605 gleich
970 3579 1034 3627 wie
1046 3579 1122 3625 dem
1129 3576 1260 3610 Vogel,

341 3610 396 3657 ehe
411 3623 445 3654 er
460 3614 554 3664 weiß,
565 3624 636 3667 daß
652 3633 686 3658 er
703 3630 751 3657 im
761 3631 869 3657 Garn
883 3631 1052 3679 gefangen
1062 3631 1114 3681 iſt,
1124 3631 1162 3662 iſt
1170 3636 1204 3675 er
1212 3623 1272 3680 ly⸗

340 3655 421 3707 ſtig,
429 3664 481 3718 und
507 3669 590 3711 lieſet
608 3679 656 3722 die
665 3681 836 3733 Lockſpeiſe
857 3681 924 3736 auf,
934 3685 1013 3737 aber
1024 3691 1134 3730 wann
1142 3692 1178 3729 er
1185 3685 1273 3730 wie⸗

339 3709 395 3753 der
404 3713 514 3756 davon
524 3723 637 3764 fliehen
651 3736 736 3786 will,
744 3737 774 3789 ſo
782 3738 930 3787 erfaͤhret
939 3741 1006 3785 ers,
1014 3737 1083 3786 daß
1096 3745 1134 3788 er
1149 3737 1272 3788 gefan⸗

338 3776 420 3813 gen:
449 3770 528 3820 Alſo
543 3783 655 3822 gehets
669 3790 735 3838 mit
750 3791 825 3839 dem
842 3791 1026 3837 Menſchen
1041 3791 1145 3843 auch,
1159 3794 1272 3840 wann

341 3815 405 3859 das
424 3816 590 3869 Gewiſſen
604 3837 815 3886 aufwachet,
837 3846 907 3886 und
918 3847 980 3889 der
996 3844 1110 3886 Reuel
1136 3844 1269 3892 kommt,

340 3862 373 3911 ſo
396 3866 498 3917 fuͤhlet
525 3883 577 3917 er,
599 3888 662 3930 wie
679 3892 735 3939 ihn
753 3896 810 3946 der
826 3895 967 3953 Teuffel
986 3897 1177 3950 gefangen,
1192 3906 1271 3946 und

343 3922 406 3963 wie
420 3927 520 3977 groſſe
527 3929 644 3977 Muͤhe
657 3944 727 3971 und
736 3944 858 3993 Arbeit
875 3948 914 3993 es
928 3951 1002 3998 hat,
1007 3952 1064 3994 ehe
1079 3957 1114 3995 er
1129 3953 1199 3994 von
1212 3945 1273 3997 des

337 3961 502 4016 Teuffels
515 3980 681 4038 Stricken
695 3994 763 4041 kan
778 3998 901 4043 wieder
916 4002 970 4051 loß
990 4001 1137 4046 werden.
1163 3999 1274 4051 Son⸗

346 4013 460 4067 derlich
482 4032 588 4065 wann
617 4040 679 4071 ſich
704 4046 759 4092 ein
775 4047 920 4098 Menſch
940 4054 1027 4107 (wie
1048 4055 1143 4101 dann
1160 4049 1272 4103 leyder

346 4066 408 4114 offt
422 4073 589 4125 geſchicht)
605 4089 682 4135 dem
689 4093 831 4148 Teuffel
850 4106 919 4154 gar
930 4105 1079 4157 ergiebt,
1095 4114 1194 4149 dann
1213 4104 1272 4151 der

349 4112 484 4162 Satan
502 4136 652 4198 verlaͤſſet
669 4144 733 4191 ſein
747 4154 859 4194 Hauß
868 4153 905 4203 ſo
890 4154 1070 4206 leichtlich
1075 4155 1178 4207 nicht,
1187 4164 1272 4209 man

348 4170 428 4215 muß
442 4182 478 4216 es
501 4184 555 4219 mit
584 4189 709 4234 Gewalt
726 4198 796 4224 ihm
816 4203 971 4255 nehmen,
982 4216 1021 4253 es
1036 4210 1131 4262 gehet
1149 4207 1272 4262 ſchwer

346 4220 393 4262 zu,
402 4219 456 4265 ehe
470 4235 553 4267 man
569 4240 628 4285 des
647 4244 744 4283 boͤſen
752 4247 896 4312 Geiſtes
908 4265 975 4304 kan
983 4259 1036 4313 loß
1044 4263 1189 4313 werden,
1205 4265 1265 4319 und

344 4258 405 4304 den
416 4270 509 4315 Heil.
525 4284 625 4331 Geiſt
640 4296 763 4341 wieder
777 4301 997 4354 bekommen,
1010 4316 1054 4362 ja
1067 4322 1143 4362 aus
1162 4320 1269 4366 einem

340 4304 622 4393 Teuffels ⸗ Kind
638 4344 794 4403 GOttes
820 4354 917 4406 Kind
944 4370 1087 4413 werden.
1140 4366 1267 4418 Dann

1264 575 1455 623 welcherley
1461 575 1571 615 Geiſt
1590 582 1652 617 ein
1662 577 1797 617 Menſch
1820 578 1895 625 hat,
1901 578 2074 632 ſolcherley
2078 586 2134 617 iſt
2148 590 2204 631 er,

1266 640 1332 673 wer
1351 634 1500 677 GOttes
1525 632 1631 673 Geiſt
1646 632 1725 677 hat,
1748 632 1799 675 der
1818 638 1856 669 iſt
1882 638 2028 681 goͤttlich,
2046 638 2123 681 wer
2132 636 2196 679 des

1259 681 1419 727 Teuffels
1438 687 1544 735 Geiſt
1565 685 1637 729 hat,
1666 688 1735 733 der
1747 683 1795 723 iſt
1822 690 2007 731 teuffeliſch,
2042 687 2103 731 wie
2136 692 2200 729 der

1266 735 1374 783 HErr
1388 739 1519 787 ſpricht,
1538 741 1677 781 Joh.6,
1683 748 1748 787 70.
1775 737 1887 779 Habe
1905 735 1959 781 ich
1986 742 2088 783 nicht
2103 741 2194 783 euer

1261 787 1612 843 zwoͤlfferwaͤhlet,
1617 787 1700 839 und
1714 791 1818 845 einer
1828 785 1872 837 iſt
1880 781 1943 839 ein
1957 785 2123 845 Teuffel.

1324 850 1411 891 Wie
1428 850 1504 883 nun
1515 845 1569 883 der
1583 847 1723 891 Satan
1737 850 1783 895 iſt,
1802 849 1839 893 ſo
1856 847 1963 893 macht
1976 849 2020 889 er
2026 847 2117 891 auch
2128 845 2200 895 die,

1261 897 1316 941 die
1324 897 1365 937 er
1376 899 1567 951 bewohnet,
1577 901 1621 937 er
1631 895 1673 939 iſt
1683 893 1864 947 hoffaͤrtig,
1870 897 2113 951 luͤgenhafftig,
2125 895 2192 945 un⸗

1261 955 1349 997 rein,
1367 949 1567 995 moͤrderiſch,
1569 953 1766 995 unzuͤchtig,
1777 949 1955 999 unſauber,
1965 951 2046 1007 und
2055 947 2196 1001 derglei⸗

1261 1001 1349 1049 chen,
1357 1005 1394 1045 ſo
1411 997 1521 1045 macht
1540 999 1583 1049 er
1598 999 1675 1045 auch
1700 999 1758 1047 die,
1774 1005 1806 1051 ſo
1824 1003 1862 1041 er
1878 1005 2005 1047 beſitzet.
2057 999 2202 1047 Wann

1253 1060 1310 1104 du
1334 1060 1428 1102 einen
1443 1056 1669 1110 Hoffaͤrtigen
1695 1055 1822 1106 ſieheſt,
1848 1052 2000 1101 erbarme
2027 1057 2096 1101 dich
2113 1052 2196 1097 uͤber

1261 1103 1342 1146 ihn,
1361 1104 1454 1138 dann
1474 1111 1510 1138 er
1526 1104 1613 1144 weiß
1631 1104 1739 1145 nicht,
1775 1107 1842 1142 daß
1858 1114 1892 1137 er
1912 1114 1989 1137 vom
2009 1106 2198 1144 Hoffarts⸗

1284 1155 1405 1198 Teuffel
1435 1155 1567 1197 beſeſſen
1591 1158 1650 1195 iſt,
1681 1158 1749 1192 alſo
1773 1161 1837 1186 mit
1862 1160 2062 1194 dergleichen
2080 1160 2204 1208 Laſter.

1253 1207 1360 1251 Wie
1376 1206 1470 1248 koͤnte
1486 1215 1523 1246 es
1538 1208 1683 1252 muͤglich
1699 1210 1797 1250 ſeyn,
1824 1211 1891 1250 daß
1908 1213 2006 1250 ſolche
2025 1210 2201 1249 abſcheuli⸗

1253 1262 1320 1301 che
1328 1259 1480 1296 Wercke
1498 1263 1558 1294 des
1569 1261 1728 1299 Teuffels
1743 1264 1915 1311 geſchehen
1938 1265 2060 1317 ſolten,
2090 1271 2204 1311 wann

1253 1314 1363 1350 nicht
1373 1316 1427 1343 der
1439 1314 1573 1346 Satan
1594 1316 1628 1358 in
1648 1314 1770 1366 ſelchen
1790 1317 1911 1360 Leuten
1927 1326 2105 1361 wohnete?
2120 1324 2201 1362 Und

1253 1365 1401 1403 wiewol
1418 1369 1469 1402 ein
1479 1366 1621 1407 Menſch
1633 1367 1730 1404 weiß,
1742 1368 1808 1406 daß
1828 1369 1949 1405 ſolches
1966 1371 2051 1399 alles
2065 1366 2136 1404 boͤſe
2151 1370 2204 1406 iſt,

1253 1417 1418 1462 dannoch
1433 1418 1521 1455 kans
1538 1421 1592 1457 der
1600 1418 1738 1462 Teuffel
1748 1420 1776 1460 ſo
1787 1422 1987 1460 wunderlich
1998 1419 2205 1458 verbluͤmen,

1253 1467 1336 1513 daß
1354 1469 1406 1507 ein
1415 1469 1558 1515 Menſch
1575 1472 1624 1507 die
1636 1471 1758 1513 Laſter,
1775 1472 1806 1510 ſo
1826 1479 1861 1504 er
1880 1473 2034 1511 eingiebt,
2049 1471 2105 1509 fuͤr
2122 1471 2206 1509 koͤſt⸗

1254 1520 1328 1565 lich
1338 1520 1445 1565 Ding
1464 1520 1548 1564 haͤlt.
1572 1522 1795 1562 Derowegen
1809 1527 2015 1567 gebrauchet
2025 1528 2087 1566 der
2091 1524 2203 1560 Teuf⸗

1253 1588 1313 1628 fel
1332 1589 1382 1628 die
1396 1586 1464 1629 Art
1481 1586 1569 1628 eines
1588 1580 1810 1633 kunſtreichen
1806 1584 1985 1632 Mahlers,
1993 1582 2131 1629 welcher
2152 1583 2205 1624 die

1259 1622 1500 1659 ſchaͤndlichſte
1514 1627 1624 1672 Laſter
1644 1628 1709 1674 kan
1727 1626 1842 1681 ſchoͤn,
1863 1632 1932 1678 und
1959 1632 2020 1676 mit
2040 1630 2204 1678 huͤbſchen

1267 1681 1438 1730 Kleidern
1458 1682 1615 1733 mahlen,
1649 1680 1716 1725 daß
1740 1686 1787 1739 ſie
1812 1689 1905 1725 einen
1930 1680 2023 1732 ſchoͤn
2044 1680 2207 1733 duͤncken,

1271 1733 1339 1775 und
1354 1731 1484 1775 darauf
1496 1733 1535 1780 iſt
1543 1733 1598 1780 der
1609 1732 1749 1784 Teuffel
1759 1734 1813 1775 ein
1822 1734 1978 1783 Meiſter.

1320 1782 1416 1834 Wie
1441 1782 1535 1830 ſchoͤn
1561 1786 1625 1832 kan
1652 1788 1710 1829 der
1732 1782 1869 1831 Teuffel
1890 1789 1952 1834 den
1983 1780 2207 1840 Unzuͤchtigen

1255 1833 1331 1885 vor
1357 1839 1406 1881 die
1422 1837 1545 1890 Augen
1578 1840 1715 1888 mahlen
1741 1842 1793 1886 die
1811 1841 1983 1890 Unzucht?
2010 1842 2105 1890 Wie
2122 1843 2209 1894 lieb⸗

1252 1886 1331 1939 lich
1354 1891 1484 1936 machet
1513 1898 1547 1937 er
1569 1893 1632 1940 den
1648 1892 1819 1945 Geitzigen
1837 1896 1906 1935 das
1920 1893 2017 1942 Gold
2035 1898 2098 1936 und
2112 1891 2203 1940 Sil⸗

1256 1939 1359 1986 ber?
1387 1943 1450 1984 den
1466 1940 1672 1990 Neidiſchen
1690 1943 1759 1992 ihre
1774 1943 1965 1994 Kargheit,
1971 1960 2015 1993 ꝛc.
2035 1945 2105 1991 und
2120 1942 2208 1986 wol⸗

1271 1990 1324 2036 Ien
1350 1992 1429 2034 noch
1459 1992 1581 2036 darinn
1597 1992 1734 2037 gelobet
1758 1990 1862 2047 ſeyn,
1885 1998 1947 2039 und
1966 1994 2081 2048 richtet
2109 1999 2204 2039 dann

1253 2035 1334 2088 den
1353 2041 1536 2093 Menſchen
1552 2043 1583 2073 ſo
1603 2051 1657 2098 zu,
1683 2045 1746 2092 wie
1764 2046 1871 2087 dieſen
1888 2047 1938 2091 im
1965 2049 2116 2095 heutigen
2134 2049 2209 2093 Ev⸗

1266 2095 1415 2173 angelio,
1427 2108 1493 2156 daß
1509 2119 1543 2152 er
1561 2108 1665 2158 blind,
1684 2106 1772 2153 taub
1785 2108 1857 2149 und
1874 2107 1996 2157 ſtumm
2014 2095 2117 2149 wird.
2133 2106 2210 2152 So

1271 2149 1368 2215 blind
1395 2158 1526 2206 machet
1553 2168 1588 2200 er
1615 2158 1692 2207 ihn,
1725 2156 1791 2206 daß
1814 2168 1848 2201 er
1864 2158 1913 2200 die
1931 2158 2039 2205 Laſter
2055 2153 2109 2207 fuͤr
2126 2154 2207 2201 Tu⸗

1271 2213 1362 2264 gend
1389 2213 1552 2265 anſiehet,
1578 2217 1646 2256 und
1672 2212 1741 2262 ihre
1763 2212 1966 2266 Heßlichkeit
1997 2213 2082 2262 nicht
2114 2211 2211 2260 ſehen

1284 2257 1359 2302 kan:
1382 2262 1453 2308 So
1471 2263 1566 2312 taub,
1590 2259 1714 2309 daß
1670 2256 1712 2312 er
1733 2262 1822 2311 nicht
1839 2257 1943 2309 hoͤret,
1959 2270 2040 2301 was
2056 2269 2139 2301 man
2157 2269 2209 2301 an

1271 2312 1347 2360 ihm
1366 2314 1510 2368 ſtraffet,
1534 2329 1574 2359 ꝛc.
1632 2316 1790 2362 Darvon
1821 2316 1893 2363 ſagt
1912 2316 1985 2361 St.
2003 2315 2148 2363 Paulus
2175 2328 2212 2355 2.

1290 2360 1352 2418 Cor.
1373 2375 1409 2410 4,
1427 2377 1461 2413 4.
1479 2361 1556 2416 daß
1571 2366 1638 2406 der
1652 2364 1762 2407 Gott
1781 2364 1897 2415 dieſer
1909 2349 2026 2408 Welt
2048 2368 2116 2407 der
2131 2363 2211 2404 Un⸗

1271 2413 1494 2471 glaubigen
1508 2417 1648 2462 Sinne
1678 2415 1939 2466 verblendet,
1960 2416 2038 2469 daß
2059 2415 2112 2468 ſie
2131 2426 2209 2456 we⸗

1271 2472 1350 2535 der
1365 2473 1476 2528 ſehen
1499 2475 1597 2527 noch
1618 2472 1751 2527 hoͤren.
1787 2475 1863 2518 Und
1884 2476 1976 2521 gehet
1991 2474 2089 2522 ihnen
2111 2472 2212 2519 gleich

1292 2519 1352 2578 wie
1358 2521 1421 2563 den
1433 2520 1671 2570 Trunckenen,
1684 2523 1802 2569 welche
1816 2525 1871 2563 der
1881 2517 1981 2571 Geiſt
1999 2527 2069 2562 und
2089 2518 2213 2569 Krafft

1271 2577 1338 2632 des
1353 2581 1494 2626 Weins
1510 2576 1719 2629 uͤbertaͤubet,
1737 2580 1803 2630 daß
1825 2581 1866 2630 ſie
1885 2585 1992 2623 weder
2011 2576 2111 2629 hoͤren
2132 2579 2212 2627 noch

1271 2636 1360 2685 ſehen
1374 2643 1534 2673 koͤnnen:
1553 2640 1662 2685 Alſo,
1667 2641 1777 2685 wann
1794 2637 1850 2685 der
1874 2637 1969 2685 Geiſt
1981 2637 2089 2685 dieſer
2097 2638 2215 2685 Welt

1271 2685 1328 2732 das
1374 2685 1456 2742 Hertz
1472 2681 1662 2743 einnimmt,
1667 2685 1775 2743 hoͤret
1794 2685 1849 2738 und
1867 2685 1969 2742 ſiehet
1984 2685 2089 2743 nichts
2101 2685 2215 2741 mehr.

1298 2733 1526 2789 Derowegen,
1543 2732 1584 2779 ob
1602 2741 1694 2782 dann
1711 2742 1780 2782 wol
1808 2741 1910 2782 neben
1927 2737 2079 2784 GOttes
2093 2738 2215 2783 Wort

1278 2789 1344 2835 viel
1362 2792 1499 2848 Zeichen
1537 2796 1606 2836 und
1616 2794 1796 2843 Wunder
1822 2791 1992 2844 geſchehen
2016 2787 2071 2842 fuͤr
2095 2789 2224 2842 ſolcher

1279 2832 1371 2885 Leute
1388 2841 1531 2895 Augen,
1556 2842 1648 2891 ſehen
1673 2844 1742 2884 und
1770 2838 1872 2893 hoͤren
1894 2842 1935 2890 ſie
1957 2848 1993 2884 es
2016 2842 2094 2890 doch
2112 2842 2213 2888 nicht,

1279 2893 1342 2931 wie
1357 2894 1423 2935 wir
1448 2892 1722 2944 augenſcheinlich
1744 2903 1791 2936 an
1807 2893 1956 2942 Pharao
1984 2893 2095 2941 ſehen:
2123 2893 2213 2935 Der

1286 2945 1356 2996 ſahe
1372 2946 1440 2986 wol
1459 2945 1523 2986 viel
1534 2945 1704 2989 Wunder
1726 2947 1789 2985 mit
1804 2947 1969 2992 leiblichen
1977 2945 2109 2991 Augen,
2129 2947 2214 2982 aber

1271 2999 1343 3048 mit
1358 2997 1421 3037 den
1438 2996 1561 3043 Augen
1578 3001 1638 3036 des
1654 2998 1818 3045 Hertzens
1835 2997 1911 3044 ſahe
1929 3007 1964 3038 er
1979 2999 2022 3046 ſie
2042 2999 2143 3043 nicht,
2160 2998 2212 3034 die

1271 3051 1373 3088 hatte
1405 3052 1460 3090 der
1484 3047 1623 3099 Teuffel
1650 3050 1865 3091 verblendet:
1892 3049 1972 3094 Alſo
1996 3052 2117 3096 giengs
2147 3052 2213 3085 den

1271 3100 1490 3150 Phariſeern
1514 3103 1583 3140 und
1604 3097 1930 3151 Schrifftgelehrten
1960 3101 2062 3146 auch,
2089 3104 2140 3138 die
2166 3102 2214 3145 ſa⸗

1271 3156 1343 3204 hen
1351 3149 1480 3203 Chriſti
1494 3152 1664 3196 Wunder
1683 3148 1823 3200 leiblich,
1841 3157 1922 3192 aber
1934 3156 2079 3199 geiſtlich
2093 3160 2214 3191 waren

1271 3206 1323 3269 ſie
1347 3204 1439 3248 blind
1464 3204 1529 3247 mit
1560 3207 1622 3247 den
1645 3203 1751 3252 Augen
1769 3208 1829 3246 des
1846 3207 2008 3254 Hertzens
2024 3207 2095 3246 und
2113 3206 2215 3247 Ver⸗

1284 3265 1432 3312 ſtandes.
1461 3262 1542 3314 Alſo
1558 3265 1672 3313 gehets
1691 3263 1761 3313 jetzo
1780 3264 1884 3304 vielen
1894 3262 2090 3312 Gottloſen,
2107 3257 2226 3301 wann

1301 3315 1360 3342 man
1385 3306 1483 3347 ihnen
1499 3305 1599 3348 gleich
1617 3306 1765 3350 prediget
1781 3314 1849 3341 von
1865 3311 1922 3340 der
1943 3309 2073 3346 ewigen
2082 3307 2216 3346 Freude

1292 3357 1367 3407 und
1360 3357 1636 3394 Verdammniß,
1647 3363 1784 3392 nehmen
1803 3363 1844 3394 ſie
1862 3367 1898 3386 es
1916 3364 2003 3390 nicht
2017 3370 2053 3392 zu
2064 3364 2239 3392 Hertzen,

1272 3400 1342 3450 als
1359 3418 1466 3451 wann
1487 3412 1529 3455 ſie
1545 3419 1583 3448 es
1600 3413 1690 3455 nicht
1706 3416 1841 3453 gehoͤret
1857 3408 1984 3449 haͤtten.

1330 3464 1422 3499 Viel
1435 3467 1528 3499 Leute
1543 3467 1614 3502 ſind
1632 3470 1666 3496 in
1686 3470 1824 3507 groſſem
1841 3468 1940 3524 Haß,
1956 3466 2057 3523 Neid
2076 3480 2143 3509 und
2155 3471 2215 3513 an⸗

1283 3521 1362 3547 dern
1378 3520 1522 3550 Laſtern,
1532 3520 1600 3552 daß
1616 3521 1658 3552 ſie
1673 3524 1772 3551 durch
1783 3523 1851 3544 kein
1864 3524 1979 3551 hartes
1992 3524 2068 3543 oder
2077 3519 2213 3543 freund⸗

1278 3573 1402 3609 liches
1400 3572 1517 3598 Wort
1531 3572 1659 3626 koͤnnen
1677 3576 1845 3630 erweichet
1861 3576 2005 3628 werden.
2042 3570 2142 3620 Wer
2152 3569 2219 3625 ſie⸗

1272 3622 1337 3656 het
1357 3626 1402 3651 da
1421 3628 1508 3659 nicht
1529 3628 1588 3650 des
1608 3626 1768 3660 Teuffels
1788 3622 1953 3656 Gewalt,
1972 3626 2038 3647 und
2062 3624 2112 3647 die
2129 3622 2215 3656 ſtar⸗

1272 3679 1367 3731 cken
1385 3678 1542 3735 Bande,
1575 3691 1701 3728 darinn
1727 3681 1769 3726 ſie
1800 3684 1856 3727 der
1883 3676 2020 3728 Teuffel
2046 3674 2218 3727 gefangen

1272 3729 1379 3784 haͤlt,
1402 3734 1505 3781 daher
1519 3732 1579 3785 S.
1597 3733 1743 3780 Paulus
1758 3732 1921 3781 wuͤnſchet
1939 3743 1968 3779 2.
1989 3728 2087 3784 Tim
2107 3738 2139 3776 2,
2154 3735 2219 3779 26.

1272 3782 1366 3823 daß
1390 3786 1453 3824 die
1470 3785 1598 3830 Leute
1611 3784 1738 3827 Buſſe
1764 3785 1894 3824 thun,
1918 3781 2005 3824 und
2023 3779 2217 3823 nuͤchtern

1289 3836 1468 3874 moͤchten
1491 3840 1652 3884 werden
1686 3842 1763 3883 aus
1792 3838 1864 3882 des
1892 3831 2067 3882 Teuffels
2100 3843 2219 3884 Stri⸗

1272 3891 1395 3940 cken.
1469 3892 1540 3940 So
1563 3891 1693 3940 machet
1712 3890 1769 3943 der
1787 3886 1925 3943 Teuffel
1945 3892 1995 3942 die
2018 3891 2114 3937 Leute
2131 3893 2216 3943 auch

1295 3943 1437 3978 geiſtlich
1452 3946 1582 3977 ſtumm,
1605 3943 1667 3990 daß
1685 3948 1770 3984 man
1786 3948 1849 3988 nur
1868 3942 2001 3996 unnuͤtze
2018 3944 2129 3997 Ding
2147 3951 2221 3998 und

1272 3998 1472 4050 Laͤſterung
1484 3999 1593 4044 redet,
1609 3994 1721 4038 nichts
1739 3993 1820 4036 aber
1839 3999 1909 4041 von
1928 3995 2079 4047 GOttes
2090 3997 2223 4050 Wort,

1291 4049 1407 4100 Gebet
1417 4051 1495 4099 und
1504 4047 1571 4099 Lob
1593 4043 1756 4098 GOttes.
1785 4046 1970 4103 Summa,
1983 4052 2033 4098 die
2041 4052 2135 4100 Leute
2148 4050 2221 4106 ſind

1272 4104 1371 4152 ietzo
1386 4101 1489 4149 taub,
1509 4095 1660 4144 GOttes
1678 4095 1799 4144 Wort
1822 4107 1859 4155 zu
1884 4101 2006 4161 hoͤren,
2032 4115 2094 4150 und
2115 4117 2149 4147 zu
2165 4111 2217 4154 ge⸗

1272 4153 1454 4200 horchen,
1472 4149 1586 4197 blind,
1612 4147 1770 4201 GOttes
1787 4153 1938 4203 Straffe
1947 4163 2028 4204 und
2038 4156 2096 4203 ihr
2106 4157 2219 4201 Elend

1272 4203 1330 4261 zu
1344 4203 1453 4259 ſehen,
1473 4201 1610 4255 ſtumm,
1631 4208 1667 4254 zu
1688 4205 1800 4249 beten,
1823 4212 1891 4262 und
1912 4207 2026 4259 GOtt
2045 4214 2083 4262 zu
2108 4207 2220 4254 loben,

1290 4266 1339 4301 da
1348 4256 1428 4304 gebe
1442 4254 1493 4309 ein
1510 4253 1598 4310 jeder
1615 4256 1681 4306 auf
1692 4257 1755 4310 ſich
1778 4260 1867 4311 acht.

1351 4423 1489 4477 O.qqq

2139 4424 2225 4467 Der

2221 2114 2305 2152 Matt.
2318 2121 2366 2153 12,
2383 2122 2427 2144 22.
