1688 2537
492 442 566 484 des
576 437 778 484 Advents.

1095 463 1137 492 13

148 520 246 574 Was
260 531 392 575 werden
410 528 537 578 Chriſti
554 529 690 569 Worte

195 588 305 642 nicht?

148 623 234 675 Wie
247 633 348 686 faͤngt
363 631 494 683 JEſus
509 632 561 671 die
568 631 694 672 War⸗

194 700 284 745 nung
297 701 364 738 an?

149 727 286 786 Wofuͤr
302 742 361 786 ſoll
374 746 455 777 man
465 738 527 782 ſich
543 735 672 778 huͤten?

149 784 251 835 Was
265 793 365 843 ſollen
383 795 425 840 ſie
442 795 531 836 nicht
545 794 700 837 beſchwe⸗

200 857 279 898 ren?

150 884 252 935 Was
259 885 317 942 ſoll
326 895 388 935 den
398 893 536 941 Hertzen
550 895 633 943 nicht
650 903 703 933 ge⸗

198 948 349 1006 ſchehen?

152 983 296 1039 Womit
337 998 437 1043 ſollen
478 1000 531 1029 die
564 999 703 1039 Hertzen

203 1049 287 1103 nicht
295 1054 484 1105 beſchweret
496 1058 652 1094 werden?

153 1087 298 1142 Womit
310 1108 393 1146 noch
407 1109 501 1144 mehr
516 1108 631 1143 nicht?

154 1150 231 1197 Mit
246 1162 322 1199 was
339 1158 398 1205 fuͤr
416 1159 654 1202 Sorgen?

153 1199 247 1251 Was
254 1203 350 1249 koͤnte
357 1210 488 1246 daraus
504 1212 562 1250 fuͤr
571 1207 709 1252 Gefahr

201 1259 381 1304 kommen?

153 1296 249 1347 Wer
271 1302 368 1343 koͤnte
376 1304 564 1354 kommen?
590 1315 606 1353 a
621 1307 713 1359 wie?

206 1361 231 1402 b
254 1354 337 1405 uͤber
348 1360 443 1401 wen?
468 1374 490 1399 c
621 1369 638 1405 :

154 1396 247 1443 Wie
266 1405 351 1441 wird
377 1405 464 1438 denn
501 1404 600 1444 dieſer
621 1403 709 1449 Tag

203 1466 383 1513 kommen?
507 1486 526 1499 -
625 1491 651 1508 -

158 1497 240 1549 Uber
247 1519 321 1549 wen
331 1511 417 1547 wird
427 1521 461 1547 er
472 1518 710 1555 unvermuthet

203 1567 388 1617 kommen?
582 1594 619 1614 -

738 594 933 647 vergehen
948 591 1065 640 nicht.
1076 594 1145 644 27)

739 657 774 691 v.
786 663 844 698 34.
856 649 962 692 Aber
982 645 1097 701 huͤtet

767 700 871 749 euch,
884 700 952 750 28)

742 747 818 801 daß
836 764 919 784 ⸗⸗⸗⸗

745 863 835 897 eure
859 850 1018 905 Hertzen

744 910 850 955 nicht
870 904 1102 958 beſchweret

770 958 931 1001 werden
958 959 1027 1004 29)

747 1017 820 1058 mit
846 1012 991 1067 Freſſen
1021 1013 1104 1056 und

776 1065 949 1117 Saufen,
961 1064 1026 1112 30)

748 1117 829 1160 und
848 1119 921 1158 mit
938 1115 1106 1164 Sorgen

749 1176 818 1217 der
828 1169 1048 1223 Nahrung,
1056 1167 1131 1219 31)

751 1272 833 1311 und
842 1266 991 1310 komme
1000 1274 1020 1317 a
1039 1265 1160 1317 dieſer

750 1325 839 1372 Tag
856 1329 924 1368 32)
940 1325 964 1359 b
980 1321 1113 1371 ſchnell
1138 1334 1162 1357 c

779 1373 874 1415 uͤber
887 1371 988 1419 euch.
1010 1375 1074 1417 33)

754 1426 788 1467 v.
807 1434 868 1473 35.
892 1422 1008 1468 Denn
1032 1421 1110 1464 wie

781 1489 840 1525 ein
869 1485 1054 1536 Fallſtrick
1084 1483 1161 1536 34)

782 1532 888 1574 wird
916 1542 958 1573 er
973 1528 1148 1573 kommen

755 1583 850 1628 uͤber
866 1585 937 1627 alle

1055 1646 1166 1684 Was

165 1673 222 1710 27)
243 1666 329 1714 ſtehen
349 1669 426 1717 feſter
444 1674 492 1709 als
503 1673 634 1713 Himmel
649 1675 706 1705 und
723 1674 808 1705 Erde.
859 1693 897 1728 28)
946 1683 1014 1730 habt
1031 1690 1081 1731 auf
1101 1689 1166 1728 euch

206 1710 277 1754 ſelbſt
296 1720 371 1759 wohl
384 1724 446 1756 acht.
500 1731 555 1771 29)
573 1739 614 1773 gr.
619 1729 827 1772 niedergezogen
845 1728 966 1763 werden.
989 1731 1048 1765 30)
1063 1725 1091 1764 ſo
1102 1728 1168 1765 euch

200 1742 326 1790 benebeln
346 1762 403 1788 und
418 1764 561 1790 untuͤchtig
576 1769 688 1805 machen
702 1773 766 1807 euer
780 1767 891 1813 Seelen
905 1769 975 1812 Heil
994 1778 1174 1812 wahrzuneh⸗

201 1803 262 1840 men.
306 1814 359 1860 31)
380 1819 417 1855 da
426 1811 474 1859 ihr
474 1811 538 1858 nur
559 1814 623 1853 aufs
648 1810 763 1852 zeitliche
778 1810 878 1853 erpicht
897 1810 967 1852 ſeyd.
1036 1829 1095 1866 32)
1119 1827 1170 1863 des

211 1838 338 1892 Gerichts
351 1863 484 1901 GOttes.
531 1863 584 1903 33)
601 1860 656 1902 daß
671 1861 744 1897 keine
757 1859 820 1899 Zeit
832 1856 912 1896 mehr
926 1854 974 1896 ſich
988 1854 1106 1891 alsdenn
1121 1855 1170 1889 da⸗

206 1891 239 1926 zu
251 1894 299 1933 erſt
315 1902 347 1935 zu
355 1898 486 1940 bereiten.
528 1900 592 1941 34)
611 1900 712 1935 womit
730 1901 775 1934 ein
795 1900 891 1936 Vogel
919 1904 1126 1946 unvermuthet
1121 1905 1175 1936 ge⸗

168 1919 307 1971 fangen
324 1935 403 1969 wird.

171 1997 199 2030 v.
223 2006 268 2042 33.
287 2004 453 2047 HERR,
476 2013 556 2051 wenn
572 2015 611 2048 ich
628 2013 682 2051 nur
701 2016 758 2048 dich
779 2013 866 2046 habe,
887 2006 914 2033 ſo
932 2008 1009 2057 ſrage
1027 2009 1067 2054 ich
1085 2010 1173 2057 nichts

208 2048 272 2089 nach
288 2053 415 2093 Himmel
430 2056 487 2084 und
496 2056 580 2089 Erde,
591 2056 623 2082 ſie
640 2057 748 2094 werden
761 2056 905 2099 vergehen,
919 2055 956 2095 du
970 2057 1037 2094 aber
1053 2056 1171 2099 bleibeſt,

211 2094 306 2134 wie
272 2094 305 2138 du
322 2100 379 2141 biſt.
394 2100 442 2140 Pſ.
460 2101 496 2134 73
521 2104 568 2134 25.
586 2096 635 2133 Pſ.
656 2099 784 2133 102,27.

174 2120 200 2152 v.
212 2128 257 2163 34.
269 2137 337 2166 Wir
356 2144 436 2182 ſollen
463 2143 571 2184 meiden
587 2145 660 2187 nicht
673 2145 756 2182 allein
770 2137 855 2185 grobe
871 2132 977 2187 Laſter,
988 2133 1102 2187 Freſſen
1116 2136 1175 2182 und

216 2171 363 2221 Sauffen,
377 2187 493 2221 ſondern
512 2188 581 2215 auch
588 2187 667 2215 Geitz
683 2187 740 2207 und
757 2187 870 2231 Menge
884 2187 935 2228 der
947 2183 1108 2228 Geſchaͤfte,
1131 2183 1177 2225 die

215 2218 267 2254 uns
298 2232 336 2259 an
361 2232 408 2257 der
422 2234 506 2261 guten
524 2229 706 2258 Bereitſchaft
736 2230 851 2254 hindern
877 2229 939 2246 Luc.
958 2232 984 2248 8,
1007 2232 1055 2246 14.
