3047 4595
439 1061 641 1138 wuͤrde;
662 1060 753 1136 ſie
771 1055 874 1133 ſind
886 1048 981 1125 gar
997 1058 1056 1122 zu
1071 1034 1287 1118 graͤulich
1310 1025 1542 1107 herunter
1556 1013 1809 1101 geſtoſſen,
1856 1007 1960 1074 und
1979 1001 2072 1079 ha⸗

442 1161 537 1230 ben
561 1155 687 1230 dazu
702 1140 964 1217 niemand,
1001 1138 1087 1203 der
1103 1133 1163 1210 ſie
1182 1122 1370 1203 troͤſtet.

408 1324 479 1416 [2]
525 1310 674 1408 Von
694 1319 787 1393 den
818 1295 1144 1400 Heuchlern
1176 1305 1268 1380 iſts
1293 1296 1399 1361 wol
1422 1289 1541 1355 eben
1565 1285 1618 1360 ſo
1649 1275 1790 1354 leicht
1817 1286 1877 1349 zu
1901 1263 2077 1333 bewei⸗

451 1431 573 1511 ſen,
603 1428 705 1502 daß
721 1431 780 1490 es
801 1418 948 1496 ihnen
964 1414 1032 1476 im
1049 1407 1188 1476 Tode
1206 1416 1291 1465 am
1310 1395 1458 1468 Troſt
1473 1389 1613 1466 fehle.
1748 1376 1910 1444 Denn
1928 1375 2080 1435 wenn

453 1513 533 1580 ein
550 1488 792 1589 jechlicher
812 1492 1127 1566 Sterbender
1152 1484 1222 1546 im
1243 1477 1385 1547 Tode
1411 1481 1515 1535 von
1532 1464 1706 1541 ſeinem
1721 1450 1973 1532 Gewiſſen
1997 1449 2080 1511 be⸗

451 1596 723 1678 unruhiget
734 1580 885 1666 wird,
915 1588 968 1660 ſo
985 1581 1106 1655 muß
1125 1578 1203 1642 ein
1220 1566 1468 1647 Heuchler
1482 1560 1602 1636 ſeine
1621 1551 1765 1629 Biſſe
1778 1542 1942 1625 gewiß
1953 1540 2087 1614 recht

458 1694 759 1776 empfinden,
809 1690 892 1752 der
908 1682 1062 1757 dieſen
1079 1669 1327 1743 Anklaͤger
1350 1666 1453 1726 und
1471 1653 1667 1733 Zeugen
1689 1642 1908 1723 ſprechen
1923 1634 2091 1712 hoͤret,

460 1798 610 1854 wenn
627 1784 716 1858 ihn
734 1774 962 1844 niemand
985 1767 1112 1832 einer
1130 1750 1436 1836 aͤußerlichen
1451 1743 1645 1815 Suͤnde
1661 1736 1820 1813 zeihen
1834 1729 1943 1793 kan.
2011 1725 2090 1789 Er

400 1871 613 1952 ſiehet
627 1860 876 1936 alsdann,
907 1854 1011 1926 daß
1027 1861 1124 1914 vor
1142 1841 1377 1913 GOTT
1398 1835 1502 1899 kein
1524 1823 1721 1903 falſcher
1737 1814 1936 1889 Schein
1958 1807 2095 1880 mehr

400 1950 626 2039 helfe,
665 1953 769 2017 und
786 1946 889 2020 daß
915 1956 967 2006 er
982 1940 1060 2004 die
1076 1932 1241 2007 Luͤgen
1265 1939 1323 2000 zu
1339 1917 1486 1997 ſeiner
1511 1900 1725 1993 Zuflucht
1749 1902 1880 1975 nicht
1903 1895 2105 1968 machen

474 2047 663 2121 koͤnne,
711 2042 869 2102 wann
895 2030 981 2095 der
1009 2021 1204 2101 Schutz
1230 2013 1357 2079 wird
1383 2009 1495 2084 ſeyn
1523 2002 1618 2067 wie
1642 1993 1826 2069 Werg,
1876 1978 1978 2049 und
2006 1982 2105 2054 ſein

476 2134 651 2212 Thun
636 2128 731 2193 wie
772 2122 850 2186 ein
870 2112 1080 2192 Funcke,
1127 2106 1230 2170 und
1246 2096 1430 2175 beydes
1449 2093 1539 2155 mit
1558 2082 1785 2151 einander
1809 2066 2110 2148 angezuͤndet

468 2230 667 2301 werde,
707 2223 804 2296 daß
831 2200 1041 2284 niemand
1085 2203 1249 2280 loͤſche.
1280 2197 1359 2284 Jeſ.
1378 2201 1411 2249 1.
1434 2205 1507 2265 31.
1654 2169 1738 2245 Er
1731 2171 1902 2242 weiß,
1938 2159 2044 2239 daß
2049 2159 2107 2224 er

444 2299 572 2381 der
590 2303 786 2383 Knecht
802 2301 908 2374 ſey,
956 2295 1041 2356 der
1056 2289 1148 2353 des
1167 2279 1365 2357 HErrn
1390 2271 1577 2339 Willen
1595 2256 1803 2339 gewuſt,
1847 2252 1950 2315 und
1977 2245 2113 2317 nicht

471 2404 699 2484 gethan,
730 2398 838 2461 und
866 2389 1019 2465 daher
1037 2384 1158 2450 viele
1177 2371 1413 2447 Streiche
1435 2362 1588 2431 leiden
1612 2354 1764 2424 wird,
1812 2347 1923 2411 weil
1952 2356 2000 2403 er
2023 2335 2120 2395 mit

492 2495 668 2573 ſeinem
691 2483 898 2565 Pfund
914 2476 1046 2551 nicht
1073 2461 1382 2545 gewuchert,
1414 2451 1628 2530 ſondern
1663 2453 1723 2506 es
1752 2443 1818 2502 im
1845 2424 2119 2504 Schweiß⸗

451 2572 637 2654 Tuch
655 2566 963 2647 vergraben,
981 2556 1082 2631 daß
1105 2568 1157 2616 er
1170 2564 1275 2614 nun
1294 2547 1395 2609 das
1412 2537 1603 2611 Urtheil
1619 2529 1768 2605 hoͤren
1783 2522 1902 2593 muß
1942 2515 2111 2574 Matth.

495 2656 664 2733 XXV.
677 2673 777 2738 30:
833 2646 964 2721 Den
980 2640 1212 2716 unnuͤtzen
1225 2631 1423 2709 Knecht
1438 2624 1609 2697 werfet
1623 2622 1674 2681 in
1691 2617 1764 2678 die
1779 2605 1993 2682 aͤußerſte
2003 2601 2116 2676 Fin⸗

498 2745 679 2830 ſterniß
691 2739 909 2817 hinaus,
965 2734 1033 2796 da
1050 2713 1176 2793 wird
1203 2722 1316 2797 ſeyn
1334 2712 1536 2789 Heulen
1568 2706 1670 2767 und
1698 2687 2117 2774 Zaͤhn⸗Klappen.

486 2826 623 2920 Vor
656 2826 741 2901 der
766 2822 914 2898 Welt
927 2823 1038 2897 hat
1057 2831 1108 2882 er
1135 2804 1273 2876 einen
1291 2807 1448 2881 guten
1484 2785 1719 2867 Schein,
1763 2786 1887 2848 und
1921 2774 2119 2845 allerley

497 2903 830 2995 Blendwerck
856 2893 945 2976 des
949 2877 1371 2981 Chriſtenthums
1383 2859 1700 2955 aufzuweiſen
1718 2862 1923 2941 gehabt,
1970 2863 2121 2920 wenn

492 2999 564 3075 er
583 3011 662 3069 die
678 2988 922 3072 Ubungen
939 2980 1019 3050 der
1030 2960 1423 3059 Gottſeeligkeit
1439 2946 1563 3032 auch
1587 2933 1958 3031 mitgemachet,
2018 2942 2126 3002 und

433 3084 783 3186 HERR,
783 3071 1063 3171 HERR,
1093 3060 1309 3152 geſaget;
1362 3064 1484 3129 aber
1501 3059 1614 3123 weil
1639 3066 1690 3114 er
1709 3048 1836 3112 keine
1850 3026 2125 3114 rechtſchaf⸗

499 3190 627 3271 fene
633 3165 840 3264 Fruͤchte
856 3164 1105 3255 gebracht,
1139 3167 1196 3240 ſo
1213 3160 1332 3231 muß
1349 3170 1399 3219 er
1410 3154 1524 3216 das
1539 3140 1733 3217 Urtheil
1745 3134 1928 3213 hoͤren:
1995 3127 2132 3195 Sie⸗

523 3282 612 3355 he,
646 3273 724 3348 ich
748 3270 839 3333 bin
854 3255 992 3327 nun
1006 3256 1148 3326 drey,
1173 3248 1252 3324 ja
1265 3246 1368 3309 wol
1399 3233 1607 3307 dreißig,
1655 3221 1857 3296 vierzig,
1872 3217 1977 3279 und
1993 3213 2133 3281 mehr

530 3345 690 3452 Jahre
718 3350 836 3431 lang
865 3350 976 3415 alle
1011 3340 1124 3420 Jahr
1141 3329 1414 3405 kommen,
1437 3327 1539 3388 und
1567 3318 1691 3392 habe
1717 3307 1896 3387 Frucht
1922 3292 2138 3380 geſuchet

534 3454 635 3530 auf
650 3446 817 3523 dieſem
847 3425 1236 3520 Feigen⸗Baum,
1284 3419 1384 3481 und
1403 3412 1529 3487 finde
1553 3408 1615 3482 ſie
1637 3401 1794 3474 nicht:
1870 3390 2029 3467 Haue
2049 3385 2137 3458 ihn

541 3544 636 3613 ab!
670 3535 847 3609 Was
863 3520 1056 3604 hindert
1068 3531 1120 3586 er
1135 3518 1244 3580 das
1255 3505 1429 3573 Land?
1477 3504 1588 3558 Luc.
1605 3496 1723 3554 XIII.
1741 3504 1802 3564 7.
1869 3481 2032 3553 Denn
2059 3475 2138 3538 ein
