1705 2457
225 488 326 538 laßen
340 488 413 533 und
428 489 574 546 freudig.
626 494 741 548 Wißt
764 501 823 540 es:
853 500 905 542 die
925 500 1038 545 Bibel
1060 508 1131 545 ent⸗

225 544 300 594 haͤlt
322 537 416 597 mehr
449 546 596 595 Gruͤnde
624 560 682 600 zur
710 551 851 598 Geduld
880 554 950 597 und
982 555 1131 599 Stand⸗

225 593 411 649 haftigkeit,
430 601 488 644 als
505 601 567 644 alle
583 601 701 653 witzige
715 606 786 648 und
795 599 976 659 tiefſinnige
987 608 1130 656 Schrif⸗

226 656 283 696 ten
299 653 357 697 der
375 653 576 707 Menſchen.
628 656 845 709 Betrachtet,
870 660 1036 712 ſchmecket
1057 666 1130 706 und

224 703 421 756 empfindet,
448 707 499 760 wie
527 706 635 765 ſchoͤn
641 709 691 753 die
706 710 897 760 Kreaturen
925 713 1015 764 ſind:
1047 714 1129 759 aber

223 754 353 809 ſchließt
381 768 449 802 von
469 760 572 808 ihnen
592 761 660 811 auf
676 763 770 811 ihren
796 766 970 816 unendlich
991 767 1127 817 ſchoͤnen

223 811 426 865 Schoͤpfer.
485 817 674 868 Bluͤhende
702 821 841 865 Gaͤrten
863 824 1017 873 predigen
1044 823 1126 868 ſeine

222 865 426 915 Weisheit;
440 867 635 917 fruchtvolle
653 871 775 919 Felder
788 875 869 920 ſeine
880 874 997 923 Guͤte;
1019 875 1125 920 Don⸗

222 925 283 958 ner
298 921 367 961 und
382 919 644 969 Sonnenſchein
659 925 741 971 ſeine
761 927 913 973 Macht;
955 927 1125 973 beguͤterte

221 969 378 1016 Suͤnder
391 971 473 1019 ſeine
487 972 762 1020 Menſchenliebe.
822 978 929 1020 Was
952 983 1021 1020 uns
1044 982 1124 1022 aber

220 1018 306 1065 noch
321 1017 494 1068 wichtiger
509 1022 589 1063 und
598 1022 782 1071 ruͤhrender
797 1025 871 1073 ſeyn
887 1026 970 1074 muß,
1014 1029 1053 1075 iſt
1069 1030 1123 1078 ſei⸗

218 1077 262 1111 ne
279 1068 517 1122 unermeßliche
531 1073 622 1116 Liebe
643 1076 680 1117 in
700 1075 839 1126 Chriſto
858 1077 969 1127 Jeſu,
1001 1081 1122 1128 welche

218 1129 256 1161 er
271 1123 341 1163 uns
355 1123 389 1165 in
402 1122 519 1173 ſeinem
533 1125 668 1171 Worte
682 1126 868 1178 offenbaret
882 1130 942 1178 hat
960 1132 1032 1171 und
1042 1134 1122 1175 wel⸗

218 1175 272 1224 che
301 1176 399 1222 allein
424 1173 485 1221 der
509 1178 643 1230 Schild
668 1181 725 1233 iſt,
749 1183 808 1225 der
841 1185 911 1228 uns
938 1183 995 1236 fuͤr
1025 1183 1121 1236 jedes

217 1231 412 1283 Schrecken
436 1233 631 1285 beſchirmen
649 1237 727 1281 kan.

293 1303 351 1352 Es
365 1302 403 1357 iſt
419 1302 486 1348 mir
500 1302 739 1362 angenehm,
767 1307 842 1363 ſagt
855 1311 1001 1364 Aſſaph,
1022 1316 1061 1356 es
1076 1314 1118 1366 iſt

215 1355 284 1399 mir
297 1352 364 1401 eine
382 1357 531 1412 Freude,
558 1359 625 1410 daß
650 1364 698 1413 ich
723 1365 805 1414 mich
828 1374 866 1415 zu
888 1368 983 1411 Gott
1010 1367 1116 1418 halte.

213 1408 293 1468 Jch
305 1410 384 1461 gehe
397 1413 484 1460 nicht
499 1414 576 1457 blos
590 1425 789 1466 gezwungen
805 1428 844 1467 zu
857 1420 948 1470 ihm;
974 1424 1117 1468 ſondern

213 1461 320 1510 meine
336 1456 514 1513 Neigung
530 1456 630 1507 treibt
652 1468 737 1516 mich
760 1478 799 1518 zu
828 1469 928 1518 ſeiner
953 1472 1116 1517 Gemein⸗

210 1514 318 1567 ſchaft
335 1507 412 1560 und
428 1527 503 1567 zum
522 1520 653 1564 Gebete
666 1531 727 1564 an.

246 1595 403 1643 Gebet
420 1598 491 1640 und
510 1595 729 1650 Vergnuͤgen
752 1610 799 1644 an
817 1602 913 1648 Gott
929 1605 1017 1648 wird
1038 1606 1112 1659 alſo

206 1648 426 1702 nothwendig
440 1661 497 1700 zur
508 1650 719 1706 Freudigkeit
732 1658 794 1700 des
802 1658 991 1703 Glaubens
1005 1661 1113 1712 erfor⸗

208 1703 297 1746 dert.
345 1704 439 1753 Ach!
464 1704 568 1747 meine
583 1705 756 1758 Freunde,
788 1717 926 1754 warum
949 1711 1022 1762 ſind
1041 1716 1108 1758 wir

207 1756 290 1806 doch
306 1755 460 1806 meiſtens
475 1757 509 1809 ſo
526 1760 592 1804 kalt
605 1764 676 1805 und
696 1759 909 1812 mißtrauiſch
925 1773 1029 1814 gegen
1046 1776 1110 1808 un⸗

206 1811 281 1862 ſern
293 1809 475 1865 Schoͤpfer
489 1817 560 1857 und
579 1817 720 1862 Vater!
745 1819 821 1861 Uns
844 1822 923 1862 ekelt
947 1830 1012 1864 von
1025 1823 1106 1868 Na⸗

206 1865 267 1904 tur
282 1869 345 1904 vor
358 1861 427 1912 ihm
444 1862 516 1906 und
530 1863 646 1914 ſeinem
663 1866 820 1914 Worte!
844 1869 899 1914 Er
913 1869 1016 1913 locket
1032 1876 1106 1917 und

206 1913 272 1953 wir
301 1912 473 1963 entlaufen
500 1914 590 1963 ihm!
626 1919 680 1964 Er
706 1921 777 1964 will
803 1924 875 1962 uns
898 1921 1104 1974 verſamlen:

203 1961 284 2006 aber
299 1967 363 2009 wir
378 1966 498 2010 wollen
511 1967 618 2017 nicht!
644 1970 777 2020 Schon
791 1974 849 2014 als
864 1970 993 2019 Kinder
1010 1975 1104 2028 ſehen

204 2017 270 2060 wir
296 2021 439 2070 Kirchen
461 2023 530 2066 und
558 2018 740 2076 Schulen,
777 2028 841 2068 wie
863 2019 1104 2083 Gefaͤngniſſe;

205 2071 275 2115 und
292 2074 359 2118 das
374 2075 497 2129 Gebet,
522 2073 584 2120 wie
602 2076 671 2122 eine
686 2076 759 2130 Laſt
773 2078 837 2126 an!
861 2076 917 2133 Je
934 2082 1028 2135 mehr
1041 2092 1104 2126 un⸗
