1817 2706
517 421 622 465 Vom
636 417 874 471 Forſtregale.

1089 426 1166 457 201

309 496 411 534 cultur
433 493 585 538 gedruckte
602 494 820 539 Anweiſungen
844 498 1074 538 ohnentgeltlich
1096 499 1171 527 aus⸗

308 544 416 584 theilen
438 546 468 580 ¹).

303 591 404 638 151.
428 586 510 627 Das
530 584 707 630 neugeſaͤete
726 588 801 623 oder
821 587 992 632 gepflanzte
1014 588 1096 631 Holz
1116 588 1170 628 ſoll

223 639 302 678 volle
314 639 384 686 acht
397 637 504 688 Jahre
521 639 552 680 *)
566 631 756 683 geſchonet,
779 644 843 673 wer
863 642 1037 683 wiſſentlich
1051 640 1170 683 Scha⸗

224 693 285 730 den
307 693 460 730 darinnen
487 689 576 738 thut,
609 686 693 735 nebſt
723 686 891 736 Erſetzung
912 695 1079 734 deſſelben,
1112 697 1170 724 mit

227 752 276 788 14
295 740 384 789 Tage
414 740 465 780 bis
486 753 513 788 4
533 738 677 784 Wochen
697 736 935 779 Stockraͤumen
964 745 1065 783 belegt
1092 754 1172 791 wer⸗

222 794 301 839 den,
330 791 457 837 welches
484 803 516 828 er
538 790 612 835 doch
638 787 731 832 durch
756 790 854 826 andre
876 797 1045 835 verrichten
1070 799 1171 831 kann;

224 847 300 881 oder
320 857 353 882 er
368 844 446 890 muß
466 840 520 889 fuͤr
540 845 627 888 jeden
644 838 718 885 Tag
741 849 759 885 3
778 837 847 879 Gr.,
890 844 924 885 ſo
937 855 975 886 zu
996 849 1099 883 nichts
1116 856 1172 876 an⸗

225 899 299 934 ders
314 907 350 942 zu
366 896 563 939 verwenden,
579 893 723 936 erlegen;
743 892 929 939 nachlaͤßige
942 897 1172 938 Forſtbediente

224 946 374 984 verlieren
390 946 438 983 ein
453 943 598 983 Quartal
611 941 811 988 Beſoldung,
827 945 900 979 oder
918 945 1012 986 fallen
1026 947 1058 977 in
1069 947 1172 979 Geld⸗

227 998 328 1048 ſtrafe.
355 1019 409 1028 —
432 995 639 1042 Dergleichen
654 992 762 1041 Plaͤtze
776 993 894 1041 muͤſſen
912 994 1000 1039 wohl
1012 990 1172 1041 verwahrt

224 1046 367 1089 werden,
390 1052 477 1089 wozu
501 1043 583 1087 auch
594 1040 754 1087 Stangen
773 1049 836 1077 aus
857 1039 1017 1083 Oertern,
1045 1052 1096 1073 wo
1113 1048 1172 1077 das

224 1096 306 1144 Holz
323 1106 359 1143 zu
374 1091 434 1133 dick
446 1093 569 1142 waͤchſt,
581 1083 655 1133 oder
670 1090 764 1131 duͤrre
771 1084 873 1141 Aeſte,
885 1088 1021 1131 Doͤrner
1035 1102 1069 1127 u.
1076 1093 1172 1136 dergl.

225 1163 262 1199 zu
277 1149 421 1200 nehmen.
445 1171 497 1178 —
521 1145 813 1198 Zuruͤckgebliebene
830 1147 938 1196 Plaͤtze
953 1144 1069 1195 muͤſſen
1084 1149 1172 1191 nach⸗

223 1201 326 1250 geſaͤet
338 1205 403 1242 und
417 1199 539 1250 beſteckt
558 1202 773 1241 werden.
761 1193 784 1248 —
795 1198 878 1239 Das
897 1196 1172 1247 Mayenabhauen

225 1261 292 1298 und
302 1255 420 1307 Setzen
436 1257 470 1306 iſt
485 1253 620 1306 gaͤnzlich
636 1252 796 1303 verboten,
806 1257 871 1294 und
887 1253 977 1301 ſollen
994 1253 1041 1294 die
1049 1251 1172 1296 Stadt⸗

226 1311 314 1360 raͤthe
340 1314 387 1349 die
406 1321 459 1359 zur
483 1308 595 1350 Stadt
615 1304 776 1358 gebrachte
793 1302 1014 1355 wegnehmen,
1039 1308 1105 1345 und
1128 1306 1172 1345 die

222 1360 420 1415 Uebertreter
436 1365 519 1414 ihrer
534 1362 695 1414 Obrigkeit
713 1361 857 1412 anzeigen
872 1357 935 1409 **).

267 1427 370 1466 *)Jn
384 1429 433 1461 der
446 1424 624 1468 Oberlauſitz
639 1426 698 1461 das
707 1421 919 1466 Schwarzholz
936 1430 966 1464 5,
981 1424 1001 1455 6
1011 1420 1059 1457 bis
1072 1430 1104 1463 7,
1119 1420 1180 1457 das

313 1468 463 1510 lebendige
477 1468 578 1506 Ober⸗
596 1473 667 1504 oder
689 1467 941 1509 Unterſchlagholz
960 1468 1141 1507 wenigſtens
1157 1472 1181 1505 4

311 1512 365 1546 bis
379 1513 399 1545 6
405 1510 498 1553 Jahr.
508 1510 655 1553 Forſtpat.
664 1519 693 1544 a.
718 1512 744 1555 a.
738 1511 778 1544 O.
788 1513 828 1543 im
838 1513 878 1539 III
886 1512 960 1549 Cap.
971 1514 995 1545 §.
1007 1515 1054 1540 16.
1064 1516 1114 1537 21.

270 1554 315 1596 **)
336 1551 465 1591 Hierbey
480 1549 514 1589 iſt
527 1550 691 1589 vorzuͤglich
723 1559 755 1596 zu
755 1555 935 1589 empfehlen,
950 1555 1009 1583 daß
1023 1559 1114 1584 man,
1130 1559 1179 1579 wo

311 1584 360 1627 es
368 1601 426 1626 nur
443 1593 547 1625 immer
560 1590 703 1633 moͤglich,
723 1598 782 1629 ſein
796 1598 872 1631 Holz
894 1601 925 1622 in
944 1600 1058 1629 gewiſſe
1076 1600 1179 1626 Haue,

278 1629 398 1676 beym
406 1635 634 1677 Schwarzholze
644 1642 756 1675 von
720 1644 752 1679 30
768 1642 817 1669 bis
829 1641 871 1666 60
884 1644 945 1668 und
958 1643 1039 1671 mehr
1046 1642 1181 1670 Jahren,

313 1680 464 1720 abtheilet,
479 1680 519 1720 ſo,
534 1679 593 1717 daß
608 1686 680 1713 man
694 1684 778 1711 einen
794 1686 868 1713 nach
879 1688 942 1712 dem
950 1688 1063 1710 andern
1074 1687 1182 1708 abtrei⸗

313 1722 385 1760 ben,
403 1720 481 1755 reine
503 1722 641 1758 machen,
661 1724 771 1753 wieder
789 1727 900 1757 anſaͤen
920 1731 982 1753 und
1002 1727 1181 1758 anpflanzen

313 1769 375 1798 und
396 1766 440 1799 die
464 1762 585 1806 noͤthige
603 1764 667 1805 Zeit
690 1766 780 1801 hegen
796 1769 881 1798 kann.
905 1785 949 1811 —
969 1772 1071 1803 Beym
1087 1772 1182 1796 Laub⸗

315 1803 411 1843 holze,
431 1811 480 1838 wo
506 1807 557 1837 der
568 1803 641 1842 Hau
662 1803 815 1842 hoͤchſtens
833 1814 891 1842 auf
911 1816 962 1850 12
962 1816 1017 1849 bis
1039 1817 1079 1833 16
1096 1816 1182 1841 Jahr

313 1855 349 1891 zu
363 1848 466 1889 ſetzen,
489 1847 595 1893 ſollen,
616 1848 671 1888 bey
691 1850 742 1881 der
756 1851 949 1890 Abholzung,
973 1864 1005 1878 in
1025 1858 1183 1886 gehoͤriger

710 1904 786 1947 N5

982 1902 1184 1942 Weite,

276 1958 308 1997 1)
330 1954 429 1991 ebend.
445 1953 536 1992 Dieſe
549 1948 729 1995 Anweiſung
745 1954 779 1993 iſt
791 1963 864 1993 auch
880 1968 908 1988 d.
925 1968 964 1994 19
979 1966 1073 1993 Sept.
1090 1975 1184 2010 1770.

317 2003 445 2040 bekannt
461 2001 592 2043 gemacht
605 2007 746 2039 worden,
768 2008 788 2042 ſ.
801 2008 886 2043 Leipz.
901 2013 973 2042 Jnt.
987 2016 1040 2037 Bl.
1054 2019 1083 2035 v.
1101 2002 1138 2033 d.
1161 2015 1173 2043 J.

318 2050 363 2085 S.
390 2055 461 2088 420.
487 2046 518 2082 in
533 2044 666 2083 welchem
683 2047 756 2086 auch
779 2050 855 2085 ſonſt
873 2059 946 2085 noch
965 2043 1183 2084 verſchiedenes

317 2090 484 2136 Nuͤtzliches
499 2088 624 2130 hiervon
637 2096 671 2128 zu
683 2090 775 2127 leſen;
792 2097 813 2131 z.
829 2094 870 2123 B.
883 2095 1028 2127 Berechn.
1042 2103 1114 2122 uͤber
1126 2102 1183 2120 den

318 2138 431 2179 Nutzen
454 2136 507 2171 des
532 2133 679 2176 Seidenb.
708 2136 798 2175 1765.
823 2136 867 2168 S.
891 2143 960 2173 356.
984 2149 1056 2172 395.
1079 2145 1109 2165 in
1133 2144 1183 2164 der

298 2178 441 2223 Erfahr.
459 2174 600 2221 gegruͤnd.
617 2175 727 2215 Nachr.
742 2183 802 2212 von
819 2179 911 2218 deſſen
925 2185 1035 2215 Nutzen
1050 2186 1109 2215 auf
1118 2186 1182 2207 dem

317 2221 423 2263 Lande,
442 2215 531 2266 1771.
546 2214 592 2257 S.
604 2226 653 2261 91.
666 2226 733 2258 113.
746 2225 816 2258 224.
833 2223 861 2267 ſ.
859 2227 931 2258 auch
945 2228 988 2253 S.
1003 2229 1075 2259 246.
1091 2229 1182 2258 1773.

318 2269 364 2303 S.
380 2271 429 2309 36.
449 2276 538 2310 1774.
572 2261 598 2305 S.
603 2272 668 2306 47.
682 2271 761 2305 1775.
791 2265 831 2302 S.
842 2275 891 2307 91.
908 2275 938 2298 n.
955 2274 1043 2305 1778.
1069 2270 1102 2299 S.
1112 2273 1179 2301 150.

320 2304 370 2336 wo
380 2304 425 2336 ein
433 2303 538 2339 Mittel
548 2301 641 2336 wider
652 2301 697 2332 die
709 2297 793 2337 gelbe
804 2310 864 2334 und
878 2312 971 2340 weiſſe
980 2314 1083 2339 Sucht
1094 2311 1181 2329 unter

324 2353 380 2388 den
393 2351 554 2391 Wuͤrmern
568 2348 744 2392 mitgetheilt
764 2350 870 2388 wird.

1181 590 1267 621 Scho⸗

1181 638 1261 665 nung.
