1603 2385
505 485 621 524 Erden,
651 488 764 528 Vater,
792 490 887 525 Sohn
918 494 975 524 und

504 533 610 571 heilger
621 533 716 573 Geiſt,
726 539 774 570 der
789 540 820 568 es
836 537 901 575 Tag
916 542 976 571 und

504 576 600 611 Nacht
622 573 682 614 laͤßt
705 580 828 612 werden,
857 580 975 615 Sonn

502 623 560 652 und
573 620 672 653 Mond
683 626 738 653 uns
754 621 873 661 ſcheinen
889 623 972 660 heißt,

500 665 589 701 deſſen
604 667 688 703 ſtarke
708 667 797 706 Hand
821 670 864 704 die
886 670 975 708 Welt,

500 709 558 738 und
573 711 639 739 was
660 709 778 745 drinnen
797 711 844 748 iſt,
865 712 973 746 erhaͤlt!

545 762 572 783 2.
594 751 683 789 Gott,
706 753 744 792 ich
756 754 840 787 danke
860 760 901 789 dir
917 763 972 788 von

498 792 624 832 Herzen,
641 796 697 835 daß
711 800 747 827 du
762 797 830 834 mich
841 800 870 830 in
889 800 971 837 dieſer

499 843 612 879 Nacht,
639 851 688 878 vor
711 844 843 885 Gefahr,
872 846 972 885 Angſt,

498 887 582 920 Noth
607 892 664 920 und
688 887 879 926 Schmerzen,
909 891 970 930 haſt

496 913 610 955 behuͤtet
629 926 677 956 und
691 923 819 959 bewacht,
842 927 901 958 und
913 928 969 965 daß

496 956 587 1000 keines
622 968 745 1007 Feindes
777 969 829 1010 Liſt
865 971 968 1010 meiner

495 1011 615 1052 maͤchtig
632 1019 745 1049 worden
765 1018 806 1052 iſt.

542 1067 570 1095 3.
587 1058 642 1097 Laß
658 1052 714 1096 die
729 1053 804 1103 Nacht
817 1061 887 1099 auch
902 1065 968 1096 mei⸗

493 1111 544 1135 ner
568 1104 698 1139 Suͤnden
720 1106 780 1145 jetzt
810 1105 863 1139 mit
884 1107 966 1145 dieſer

492 1148 591 1184 Nacht
609 1147 749 1188 vergehn;
772 1158 788 1182 o
811 1150 890 1189 Herr
911 1152 966 1192 Je⸗

492 1191 536 1228 ſu,
549 1190 595 1227 laß
604 1191 673 1229 mich
682 1193 778 1230 finden
786 1195 865 1228 deine
872 1195 966 1230 Wun⸗

493 1237 545 1267 den
576 1236 649 1274 offen
682 1237 775 1276 ſtehn,
801 1240 837 1269 da
864 1240 965 1274 alleine

491 1281 571 1317 Huͤlf
585 1284 646 1314 und
661 1282 743 1324 Rath
759 1284 791 1325 iſt
806 1283 853 1324 fuͤr
869 1286 965 1320 meine

491 1327 655 1364 Miſſethat.

535 1370 563 1397 4.
585 1363 671 1402 Hilf,
695 1367 750 1403 daß
775 1364 813 1402 ich
837 1368 889 1399 mit
909 1368 961 1402 die⸗

489 1411 543 1449 ſem
566 1411 700 1452 Morgen
724 1414 841 1455 geiſtlich
867 1416 962 1453 auſer⸗

490 1453 582 1493 ſtehen
604 1461 695 1494 mag,
714 1459 775 1489 und
799 1457 847 1496 fuͤr
870 1459 962 1492 meine

488 1498 581 1533 Seele
592 1498 696 1537 ſorgen,
719 1500 784 1539 daß,
801 1507 883 1533 wenn
900 1511 959 1534 nun

487 1542 552 1573 dein
567 1544 666 1581 großer
680 1542 744 1583 Tag
760 1548 817 1577 uns
832 1545 961 1585 erſcheint

488 1588 544 1617 und
559 1574 619 1616 dein
632 1577 757 1627 Gericht,
770 1581 805 1632 ich
818 1586 902 1629 dafuͤr
919 1597 960 1623 er⸗

487 1632 597 1668 ſchrecke
614 1634 695 1668 nicht.

533 1684 560 1709 5.
568 1674 664 1713 Fuͤhre
673 1676 753 1715 mich,
770 1685 786 1709 o
796 1677 883 1716 Herr,
899 1681 960 1712 und

486 1716 550 1749 leite
569 1718 679 1749 meinen
702 1718 796 1757 Gang
821 1719 887 1754 nach
906 1722 974 1762 dei⸗

486 1768 550 1792 nem
570 1761 673 1800 Wort;
697 1763 739 1800 ſey
756 1767 814 1796 und
827 1764 911 1799 bleibe
920 1769 947 1803 du

485 1804 555 1840 auch
578 1805 660 1843 heute
678 1810 755 1842 mein
784 1808 974 1850 Beſchuͤtzer,

486 1852 546 1882 und
569 1851 643 1880 mein
666 1850 752 1889 Hort.
805 1845 974 1892 Nirgends

485 1895 531 1925 als
549 1900 603 1925 von
628 1897 671 1926 dir
693 1897 793 1934 allein,
820 1897 893 1931 kann
916 1897 974 1935 ich

485 1937 560 1975 recht
574 1936 718 1975 bewahret
731 1941 805 1977 ſeyn.

529 1982 555 2012 6.
582 1982 711 2013 Meinen
722 1982 784 2012 Leib
798 1984 855 2015 und
865 1982 955 2014 meine

481 2023 585 2059 Seele,
604 2023 741 2060 ſamt'den
756 2024 881 2058 Sinnen
896 2029 955 2060 und

480 2068 642 2106 Verſtand,
669 2068 770 2108 großer
788 2069 884 2105 Gott,
914 2074 972 2108 ich

482 2112 527 2143 dir
549 2110 652 2147 befehle
675 2115 757 2145 unter
786 2113 864 2145 deine
887 2114 973 2149 ſtar⸗

478 2152 510 2198 ke
518 2151 618 2195 Hand.
647 2153 737 2196 Herr,
759 2156 830 2193 mein
853 2149 951 2204 Schild,

1014 488 1091 521 mein
1110 488 1169 528 Ehr
1188 492 1244 523 und
1258 491 1368 530 Ruhm,
1389 493 1482 527 nimm

1014 533 1081 570 mich
1098 534 1161 571 auf,
1183 537 1244 568 dein
1260 536 1444 575 Eigenthum.

1055 587 1084 614 7.
1104 576 1222 612 Deinen
1246 577 1340 617 Engel
1368 589 1402 618 zu
1425 578 1479 613 mir

1012 615 1107 653 ſende,
1135 618 1187 653 daß
1209 626 1238 649 er
1259 621 1334 656 jedes
1358 617 1480 660 Feindes

1011 664 1127 702 Macht,
1139 665 1190 705 Liſt
1201 669 1258 699 und
1276 667 1412 707 Anſchlaͤg
1423 671 1476 700 von

1010 704 1064 734 mir
1082 708 1189 742 wende,
1213 707 1270 739 und
1288 707 1355 742 mich
1372 708 1432 747 halt
1448 708 1475 739 in

1009 748 1089 783 guter
1112 746 1191 785 Acht,
1215 750 1260 781 der
1283 749 1352 787 auch
1374 747 1478 785 endlich

1009 791 1078 829 mich
1106 799 1155 830 zur
1176 792 1264 833 Ruh,
1297 799 1379 835 trage
1410 792 1478 831 nach

1009 843 1069 873 dem
1082 840 1210 881 Himmel
1224 850 1268 875 zu.

1054 880 1082 909 8.
1103 876 1198 916 Hoͤre,
1230 879 1324 914 Gott,
1351 883 1415 913 was
1437 874 1474 912 ich

1005 922 1140 964 begehre,
1162 926 1275 967 Vater,
1305 919 1398 970 Sohn
1417 928 1473 964 und

1005 967 1110 1008 heilger
1133 970 1236 1010 Geiſt!
1258 973 1364 1006 meiner
1388 976 1472 1009 Bitte

1006 1009 1074 1044 mich
1096 1008 1242 1049 gewaͤhre,
1271 1013 1318 1044 der
1341 1015 1379 1045 du
1400 1009 1472 1053 ſelbſt

1004 1052 1073 1088 mich
1091 1053 1181 1084 bitten
1203 1054 1290 1092 heißt.
1341 1056 1397 1091 So
1414 1049 1470 1091 will

1004 1096 1042 1134 ich
1059 1097 1114 1134 dich
1130 1097 1190 1137 hier
1207 1101 1265 1133 und
1284 1102 1347 1134 dort
1359 1096 1473 1143 herzlich

1001 1147 1107 1186 preiſen
1124 1149 1182 1188 fort
1196 1153 1255 1183 und
1270 1152 1342 1190 fort.

1003 1220 1083 1256 Mel.
1107 1219 1183 1264 Jeſu
1202 1224 1280 1256 deine
1299 1223 1421 1265 Paſſion
1440 1226 1475 1256 ꝛc.

1000 1303 1158 1374 754.
1174 1277 1243 1369 H

1250 1277 1382 1326 ochgelobt
1424 1283 1467 1310 ſey

1276 1326 1360 1364 unſer
1389 1326 1468 1363 Gott

998 1366 1057 1397 und
1080 1365 1136 1403 ſein
1155 1366 1244 1400 Nam
1264 1367 1397 1407 erhoͤhet,
1421 1370 1466 1400 der

1000 1407 1053 1437 den
1076 1405 1231 1445 Menſchen
1260 1407 1293 1439 in
1311 1411 1360 1443 der
1383 1402 1469 1448 Noth

999 1450 1105 1491 ſchuͤtzet
1136 1457 1195 1487 und
1224 1453 1376 1496 beyſtehet,
1418 1459 1467 1489 der

988 1495 1073 1531 nicht
1097 1495 1189 1533 wirfet
1216 1493 1309 1536 hinter
1344 1498 1393 1538 ſich
1416 1494 1468 1531 das

999 1538 1096 1574 Gebet
1114 1542 1161 1572 der
1175 1539 1349 1580 Frommen,
1372 1543 1414 1577 die
1430 1542 1463 1578 zu

995 1582 1056 1622 ihm
1079 1584 1291 1627 demuͤthiglich,
1335 1590 1382 1623 als
1399 1588 1464 1630 zum

993 1636 1106 1669 Vater,
1125 1637 1266 1671 kommen.

1039 1676 1067 1705 2.
1083 1669 1127 1700 Er
1136 1671 1184 1709 hat
1193 1670 1262 1706 dieſe
1270 1675 1358 1709 ganze
1365 1669 1465 1708 Nacht

993 1711 1024 1743 in
1040 1716 1090 1746 den
1107 1714 1224 1749 dunkeln
1238 1714 1395 1755 Schatten,
1415 1715 1461 1756 ſei⸗

994 1766 1044 1792 ner
1063 1760 1170 1801 heilgen
1187 1761 1281 1799 Engel
1294 1760 1398 1806 Wacht
1418 1767 1462 1803 zu⸗

993 1802 1107 1840 geſandt
1121 1805 1187 1835 mir
1207 1801 1351 1844 Matten,
1395 1803 1459 1839 daß,

991 1846 1053 1881 waͤr
1075 1847 1145 1880 aller
1164 1846 1269 1887 Feinde
1301 1850 1354 1891 Liſt
1371 1850 1458 1887 wider

993 1889 1063 1924 mich
1089 1887 1227 1927 geweſen,
1270 1893 1362 1931 nichts
1385 1891 1460 1926 mein

992 1928 1109 1971 maͤchtig
1125 1933 1239 1969 worden
1259 1936 1312 1976 iſt,
1339 1939 1399 1971 und
1420 1932 1460 1972 ich

991 1980 1067 2020 wohl
1083 1984 1206 2024 geneſen.

1036 2026 1063 2055 3.
1086 2020 1197 2057 Keinen
1212 2021 1274 2062 hatt
1297 2023 1336 2063 ich
1357 2026 1388 2059 in
1411 2025 1458 2054 der

990 2064 1084 2103 Welt,
1102 2067 1148 2098 der
1170 2067 1240 2105 mich
1256 2069 1356 2102 konnte
1375 2066 1459 2106 ſchuͤz⸗

989 2116 1059 2149 zen:
1076 2110 1154 2146 Gott
1175 2113 1224 2151 hat
1233 2113 1281 2152 ſich
1297 2121 1330 2153 zu
1342 2114 1397 2147 mir
1412 2118 1458 2150 ge⸗

989 2150 1067 2197 ſtellt,
1088 2157 1146 2190 und
1161 2155 1238 2198 ſtand
1251 2164 1290 2191 an
1310 2161 1358 2196 der
1368 2156 1460 2194 Spiz⸗
