<PcGts xmlns="http://schema.primaresearch.org/PAGE/gts/pagecontent/2019-07-15" xmlns:xsi="http://www.w3.org/2001/XMLSchema-instance" xsi:schemaLocation="http://schema.primaresearch.org/PAGE/gts/pagecontent/2019-07-15 http://schema.primaresearch.org/PAGE/gts/pagecontent/2019-07-15/pagecontent.xsd" pcGtsId="OCR-D-GT-FULLTEXT-REPAIR-780">
  <Metadata>
    <Creator>OCR-D DFG Phase III</Creator>
    <Created>2024-01-19T13:09:46Z</Created>
    <LastChange>2024-01-19T13:09:46Z</LastChange>
    <Comments>ODEM: OCR-D extension for mass digitization (2021-2024)</Comments>
    <MetadataItem type="processingStep" name="layout/segmentation/region" value="ocrd-segment-repair">
      <Labels externalModel="ocrd-tool" externalId="parameters">
        <Label value="False" type="sanitize"/>
        <Label value="5" type="sanitize_padding"/>
        <Label value="0" type="simplify"/>
        <Label value="False" type="plausibilize"/>
        <Label value="0.9" type="plausibilize_merge_min_overlap"/>
        <Label value="0" type="spread"/>
        <Label value="region" type="spread_level"/>
      </Labels>
      <Labels externalModel="ocrd-tool" externalId="version">
        <Label value="0.1.24" type="ocrd-segment-repair"/>
        <Label value="2.65.0" type="ocrd/core"/>
      </Labels>
    </MetadataItem>
  </Metadata>
  <Page imageFilename="https://opendata.uni-halle.de/retrieve/bacf2e3e-ffb9-4a31-91bb-db39f9a2b909/00000127.jpg" imageWidth="1656" imageHeight="2414" type="content" primaryLanguage="German">
    <Border>
      <Coords points="68,200 84,2308 1263,2318 1248,209"/>
    </Border>
    <ReadingOrder>
      <OrderedGroup id="ro_1682069519048" caption="Regions reading order">
        <RegionRefIndexed index="0" regionRef="region_1682069386594_3081"/>
        <RegionRefIndexed index="1" regionRef="region_1682069389726_3090"/>
        <RegionRefIndexed index="2" regionRef="region0001"/>
        <RegionRefIndexed index="3" regionRef="TextRegion_1662991034571_1529"/>
        <RegionRefIndexed index="4" regionRef="TextRegion_1662991034571_1528"/>
        <RegionRefIndexed index="5" regionRef="region_1682069467136_3158"/>
        <RegionRefIndexed index="6" regionRef="region_1682069470054_3167"/>
      </OrderedGroup>
    </ReadingOrder>
    <TextRegion id="region_1682069386594_3081" custom="readingOrder {index:0;} structure {type:header;}" type="header">
      <Coords points="354,366 354,405 858,405 858,366"/>
      <TextLine id="line_1682069386692_3084" custom="readingOrder {index:0;}">
        <Coords points="354,366 354,405 858,405 858,366"/>
        <Word id="word_1682069394900_3105" custom="readingOrder {index:0;}">
          <Coords points="354,366 429,366 429,405 354,405"/>
          <TextEquiv>
            <Unicode>DE</Unicode>
          </TextEquiv>
        </Word>
        <Word id="word_1682069394900_3104" custom="readingOrder {index:1;}">
          <Coords points="429,366 636,366 636,405 429,405"/>
          <TextEquiv>
            <Unicode>OFFICIO</Unicode>
          </TextEquiv>
        </Word>
        <Word id="word_1682069394079_3100" custom="readingOrder {index:2;}">
          <Coords points="636,366 858,366 858,405 636,405"/>
          <TextEquiv>
            <Unicode>VICARII.</Unicode>
          </TextEquiv>
        </Word>
        <TextEquiv>
          <Unicode>DE OFFICIO VICARII.</Unicode>
        </TextEquiv>
      </TextLine>
      <TextEquiv>
        <Unicode>DE OFFICIO VICARII.</Unicode>
      </TextEquiv>
    </TextRegion>
    <TextRegion id="region_1682069389726_3090" custom="readingOrder {index:1;} structure {type:page-number;}" type="page-number">
      <Coords points="995,364 995,408 1050,408 1050,364"/>
      <TextLine id="line_1682069389815_3093" custom="readingOrder {index:0;}">
        <Coords points="995,364 995,408 1050,408 1050,364"/>
        <Word id="word_1682069389882_3096" custom="readingOrder {index:0;}">
          <Coords points="995,364 1050,364 1050,408 995,408"/>
          <TextEquiv>
            <Unicode>115</Unicode>
          </TextEquiv>
        </Word>
        <TextEquiv>
          <Unicode>115</Unicode>
        </TextEquiv>
      </TextLine>
      <TextEquiv>
        <Unicode>115</Unicode>
      </TextEquiv>
    </TextRegion>
    <TextRegion id="region0001" custom="readingOrder {index:2;}" orientation="0.33482885" readingDirection="left-to-right">
      <Coords points="112,448 1068,448 1068,1139 112,1139"/>
      <TextLine id="region0001_line0001" custom="readingOrder {index:0;}">
        <Coords points="112,449 112,515 163,515 183,506 326,506 346,505 351,502 358,502 368,516 384,514 389,511 390,504 492,504 605,505 608,514 618,516 625,510 637,507 638,503 755,499 944,502 947,512 957,514 970,512 973,502 1027,505 1036,512 1067,509 1066,462 1061,458 1042,459 1035,449 1008,449 1004,459 923,458 918,449 908,448 898,448 896,459 882,459 876,449 859,449 856,458 786,458 783,449 749,448 734,448 732,457 603,461 599,449 562,448 556,456 556,461 549,462 459,460 451,449 439,450 433,460 320,462 318,455 312,450 271,448 244,448 240,451 237,462 227,462 218,449 208,448 203,452 201,462 191,463 174,462 168,449"/>
        <Baseline points="112,504 178,496 685,491 1067,498"/>
        <Word id="region0001_line0001_word0000" custom="readingOrder {index:0;}">
          <Coords points="154,454 154,509 176,508 183,506 326,506 336,505 336,461 320,462 318,455 315,453 239,453 237,462 227,462 221,453 202,453 201,462 191,463 174,462 170,453"/>
          <TextEquiv conf="0.62084204">
            <Unicode>Jurisdictio</Unicode>
          </TextEquiv>
        </Word>
        <Word id="region0001_line0001_word0001" custom="readingOrder {index:1;}">
          <Coords points="434,457 433,460 366,461 366,509 389,508 390,504 492,504 509,504 509,461 459,460 457,457"/>
          <TextEquiv conf="0.92547196">
            <Unicode>pertinet</Unicode>
          </TextEquiv>
        </Word>
        <Word id="region0001_line0001_word0002" custom="readingOrder {index:2;}">
          <Coords points="537,494 579,493 579,453 557,453 556,456 556,461 549,462 537,461"/>
          <TextEquiv conf="0.9138363">
            <Unicode>ad</Unicode>
          </TextEquiv>
        </Word>
        <Word id="region0001_line0001_word0003" custom="readingOrder {index:3;}">
          <Coords points="724,466 615,467 615,507 637,506 638,503 724,500"/>
          <TextEquiv conf="0.89682424">
            <Unicode>partes</Unicode>
          </TextEquiv>
        </Word>
        <Word id="region0001_line0001_word0004" custom="readingOrder {index:4;}">
          <Coords points="756,454 756,492 876,492 876,454 857,454 856,458 786,458 784,454"/>
          <TextEquiv conf="0.9159254">
            <Unicode>ſummi</Unicode>
          </TextEquiv>
        </Word>
        <Word id="region0001_line0001_word0005" custom="readingOrder {index:5;}">
          <Coords points="905,452 905,501 944,502 944,505 972,505 973,502 1027,505 1045,505 1045,458 1042,459 1037,452 1006,452 1004,459 923,458 919,452"/>
          <TextEquiv conf="0.9169025">
            <Unicode>imperii,</Unicode>
          </TextEquiv>
        </Word>
        <TextEquiv conf="0.86496705">
          <Unicode>Jurisdictio pertinet ad partes ſummi imperii,</Unicode>
        </TextEquiv>
      </TextLine>
      <TextLine id="region0001_line0002" custom="readingOrder {index:1;}">
        <Coords points="351,503 344,508 342,514 323,515 223,516 202,514 197,508 191,507 180,508 176,515 112,516 113,557 157,559 165,552 170,552 178,560 239,560 241,568 248,571 268,568 267,558 272,554 289,558 302,553 313,557 376,558 381,568 398,570 406,569 411,558 446,558 450,561 463,558 466,562 472,563 481,557 487,557 505,570 515,568 519,559 552,557 575,560 580,565 591,565 597,560 702,554 706,563 723,563 729,561 731,552 748,555 752,552 772,551 875,552 890,558 900,558 913,552 932,558 938,558 941,554 1051,553 1056,556 1068,555 1066,518 1036,513 1027,506 1015,508 1006,503 993,504 989,512 957,515 914,512 912,505 906,502 892,503 886,511 866,510 860,502 846,502 840,510 688,511 684,503 666,503 660,513 641,514 638,507 616,517 590,514 500,515 498,509 492,505 479,506 475,515 447,515 443,506 428,505 423,514 387,513 368,517 358,503"/>
        <Baseline points="113,548 1067,543"/>
        <Word id="region0001_line0002_word0000" custom="readingOrder {index:0;}">
          <Coords points="177,511 176,515 155,515 155,558 157,559 165,552 170,552 178,560 239,560 239,561 267,561 267,558 272,554 289,558 302,553 307,555 307,515 223,516 202,514 200,511"/>
          <TextEquiv>
            <Unicode>adeoque</Unicode>
          </TextEquiv>
        </Word>
        <Word id="region0001_line0002_word0001" custom="readingOrder {index:1;}">
          <Coords points="348,505 344,508 342,514 324,514 325,544 364,544 363,510 359,505"/>
          <TextEquiv conf="0.91604376">
            <Unicode>ad</Unicode>
          </TextEquiv>
        </Word>
        <Word id="region0001_line0002_word0002" custom="readingOrder {index:2;}">
          <Coords points="426,508 423,514 387,513 376,515 377,558 480,558 481,557 487,557 488,557 549,557 552,557 553,557 593,557 592,514 590,514 500,515 498,509 496,507 478,508 475,515 447,515 444,508"/>
          <TextEquiv>
            <Unicode>principem,</Unicode>
          </TextEquiv>
        </Word>
        <Word id="region0001_line0002_word0003" custom="readingOrder {index:3;}">
          <Coords points="633,508 623,513 624,556 672,555 702,554 702,555 730,555 731,552 748,555 752,552 766,551 766,510 688,511 686,508 662,508 660,513 641,514 638,508"/>
          <TextEquiv conf="0.922527">
            <Unicode>indeque</Unicode>
          </TextEquiv>
        </Word>
        <Word id="region0001_line0002_word0004" custom="readingOrder {index:4;}">
          <Coords points="788,519 828,519 829,540 789,540"/>
          <TextEquiv conf="0.92483">
            <Unicode>ex</Unicode>
          </TextEquiv>
        </Word>
        <Word id="region0001_line0002_word0005" custom="readingOrder {index:5;}">
          <Coords points="849,508 850,552 875,552 882,555 908,554 913,552 920,554 941,554 941,554 949,554 948,514 914,512 913,507 889,508 886,511 866,510 864,508"/>
          <TextEquiv conf="0.39953965">
            <Unicode>hujus</Unicode>
          </TextEquiv>
        </Word>
        <Word id="region0001_line0002_word0006" custom="readingOrder {index:6;}">
          <Coords points="991,506 989,512 963,514 964,546 1065,545 1064,517 1036,513 1027,506 1024,506 1015,508 1012,506"/>
          <TextEquiv conf="0.67291915">
            <Unicode>arbi-</Unicode>
          </TextEquiv>
        </Word>
        <TextEquiv>
          <Unicode>adeoque ad principem, indeque ex hujus arbi-</Unicode>
        </TextEquiv>
      </TextLine>
      <TextLine id="region0001_line0003" custom="readingOrder {index:2;}">
        <Coords points="165,553 158,559 159,568 113,567 113,610 227,612 228,620 239,624 257,621 260,611 336,612 341,606 349,605 358,619 367,620 374,612 398,611 406,605 412,605 418,610 435,610 442,605 452,605 458,610 466,604 486,608 496,603 499,606 510,605 522,619 533,619 538,618 544,603 557,611 597,607 604,599 609,598 616,607 630,607 635,604 763,604 772,616 786,614 791,605 877,607 875,617 887,626 894,622 894,612 900,607 984,607 1068,612 1067,564 948,565 940,564 938,559 921,557 915,553 900,559 890,559 875,553 865,553 858,557 856,563 844,563 842,556 837,553 824,554 820,562 790,562 786,553 772,552 768,554 765,562 658,563 570,568 560,568 556,559 543,558 537,562 535,569 508,571 487,558 481,558 472,564 471,570 398,571 331,568 329,559 302,554 289,559 272,555 268,558 268,569 248,572 203,569 201,563 195,560 182,561 179,567 175,568 177,559 170,553"/>
        <Baseline points="113,601 795,595 1068,601"/>
        <Word id="region0001_line0003_word0000" custom="readingOrder {index:0;}">
          <Coords points="156,599 219,598 219,570 203,569 201,563 195,560 182,561 179,567 175,568 177,559 170,553 165,553 158,559 159,568 156,567"/>
          <TextEquiv conf="0.93172735">
            <Unicode>trio</Unicode>
          </TextEquiv>
        </Word>
        <Word id="region0001_line0003_word0001" custom="readingOrder {index:1;}">
          <Coords points="371,574 272,555 236,611 349,605 352,610 399,610 406,605 418,610"/>
          <TextEquiv conf="0.44859776">
            <Unicode>pendet,</Unicode>
          </TextEquiv>
        </Word>
        <Word id="region0001_line0003_word0002" custom="readingOrder {index:2;}">
          <Coords points="424,570 398,571 388,570 388,611 398,611 406,605 412,605 418,610 424,610"/>
          <TextEquiv conf="0.90214175">
            <Unicode>an</Unicode>
          </TextEquiv>
        </Word>
        <Word id="region0001_line0003_word0003" custom="readingOrder {index:3;}">
          <Coords points="479,558 472,564 471,570 439,570 439,605 464,604 466,604 469,604 492,604 496,603 497,604 543,604 544,603 545,604 576,604 576,567 570,568 560,568 556,559 545,558 542,558 537,562 535,569 508,571 488,558"/>
          <TextEquiv conf="0.9073236">
            <Unicode>collegio</Unicode>
          </TextEquiv>
        </Word>
        <Word id="region0001_line0003_word0004" custom="readingOrder {index:4;}">
          <Coords points="591,568 646,568 646,593 591,593"/>
          <TextEquiv conf="0.9301877">
            <Unicode>aut</Unicode>
          </TextEquiv>
        </Word>
        <Word id="region0001_line0003_word0005" custom="readingOrder {index:5;}">
          <Coords points="661,568 761,567 761,592 661,593"/>
          <TextEquiv conf="0.9275756">
            <Unicode>totam</Unicode>
          </TextEquiv>
        </Word>
        <Word id="region0001_line0003_word0006" custom="readingOrder {index:6;}">
          <Coords points="773,555 773,611 787,610 791,605 877,607 876,610 895,610 900,607 984,607 1035,610 1048,610 1048,564 948,565 940,564 938,559 921,557 917,554 911,554 900,559 890,559 879,554 862,554 858,557 856,563 844,563 842,556 839,554 823,554 820,562 790,562 786,554"/>
          <TextEquiv conf="0.91447467">
            <Unicode>jurisdictionem,</Unicode>
          </TextEquiv>
        </Word>
        <TextEquiv conf="0.85171837">
          <Unicode>trio pendet, an collegio aut totam jurisdictionem,</Unicode>
        </TextEquiv>
      </TextLine>
      <TextLine id="region0001_line0004" custom="readingOrder {index:3;}">
        <Coords points="494,604 486,609 466,605 458,611 452,606 442,606 435,611 433,618 427,614 419,614 412,606 406,606 398,612 389,613 386,621 358,620 349,606 343,606 337,611 337,621 264,621 239,625 230,622 112,622 112,664 214,665 221,666 227,676 252,674 254,666 259,664 383,664 385,671 397,674 406,671 421,656 426,656 433,663 505,660 514,671 531,670 534,661 662,657 1067,662 1068,613 1044,614 1033,610 1025,612 1021,618 1012,618 1007,610 984,608 943,609 929,616 911,617 906,608 900,608 895,612 895,622 887,627 875,618 772,617 763,605 743,608 736,616 654,615 652,608 645,605 635,605 629,608 626,615 620,616 556,617 556,611 544,604 538,619 522,620 515,615 510,606 499,607"/>
        <Baseline points="112,655 696,648 1067,653"/>
        <Word id="region0001_line0004_word0000" custom="readingOrder {index:0;}">
          <Coords points="156,623 212,622 212,649 156,650"/>
          <TextEquiv conf="0.9290643">
            <Unicode>aut</Unicode>
          </TextEquiv>
        </Word>
        <Word id="region0001_line0004_word0001" custom="readingOrder {index:1;}">
          <Coords points="231,662 361,662 361,620 358,620 349,606 343,606 337,611 337,621 264,621 239,625 231,622"/>
          <TextEquiv conf="0.93221474">
            <Unicode>partem</Unicode>
          </TextEquiv>
        </Word>
        <Word id="region0001_line0004_word0002" custom="readingOrder {index:2;}">
          <Coords points="443,606 442,606 435,611 433,618 427,614 419,614 412,606 406,606 398,612 389,613 386,621 375,620 375,664 383,664 413,664 421,656 426,656 433,663 443,662"/>
          <TextEquiv conf="0.9027258">
            <Unicode>ejus</Unicode>
          </TextEquiv>
        </Word>
        <Word id="region0001_line0004_word0003" custom="readingOrder {index:3;}">
          <Coords points="604,616 556,617 556,611 544,604 538,619 522,620 515,615 510,606 499,607 494,604 486,609 466,605 462,608 462,661 505,660 509,665 532,665 534,661 604,658"/>
          <TextEquiv conf="0.9082971">
            <Unicode>aliquam</Unicode>
          </TextEquiv>
        </Word>
        <Word id="region0001_line0004_word0004" custom="readingOrder {index:4;}">
          <Coords points="628,609 626,615 626,648 823,647 823,617 772,617 766,609 741,609 736,616 654,615 652,609"/>
          <TextEquiv conf="0.9276061">
            <Unicode>demandare</Unicode>
          </TextEquiv>
        </Word>
        <Word id="region0001_line0004_word0005" custom="readingOrder {index:5;}">
          <Coords points="896,611 895,612 895,622 887,627 875,618 843,618 843,650 928,649 928,616 911,617 908,611"/>
          <TextEquiv>
            <Unicode>velit.</Unicode>
          </TextEquiv>
        </Word>
        <Word id="region0001_line0004_word0006" custom="readingOrder {index:6;}">
          <Coords points="981,609 981,648 1045,648 1045,613 1044,614 1033,610 1025,612 1021,618 1012,618 1007,610 995,609"/>
          <TextEquiv conf="0.9273801">
            <Unicode>Sed</Unicode>
          </TextEquiv>
        </Word>
        <TextEquiv>
          <Unicode>aut partem ejus aliquam demandare velit. Sed</Unicode>
        </TextEquiv>
      </TextLine>
      <TextLine id="region0001_line0005" custom="readingOrder {index:4;}">
        <Coords points="421,657 412,665 414,671 397,675 386,672 359,675 357,668 350,665 338,666 334,674 227,677 221,676 219,669 214,666 201,667 196,676 112,675 113,714 157,718 158,723 164,728 174,728 185,719 442,711 540,711 546,721 562,719 568,722 571,712 636,711 799,714 812,714 817,711 1015,712 1027,715 1068,715 1067,672 1057,671 847,671 799,667 797,661 791,658 776,658 765,667 726,670 722,659 702,659 695,663 691,670 679,670 677,660 671,658 658,659 654,669 626,669 621,659 606,659 601,669 547,668 514,672 505,661 492,661 486,669 478,670 430,670 433,664 426,657"/>
        <Baseline points="112,706 1067,703"/>
        <Word id="region0001_line0005_word0000" custom="readingOrder {index:0;}">
          <Coords points="157,712 235,711 234,676 227,677 221,676 219,669 214,666 201,667 196,676 156,675"/>
          <TextEquiv conf="0.90314585">
            <Unicode>quia</Unicode>
          </TextEquiv>
        </Word>
        <Word id="region0001_line0005_word0001" custom="readingOrder {index:1;}">
          <Coords points="261,699 369,698 369,673 359,675 357,668 350,665 338,666 334,674 261,676"/>
          <TextEquiv conf="0.905007">
            <Unicode>omnis</Unicode>
          </TextEquiv>
        </Word>
        <Word id="region0001_line0005_word0002" custom="readingOrder {index:2;}">
          <Coords points="415,662 412,665 414,671 397,675 390,673 390,697 527,697 527,670 514,672 505,662 491,662 486,669 478,670 430,670 433,664 431,662"/>
          <TextEquiv conf="0.9196982">
            <Unicode>mutatio</Unicode>
          </TextEquiv>
        </Word>
        <Word id="region0001_line0005_word0003" custom="readingOrder {index:3;}">
          <Coords points="605,661 601,669 547,668 546,668 547,712 584,712 636,711 657,711 729,711 728,670 726,670 722,660 700,660 695,663 691,670 679,670 677,660 657,660 654,669 626,669 622,661"/>
          <TextEquiv conf="0.9222312">
            <Unicode>periculoſa</Unicode>
          </TextEquiv>
        </Word>
        <Word id="region0001_line0005_word0004" custom="readingOrder {index:4;}">
          <Coords points="774,659 765,667 750,668 750,705 814,705 814,668 799,667 797,661 793,659"/>
          <TextEquiv conf="0.92509186">
            <Unicode>eſt,</Unicode>
          </TextEquiv>
        </Word>
        <Word id="region0001_line0005_word0005" custom="readingOrder {index:5;}">
          <Coords points="838,672 906,671 906,696 838,697"/>
          <TextEquiv conf="0.9286245">
            <Unicode>non</Unicode>
          </TextEquiv>
        </Word>
        <Word id="region0001_line0005_word0006" custom="readingOrder {index:6;}">
          <Coords points="928,696 1046,696 1046,671 928,671"/>
          <TextEquiv conf="0.8733051">
            <Unicode>conve-</Unicode>
          </TextEquiv>
        </Word>
        <TextEquiv conf="0.9110148">
          <Unicode>quia omnis mutatio periculoſa eſt, non conve-</Unicode>
        </TextEquiv>
      </TextLine>
      <TextLine id="region0001_line0006" custom="readingOrder {index:5;}">
        <Coords points="442,712 437,715 435,723 269,726 261,716 239,718 238,726 232,728 200,728 196,728 191,720 185,720 174,729 164,729 158,724 113,725 113,769 213,770 215,778 220,780 242,778 244,769 303,768 332,762 343,762 348,767 356,767 357,773 367,777 381,773 383,766 438,765 448,762 615,765 639,767 653,774 663,773 670,766 959,764 963,768 987,764 991,767 1022,767 1026,774 1035,777 1048,766 1068,767 1068,727 1054,728 1052,721 1042,715 1028,718 1023,714 1010,713 1005,716 1003,724 910,723 905,714 890,713 885,723 863,724 855,723 854,715 849,712 817,712 812,715 799,715 794,723 730,723 649,722 645,714 636,712 630,713 625,722 568,723 562,720 546,722 540,712 532,712 528,715 527,724 513,724 463,723 458,712"/>
        <Baseline points="113,759 557,753 1068,759"/>
        <Word id="region0001_line0006_word0000" custom="readingOrder {index:0;}">
          <Coords points="180,723 174,729 164,729 158,724 155,724 155,758 204,757 204,728 200,728 196,728 193,723"/>
          <TextEquiv conf="0.9251902">
            <Unicode>nit</Unicode>
          </TextEquiv>
        </Word>
        <Word id="region0001_line0006_word0001" custom="readingOrder {index:1;}">
          <Coords points="239,720 238,726 232,728 223,728 223,770 244,770 244,769 303,768 332,762 343,762 348,767 356,767 356,769 382,769 383,766 419,765 419,723 269,726 264,720"/>
          <TextEquiv conf="0.92346275">
            <Unicode>plerumque</Unicode>
          </TextEquiv>
        </Word>
        <Word id="region0001_line0006_word0002" custom="readingOrder {index:2;}">
          <Coords points="436,719 436,754 478,754 478,723 463,723 461,719"/>
          <TextEquiv conf="0.92346275">
            <Unicode>de</Unicode>
          </TextEquiv>
        </Word>
        <Word id="region0001_line0006_word0003" custom="readingOrder {index:3;}">
          <Coords points="527,717 527,724 513,724 494,723 494,755 581,754 581,722 568,723 562,720 546,722 543,717"/>
          <TextEquiv conf="0.9273799">
            <Unicode>novo</Unicode>
          </TextEquiv>
        </Word>
        <Word id="region0001_line0006_word0004" custom="readingOrder {index:4;}">
          <Coords points="626,718 625,722 595,722 595,764 608,764 721,764 721,722 649,722 647,718"/>
          <TextEquiv conf="0.9273732">
            <Unicode>erigere</Unicode>
          </TextEquiv>
        </Word>
        <Word id="region0001_line0006_word0005" custom="readingOrder {index:5;}">
          <Coords points="798,715 794,723 738,723 738,760 974,759 974,723 910,723 905,715 888,715 885,723 863,724 855,723 854,715"/>
          <TextEquiv conf="0.8326013">
            <Unicode>conſiſtorium,</Unicode>
          </TextEquiv>
        </Word>
        <Word id="region0001_line0006_word0006" custom="readingOrder {index:6;}">
          <Coords points="1007,715 1005,716 1003,724 989,724 989,766 990,766 1048,766 1051,766 1051,720 1042,715 1028,718 1024,715"/>
          <TextEquiv conf="0.9193972">
            <Unicode>ubi</Unicode>
          </TextEquiv>
        </Word>
        <TextEquiv conf="0.91126674">
          <Unicode>nit plerumque de novo erigere conſiſtorium, ubi</Unicode>
        </TextEquiv>
      </TextLine>
      <TextLine id="region0001_line0007" custom="readingOrder {index:6;}">
        <Coords points="332,763 311,768 306,775 235,781 196,779 189,771 169,772 162,769 148,771 147,778 113,777 112,820 191,823 293,819 324,821 347,830 369,831 376,830 382,823 394,817 463,818 478,813 489,813 498,819 852,817 853,826 858,829 879,828 884,823 885,816 986,816 1001,813 1032,819 1046,819 1054,815 1067,817 1068,776 1055,775 1053,769 1048,767 1035,778 1027,775 992,774 991,768 987,765 977,765 972,769 950,765 946,767 944,775 939,775 933,766 920,766 915,775 832,775 826,766 812,766 806,775 771,776 767,765 727,766 722,769 720,775 709,777 688,776 681,767 670,767 663,776 653,775 639,768 633,768 630,775 587,776 580,766 569,766 562,775 540,776 521,774 513,765 481,765 475,774 466,774 463,765 448,763 435,767 421,766 414,774 380,774 367,778 349,774 343,763"/>
        <Baseline points="112,811 1067,808"/>
        <Word id="region0001_line0007_word0000" custom="readingOrder {index:0;}">
          <Coords points="155,772 189,772 189,811 155,811"/>
          <TextEquiv conf="0.8802402">
            <Unicode>id</Unicode>
          </TextEquiv>
        </Word>
        <Word id="region0001_line0007_word0001" custom="readingOrder {index:1;}">
          <Coords points="206,785 274,785 274,809 206,809"/>
          <TextEquiv conf="0.92502993">
            <Unicode>non</Unicode>
          </TextEquiv>
        </Word>
        <Word id="region0001_line0007_word0002" custom="readingOrder {index:2;}">
          <Coords points="323,765 311,768 306,775 291,776 291,817 348,817 348,772 344,765"/>
          <TextEquiv conf="0.8937075">
            <Unicode>eſt,</Unicode>
          </TextEquiv>
        </Word>
        <Word id="region0001_line0007_word0003" custom="readingOrder {index:3;}">
          <Coords points="417,769 414,774 380,774 368,777 368,823 382,822 394,817 463,818 478,813 489,813 498,819 550,818 550,775 540,776 521,774 515,768 478,768 475,774 466,774 464,768"/>
          <TextEquiv>
            <Unicode>præſertim</Unicode>
          </TextEquiv>
        </Word>
        <Word id="region0001_line0007_word0004" custom="readingOrder {index:4;}">
          <Coords points="571,773 571,807 604,807 604,775 587,776 584,773"/>
          <TextEquiv conf="0.91682017">
            <Unicode>in</Unicode>
          </TextEquiv>
        </Word>
        <Word id="region0001_line0007_word0005" custom="readingOrder {index:5;}">
          <Coords points="632,768 630,775 620,775 620,808 800,807 800,775 771,776 768,768 722,768 722,769 720,775 709,777 688,776 682,768 668,768 663,776 653,775 640,768"/>
          <TextEquiv>
            <Unicode>civitatibus</Unicode>
          </TextEquiv>
        </Word>
        <Word id="region0001_line0007_word0006" custom="readingOrder {index:6;}">
          <Coords points="815,768 815,817 852,817 852,819 885,819 885,816 986,816 1001,813 1027,818 1048,818 1049,818 1049,767 1048,767 1048,767 1035,778 1027,775 992,774 991,768 990,767 974,767 972,769 963,767 946,767 944,775 939,775 934,767 919,768 915,775 832,775 827,768"/>
          <TextEquiv>
            <Unicode>imperialibus.</Unicode>
          </TextEquiv>
        </Word>
        <TextEquiv>
          <Unicode>id non eſt, præſertim in civitatibus imperialibus.</Unicode>
        </TextEquiv>
      </TextLine>
      <TextLine id="region0001_line0008" custom="readingOrder {index:7;}">
        <Coords points="478,814 472,818 454,821 447,828 400,828 395,819 390,819 376,831 337,829 216,832 209,823 112,821 112,874 259,875 459,870 560,872 563,881 573,883 594,871 605,870 723,872 826,869 1030,869 1067,865 1067,818 1060,815 1045,820 1045,830 1025,829 1019,826 1018,818 1001,814 992,814 985,818 966,816 953,826 943,827 901,827 895,823 885,823 874,830 858,830 853,827 783,829 779,828 773,819 760,819 744,829 590,829 540,829 536,826 524,829 496,829 494,819 489,814"/>
        <Baseline points="112,864 1067,856"/>
        <Word id="region0001_line0008_word0000" custom="readingOrder {index:0;}">
          <Coords points="155,823 155,861 234,860 234,831 216,832 209,823 188,822"/>
          <TextEquiv conf="0.8726536">
            <Unicode>Nec</Unicode>
          </TextEquiv>
        </Word>
        <Word id="region0001_line0008_word0001" custom="readingOrder {index:1;}">
          <Coords points="387,821 376,831 337,829 254,831 254,859 407,858 407,828 400,828 396,821"/>
          <TextEquiv>
            <Unicode>convenit</Unicode>
          </TextEquiv>
        </Word>
        <Word id="region0001_line0008_word0002" custom="readingOrder {index:2;}">
          <Coords points="431,859 548,858 548,829 540,829 536,826 524,829 496,829 494,819 489,814 478,814 472,818 454,821 447,828 431,828"/>
          <TextEquiv conf="0.9222494">
            <Unicode>tollere</Unicode>
          </TextEquiv>
        </Word>
        <Word id="region0001_line0008_word0003" custom="readingOrder {index:3;}">
          <Coords points="570,829 692,829 692,870 570,870"/>
          <TextEquiv conf="0.91881347">
            <Unicode>præter</Unicode>
          </TextEquiv>
        </Word>
        <Word id="region0001_line0008_word0004" custom="readingOrder {index:4;}">
          <Coords points="758,820 744,829 713,829 713,855 875,855 875,829 874,830 858,830 853,827 783,829 779,828 773,820"/>
          <TextEquiv conf="0.9253782">
            <Unicode>rationem</Unicode>
          </TextEquiv>
        </Word>
        <Word id="region0001_line0008_word0005" custom="readingOrder {index:5;}">
          <Coords points="888,856 1061,855 1061,815 1060,815 1045,820 1045,830 1025,829 1019,826 1018,818 1001,814 992,814 985,818 966,816 953,826 943,827 901,827 895,823 888,823"/>
          <TextEquiv conf="0.72229856">
            <Unicode>conſiſto-</Unicode>
          </TextEquiv>
        </Word>
        <TextEquiv>
          <Unicode>Nec convenit tollere præter rationem conſiſto-</Unicode>
        </TextEquiv>
      </TextLine>
      <TextLine id="region0001_line0009" custom="readingOrder {index:8;}">
        <Coords points="442,871 434,876 398,875 393,882 388,882 380,875 370,875 365,880 357,873 343,874 341,884 203,885 193,885 186,876 181,875 172,876 167,884 162,881 112,882 113,925 180,926 207,930 217,935 229,931 255,930 258,935 275,937 283,934 285,926 293,924 339,925 341,933 355,936 363,933 367,926 533,921 549,923 723,921 772,925 785,919 792,919 795,933 809,933 816,922 826,920 1068,918 1068,884 1052,877 1038,878 1034,882 985,877 922,879 912,874 898,875 894,870 879,871 874,880 852,880 847,870 833,870 827,880 762,880 758,872 742,872 738,881 690,882 625,878 621,872 605,871 599,875 594,872 578,883 568,884 558,881 525,882 518,875 506,875 500,882 484,882 475,872"/>
        <Baseline points="113,915 1068,909"/>
        <Word id="region0001_line0009_word0000" custom="readingOrder {index:0;}">
          <Coords points="169,879 167,884 162,881 155,881 156,924 225,923 224,884 203,885 193,885 188,879"/>
          <TextEquiv conf="0.9261486">
            <Unicode>ria,</Unicode>
          </TextEquiv>
        </Word>
        <Word id="region0001_line0009_word0001" custom="readingOrder {index:1;}">
          <Coords points="329,888 255,888 255,927 284,927 285,926 293,924 329,924"/>
          <TextEquiv conf="0.9242538">
            <Unicode>quæ</Unicode>
          </TextEquiv>
        </Word>
        <Word id="region0001_line0009_word0002" custom="readingOrder {index:2;}">
          <Coords points="347,874 348,930 364,929 367,926 417,924 417,875 398,875 393,882 388,882 380,875 370,875 365,880 357,873"/>
          <TextEquiv>
            <Unicode>jam</Unicode>
          </TextEquiv>
        </Word>
        <Word id="region0001_line0009_word0003" custom="readingOrder {index:3;}">
          <Coords points="438,872 434,875 434,923 533,921 547,922 547,881 525,882 518,875 506,875 500,882 484,882 475,872"/>
          <TextEquiv conf="0.14171669">
            <Unicode>ſunt.</Unicode>
          </TextEquiv>
        </Word>
        <Word id="region0001_line0009_word0004" custom="readingOrder {index:4;}">
          <Coords points="580,914 620,914 619,878 585,878 579,882"/>
          <TextEquiv conf="0.7897232">
            <Unicode>Id</Unicode>
          </TextEquiv>
        </Word>
        <Word id="region0001_line0009_word0005" custom="readingOrder {index:5;}">
          <Coords points="642,888 723,887 723,913 642,914"/>
          <TextEquiv conf="0.9243433">
            <Unicode>vero</Unicode>
          </TextEquiv>
        </Word>
        <Word id="region0001_line0009_word0006" custom="readingOrder {index:6;}">
          <Coords points="745,876 745,922 770,924 772,924 785,919 792,919 793,924 814,924 816,922 826,920 916,919 916,876 914,875 876,875 874,880 852,880 849,875 829,875 827,880 762,880 759,875"/>
          <TextEquiv conf="0.8941744">
            <Unicode>imprimis</Unicode>
          </TextEquiv>
        </Word>
        <Word id="region0001_line0009_word0007" custom="readingOrder {index:7;}">
          <Coords points="930,883 1060,882 1060,910 930,911"/>
          <TextEquiv conf="0.81517744">
            <Unicode>curan-</Unicode>
          </TextEquiv>
        </Word>
        <TextEquiv>
          <Unicode>ria, quæ jam ſunt. Id vero imprimis curan-</Unicode>
        </TextEquiv>
      </TextLine>
      <TextLine id="region0001_line0010" custom="readingOrder {index:9;}">
        <Coords points="522,922 479,925 472,930 458,932 454,929 436,931 431,926 419,926 414,932 409,933 372,930 355,937 340,933 317,933 310,925 293,925 288,927 283,935 275,938 237,934 217,936 186,933 180,927 169,926 161,927 157,932 113,932 112,977 282,978 315,980 320,984 327,984 344,975 637,976 646,975 652,970 669,973 677,967 687,974 705,971 712,975 789,975 797,984 807,985 815,984 819,975 824,973 889,973 891,981 900,984 931,969 942,969 949,974 1047,974 1067,972 1068,966 1068,931 1061,931 1056,927 1044,931 900,931 896,928 883,932 853,932 849,929 839,930 834,922 826,921 816,923 814,930 809,934 795,934 792,920 785,920 777,927 754,931 733,931 731,924 715,922 709,926 707,932 610,933 603,924 577,923 573,925 572,931 568,932 549,931 543,923"/>
        <Baseline points="112,967 1068,962"/>
        <Word id="region0001_line0010_word0000" custom="readingOrder {index:0;}">
          <Coords points="157,932 157,969 239,968 239,934 237,934 217,936 186,933 184,931"/>
          <TextEquiv>
            <Unicode>dum</Unicode>
          </TextEquiv>
        </Word>
        <Word id="region0001_line0010_word0001" custom="readingOrder {index:1;}">
          <Coords points="286,929 283,935 275,938 265,936 265,974 331,974 331,933 317,933 313,929"/>
          <TextEquiv conf="0.8869931">
            <Unicode>eſt,</Unicode>
          </TextEquiv>
        </Word>
        <Word id="region0001_line0010_word0002" custom="readingOrder {index:2;}">
          <Coords points="362,938 400,937 400,968 362,969"/>
          <TextEquiv>
            <Unicode>ut</Unicode>
          </TextEquiv>
        </Word>
        <Word id="region0001_line0010_word0003" custom="readingOrder {index:3;}">
          <Coords points="418,926 414,932 409,933 407,932 407,968 602,967 602,926 572,926 572,931 568,932 549,931 545,926 476,926 472,930 458,932 454,929 436,931 431,926"/>
          <TextEquiv>
            <Unicode>conſiſtorii</Unicode>
          </TextEquiv>
        </Word>
        <Word id="region0001_line0010_word0004" custom="readingOrder {index:4;}">
          <Coords points="708,927 707,932 617,936 617,969 773,964 773,927 754,931 733,931 731,927"/>
          <TextEquiv conf="0.791768">
            <Unicode>membra</Unicode>
          </TextEquiv>
        </Word>
        <Word id="region0001_line0010_word0005" custom="readingOrder {index:5;}">
          <Coords points="955,931 900,931 896,928 883,932 853,932 849,929 839,930 834,922 826,921 816,923 814,930 809,934 798,934 798,978 817,977 819,975 824,973 889,973 890,977 913,977 931,969 942,969 949,974 955,974"/>
          <TextEquiv conf="0.7601541">
            <Unicode>pleraque</Unicode>
          </TextEquiv>
        </Word>
        <Word id="region0001_line0010_word0006" custom="readingOrder {index:6;}">
          <Coords points="1061,931 1056,927 1044,931 975,931 975,974 1047,974 1061,972"/>
          <TextEquiv>
            <Unicode>una</Unicode>
          </TextEquiv>
        </Word>
        <TextEquiv>
          <Unicode>dum eſt, ut conſiſtorii membra pleraque una</Unicode>
        </TextEquiv>
      </TextLine>
      <TextLine id="region0001_line0011" custom="readingOrder {index:10;}">
        <Coords points="675,968 669,974 661,971 650,972 643,985 598,984 588,977 575,977 568,985 562,978 551,978 544,985 533,985 520,994 506,992 502,987 502,979 484,980 444,975 344,976 335,979 326,987 292,986 288,980 282,979 272,979 266,987 207,987 203,982 194,980 185,980 176,986 167,987 112,987 112,1028 222,1029 241,1026 251,1028 253,1033 262,1039 278,1040 286,1034 287,1027 391,1027 403,1024 457,1027 465,1020 473,1020 480,1026 489,1026 496,1020 510,1020 513,1017 521,1018 529,1026 594,1025 655,1020 664,1025 702,1024 708,1027 725,1025 739,1028 747,1024 761,1026 771,1019 779,1019 781,1034 789,1036 805,1020 821,1020 827,1023 873,1023 885,1013 909,1022 989,1019 1003,1030 1010,1026 1011,1021 1067,1018 1067,976 1004,977 988,981 953,981 946,972 931,970 925,975 924,981 919,975 900,985 885,979 841,984 838,977 832,974 820,975 817,983 810,986 797,985 789,977 781,978 776,985 754,985 748,976 712,976 705,972 687,975"/>
        <Baseline points="112,1018 1067,1008"/>
        <Word id="region0001_line0011_word0000" custom="readingOrder {index:0;}">
          <Coords points="184,980 176,986 167,987 156,987 156,1014 235,1013 235,987 207,987 203,982 196,980"/>
          <TextEquiv>
            <Unicode>cum</Unicode>
          </TextEquiv>
        </Word>
        <Word id="region0001_line0011_word0001" custom="readingOrder {index:1;}">
          <Coords points="411,975 344,976 335,979 326,987 292,986 288,980 282,979 272,979 266,987 261,987 261,1028 287,1028 287,1027 391,1027 403,1024 411,1024"/>
          <TextEquiv>
            <Unicode>præſide</Unicode>
          </TextEquiv>
        </Word>
        <Word id="region0001_line0011_word0002" custom="readingOrder {index:2;}">
          <Coords points="423,978 423,1014 492,1014 492,979 484,980 468,978"/>
          <TextEquiv>
            <Unicode>ſint</Unicode>
          </TextEquiv>
        </Word>
        <Word id="region0001_line0011_word0003" custom="readingOrder {index:3;}">
          <Coords points="743,1025 743,976 712,976 705,972 687,975 675,968 669,974 661,971 650,972 643,985 598,984 588,977 575,977 568,985 562,978 551,978 544,985 533,985 520,994 520,1018 521,1018 529,1026 594,1025 655,1020 664,1025 702,1024 705,1025 724,1025 725,1025 726,1025"/>
          <TextEquiv>
            <Unicode>Jureconſulti,</Unicode>
          </TextEquiv>
        </Word>
        <Word id="region0001_line0011_word0004" custom="readingOrder {index:4;}">
          <Coords points="819,976 817,983 810,986 797,985 789,977 781,978 776,985 768,985 768,1021 771,1019 779,1019 779,1025 800,1025 805,1020 821,1020 827,1023 853,1023 853,982 841,984 838,977 836,976"/>
          <TextEquiv conf="0.8884817">
            <Unicode>quia</Unicode>
          </TextEquiv>
        </Word>
        <Word id="region0001_line0011_word0005" custom="readingOrder {index:5;}">
          <Coords points="1062,1018 1062,976 1004,977 988,981 953,981 946,972 931,970 925,975 924,981 919,975 900,985 885,979 877,979 877,1019 885,1013 902,1019"/>
          <TextEquiv>
            <Unicode>pleræque</Unicode>
          </TextEquiv>
        </Word>
        <TextEquiv>
          <Unicode>cum præſide ſint Jureconſulti, quia pleræque</Unicode>
        </TextEquiv>
      </TextLine>
      <TextLine id="region0001_line0012" custom="readingOrder {index:11;}">
        <Coords points="885,1014 868,1030 838,1030 821,1021 805,1021 789,1037 780,1034 779,1020 771,1020 761,1027 747,1025 743,1029 708,1028 702,1025 671,1030 655,1021 647,1021 595,1025 588,1029 584,1026 571,1026 564,1032 528,1033 529,1027 519,1018 496,1021 489,1027 480,1027 473,1021 465,1021 457,1028 455,1034 449,1029 435,1030 403,1025 390,1028 389,1035 355,1035 349,1029 336,1029 330,1034 325,1029 306,1028 300,1034 286,1035 278,1041 254,1037 248,1029 241,1027 225,1028 214,1037 201,1038 189,1039 187,1033 181,1030 166,1031 160,1039 131,1039 125,1034 117,1034 112,1039 113,1077 150,1079 163,1076 174,1080 228,1078 242,1075 260,1078 266,1084 308,1080 313,1085 328,1086 336,1084 339,1077 471,1073 476,1075 478,1086 483,1091 491,1091 497,1084 502,1088 510,1088 515,1083 516,1075 522,1073 762,1071 763,1083 770,1089 782,1086 785,1071 899,1071 926,1075 934,1080 983,1072 1068,1072 1067,1027 1025,1029 1021,1026 1011,1026 1003,1031 989,1020 981,1020 973,1022 970,1029 912,1029 910,1023"/>
        <Baseline points="113,1068 1068,1061"/>
        <Word id="region0001_line0012_word0000" custom="readingOrder {index:0;}">
          <Coords points="224,1028 214,1037 201,1038 189,1039 187,1033 181,1030 166,1031 160,1039 131,1039 125,1034 117,1034 118,1072 278,1071 277,1040 254,1037 248,1029 245,1028"/>
          <TextEquiv>
            <Unicode>cauſæ,</Unicode>
          </TextEquiv>
        </Word>
        <Word id="region0001_line0012_word0001" custom="readingOrder {index:1;}">
          <Coords points="389,1033 389,1035 355,1035 349,1029 336,1029 330,1034 325,1029 307,1028 308,1080 338,1080 339,1077 390,1075"/>
          <TextEquiv>
            <Unicode>quæ</Unicode>
          </TextEquiv>
        </Word>
        <Word id="region0001_line0012_word0002" custom="readingOrder {index:2;}">
          <Coords points="517,1018 496,1021 489,1027 480,1027 473,1021 465,1021 457,1028 455,1034 449,1029 435,1030 407,1025 407,1074 471,1073 476,1075 476,1079 515,1079 516,1075 517,1074"/>
          <TextEquiv>
            <Unicode>coram</Unicode>
          </TextEquiv>
        </Word>
        <Word id="region0001_line0012_word0003" custom="readingOrder {index:3;}">
          <Coords points="727,1028 708,1028 702,1025 671,1030 655,1021 647,1021 595,1025 588,1029 584,1026 571,1026 564,1032 535,1032 535,1072 727,1071"/>
          <TextEquiv>
            <Unicode>conſiſtorio</Unicode>
          </TextEquiv>
        </Word>
        <Word id="region0001_line0012_word0004" custom="readingOrder {index:4;}">
          <Coords points="884,1014 868,1030 838,1030 821,1021 805,1021 789,1037 780,1034 779,1020 771,1020 761,1027 748,1025 748,1071 762,1071 762,1076 783,1076 785,1071 899,1071 926,1075 927,1076 947,1076 946,1029 912,1029 910,1023 885,1014"/>
          <TextEquiv conf="0.7098239">
            <Unicode>tractantur,</Unicode>
          </TextEquiv>
        </Word>
        <Word id="region0001_line0012_word0005" custom="readingOrder {index:5;}">
          <Coords points="975,1023 976,1061 1060,1060 1059,1027 1025,1029 1021,1026 1011,1026 1003,1031 992,1022"/>
          <TextEquiv>
            <Unicode>ſunt</Unicode>
          </TextEquiv>
        </Word>
        <TextEquiv>
          <Unicode>cauſæ, quæ coram conſiſtorio tractantur, ſunt</Unicode>
        </TextEquiv>
      </TextLine>
      <TextLine id="region0001_line0013" custom="readingOrder {index:12;}">
        <Coords points="156,1077 150,1080 113,1078 112,1139 177,1139 182,1130 355,1127 365,1120 365,1091 360,1086 337,1084 318,1087 301,1082 266,1085 260,1079 242,1076 228,1079 213,1078 205,1086 198,1087 190,1079 173,1081"/>
        <Baseline points="112,1131 171,1120 365,1117"/>
        <Word id="region0001_line0013_word0000" custom="readingOrder {index:0;}">
          <Coords points="157,1087 157,1138 178,1138 182,1130 317,1128 317,1087 315,1086 200,1087 198,1087 198,1087"/>
          <TextEquiv>
            <Unicode>juridicæ.</Unicode>
          </TextEquiv>
        </Word>
        <TextEquiv>
          <Unicode>juridicæ.</Unicode>
        </TextEquiv>
      </TextLine>
      <TextEquiv>
        <Unicode>Jurisdictio pertinet ad partes ſummi imperii,
adeoque ad principem, indeque ex hujus arbi-
trio pendet, an collegio aut totam jurisdictionem,
aut partem ejus aliquam demandare velit. Sed
quia omnis mutatio periculoſa eſt, non conve-
nit plerumque de novo erigere conſiſtorium, ubi
id non eſt, præſertim in civitatibus imperialibus.
Nec convenit tollere præter rationem conſiſto-
ria, quæ jam ſunt. Id vero imprimis curan-
dum eſt, ut conſiſtorii membra pleraque una
cum præſide ſint Jureconſulti, quia pleræque
cauſæ, quæ coram conſiſtorio tractantur, ſunt
juridicæ.</Unicode>
      </TextEquiv>
    </TextRegion>
    <TextRegion id="TextRegion_1662991034571_1529" custom="readingOrder {index:3;} structure {type:heading;}" orientation="0.33482885" type="heading" readingDirection="left-to-right">
      <Coords points="150,1183 1065,1183 1065,1245 150,1245"/>
      <TextLine id="line_1662991034622_1532" custom="readingOrder {index:0;}">
        <Coords points="384,1189 473,1184 520,1185 535,1188 815,1184 820,1189 821,1219 812,1225 812,1232 806,1238 697,1238 686,1245 676,1245 672,1240 494,1241 488,1236 480,1236 474,1241 390,1242 386,1239 382,1223 381,1193"/>
        <Baseline points="385,1233 812,1228"/>
        <Word id="region0004_line0001_word0000" custom="readingOrder {index:0;}">
          <Coords points="442,1202 474,1202 474,1240 442,1240"/>
          <TextEquiv>
            <Unicode>K.</Unicode>
          </TextEquiv>
        </Word>
        <Word id="region0004_line0001_word0001" custom="readingOrder {index:1;}">
          <Coords points="548,1187 535,1188 520,1185 505,1184 505,1240 548,1240"/>
          <TextEquiv conf="0.43657917">
            <Unicode>P.</Unicode>
          </TextEquiv>
        </Word>
        <Word id="region0004_line0001_word0002" custom="readingOrder {index:2;}">
          <Coords points="606,1186 565,1187 565,1240 606,1240"/>
          <TextEquiv conf="0.9142388">
            <Unicode>G.</Unicode>
          </TextEquiv>
        </Word>
        <Word id="region0004_line0001_word0003" custom="readingOrder {index:3;}">
          <Coords points="664,1186 627,1186 627,1240 664,1240"/>
          <TextEquiv conf="0.88004273">
            <Unicode>C.</Unicode>
          </TextEquiv>
        </Word>
        <Word id="word_1662991034622_1534" custom="readingOrder {index:4;}">
          <Coords points="681,1185 721,1185 721,1238 697,1238 686,1245 681,1245"/>
          <TextEquiv conf="0.8416529">
            <Unicode>P.</Unicode>
          </TextEquiv>
        </Word>
        <Word id="region0004_line0001_word0005" custom="readingOrder {index:5;}">
          <Coords points="798,1199 738,1200 738,1238 798,1238"/>
          <TextEquiv conf="0.7832548">
            <Unicode>R.</Unicode>
          </TextEquiv>
        </Word>
        <TextEquiv>
          <Unicode>K. P. G. C. P. R.</Unicode>
        </TextEquiv>
      </TextLine>
      <TextEquiv>
        <Unicode>K. P. G. C. P. R.</Unicode>
      </TextEquiv>
    </TextRegion>
    <TextRegion id="TextRegion_1662991034571_1528" custom="readingOrder {index:4;}" orientation="0.33482885" readingDirection="left-to-right">
      <Coords points="150,1245 1065,1245 1065,1973 150,1973"/>
      <TextLine id="region0004_line0002" custom="readingOrder {index:0;}">
        <Coords points="474,1253 461,1259 450,1258 451,1246 449,1245 430,1245 430,1259 409,1259 408,1250 404,1246 392,1245 387,1250 387,1258 373,1262 369,1272 364,1269 363,1262 355,1258 344,1258 338,1264 246,1265 241,1270 241,1300 246,1305 254,1305 260,1309 302,1316 310,1316 317,1311 325,1311 334,1316 341,1310 349,1310 353,1314 352,1321 362,1325 372,1322 377,1315 384,1315 395,1307 406,1309 410,1312 415,1309 420,1311 426,1307 432,1312 437,1309 441,1312 450,1309 457,1313 461,1309 468,1314 474,1309 478,1315 488,1310 495,1313 512,1313 518,1309 548,1312 624,1307 643,1311 668,1307 694,1310 702,1307 708,1312 720,1309 727,1317 766,1308 817,1306 854,1308 855,1313 861,1317 876,1318 883,1316 886,1304 894,1303 903,1310 938,1309 950,1306 957,1310 991,1311 998,1306 1005,1306 1021,1321 1026,1319 1031,1307 1043,1302 1062,1303 1065,1306 1065,1270 1061,1269 1061,1265 1065,1263 1064,1245 1045,1245 1040,1259 1019,1254 1012,1261 1008,1255 1001,1253 998,1245 969,1245 968,1247 969,1260 961,1262 957,1268 895,1270 891,1268 891,1262 886,1257 870,1261 866,1269 851,1268 847,1259 826,1255 826,1245 801,1245 801,1255 786,1258 782,1267 766,1268 764,1260 756,1254 743,1257 715,1254 711,1257 707,1270 705,1246 704,1245 689,1245 685,1247 683,1254 663,1257 658,1261 656,1268 650,1268 649,1259 644,1254 601,1254 592,1257 588,1262 575,1261 570,1265 508,1262 508,1250 504,1245 474,1245"/>
        <Baseline points="241,1299 318,1306 1065,1300"/>
        <Word id="word_1662991322287_1710" custom="readingOrder {index:0;}">
          <Coords points="480,1237 474,1242 474,1253 461,1259 450,1258 451,1246 445,1241 431,1243 430,1259 409,1259 408,1250 404,1246 392,1245 387,1250 387,1258 373,1262 369,1272 364,1269 363,1262 355,1258 344,1258 338,1264 307,1264 307,1310 341,1310 349,1310 391,1310 395,1307 406,1309 407,1310 413,1310 415,1309 417,1310 422,1310 426,1307 429,1310 436,1310 437,1309 438,1310 448,1310 450,1309 451,1310 460,1310 461,1309 462,1310 473,1309 474,1309 474,1309 518,1309 518,1309 519,1309 532,1309 607,1308 613,1307 613,1254 601,1254 592,1257 588,1262 575,1261 570,1265 508,1262 508,1250 503,1243 494,1242 488,1237"/>
          <TextEquiv>
            <Unicode>Conſiſtorial - Räthe</Unicode>
          </TextEquiv>
        </Word>
        <Word id="word_1662991348595_1737" custom="readingOrder {index:1;}">
          <Coords points="620,1254 644,1254 649,1259 650,1268 656,1268 658,1261 663,1257 683,1254 685,1247 689,1245 704,1245 705,1246 707,1270 711,1257 715,1254 724,1254 724,1293 620,1294"/>
          <TextEquiv conf="0.8074706">
            <Unicode>haben</Unicode>
          </TextEquiv>
        </Word>
        <Word id="region0004_line0002_word0003" custom="readingOrder {index:2;}">
          <Coords points="794,1256 786,1258 782,1267 766,1268 764,1260 756,1254 743,1257 739,1256 739,1308 789,1307 794,1306"/>
          <TextEquiv conf="0.8612973">
            <Unicode>den</Unicode>
          </TextEquiv>
        </Word>
        <Word id="word_1662991034623_1537" custom="readingOrder {index:3;} textStyle {offset:0; length:4;italic:true; fontSize:0.0; kerning:0;}">
          <Coords points="805,1245 826,1245 826,1255 847,1259 851,1268 866,1269 870,1261 886,1257 886,1297 805,1297"/>
          <TextEquiv>
            <Unicode>Rang</Unicode>
          </TextEquiv>
        </Word>
        <Word id="region0004_line0002_word0005" custom="readingOrder {index:4;}">
          <Coords points="901,1286 948,1285 948,1268 901,1269"/>
          <TextEquiv conf="0.9271831">
            <Unicode>vor</Unicode>
          </TextEquiv>
        </Word>
        <Word id="region0004_line0002_word0006" custom="readingOrder {index:5;}">
          <Coords points="1062,1241 1046,1244 1040,1259 1019,1254 1012,1261 1008,1255 1001,1253 998,1242 974,1240 968,1247 969,1260 961,1262 957,1268 956,1268 956,1303 1040,1303 1043,1302 1062,1303 1062,1269 1061,1269 1061,1265 1062,1264"/>
          <TextEquiv>
            <Unicode>Amts-</Unicode>
          </TextEquiv>
        </Word>
        <TextEquiv>
          <Unicode>Conſiſtorial - Räthe haben den Rang vor Amts-</Unicode>
        </TextEquiv>
      </TextLine>
      <TextLine id="region0004_line0003" custom="readingOrder {index:1;}">
        <Coords points="182,1305 177,1310 180,1347 187,1352 190,1359 203,1354 208,1357 220,1355 226,1361 290,1360 294,1357 310,1357 327,1352 339,1357 383,1358 406,1355 414,1346 433,1346 437,1351 453,1353 458,1346 466,1348 484,1345 490,1352 506,1348 512,1351 546,1353 552,1357 566,1355 586,1362 592,1361 606,1350 614,1350 619,1355 652,1353 661,1359 667,1359 674,1351 682,1351 689,1355 720,1353 731,1360 799,1350 811,1353 831,1350 874,1353 895,1351 915,1356 924,1354 928,1359 936,1360 942,1352 951,1351 970,1351 977,1356 986,1356 994,1351 1015,1352 1019,1355 1023,1352 1036,1352 1041,1357 1050,1352 1064,1355 1065,1340 1065,1307 1062,1304 1046,1303 1031,1308 1030,1314 1023,1322 1016,1320 1005,1307 998,1307 987,1315 958,1312 950,1307 936,1311 917,1309 903,1311 894,1304 886,1305 884,1316 876,1319 861,1318 855,1314 843,1314 835,1309 817,1307 766,1309 727,1318 720,1310 708,1313 702,1308 694,1311 674,1308 646,1310 640,1314 624,1308 548,1313 518,1310 509,1318 497,1318 496,1314 489,1311 478,1316 474,1310 468,1315 461,1310 457,1314 450,1310 444,1313 437,1310 432,1313 426,1308 420,1312 415,1310 410,1313 406,1310 395,1308 388,1312 382,1321 362,1326 351,1321 352,1314 349,1311 341,1311 333,1319 325,1312 317,1312 308,1319 259,1309 197,1311 190,1305"/>
        <Baseline points="185,1350 512,1343 1065,1347"/>
        <Word id="word_1662991374670_1766" custom="readingOrder {index:0;}">
          <Coords points="186,1315 190,1353 323,1353 327,1352 329,1353 407,1353 414,1346 433,1346 437,1351 453,1353 458,1346 466,1348 484,1345 490,1352 506,1348 512,1351 512,1315 509,1318 497,1318 496,1314 489,1311 478,1316 474,1310 468,1315 461,1310 457,1314 450,1310 444,1313 437,1310 432,1313 426,1308 420,1312 415,1310 410,1313 406,1310 399,1308 393,1308 388,1312 382,1321 362,1326 351,1321 352,1314 349,1311 341,1311 333,1319 325,1312 317,1312 308,1319 275,1312"/>
          <TextEquiv>
            <Unicode>Cammer - Räthe.</Unicode>
          </TextEquiv>
        </Word>
        <Word id="region0004_line0003_word0002" custom="readingOrder {index:1;} textStyle {offset:0; length:8;italic:true; fontSize:0.0; kerning:0;}">
          <Coords points="718,1314 544,1315 544,1352 546,1353 552,1357 566,1355 582,1360 592,1360 606,1350 614,1350 619,1355 652,1353 661,1359 667,1359 674,1351 682,1351 689,1355 718,1353"/>
          <TextEquiv conf="0.3332917">
            <Unicode>Beſcheid</Unicode>
          </TextEquiv>
        </Word>
        <Word id="region0004_line0003_word0003" custom="readingOrder {index:2;} textStyle {offset:0; length:2;italic:true; fontSize:0.0; kerning:0;}">
          <Coords points="729,1317 727,1318 720,1310 708,1313 702,1308 694,1311 689,1310 689,1355 720,1353 729,1358"/>
          <TextEquiv conf="0.29831162">
            <Unicode>v.</Unicode>
          </TextEquiv>
        </Word>
        <Word id="region0004_line0003_word0004" custom="readingOrder {index:3;} textStyle {offset:0; length:2;italic:true; fontSize:0.0; kerning:0;}">
          <Coords points="735,1327 762,1326 762,1355 735,1356"/>
          <TextEquiv>
            <Unicode>9.</Unicode>
          </TextEquiv>
        </Word>
        <Word id="region0004_line0003_word0005" custom="readingOrder {index:4;} textStyle {offset:0; length:5;italic:true; fontSize:0.0; kerning:0;}">
          <Coords points="776,1315 776,1347 871,1347 871,1318 861,1318 856,1315"/>
          <TextEquiv conf="0.7685894">
            <Unicode>Mart.</Unicode>
          </TextEquiv>
        </Word>
        <Word id="region0004_line0003_word0006" custom="readingOrder {index:5;} textStyle {offset:0; length:5;italic:true; fontSize:0.0; kerning:0;}">
          <Coords points="886,1309 886,1351 895,1351 913,1355 917,1355 924,1354 925,1355 939,1355 942,1352 951,1351 955,1351 955,1310 951,1308 946,1308 936,1311 917,1309 903,1311 900,1308"/>
          <TextEquiv>
            <Unicode>1687.</Unicode>
          </TextEquiv>
        </Word>
        <Word id="region0004_line0003_word0007" custom="readingOrder {index:6;}">
          <Coords points="984,1350 1061,1350 1061,1305 1040,1305 1031,1308 1030,1314 1023,1322 1016,1320 1005,1307 998,1307 987,1315 984,1314"/>
          <TextEquiv conf="0.076108396">
            <Unicode>und</Unicode>
          </TextEquiv>
        </Word>
        <TextEquiv>
          <Unicode>Cammer - Räthe. Beſcheid v. 9. Mart. 1687. und</Unicode>
        </TextEquiv>
      </TextLine>
      <TextLine id="region0004_line0004" custom="readingOrder {index:2;}">
        <Coords points="502,1349 481,1355 465,1352 435,1352 426,1358 401,1356 385,1364 376,1363 370,1357 339,1358 327,1353 322,1356 314,1355 310,1358 294,1358 290,1361 268,1364 226,1366 226,1362 220,1356 208,1358 198,1355 191,1359 191,1367 183,1367 178,1372 179,1398 184,1403 281,1403 297,1400 306,1404 328,1405 342,1405 348,1402 364,1405 417,1403 425,1397 445,1398 448,1402 473,1398 485,1405 521,1399 568,1402 576,1394 581,1393 589,1402 615,1397 651,1400 672,1398 688,1401 742,1401 755,1396 809,1399 863,1397 873,1402 884,1402 893,1396 925,1395 933,1398 954,1396 1065,1400 1064,1356 1057,1353 1050,1353 1042,1360 1036,1353 1023,1353 1019,1356 1015,1353 994,1352 985,1360 978,1360 970,1352 951,1352 942,1353 936,1361 931,1361 924,1355 915,1357 895,1352 874,1354 831,1351 811,1354 799,1351 785,1353 777,1359 731,1361 720,1354 705,1354 700,1360 690,1360 687,1354 674,1352 667,1361 658,1361 652,1354 641,1354 637,1356 636,1361 619,1362 619,1356 614,1351 606,1351 597,1357 596,1362 586,1363 566,1356 558,1362 546,1354"/>
        <Baseline points="179,1393 1065,1390"/>
        <Word id="region0004_line0004_word0000" custom="readingOrder {index:0;}">
          <Coords points="200,1358 218,1358 218,1368 200,1368"/>
          <TextEquiv conf="0.79474664">
            <Unicode>es</Unicode>
          </TextEquiv>
        </Word>
        <Word id="region0004_line0004_word0001" custom="readingOrder {index:1;}">
          <Coords points="312,1356 310,1358 297,1358 298,1395 334,1395 333,1356 322,1356"/>
          <TextEquiv conf="0.89121354">
            <Unicode>iſt</Unicode>
          </TextEquiv>
        </Word>
        <Word id="region0004_line0004_word0002" custom="readingOrder {index:2;}">
          <Coords points="351,1363 352,1396 408,1395 407,1362 388,1362 385,1364 376,1363 376,1363"/>
          <TextEquiv conf="0.9153778">
            <Unicode>das</Unicode>
          </TextEquiv>
        </Word>
        <Word id="region0004_line0004_word0003" custom="readingOrder {index:3;}">
          <Coords points="433,1352 426,1358 422,1357 422,1398 425,1397 445,1398 446,1399 461,1399 473,1398 476,1399 516,1399 521,1399 531,1399 570,1399 576,1394 581,1393 586,1399 602,1399 615,1397 642,1399 659,1399 672,1398 678,1399 731,1399 730,1360 720,1354 705,1354 700,1360 690,1360 687,1354 675,1352 673,1352 667,1361 658,1361 652,1354 641,1354 637,1356 636,1361 619,1362 619,1356 615,1352 603,1352 597,1357 596,1362 586,1363 566,1356 558,1362 546,1354 534,1352 488,1352 481,1355 469,1352"/>
          <TextEquiv conf="0.36805344">
            <Unicode>Conſiſtorium</Unicode>
          </TextEquiv>
        </Word>
        <Word id="region0004_line0004_word0004" custom="readingOrder {index:4;}">
          <Coords points="731,1361 731,1361 720,1354 705,1354 700,1360 690,1360 687,1354 674,1352 667,1361 658,1361 655,1358 656,1400 672,1398 688,1401 732,1401"/>
          <TextEquiv>
            <Unicode>auch</Unicode>
          </TextEquiv>
        </Word>
        <Word id="region0004_line0004_word0005" custom="readingOrder {index:5;} textStyle {offset:0; length:3;italic:true; fontSize:0.0; kerning:0;}">
          <Coords points="754,1390 806,1390 805,1358 778,1358 777,1359 753,1360"/>
          <TextEquiv conf="0.9030781">
            <Unicode>mit</Unicode>
          </TextEquiv>
        </Word>
        <Word id="word_1662991419761_1823" custom="readingOrder {index:6;} textStyle {offset:0; length:11;italic:true; fontSize:0.0; kerning:0;}">
          <Coords points="828,1357 913,1356 915,1357 916,1356 925,1356 931,1361 936,1361 939,1356 974,1356 978,1360 985,1360 989,1356 995,1356 995,1397 954,1396 933,1398 925,1395 893,1396 887,1399 868,1399 863,1397 828,1398"/>
          <TextEquiv>
            <Unicode>Geiſtlichen</Unicode>
          </TextEquiv>
        </Word>
        <Word id="word_1662991419760_1822" custom="readingOrder {index:7;} textStyle {offset:0; length:2;italic:true; fontSize:0.0; kerning:0;}">
          <Coords points="995,1356 1038,1356 1042,1360 1046,1356 1058,1356 1059,1399 1039,1399 995,1397"/>
          <TextEquiv>
            <Unicode>zu</Unicode>
          </TextEquiv>
        </Word>
        <TextEquiv>
          <Unicode>es iſt das Conſiſtorium auch mit Geiſtlichen zu</Unicode>
        </TextEquiv>
      </TextLine>
      <TextLine id="region0004_line0005" custom="readingOrder {index:3;}">
        <Coords points="576,1395 567,1407 546,1406 537,1400 521,1400 512,1405 485,1406 473,1399 448,1403 445,1399 432,1398 425,1398 416,1405 406,1405 400,1408 366,1408 355,1403 345,1404 341,1408 308,1408 297,1401 284,1402 276,1409 268,1409 266,1404 256,1402 247,1402 241,1406 189,1404 184,1409 184,1439 192,1447 262,1447 265,1451 280,1455 288,1452 290,1448 362,1445 368,1442 380,1452 388,1451 391,1447 435,1444 549,1447 632,1444 646,1449 657,1446 664,1440 687,1442 692,1448 703,1451 715,1441 781,1442 804,1439 812,1442 848,1440 853,1443 879,1444 928,1442 938,1449 954,1449 957,1443 988,1443 1001,1440 1009,1448 1022,1444 1029,1450 1051,1446 1058,1439 1065,1438 1065,1402 1021,1403 1017,1400 1005,1400 975,1404 970,1398 933,1399 925,1396 893,1397 884,1403 854,1398 820,1404 805,1403 802,1399 787,1399 784,1403 781,1399 766,1397 755,1397 749,1404 721,1404 715,1400 697,1400 690,1404 685,1400 651,1401 622,1398 589,1403 581,1394"/>
        <Baseline points="184,1438 1065,1431"/>
        <Word id="region0004_line0005_word0000" custom="readingOrder {index:0;} textStyle {offset:0; length:9;italic:true; fontSize:0.0; kerning:0;}">
          <Coords points="242,1404 241,1406 219,1405 219,1447 262,1447 264,1449 289,1449 290,1448 362,1445 368,1442 376,1449 389,1449 391,1447 394,1446 394,1408 366,1408 357,1404 344,1404 341,1408 308,1408 302,1404 280,1404 276,1409 268,1409 266,1404"/>
          <TextEquiv>
            <Unicode>beſetzen,</Unicode>
          </TextEquiv>
        </Word>
        <Word id="region0004_line0005_word0001" custom="readingOrder {index:1;}">
          <Coords points="423,1398 416,1405 407,1405 407,1438 501,1437 501,1405 485,1406 473,1399 448,1403 445,1399 440,1398"/>
          <TextEquiv>
            <Unicode>nach</Unicode>
          </TextEquiv>
        </Word>
        <Word id="region0004_line0005_word0002" custom="readingOrder {index:2;}">
          <Coords points="509,1439 581,1438 581,1395 575,1395 567,1407 546,1406 537,1400 521,1400 512,1405 509,1405"/>
          <TextEquiv conf="0.8007086">
            <Unicode>dem</Unicode>
          </TextEquiv>
        </Word>
        <Word id="region0004_line0005_word0003" custom="readingOrder {index:3;} textStyle {offset:0; length:8;italic:true; fontSize:0.0; kerning:0;}">
          <Coords points="609,1403 609,1444 632,1444 637,1446 657,1446 664,1440 687,1442 690,1446 709,1446 715,1441 743,1441 743,1404 721,1404 719,1403 691,1403 690,1404 688,1403"/>
          <TextEquiv>
            <Unicode>Reſcript</Unicode>
          </TextEquiv>
        </Word>
        <Word id="region0004_line0005_word0004" custom="readingOrder {index:4;} textStyle {offset:0; length:3;italic:true; fontSize:0.0; kerning:0;}">
          <Coords points="755,1403 755,1434 817,1434 817,1403 805,1403 784,1403"/>
          <TextEquiv>
            <Unicode>vom</Unicode>
          </TextEquiv>
        </Word>
        <Word id="region0004_line0005_word0005" custom="readingOrder {index:5;} textStyle {offset:0; length:3;italic:true; fontSize:0.0; kerning:0;}">
          <Coords points="835,1404 868,1404 868,1434 835,1434"/>
          <TextEquiv>
            <Unicode>16.</Unicode>
          </TextEquiv>
        </Word>
        <Word id="region0004_line0005_word0006" custom="readingOrder {index:6;} textStyle {offset:0; length:4;italic:true; fontSize:0.0; kerning:0;}">
          <Coords points="967,1401 885,1401 884,1403 884,1443 928,1442 932,1445 955,1445 957,1443 967,1443"/>
          <TextEquiv conf="0.91589856">
            <Unicode>Maji</Unicode>
          </TextEquiv>
        </Word>
        <Word id="region0004_line0005_word0007" custom="readingOrder {index:7;} textStyle {offset:0; length:5;italic:true; fontSize:0.0; kerning:0;}">
          <Coords points="1060,1405 986,1405 986,1442 992,1442 1001,1440 1003,1442 1055,1442 1058,1439 1060,1438"/>
          <TextEquiv>
            <Unicode>1637.</Unicode>
          </TextEquiv>
        </Word>
        <TextEquiv>
          <Unicode>beſetzen, nach dem Reſcript vom 16. Maji 1637.</Unicode>
        </TextEquiv>
      </TextLine>
      <TextLine id="region0004_line0006" custom="readingOrder {index:4;}">
        <Coords points="368,1443 362,1446 327,1447 310,1453 287,1453 283,1456 265,1452 262,1448 188,1447 183,1452 183,1482 198,1493 213,1493 217,1496 229,1493 326,1493 341,1490 387,1489 516,1489 519,1496 527,1499 546,1498 553,1492 740,1491 759,1487 777,1489 786,1486 796,1486 806,1492 815,1492 818,1489 867,1490 882,1487 888,1497 898,1496 904,1491 962,1491 973,1495 984,1494 988,1489 1007,1493 1065,1490 1065,1453 1042,1449 1029,1451 1022,1445 1009,1449 1001,1441 986,1444 982,1449 970,1450 938,1450 928,1443 916,1449 883,1449 876,1443 863,1443 857,1449 848,1441 834,1441 822,1449 815,1449 813,1443 804,1440 784,1441 777,1448 753,1447 749,1443 742,1441 715,1442 703,1452 676,1448 674,1443 664,1441 657,1447 646,1450 622,1447 590,1451 584,1445 569,1446 563,1451 522,1451 489,1449 484,1445 468,1445 462,1450 455,1450 449,1445 435,1445 420,1451 380,1453"/>
        <Baseline points="183,1482 1065,1481"/>
        <Word id="region0004_line0006_word0000" custom="readingOrder {index:0;}">
          <Coords points="184,1456 184,1482 193,1489 326,1489 326,1455 283,1455 283,1456 279,1455"/>
          <TextEquiv>
            <Unicode>Von</Unicode>
          </TextEquiv>
        </Word>
        <Word id="region0004_line0006_word0001" custom="readingOrder {index:1;}">
          <Coords points="343,1450 343,1490 387,1489 516,1489 518,1494 548,1494 548,1451 522,1451 493,1449 463,1449 462,1450 455,1450 454,1449 423,1450 420,1451 380,1453 376,1450"/>
          <TextEquiv>
            <Unicode>Unterhaltung</Unicode>
          </TextEquiv>
        </Word>
        <Word id="region0004_line0006_word0002" custom="readingOrder {index:2;}">
          <Coords points="564,1453 613,1452 613,1483 564,1484"/>
          <TextEquiv conf="0.93110824">
            <Unicode>des</Unicode>
          </TextEquiv>
        </Word>
        <Word id="region0004_line0006_word0003" custom="readingOrder {index:3;}">
          <Coords points="635,1449 635,1488 757,1487 759,1487 761,1487 782,1487 786,1486 796,1486 797,1487 814,1487 814,1448 707,1448 703,1452 681,1448 649,1448 646,1450 637,1448"/>
          <TextEquiv>
            <Unicode>Conſiſtorii</Unicode>
          </TextEquiv>
        </Word>
        <Word id="region0004_line0006_word0004" custom="readingOrder {index:4;}">
          <Coords points="825,1448 825,1489 867,1490 882,1487 885,1493 901,1493 903,1491 903,1449 883,1449 881,1448 858,1448 857,1449 855,1448"/>
          <TextEquiv>
            <Unicode>ſiehe</Unicode>
          </TextEquiv>
        </Word>
        <Word id="region0004_line0006_word0005" custom="readingOrder {index:5;}">
          <Coords points="920,1447 920,1488 1059,1487 1059,1451 1042,1449 1029,1451 1023,1446 1017,1446 1009,1449 1006,1446 983,1446 982,1449 970,1450 938,1450 933,1446"/>
          <TextEquiv>
            <Unicode>Conſiſto-</Unicode>
          </TextEquiv>
        </Word>
        <TextEquiv>
          <Unicode>Von Unterhaltung des Conſiſtorii ſiehe Conſiſto-</Unicode>
        </TextEquiv>
      </TextLine>
      <TextLine id="region0004_line0007" custom="readingOrder {index:5;}">
        <Coords points="387,1490 381,1496 341,1491 326,1494 295,1492 288,1500 280,1493 269,1493 263,1500 185,1501 180,1506 180,1532 185,1537 320,1537 326,1534 342,1534 364,1537 368,1540 392,1541 401,1535 412,1535 417,1539 426,1535 437,1535 446,1541 459,1541 470,1540 476,1535 500,1533 505,1536 528,1532 533,1527 547,1526 557,1534 564,1533 573,1542 589,1543 658,1540 669,1530 695,1537 712,1534 721,1540 729,1533 772,1537 780,1529 787,1529 792,1540 815,1539 837,1532 847,1532 853,1537 860,1537 870,1527 878,1528 883,1539 911,1534 996,1535 1016,1533 1022,1527 1052,1536 1064,1535 1065,1496 1058,1495 1010,1495 988,1490 981,1496 905,1493 888,1498 882,1488 872,1488 864,1495 833,1495 806,1493 796,1487 786,1487 777,1490 719,1490 707,1496 664,1495 658,1491 646,1491 641,1494 599,1491 594,1494 527,1500 517,1495 408,1497 398,1490"/>
        <Baseline points="180,1527 559,1524 613,1532 656,1524 1065,1525"/>
        <Word id="word_1662991537324_1938" custom="readingOrder {index:0;} textStyle {offset:0; length:12;italic:true; fontSize:0.0; kerning:0;}">
          <Coords points="264,1497 263,1500 247,1500 247,1530 334,1534 424,1533 424,1496 408,1497 405,1495 382,1495 381,1496 373,1495 334,1495 290,1496 288,1500 284,1497"/>
          <TextEquiv>
            <Unicode>rial - Ordn.</Unicode>
          </TextEquiv>
        </Word>
        <Word id="region0004_line0007_word0003" custom="readingOrder {index:1;} textStyle {offset:0; length:2;italic:true; fontSize:0.0; kerning:0;}">
          <Coords points="495,1495 458,1496 458,1541 459,1541 470,1540 476,1535 495,1533"/>
          <TextEquiv>
            <Unicode>v.</Unicode>
          </TextEquiv>
        </Word>
        <Word id="region0004_line0007_word0004" custom="readingOrder {index:2;} textStyle {offset:0; length:4;italic:true; fontSize:0.0; kerning:0;}">
          <Coords points="561,1496 527,1500 517,1495 504,1495 504,1535 505,1536 528,1532 533,1527 547,1526 557,1534 561,1533"/>
          <TextEquiv>
            <Unicode>anno</Unicode>
          </TextEquiv>
        </Word>
        <Word id="region0004_line0007_word0005" custom="readingOrder {index:3;}">
          <Coords points="665,1497 581,1497 581,1536 662,1536 665,1533"/>
          <TextEquiv>
            <Unicode>1573.</Unicode>
          </TextEquiv>
        </Word>
        <Word id="region0004_line0007_word0006" custom="readingOrder {index:4;}">
          <Coords points="782,1488 777,1490 719,1490 707,1496 683,1495 683,1533 695,1537 712,1534 721,1540 729,1533 772,1537 780,1529 787,1529 792,1540 815,1539 823,1536 823,1494 806,1493 797,1488"/>
          <TextEquiv>
            <Unicode>woſelbſt</Unicode>
          </TextEquiv>
        </Word>
        <Word id="region0004_line0007_word0007" custom="readingOrder {index:5;}">
          <Coords points="872,1488 864,1495 836,1495 836,1532 837,1532 847,1532 853,1537 860,1537 870,1527 878,1528 883,1539 903,1535 903,1493 888,1498 882,1488"/>
          <TextEquiv>
            <Unicode>auch</Unicode>
          </TextEquiv>
        </Word>
        <Word id="region0004_line0007_word0008" custom="readingOrder {index:6;}">
          <Coords points="907,1502 967,1501 967,1526 907,1527"/>
          <TextEquiv conf="0.9230791">
            <Unicode>von</Unicode>
          </TextEquiv>
        </Word>
        <Word id="region0004_line0007_word0009" custom="readingOrder {index:7;}">
          <Coords points="983,1494 981,1496 980,1496 980,1533 1016,1533 1022,1527 1042,1533 1058,1533 1058,1495 1010,1495 1006,1494"/>
          <TextEquiv>
            <Unicode>dem</Unicode>
          </TextEquiv>
        </Word>
        <TextEquiv>
          <Unicode>rial - Ordn. v. anno 1573. woſelbſt auch von dem</Unicode>
        </TextEquiv>
      </TextLine>
      <TextLine id="region0004_line0008" custom="readingOrder {index:6;}">
        <Coords points="545,1527 505,1537 500,1534 476,1536 469,1543 446,1542 437,1536 426,1536 417,1540 408,1535 401,1536 393,1542 368,1541 364,1538 342,1535 326,1535 312,1540 281,1537 188,1538 185,1542 186,1572 198,1583 225,1584 255,1583 264,1580 282,1580 288,1583 321,1582 342,1577 355,1580 412,1579 431,1578 448,1573 488,1574 506,1580 567,1579 580,1584 592,1580 637,1580 643,1577 665,1576 686,1576 692,1579 762,1578 812,1577 819,1574 831,1577 847,1574 866,1574 873,1577 913,1574 938,1579 1001,1579 1008,1575 1022,1579 1048,1575 1065,1576 1064,1540 1053,1539 1048,1534 1035,1533 1028,1528 1022,1528 1016,1534 996,1536 941,1534 931,1537 883,1540 879,1537 878,1529 870,1528 860,1538 853,1538 847,1533 837,1533 831,1537 796,1541 789,1539 787,1530 780,1530 772,1539 744,1540 737,1534 729,1534 722,1541 712,1535 682,1539 679,1534 669,1531 658,1541 590,1544 573,1543 564,1534 557,1535"/>
        <Baseline points="187,1573 1065,1569"/>
        <Word id="word_1662991607235_2007" custom="readingOrder {index:0;}">
          <Coords points="250,1539 251,1572 440,1575 448,1573 488,1574 493,1575 496,1576 586,1576 585,1543 573,1543 564,1534 557,1535 545,1527 505,1537 500,1534 476,1536 469,1543 446,1542 437,1536 426,1536 417,1540 408,1535 401,1536 393,1542 368,1541 364,1538 343,1535 323,1536 312,1540 286,1537"/>
          <TextEquiv>
            <Unicode>Conſiſtorial - Fiſcal,</Unicode>
          </TextEquiv>
        </Word>
        <Word id="region0004_line0008_word0002" custom="readingOrder {index:1;}">
          <Coords points="667,1533 658,1541 612,1543 613,1569 677,1569 676,1533 676,1533"/>
          <TextEquiv conf="0.92132294">
            <Unicode>und</Unicode>
          </TextEquiv>
        </Word>
        <Word id="region0004_line0008_word0003" custom="readingOrder {index:2;}">
          <Coords points="700,1568 808,1567 807,1539 796,1541 789,1539 787,1530 780,1530 772,1539 744,1540 737,1534 729,1534 722,1541 712,1535 699,1536"/>
          <TextEquiv conf="0.86703336">
            <Unicode>ſeinem</Unicode>
          </TextEquiv>
        </Word>
        <Word id="region0004_line0008_word0004" custom="readingOrder {index:3;}">
          <Coords points="830,1568 926,1567 925,1537 883,1540 879,1537 878,1529 870,1528 860,1538 853,1538 847,1533 837,1533 831,1537 829,1537"/>
          <TextEquiv conf="0.92909646">
            <Unicode>Amte.</Unicode>
          </TextEquiv>
        </Word>
        <Word id="region0004_line0008_word0005" custom="readingOrder {index:4;}">
          <Coords points="979,1571 1058,1571 1057,1539 1053,1539 1048,1534 1035,1533 1028,1528 1022,1528 1016,1534 996,1536 978,1535"/>
          <TextEquiv>
            <Unicode>Daſs</Unicode>
          </TextEquiv>
        </Word>
        <TextEquiv>
          <Unicode>Conſiſtorial - Fiſcal, und ſeinem Amte. Daſs</Unicode>
        </TextEquiv>
      </TextLine>
      <TextLine id="region0004_line0009" custom="readingOrder {index:7;}">
        <Coords points="448,1574 431,1579 413,1579 408,1585 358,1584 352,1579 342,1578 328,1583 297,1586 282,1581 264,1581 252,1587 194,1589 188,1595 188,1622 191,1626 199,1628 252,1627 259,1622 266,1622 276,1627 309,1627 313,1630 324,1630 347,1621 404,1621 421,1628 429,1628 437,1624 460,1625 480,1621 545,1625 552,1619 564,1623 569,1620 585,1619 591,1622 603,1619 611,1624 684,1621 717,1624 734,1623 746,1618 787,1622 837,1619 843,1622 894,1623 911,1620 929,1629 939,1628 945,1623 1065,1625 1065,1577 1059,1576 1024,1580 1008,1576 998,1583 983,1583 924,1581 922,1577 913,1575 885,1576 877,1581 872,1581 866,1575 847,1575 839,1581 833,1581 828,1576 819,1575 809,1581 710,1585 697,1584 686,1577 665,1577 643,1578 636,1584 580,1585 567,1580 537,1579 498,1583 495,1578 488,1575"/>
        <Baseline points="188,1618 781,1610 1065,1615"/>
        <Word id="region0004_line0009_word0000" custom="readingOrder {index:0;}">
          <Coords points="254,1586 252,1587 252,1618 300,1618 300,1586 297,1586"/>
          <TextEquiv conf="0.9261008">
            <Unicode>die</Unicode>
          </TextEquiv>
        </Word>
        <Word id="region0004_line0009_word0001" custom="readingOrder {index:1;} textStyle {offset:0; length:12;italic:true; fontSize:0.0; kerning:0;}">
          <Coords points="330,1581 328,1583 318,1583 318,1626 334,1625 347,1621 404,1621 414,1625 434,1625 437,1624 460,1625 480,1621 509,1622 509,1581 498,1583 496,1581 410,1581 408,1585 358,1584 355,1581"/>
          <TextEquiv>
            <Unicode>franzöſiſche</Unicode>
          </TextEquiv>
        </Word>
        <Word id="region0004_line0009_word0002" custom="readingOrder {index:2;}">
          <Coords points="535,1584 535,1617 731,1616 731,1584 710,1585 697,1584 696,1583 637,1583 636,1584 580,1585 577,1584"/>
          <TextEquiv conf="0.9113437">
            <Unicode>Commiſſion</Unicode>
          </TextEquiv>
        </Word>
        <Word id="region0004_line0009_word0003" custom="readingOrder {index:3;}">
          <Coords points="809,1581 809,1581 768,1583 768,1620 787,1622 837,1619 843,1622 894,1623 911,1620 918,1623 945,1623 945,1623 952,1623 975,1623 975,1583 924,1581 924,1580 878,1580 877,1581 872,1581 872,1580 839,1581 839,1581 833,1581 833,1581"/>
          <TextEquiv>
            <Unicode>eccleſiaſtique</Unicode>
          </TextEquiv>
        </Word>
        <Word id="region0004_line0009_word0004" custom="readingOrder {index:4;}">
          <Coords points="1005,1578 1003,1579 1003,1615 1060,1615 1060,1578 1041,1578 1024,1580 1016,1578"/>
          <TextEquiv conf="0.23028496">
            <Unicode>auf</Unicode>
          </TextEquiv>
        </Word>
        <TextEquiv>
          <Unicode>die franzöſiſche Commiſſion eccleſiaſtique auf</Unicode>
        </TextEquiv>
      </TextLine>
      <TextLine id="region0004_line0010" custom="readingOrder {index:8;}">
        <Coords points="552,1620 545,1626 533,1628 520,1628 512,1623 500,1623 496,1627 493,1623 480,1622 465,1627 437,1625 429,1629 421,1629 404,1622 347,1622 324,1631 279,1631 266,1623 259,1623 251,1631 190,1635 187,1639 187,1666 192,1671 328,1670 394,1665 398,1668 463,1667 468,1671 483,1664 503,1667 522,1663 549,1665 556,1674 559,1674 571,1667 605,1664 859,1669 872,1669 883,1665 1064,1667 1065,1656 1065,1628 952,1626 929,1630 911,1621 897,1622 889,1628 860,1628 845,1627 844,1623 837,1620 817,1620 805,1625 753,1618 746,1619 724,1628 689,1622 654,1624 639,1628 612,1628 603,1620 591,1623 585,1620 569,1621 564,1624"/>
        <Baseline points="187,1661 1065,1657"/>
        <Word id="region0004_line0010_word0000" custom="readingOrder {index:0;}">
          <Coords points="255,1627 252,1630 252,1663 320,1663 320,1631 279,1631 272,1627"/>
          <TextEquiv conf="0.9301085">
            <Unicode>dem</Unicode>
          </TextEquiv>
        </Word>
        <Word id="region0004_line0010_word0001" custom="readingOrder {index:1;}">
          <Coords points="342,1630 413,1629 413,1663 342,1664"/>
          <TextEquiv>
            <Unicode>Fuſs</Unicode>
          </TextEquiv>
        </Word>
        <Word id="region0004_line0010_word0002" custom="readingOrder {index:2;}">
          <Coords points="491,1629 434,1629 434,1667 463,1667 464,1668 474,1668 483,1664 491,1665"/>
          <TextEquiv>
            <Unicode>des</Unicode>
          </TextEquiv>
        </Word>
        <Word id="region0004_line0010_word0003" custom="readingOrder {index:3;} textStyle {offset:0; length:9;italic:true; fontSize:0.0; kerning:0;}">
          <Coords points="548,1622 545,1626 533,1628 520,1628 512,1623 506,1623 506,1666 522,1663 549,1665 552,1669 566,1669 571,1667 605,1664 642,1664 642,1627 639,1628 612,1628 605,1622 593,1622 591,1623 589,1622 566,1622 564,1624 559,1622"/>
          <TextEquiv conf="0.7422493">
            <Unicode>teutſchen</Unicode>
          </TextEquiv>
        </Word>
        <Word id="region0004_line0010_word0004" custom="readingOrder {index:4;}">
          <Coords points="665,1625 665,1660 837,1659 837,1624 806,1624 805,1625 799,1624 732,1624 724,1628 705,1624"/>
          <TextEquiv conf="0.9024681">
            <Unicode>Conſiſtorii</Unicode>
          </TextEquiv>
        </Word>
        <Word id="region0004_line0010_word0005" custom="readingOrder {index:5;}">
          <Coords points="892,1625 889,1628 860,1628 858,1627 858,1666 880,1665 883,1665 920,1665 964,1665 964,1626 952,1626 929,1630 919,1625"/>
          <TextEquiv>
            <Unicode>geſetzt</Unicode>
          </TextEquiv>
        </Word>
        <Word id="region0004_line0010_word0006" custom="readingOrder {index:6;}">
          <Coords points="978,1634 1053,1634 1053,1656 978,1656"/>
          <TextEquiv conf="0.9101799">
            <Unicode>wor-</Unicode>
          </TextEquiv>
        </Word>
        <TextEquiv>
          <Unicode>dem Fuſs des teutſchen Conſiſtorii geſetzt wor-</Unicode>
        </TextEquiv>
      </TextLine>
      <TextLine id="region0004_line0011" custom="readingOrder {index:9;}">
        <Coords points="521,1664 511,1667 508,1672 493,1672 491,1668 483,1665 468,1672 424,1671 418,1666 398,1669 394,1666 383,1666 376,1669 351,1668 342,1673 276,1675 271,1670 254,1669 247,1675 189,1678 184,1683 184,1711 187,1715 252,1714 259,1711 281,1714 308,1711 320,1715 325,1712 346,1710 393,1713 414,1709 423,1713 468,1707 496,1713 606,1712 621,1708 629,1712 644,1713 688,1711 696,1708 736,1710 769,1706 796,1709 808,1707 815,1713 826,1708 861,1707 893,1717 919,1714 925,1702 948,1702 957,1711 986,1715 1006,1716 1014,1710 1032,1717 1044,1714 1055,1717 1065,1714 1064,1672 974,1672 968,1666 948,1665 883,1666 872,1670 846,1668 817,1671 729,1672 684,1665 632,1673 623,1673 621,1667 616,1665 599,1667 597,1672 579,1672 577,1668 571,1668 556,1675 549,1666"/>
        <Baseline points="184,1706 796,1697 1064,1702"/>
        <Word id="region0004_line0011_word0000" custom="readingOrder {index:0;}">
          <Coords points="248,1675 247,1675 189,1678 185,1682 185,1712 258,1711 259,1711 262,1711 307,1711 308,1711 308,1711 321,1711 321,1674 305,1674 276,1675 275,1674"/>
          <TextEquiv conf="0.12477829">
            <Unicode>den,</Unicode>
          </TextEquiv>
        </Word>
        <Word id="region0004_line0011_word0001" custom="readingOrder {index:1;}">
          <Coords points="346,1671 345,1671 345,1706 458,1705 458,1672 424,1671 423,1670"/>
          <TextEquiv>
            <Unicode>ſolches</Unicode>
          </TextEquiv>
        </Word>
        <Word id="region0004_line0011_word0002" custom="readingOrder {index:2;}">
          <Coords points="468,1672 468,1707 580,1706 580,1672 579,1672 579,1671 564,1671 556,1675 553,1671 508,1672 508,1672 493,1672 493,1672"/>
          <TextEquiv conf="0.37160018">
            <Unicode>befahl</Unicode>
          </TextEquiv>
        </Word>
        <Word id="region0004_line0011_word0003" custom="readingOrder {index:3;}">
          <Coords points="597,1673 647,1673 647,1706 597,1706"/>
          <TextEquiv conf="0.9205521">
            <Unicode>das</Unicode>
          </TextEquiv>
        </Word>
        <Word id="region0004_line0011_word0004" custom="readingOrder {index:4;} textStyle {offset:0; length:6;italic:true; fontSize:0.0; kerning:0;}">
          <Coords points="669,1672 669,1704 773,1703 773,1671 729,1672 725,1671"/>
          <TextEquiv conf="0.92383814">
            <Unicode>Patent</Unicode>
          </TextEquiv>
        </Word>
        <Word id="region0004_line0011_word0005" custom="readingOrder {index:5;} textStyle {offset:0; length:2;italic:true; fontSize:0.0; kerning:0;}">
          <Coords points="793,1682 819,1682 819,1707 793,1707"/>
          <TextEquiv conf="0.2835852">
            <Unicode>v,</Unicode>
          </TextEquiv>
        </Word>
        <Word id="region0004_line0011_word0006" custom="readingOrder {index:6;} textStyle {offset:0; length:3;italic:true; fontSize:0.0; kerning:0;}">
          <Coords points="832,1672 869,1672 869,1701 832,1701"/>
          <TextEquiv conf="0.9201055">
            <Unicode>26.</Unicode>
          </TextEquiv>
        </Word>
        <Word id="region0004_line0011_word0007" custom="readingOrder {index:7;} textStyle {offset:0; length:5;italic:true; fontSize:0.0; kerning:0;}">
          <Coords points="965,1709 965,1669 883,1670 883,1710 921,1709 925,1702 948,1702 955,1709"/>
          <TextEquiv conf="0.9066954">
            <Unicode>Julii</Unicode>
          </TextEquiv>
        </Word>
        <Word id="region0004_line0011_word0008" custom="readingOrder {index:8;} textStyle {offset:0; length:5;italic:true; fontSize:0.0; kerning:0;}">
          <Coords points="983,1676 1056,1676 1056,1707 983,1707"/>
          <TextEquiv>
            <Unicode>1701.</Unicode>
          </TextEquiv>
        </Word>
        <TextEquiv>
          <Unicode>den, ſolches befahl das Patent v, 26. Julii 1701.</Unicode>
        </TextEquiv>
      </TextLine>
      <TextLine id="region0004_line0012" custom="readingOrder {index:10;}">
        <Coords points="925,1703 921,1716 893,1718 861,1708 851,1708 845,1713 815,1714 808,1708 790,1708 785,1712 774,1712 769,1707 751,1707 745,1714 736,1716 726,1716 719,1709 696,1709 684,1716 631,1716 621,1709 610,1710 606,1716 524,1717 485,1715 468,1708 444,1710 436,1717 424,1717 420,1712 414,1710 403,1712 397,1718 395,1714 375,1711 331,1712 321,1716 308,1712 281,1715 265,1712 252,1715 187,1716 186,1748 200,1758 282,1756 289,1759 353,1759 364,1756 370,1759 376,1755 398,1758 441,1751 444,1755 474,1755 486,1758 504,1754 509,1762 517,1762 528,1755 571,1757 582,1747 591,1755 612,1755 621,1746 633,1754 650,1750 661,1755 678,1757 737,1756 754,1750 762,1759 766,1759 774,1752 787,1760 797,1756 807,1760 814,1759 822,1753 880,1752 921,1756 935,1750 975,1763 982,1747 994,1750 999,1746 1007,1752 1013,1751 1024,1755 1030,1763 1037,1761 1040,1756 1065,1756 1065,1717 1032,1718 1017,1711 1010,1712 1006,1717 958,1714 951,1704"/>
        <Baseline points="187,1749 620,1747 622,1747 1065,1746"/>
        <Word id="region0004_line0012_word0000" custom="readingOrder {index:0;}">
          <Coords points="250,1717 250,1756 376,1755 376,1755 378,1755 416,1755 428,1753 428,1717 424,1717 423,1716 399,1716 397,1718 396,1716"/>
          <TextEquiv>
            <Unicode>Schlüſslich</Unicode>
          </TextEquiv>
        </Word>
        <Word id="word_1662991711311_2090" custom="readingOrder {index:1;}">
          <Coords points="441,1713 480,1713 485,1715 487,1715 487,1757 486,1758 474,1755 444,1755 441,1752"/>
          <TextEquiv>
            <Unicode>iſt</Unicode>
          </TextEquiv>
        </Word>
        <Word id="word_1662991711311_2089" custom="readingOrder {index:2;}">
          <Coords points="487,1715 524,1717 537,1716 537,1755 528,1755 523,1758 506,1758 504,1754 487,1757"/>
          <TextEquiv>
            <Unicode>zu</Unicode>
          </TextEquiv>
        </Word>
        <Word id="region0004_line0012_word0002" custom="readingOrder {index:3;}">
          <Coords points="606,1714 606,1716 558,1716 559,1749 580,1748 582,1747 584,1748 618,1748 621,1746 624,1748 672,1748 671,1716 631,1716 628,1714"/>
          <TextEquiv conf="0.6636586">
            <Unicode>merken</Unicode>
          </TextEquiv>
        </Word>
        <Word id="region0004_line0012_word0003" custom="readingOrder {index:4;}">
          <Coords points="685,1715 684,1716 684,1749 734,1749 733,1716 726,1716 725,1715"/>
          <TextEquiv>
            <Unicode>die</Unicode>
          </TextEquiv>
        </Word>
        <Word id="region0004_line0012_word0004" custom="readingOrder {index:5;} textStyle {offset:0; length:11;italic:true; fontSize:0.0; kerning:0;}">
          <Coords points="751,1713 751,1750 754,1750 760,1757 768,1757 774,1752 782,1757 794,1757 797,1756 799,1757 816,1757 822,1753 880,1752 919,1755 919,1716 893,1718 877,1713 845,1713 815,1714 813,1713"/>
          <TextEquiv>
            <Unicode>Inſtruction</Unicode>
          </TextEquiv>
        </Word>
        <Word id="region0004_line0012_word0005" custom="readingOrder {index:6;}">
          <Coords points="989,1715 958,1714 951,1704 925,1703 925,1753 935,1750 953,1756 978,1756 982,1747 989,1748"/>
          <TextEquiv conf="0.8617692">
            <Unicode>vor</Unicode>
          </TextEquiv>
        </Word>
        <Word id="region0004_line0012_word0006" custom="readingOrder {index:7;}">
          <Coords points="1010,1712 1006,1717 1002,1716 1002,1748 1007,1752 1013,1751 1024,1755 1024,1756 1040,1756 1055,1756 1054,1717 1032,1718 1019,1712"/>
          <TextEquiv conf="0.9175169">
            <Unicode>das</Unicode>
          </TextEquiv>
        </Word>
        <TextEquiv>
          <Unicode>Schlüſslich iſt zu merken die Inſtruction vor das</Unicode>
        </TextEquiv>
      </TextLine>
      <TextLine id="region0004_line0013" custom="readingOrder {index:11;}">
        <Coords points="621,1747 612,1759 591,1756 582,1748 571,1758 528,1756 517,1763 509,1763 504,1755 486,1759 474,1756 444,1756 441,1752 399,1758 393,1763 388,1763 379,1756 370,1760 358,1757 352,1763 311,1762 282,1757 261,1759 191,1757 186,1762 186,1792 189,1796 204,1801 258,1800 265,1797 269,1800 314,1799 320,1802 381,1800 427,1802 445,1798 473,1798 504,1805 521,1802 527,1807 533,1804 634,1800 651,1803 658,1793 672,1798 733,1795 739,1790 749,1795 769,1794 781,1798 791,1797 804,1790 811,1798 910,1803 930,1800 939,1796 1020,1799 1045,1796 1051,1799 1065,1799 1065,1760 1039,1760 1030,1764 1024,1756 1013,1752 1007,1753 1001,1747 994,1751 982,1748 982,1753 975,1764 965,1760 944,1758 935,1751 917,1759 869,1753 862,1757 817,1758 808,1761 795,1758 787,1761 774,1753 766,1760 762,1760 754,1751 728,1760 663,1758 650,1751 642,1751 634,1758 628,1750"/>
        <Baseline points="186,1791 1065,1789"/>
        <Word id="region0004_line0013_word0000" custom="readingOrder {index:0;}">
          <Coords points="208,1762 208,1797 326,1796 326,1762 311,1762 306,1761"/>
          <TextEquiv>
            <Unicode>über</Unicode>
          </TextEquiv>
        </Word>
        <Word id="region0004_line0013_word0001" custom="readingOrder {index:1;}">
          <Coords points="355,1760 352,1763 344,1762 344,1793 398,1793 398,1760 396,1760 393,1763 388,1763 384,1760 370,1760"/>
          <TextEquiv conf="0.9178582">
            <Unicode>alle</Unicode>
          </TextEquiv>
        </Word>
        <Word id="region0004_line0013_word0002" custom="readingOrder {index:2;}">
          <Coords points="548,1799 548,1756 528,1756 517,1763 509,1763 504,1755 486,1759 474,1756 444,1756 441,1752 424,1754 424,1799 440,1799 445,1798 473,1798 477,1799"/>
          <TextEquiv conf="0.8491047">
            <Unicode>Königl.</Unicode>
          </TextEquiv>
        </Word>
        <Word id="region0004_line0013_word0003" custom="readingOrder {index:3;}">
          <Coords points="621,1748 612,1759 591,1756 582,1748 574,1755 574,1794 658,1793 658,1793 658,1793 672,1793 672,1758 663,1758 650,1751 642,1751 634,1758 628,1750 622,1748"/>
          <TextEquiv conf="0.9065031">
            <Unicode>Lande</Unicode>
          </TextEquiv>
        </Word>
        <Word id="region0004_line0013_word0004" custom="readingOrder {index:4;}">
          <Coords points="746,1753 728,1760 699,1759 699,1789 849,1788 849,1757 817,1758 808,1761 795,1758 787,1761 774,1753 773,1753 766,1760 762,1760 756,1753"/>
          <TextEquiv>
            <Unicode>errichtete</Unicode>
          </TextEquiv>
        </Word>
        <Word id="region0004_line0013_word0005" custom="readingOrder {index:5;}">
          <Coords points="870,1793 1055,1792 1055,1760 1039,1760 1030,1764 1024,1756 1013,1752 1007,1753 1001,1747 994,1751 982,1748 982,1753 975,1764 965,1760 944,1758 935,1751 917,1759 870,1753"/>
          <TextEquiv>
            <Unicode>Lutheriſche</Unicode>
          </TextEquiv>
        </Word>
        <TextEquiv>
          <Unicode>über alle Königl. Lande errichtete Lutheriſche</Unicode>
        </TextEquiv>
      </TextLine>
      <TextLine id="region0004_line0014" custom="readingOrder {index:12;}">
        <Coords points="739,1791 733,1796 672,1799 658,1794 648,1805 568,1805 527,1808 521,1803 504,1806 473,1799 445,1799 427,1803 381,1801 322,1804 314,1800 269,1801 265,1798 258,1801 195,1800 186,1806 186,1836 191,1841 200,1841 208,1834 215,1834 224,1843 231,1843 238,1835 245,1834 251,1840 266,1836 287,1844 315,1846 351,1844 354,1841 375,1841 381,1845 385,1841 398,1839 409,1843 487,1841 505,1845 542,1845 550,1841 565,1841 610,1845 622,1841 639,1841 645,1850 675,1840 708,1843 718,1839 731,1840 739,1834 750,1842 784,1837 816,1838 833,1841 834,1845 841,1848 855,1846 866,1840 886,1838 898,1838 911,1843 978,1842 995,1846 1004,1840 1009,1840 1012,1846 1038,1840 1064,1843 1065,1803 1052,1803 1045,1797 1031,1797 1025,1802 1017,1798 996,1798 987,1802 972,1803 963,1803 954,1797 939,1797 927,1802 910,1804 811,1802 804,1791 791,1798 781,1799 769,1795 749,1796"/>
        <Baseline points="186,1831 1064,1833"/>
        <Word id="word_1662991769199_2140" custom="readingOrder {index:0;}">
          <Coords points="194,1801 190,1803 187,1805 187,1837 188,1838 203,1838 208,1834 215,1834 219,1838 235,1838 238,1835 245,1834 249,1838 258,1838 266,1836 271,1838 363,1838 574,1837 574,1805 568,1805 527,1808 521,1803 504,1806 488,1802 432,1801 427,1803 381,1801 322,1804 314,1800 269,1801 267,1800 260,1800 258,1801 228,1800"/>
          <TextEquiv>
            <Unicode>Ober - Conſiſtorium</Unicode>
          </TextEquiv>
        </Word>
        <Word id="region0004_line0014_word0002" custom="readingOrder {index:1;}">
          <Coords points="595,1810 621,1810 621,1836 595,1836"/>
          <TextEquiv>
            <Unicode>v.</Unicode>
          </TextEquiv>
        </Word>
        <Word id="region0004_line0014_word0003" custom="readingOrder {index:2;}">
          <Coords points="657,1795 648,1805 639,1805 639,1841 639,1842 667,1842 667,1797 660,1795"/>
          <TextEquiv>
            <Unicode>4.</Unicode>
          </TextEquiv>
        </Word>
        <Word id="region0004_line0014_word0004" custom="readingOrder {index:3;}">
          <Coords points="737,1792 733,1796 693,1797 693,1836 736,1835 739,1834 741,1835 811,1835 811,1802 804,1792 802,1792 791,1798 781,1799 769,1795 749,1796 742,1792"/>
          <TextEquiv>
            <Unicode>October</Unicode>
          </TextEquiv>
        </Word>
        <Word id="region0004_line0014_word0005" custom="readingOrder {index:4;}">
          <Coords points="897,1809 832,1809 832,1840 833,1841 833,1842 862,1842 866,1840 886,1838 897,1838"/>
          <TextEquiv>
            <Unicode>1750.</Unicode>
          </TextEquiv>
        </Word>
        <Word id="region0004_line0014_word0006" custom="readingOrder {index:5;}">
          <Coords points="936,1798 932,1799 932,1839 1056,1839 1056,1803 1052,1803 1046,1798 1029,1798 1025,1802 1017,1798 996,1798 987,1802 972,1803 963,1803 955,1798"/>
          <TextEquiv conf="0.25673187">
            <Unicode>desglei-</Unicode>
          </TextEquiv>
        </Word>
        <TextEquiv>
          <Unicode>Ober - Conſiſtorium v. 4. October 1750. desglei-</Unicode>
        </TextEquiv>
      </TextLine>
      <TextLine id="region0004_line0015" custom="readingOrder {index:13;}">
        <Coords points="208,1835 200,1844 193,1844 188,1849 190,1879 272,1880 298,1884 304,1880 312,1880 321,1888 338,1885 363,1890 380,1890 390,1882 406,1893 415,1892 422,1886 507,1887 525,1889 533,1896 558,1894 562,1890 638,1885 693,1885 706,1893 719,1887 737,1885 852,1885 889,1888 893,1885 906,1885 913,1888 956,1889 995,1882 1064,1882 1064,1845 1051,1845 1046,1841 1016,1847 1012,1847 1009,1841 1002,1842 998,1847 978,1843 939,1847 932,1841 916,1842 905,1846 898,1839 886,1839 866,1841 855,1847 841,1849 835,1846 813,1846 809,1840 792,1838 769,1840 764,1845 751,1844 739,1835 731,1841 718,1840 708,1844 675,1841 665,1847 647,1851 639,1842 622,1842 602,1849 577,1851 575,1845 565,1842 550,1842 533,1849 487,1842 409,1844 401,1840 388,1841 381,1846 375,1842 354,1842 351,1845 337,1844 329,1849 322,1849 288,1846 266,1837 251,1841 245,1835 238,1836 231,1844 224,1844 217,1836"/>
        <Baseline points="190,1872 525,1879 1064,1872"/>
        <Word id="region0004_line0015_word0000" custom="readingOrder {index:0;}">
          <Coords points="209,1839 209,1879 246,1879 327,1879 327,1849 322,1849 288,1846 269,1838 260,1838 251,1841 248,1838 235,1838 231,1844 224,1844 219,1838"/>
          <TextEquiv>
            <Unicode>chen</Unicode>
          </TextEquiv>
        </Word>
        <Word id="region0004_line0015_word0001" custom="readingOrder {index:1;}">
          <Coords points="338,1880 373,1880 373,1843 353,1843 351,1845 338,1844"/>
          <TextEquiv>
            <Unicode>in</Unicode>
          </TextEquiv>
        </Word>
        <Word id="word_1662991806714_2194" custom="readingOrder {index:2;} textStyle {offset:0; length:14;italic:true; fontSize:0.0; kerning:0;}">
          <Coords points="593,1887 593,1849 577,1851 575,1845 565,1842 550,1842 533,1849 487,1842 409,1844 401,1840 396,1840 396,1886 398,1887 420,1887 422,1886 507,1887 525,1889 527,1891 560,1891 561,1890 562,1890 575,1889"/>
          <TextEquiv>
            <Unicode>Oſt - Preuſſen</Unicode>
          </TextEquiv>
        </Word>
        <Word id="region0004_line0015_word0004" custom="readingOrder {index:3;}">
          <Coords points="616,1844 609,1846 609,1877 656,1877 656,1849 647,1851 640,1844"/>
          <TextEquiv conf="0.92561144">
            <Unicode>die</Unicode>
          </TextEquiv>
        </Word>
        <Word id="region0004_line0015_word0005" custom="readingOrder {index:4;} textStyle {offset:0; length:11;italic:true; fontSize:0.0; kerning:0;}">
          <Coords points="838,1884 838,1847 835,1846 813,1846 809,1840 792,1838 769,1840 764,1845 751,1844 739,1835 731,1841 718,1840 708,1844 675,1841 672,1842 672,1885"/>
          <TextEquiv conf="0.8000856">
            <Unicode>Inſtruction</Unicode>
          </TextEquiv>
        </Word>
        <Word id="region0004_line0015_word0006" custom="readingOrder {index:5;}">
          <Coords points="886,1839 866,1841 855,1847 854,1847 854,1876 906,1876 906,1845 905,1846 898,1839"/>
          <TextEquiv>
            <Unicode>für</Unicode>
          </TextEquiv>
        </Word>
        <Word id="region0004_line0015_word0007" custom="readingOrder {index:6;}">
          <Coords points="920,1845 920,1878 961,1877 961,1844 939,1847 936,1844"/>
          <TextEquiv conf="0.9234597">
            <Unicode>das</Unicode>
          </TextEquiv>
        </Word>
        <Word id="region0004_line0015_word0008" custom="readingOrder {index:7;}">
          <Coords points="973,1874 1054,1874 1054,1845 1051,1845 1046,1841 1016,1847 1012,1847 1009,1841 1002,1842 998,1847 978,1843 973,1843"/>
          <TextEquiv conf="0.6536598">
            <Unicode>Con-</Unicode>
          </TextEquiv>
        </Word>
        <TextEquiv>
          <Unicode>chen in Oſt - Preuſſen die Inſtruction für das Con-</Unicode>
        </TextEquiv>
      </TextLine>
      <TextLine id="region0004_line0016" custom="readingOrder {index:14;}">
        <Coords points="187,1879 182,1884 182,1899 183,1913 187,1918 198,1912 206,1921 288,1922 329,1933 410,1928 431,1934 553,1933 559,1934 565,1941 571,1941 577,1951 587,1949 592,1939 661,1941 689,1931 727,1936 731,1939 742,1939 746,1936 750,1939 759,1938 763,1935 781,1937 786,1933 798,1932 957,1931 962,1936 972,1936 977,1931 1022,1926 1028,1934 1044,1935 1049,1931 1051,1923 1065,1921 1064,1883 995,1883 948,1892 917,1892 907,1886 894,1886 890,1889 811,1886 797,1890 769,1887 765,1890 715,1891 705,1894 693,1886 639,1886 613,1887 597,1893 533,1897 528,1894 494,1894 437,1887 423,1887 415,1893 406,1894 390,1883 379,1893 366,1893 338,1886 321,1889 312,1881 304,1881 298,1885 272,1881"/>
        <Baseline points="183,1912 196,1912 198,1912 611,1929 675,1923 944,1922 1065,1913"/>
        <Word id="region0004_line0016_word0000" custom="readingOrder {index:0;}">
          <Coords points="190,1883 190,1915 198,1912 206,1921 288,1922 308,1927 395,1927 394,1885 390,1883 379,1893 366,1893 338,1886 321,1889 313,1882 301,1882 298,1885 282,1882"/>
          <TextEquiv>
            <Unicode>ſiſtorium</Unicode>
          </TextEquiv>
        </Word>
        <Word id="region0004_line0016_word0001" custom="readingOrder {index:1;}">
          <Coords points="421,1888 415,1893 415,1920 474,1920 474,1891 445,1888"/>
          <TextEquiv>
            <Unicode>&amp;c.</Unicode>
          </TextEquiv>
        </Word>
        <Word id="region0004_line0016_word0002" custom="readingOrder {index:2;} textStyle {offset:0; length:3;italic:true; fontSize:0.0; kerning:0;}">
          <Coords points="497,1894 497,1918 560,1918 560,1895 533,1897 528,1894"/>
          <TextEquiv conf="0.75989485">
            <Unicode>vom</Unicode>
          </TextEquiv>
        </Word>
        <Word id="region0004_line0016_word0003" custom="readingOrder {index:3;} textStyle {offset:0; length:3;italic:true; fontSize:0.0; kerning:0;}">
          <Coords points="569,1895 618,1894 618,1934 569,1935"/>
          <TextEquiv>
            <Unicode>30.</Unicode>
          </TextEquiv>
        </Word>
        <Word id="region0004_line0016_word0004" custom="readingOrder {index:4;} textStyle {offset:0; length:4;italic:true; fontSize:0.0; kerning:0;}">
          <Coords points="635,1926 701,1926 700,1890 693,1886 639,1886 634,1886"/>
          <TextEquiv>
            <Unicode>Jul.</Unicode>
          </TextEquiv>
        </Word>
        <Word id="region0004_line0016_word0005" custom="readingOrder {index:5;} textStyle {offset:0; length:5;italic:true; fontSize:0.0; kerning:0;}">
          <Coords points="723,1891 797,1890 797,1923 723,1924"/>
          <TextEquiv>
            <Unicode>1774.</Unicode>
          </TextEquiv>
        </Word>
        <Word id="region0004_line0016_word0006" custom="readingOrder {index:6;}">
          <Coords points="838,1924 979,1923 978,1886 948,1892 917,1892 907,1886 894,1886 890,1889 837,1886"/>
          <TextEquiv conf="0.8477759">
            <Unicode>Mehrers</Unicode>
          </TextEquiv>
        </Word>
        <Word id="region0004_line0016_word0007" custom="readingOrder {index:7;}">
          <Coords points="1057,1884 989,1884 987,1884 988,1924 1050,1924 1051,1923 1057,1922"/>
          <TextEquiv conf="0.8321577">
            <Unicode>bey</Unicode>
          </TextEquiv>
        </Word>
        <TextEquiv>
          <Unicode>ſiſtorium &amp;c. vom 30. Jul. 1774. Mehrers bey</Unicode>
        </TextEquiv>
      </TextLine>
      <TextLine id="region0004_line0017" custom="readingOrder {index:15;}">
        <Coords points="196,1913 186,1920 186,1928 191,1936 191,1954 201,1960 201,1965 206,1970 293,1969 333,1973 542,1972 542,1949 537,1944 431,1935 410,1929 329,1934 288,1923 206,1922"/>
        <Baseline points="201,1960 542,1967"/>
        <Word id="region0004_line0017_word0000" custom="readingOrder {index:0;}">
          <Coords points="254,1925 254,1958 317,1958 317,1930 295,1925"/>
          <TextEquiv conf="0.891882">
            <Unicode>Tit.</Unicode>
          </TextEquiv>
        </Word>
        <Word id="region0004_line0017_word0001" custom="readingOrder {index:1;}">
          <Coords points="329,1957 355,1957 355,1933 345,1933 329,1934"/>
          <TextEquiv>
            <Unicode>2.</Unicode>
          </TextEquiv>
        </Word>
        <Word id="region0004_line0017_word0002" custom="readingOrder {index:2;}">
          <Coords points="365,1958 441,1957 441,1935 431,1935 410,1929 365,1931"/>
          <TextEquiv conf="0.91521335">
            <Unicode>Lib.</Unicode>
          </TextEquiv>
        </Word>
        <Word id="region0004_line0017_word0003" custom="readingOrder {index:3;}">
          <Coords points="451,1955 477,1955 477,1938 451,1936"/>
          <TextEquiv>
            <Unicode>2.</Unicode>
          </TextEquiv>
        </Word>
        <TextEquiv>
          <Unicode>Tit. 2. Lib. 2.</Unicode>
        </TextEquiv>
      </TextLine>
      <TextEquiv>
        <Unicode>Conſiſtorial - Räthe haben den Rang vor Amts-
Cammer - Räthe. Beſcheid v. 9. Mart. 1687. und
es iſt das Conſiſtorium auch mit Geiſtlichen zu
beſetzen, nach dem Reſcript vom 16. Maji 1637.
Von Unterhaltung des Conſiſtorii ſiehe Conſiſto-
rial - Ordn. v. anno 1573. woſelbſt auch von dem
Conſiſtorial - Fiſcal, und ſeinem Amte. Daſs
die franzöſiſche Commiſſion eccleſiaſtique auf
dem Fuſs des teutſchen Conſiſtorii geſetzt wor-
den, ſolches befahl das Patent v, 26. Julii 1701.
Schlüſslich iſt zu merken die Inſtruction vor das
über alle Königl. Lande errichtete Lutheriſche
Ober - Conſiſtorium v. 4. October 1750. desglei-
chen in Oſt - Preuſſen die Inſtruction für das Con-
ſiſtorium &amp;c. vom 30. Jul. 1774. Mehrers bey
Tit. 2. Lib. 2.</Unicode>
      </TextEquiv>
    </TextRegion>
    <TextRegion id="region_1682069467136_3158" custom="readingOrder {index:5;} structure {type:signature-mark;}" type="signature-mark">
      <Coords points="593,2079 593,2122 693,2122 693,2079"/>
      <TextLine id="line_1682069467356_3161" custom="readingOrder {index:0;}">
        <Coords points="593,2079 593,2122 693,2122 693,2079"/>
        <Word id="word_1682069474177_3178" custom="readingOrder {index:0;}">
          <Coords points="593,2079 645,2079 645,2122 593,2122"/>
          <TextEquiv>
            <Unicode>H</Unicode>
          </TextEquiv>
        </Word>
        <Word id="word_1682069474177_3177" custom="readingOrder {index:1;}">
          <Coords points="645,2079 693,2079 693,2122 645,2122"/>
          <TextEquiv>
            <Unicode>2</Unicode>
          </TextEquiv>
        </Word>
        <TextEquiv>
          <Unicode>H 2</Unicode>
        </TextEquiv>
      </TextLine>
      <TextEquiv>
        <Unicode>H 2</Unicode>
      </TextEquiv>
    </TextRegion>
    <TextRegion id="region_1682069470054_3167" custom="readingOrder {index:6;} structure {type:catch-word;}" type="catch-word">
      <Coords points="940,2087 940,2135 1059,2135 1059,2087"/>
      <TextLine id="line_1682069470116_3170" custom="readingOrder {index:0;}">
        <Coords points="940,2087 940,2135 1059,2135 1059,2087"/>
        <Word id="word_1682069470181_3173" custom="readingOrder {index:0;}">
          <Coords points="940,2087 1059,2087 1059,2135 940,2135"/>
          <TextEquiv>
            <Unicode>TIT.</Unicode>
          </TextEquiv>
        </Word>
        <TextEquiv>
          <Unicode>TIT.</Unicode>
        </TextEquiv>
      </TextLine>
      <TextEquiv>
        <Unicode>TIT.</Unicode>
      </TextEquiv>
    </TextRegion>
  </Page>
</PcGts>
