1515 2177
235 776 338 833 Ob
355 800 444 844 unſer
464 800 684 843 Domdechant,
704 808 753 835 der
769 810 981 845 Domdechant
998 814 1048 835 der
1063 814 1180 848 Muſen

102 493 193 535 Seyn
352 895 455 929 wird?
478 897 560 938 frag'
587 894 646 939 ich!
666 907 729 930 wer
752 897 832 942 ſagt
847 905 884 944 es
896 902 977 932 mir?

232 980 285 1014 Ob
309 981 431 1013 Einer
453 979 536 1020 ſchon
536 981 671 1021 einmal
688 990 728 1011 an
753 986 836 1022 ihren
859 986 1150 1026 Freundes ⸗ Buſen

229 1070 300 1111 Jhn
325 1071 420 1110 liegen
443 1073 522 1114 ſah?
552 1082 614 1105 wer
637 1072 712 1114 ſagt'
736 1081 767 1104 es
790 1077 875 1107 mir?

268 1215 330 1254 Jch
344 1215 408 1254 ſag'
425 1217 479 1245 es!
494 1218 552 1256 ich!
572 1221 623 1248 der
637 1218 717 1257 Jhn
737 1220 796 1257 auf
809 1220 889 1247 einer
897 1219 988 1259 Jagd
1004 1221 1178 1261 belauſchte,

226 1294 365 1333 Damals
389 1294 438 1329 als
461 1295 493 1326 in
510 1295 716 1338 erwünſchten
744 1299 860 1340 Schlaf

207 1365 292 1407 Den
318 1375 426 1407 müden
449 1375 554 1415 Jäger
576 1378 649 1416 Jlſa
674 1384 824 1419 rauſchte,

225 1472 311 1505 Dort
332 1475 450 1504 unterm
471 1472 651 1515 Jlſenſtein,
677 1481 726 1505 wo
750 1486 780 1506 er
804 1474 857 1506 den
879 1475 982 1517 Hirſch
1000 1481 1077 1517 nicht
1095 1484 1173 1518 traf!

267 1615 409 1656 Erwacht
420 1615 472 1657 ſaß
483 1626 522 1655 er,
544 1618 690 1660 erwacht!
705 1620 766 1651 und
813 1622 874 1651 Eine
891 1630 951 1649 von
964 1623 1018 1649 den
1027 1623 1169 1658 Neunen,

226 1699 306 1741 (Sie
329 1699 494 1742 nahmhaft
514 1702 635 1743 machen
661 1705 733 1745 darf
754 1707 793 1744 ich
820 1707 908 1742 nicht,

224 1787 282 1819 Sie
304 1787 368 1820 will
390 1788 433 1818 die
456 1787 639 1830 rühmlichſte
660 1791 718 1821 viel
732 1791 822 1821 lieber
840 1790 917 1829 ſeyn,
945 1794 991 1820 als
1012 1796 1166 1833 ſcheinen,)

220 1870 281 1903 Las
305 1873 365 1914 ihm
388 1873 434 1904 ein
456 1870 652 1917 Lobgedicht!
