1262 2153
256 216 343 255 Vom
357 216 474 252 Leiden
495 216 556 255 und
568 213 714 257 Sterben
735 220 854 260 Chriſti.

971 235 1028 266 125

107 286 263 321 tauſendmal
272 289 309 321 ſey
317 288 362 322 dir,
371 289 465 323 liebſter
472 289 558 325 JEſu,

105 323 197 355 Danck
210 322 291 356 dafuͤr.

194 353 259 376 *d.i.
270 354 293 371 in
304 349 340 371 das
350 343 416 375 groͤſte
426 346 504 373 Leiden.

141 388 165 411 2.
178 380 238 414 Du,
246 383 302 412 ach!
311 384 343 412 du
351 383 403 416 haſt
412 384 554 418 ausgeſtan⸗

103 417 151 447 den
171 414 388 456 Laͤſter ⸗ Reden,
392 419 479 452 Spott
500 425 552 451 und

104 451 193 486 Hohn,
201 451 332 485 Speichel,
345 444 461 491 Schlaͤge,
475 446 554 490 Strick

103 487 155 515 und
162 486 283 517 Banden,
298 486 330 515 du
346 486 466 521 gerechter
475 489 552 521 GOt⸗

101 521 245 555 tes⸗Sohn,
252 522 317 554 mich
324 522 435 556 Elenden
443 532 471 558 zu
479 529 552 555 erret⸗

102 561 144 587 ten
159 564 208 588 von
222 560 266 586 des
279 558 387 590 Teufels
402 561 482 593 Band
499 561 551 592 und

100 593 212 625 Ketten:
229 594 356 625 Tauſend,
369 599 401 623 ꝛc.

140 635 164 659 3.
198 625 248 659 Du
268 628 319 658 haſt
338 628 411 661 laſſen
429 630 550 661 Wunden

98 662 221 697 ſchlagen,
238 662 290 696 dich
302 662 445 696 erbaͤrmlich
456 667 550 698 richten

98 700 141 728 zu,
155 702 201 726 um
212 701 242 729 zu
255 698 335 731 heilen
349 698 430 729 meine
442 701 551 735 Plagen,

99 734 187 765 und
154 732 181 767 zu
193 733 262 767 ſetzen
270 735 334 765 mich
352 731 380 766 in
369 736 442 766 Ruh!
451 738 506 768 ach!
516 740 549 766 du

98 767 152 803 haſt
160 775 188 800 zu
196 768 407 805 meinemSegen,
414 769 488 804 laſſen
496 771 550 806 dich

100 801 145 840 mit
159 798 233 840 Fluch
245 814 354 836 belegen:
361 804 480 837 Tauſend
480 805 515 836 ꝛc.

133 846 158 872 4.
176 840 245 871 Man
260 842 304 873 hat
312 840 363 873 dich
371 842 422 873 ſehr
431 844 489 871 hart
496 848 548 871 ver⸗

95 860 202 901 hoͤhnet,
207 868 258 898 dich
266 868 315 896 mit
329 868 431 907 groſſem
440 867 552 907 Schimpf

96 907 189 942 belegt,
207 911 258 937 und
279 915 319 938 mit
339 905 419 942 Dornen
450 915 496 942 gar
508 917 547 942 ge⸗

97 938 192 972 croͤnet,
201 941 256 971 was
264 943 308 972 hat
315 941 366 974 dich
374 943 432 974 dazu
435 942 547 976 vewegt?

95 977 164 1010 Daß
182 979 216 1007 du
234 977 339 1012 moͤgteſt
354 978 419 1010 mich
432 980 547 1012 ergetzen,

99 1009 150 1039 mir
166 1010 204 1041 die
215 1008 395 1051 Ehren ⸗ Cron
415 1007 551 1047 aufſetzen:

96 1044 223 1079 Tauſend,
237 1042 392 1080 tauſendmal
405 1052 434 1080 ꝛc.

132 1086 155 1114 5.
167 1079 218 1112 Du
226 1079 278 1112 haſt
284 1079 374 1111 wollen
383 1082 438 1116 ſeyn
446 1079 547 1117 geſchla⸗

93 1115 158 1145 geu:
174 1118 204 1145 zu
211 1110 359 1147 Befreyung
368 1113 463 1145 meiner
469 1114 545 1151 Pein,

95 1151 217 1186 faͤlſchlich
223 1153 296 1183 laſſen
304 1149 359 1188 dich
365 1154 502 1186 anklagen,
505 1148 547 1186 daß

94 1188 132 1218 ich
139 1187 209 1219 koͤnte
216 1182 289 1220 ſicher
301 1182 361 1224 ſeyn;
371 1190 409 1220 daß
415 1186 452 1222 ich
460 1189 544 1224 moͤgte

89 1220 241 1257 Troſt⸗reich
252 1219 366 1258 prangen,
369 1219 417 1256 biſt
420 1228 454 1255 du
459 1226 544 1258 ſonder

91 1260 168 1293 Troſt
176 1258 321 1293 gehangen:
318 1257 454 1291 Tauſend,
461 1260 493 1289 ꝛc.

126 1296 150 1322 6.
170 1293 221 1324 Du
239 1293 292 1324 haſt
305 1296 357 1325 dich
371 1294 399 1324 in
413 1297 489 1326 Noth
504 1304 543 1328 ge⸗

89 1325 184 1360 ſtecket,
200 1326 255 1358 haſt
265 1322 368 1360 gelitten
374 1326 424 1356 mit
432 1330 543 1362 Geduld,

90 1365 137 1395 gar
151 1363 196 1391 den
212 1358 300 1394 herben
307 1361 364 1394 Tod
377 1364 541 1395 geſchmecket,

89 1400 136 1425 um
143 1401 171 1429 zu
179 1393 260 1431 buͤſſen
270 1396 468 1428 meineSchuld!
476 1396 541 1431 Daß

88 1431 127 1465 ich
134 1431 215 1463 wuͤꝛde
222 1430 422 1467 losgezaͤhlet,
395 1428 445 1466 haſt
441 1435 473 1464 du
481 1434 541 1465 wol⸗

89 1467 130 1498 len
138 1469 194 1501 ſeyn
201 1465 330 1502 gequaͤlet:
347 1468 473 1503 Tauſend,
480 1475 510 1497 ꝛc.

122 1507 149 1534 7.
157 1502 245 1535 Deine
251 1503 372 1537 Demuth
381 1504 426 1536 hat
432 1504 539 1539 gebuͤſſet

89 1537 189 1568 meinen
202 1539 289 1574 Stoltz
309 1542 362 1569 und
374 1536 542 1573 Uedermuth,

90 1573 144 1603 dein
162 1574 204 1604 Tod
211 1574 310 1605 meinen
322 1571 354 1607 Tod
376 1575 499 1608 verſuͤſſet;
508 1578 537 1605 es

89 1605 182 1637 koͤmmt
187 1605 251 1637 alles
257 1607 308 1638 mir
316 1607 342 1641 zu
350 1612 406 1643 gut,
420 1604 474 1642 dein
475 1610 537 1641 Ver⸗

85 1638 192 1674 ſpotten,
204 1641 260 1673 dein
272 1642 416 1678 Verſpeyen
430 1643 491 1675 muß
505 1649 534 1677 zu

90 1669 171 1709 Ehren
192 1674 243 1704 mir
259 1677 383 1712 gedeyen:
406 1677 533 1712 Tauſend,

91 1711 241 1744 tauſendmal
253 1717 284 1741 ꝛc.

117 1742 141 1771 8.
148 1741 226 1773 Nun,
233 1740 270 1772 ich
277 1738 361 1771 dancke
368 1741 407 1770 dir
413 1748 460 1773 von
469 1742 533 1777 Her⸗

77 1775 140 1813 tzen,
160 1776 230 1815 JEſu,
240 1777 291 1817 fuͤr
288 1782 483 1817 geſamteNoth,
488 1783 532 1816 fuͤr

77 1811 121 1846 die
127 1817 256 1851 Wunden,
264 1816 306 1852 fuͤr
323 1813 365 1848 die
357 1818 530 1852 Schmertzen,

80 1843 122 1881 fuͤr
133 1854 177 1882 den
190 1851 279 1885 herben
297 1852 390 1884 bittern
401 1853 471 1886 Tod,
488 1853 530 1884 fuͤr

77 1881 137 1916 dein
143 1885 253 1922 Zittern,
265 1887 308 1919 fuͤr
317 1889 375 1917 dein
381 1889 477 1923 Zagen,
488 1890 531 1919 fuͤr

79 1911 134 1949 dein
148 1919 335 1955 tauſendfaches
349 1922 463 1956 Plagen:
486 1923 529 1955 fuͤr

78 1945 135 1986 dein
150 1959 203 1989 Ach
215 1960 268 1989 und
280 1956 350 1992 tieffe
355 1958 422 1994 Pein
434 1959 479 1994 wil
490 1959 528 1996 ich

75 1981 140 2028 ewig
153 1992 270 2028 danckbar
284 1994 350 2028 ſeyn.

589 293 646 319 186.
655 291 698 322 M.
711 293 740 324 S.
750 294 827 328 Freyl.
843 295 911 323 Geſ.1.
929 290 968 323 T.p
972 302 1020 323 472.

582 319 631 386 J

631 319 662 351 hr
662 320 781 353 Suͤnder,
789 323 823 358 die
829 324 869 353 ihr
875 328 908 353 an
915 328 955 360 den
961 323 1032 355 Bruͤ⸗

648 362 696 388 ſten
710 366 749 393 der
758 364 828 393 Welt
840 368 885 394 den
892 364 977 401 Durſt
989 368 1031 396 der

583 388 695 426 Suͤnden
701 393 783 429 kuͤhlt,
791 400 844 428 und
850 399 887 431 im
887 399 1032 434 Geſchmack

583 427 625 460 der
625 427 839 465 Fleiſches⸗Luͤſten
848 432 885 460 die
891 431 1032 467 allergroͤſte

581 464 678 495 Freude
687 465 768 498 fuͤhlt:
776 461 897 501 Kommt,
900 468 963 501 ſehet
971 469 1030 501 doch

582 503 627 527 den
649 501 869 537 Lebens ⸗ Fuͤrſten
896 503 923 533 in
947 504 1029 538 ſeinen

581 534 662 565 letzten
675 534 761 570 Zuͤgen
774 533 884 570 duͤrſten!
907 536 1028 571 Kommt,

582 571 640 597 eilet
647 577 696 599 mit
704 573 822 605 geſamter
828 572 903 609 Zahl,
912 579 941 607 zu
949 574 1026 609 deſſen

580 603 958 640 Angſt⸗ und Marter ⸗ Pfahl.

615 646 644 665 2.
643 638 749 670 Kommt
757 645 822 674 doch,
830 641 870 674 ihr
878 642 1027 677 tolleWohl⸗

579 665 626 700 luſt
635 667 746 700 Thoren,
763 673 905 705 behertziget
913 675 954 700 dis
960 675 1025 705 Her⸗

579 709 671 736 tzeleid!
703 709 807 743 eroͤffnet
824 715 863 741 die
880 712 1024 747 verſtockten

578 734 676 774 Ohren,
684 743 734 770 und
743 737 808 777 hoͤrt,
826 748 857 772 wie
862 744 932 777 unſer
934 747 1030 783 JEſus

578 780 678 810 ſchteyt.
697 781 775 812 Mich
782 780 900 815 duͤrſtet!
912 780 974 820 rufft
987 788 1025 816 der

578 813 826 849 Lebens ⸗ Bronnen,
840 816 956 848 nachdem
969 817 1023 851 ihm

579 847 626 876 alle
634 846 710 877 Kraft
720 853 861 881 zerronnen,
885 850 961 887 indem
977 850 1023 888 ihm

577 883 662 916 Leben,
676 886 745 916 Blut
759 888 810 915 und
823 885 895 920 Geiſt
911 889 961 920 aus
974 890 1020 919 den

577 920 701 954 zerrißnen
718 923 800 950 Adern
812 922 900 955 fleußt.

611 958 634 983 3.
649 954 700 985 Ach
719 953 786 985 hoͤre,
804 955 927 987 Sodoms
944 956 1023 987 Rott⸗

577 982 685 1016 Geſelle!
703 991 729 1015 in
743 984 857 1020 welchem
869 987 961 1021 nichts,
979 988 1023 1019 als

576 1019 691 1055 Geilheit
704 1021 800 1054 raucht,
817 1025 869 1053 und
885 1024 939 1055 eine
953 1025 1023 1057 Glut

576 1058 619 1087 der
635 1059 774 1094 ſchwartzen
792 1060 867 1096 Hoͤlle
889 1062 917 1093 in
934 1063 1021 1096 ſtetem

575 1088 667 1123 Brand
689 1096 729 1124 der
748 1093 850 1124 Glieder
868 1093 1021 1128 ſchmaucht:

576 1130 626 1159 Um
640 1131 718 1160 dieſen
732 1131 821 1161 wilden
834 1131 917 1167 Durſt
928 1139 957 1166 zu
968 1133 1022 1168 buͤſ⸗

574 1166 629 1197 ſen,
647 1167 690 1194 hat
703 1165 793 1200 JEſus
805 1169 850 1201 faſt
861 1168 1021 1203 verſchmach⸗

574 1203 616 1229 ten
623 1199 727 1232 muͤſſen,
744 1203 818 1231 drum
825 1200 887 1234 rufft
895 1203 943 1234 ſein
951 1204 1020 1239 gantz

574 1238 713 1265 verdorrter
720 1238 824 1267 Mund:
838 1238 911 1273 Mich
916 1237 1021 1275 duͤrſtet,

572 1269 599 1299 in
614 1270 654 1299 der
669 1271 751 1303 letzten
765 1272 868 1303 Stund.

604 1307 631 1332 4.
649 1296 756 1333 Komm,
763 1302 806 1332 der
812 1304 845 1333 du
854 1303 902 1333 mit
908 1303 965 1333 dem
971 1303 1020 1335 rei⸗

571 1338 631 1370 chen
644 1340 742 1373 Praſſer
761 1340 789 1370 in
801 1343 887 1376 ſtetem
898 1342 1021 1377 Schlem⸗

572 1381 629 1405 men
643 1379 705 1405 ohne
719 1377 789 1405 Raſt,
808 1380 854 1407 den
867 1376 955 1413 Fluch,
975 1380 1019 1410 als

572 1415 619 1438 wie
633 1411 672 1439 ein
684 1407 767 1442 giftig
779 1408 884 1446 Waſſer,
897 1410 945 1445 mit
958 1410 1018 1447 Wein

570 1445 596 1472 in
612 1445 664 1475 dich
676 1443 782 1478 geſoffen
796 1448 863 1480 haſt;
880 1447 936 1479 dein
943 1449 1018 1489 Hertz

569 1478 619 1506 mit
631 1473 735 1509 Suͤnden
746 1474 965 1515 uͤberſchwemmet,
974 1482 1019 1512 des

569 1512 671 1545 Geiſtes
682 1510 769 1545 Werck
781 1514 853 1546 darin
865 1515 1018 1552 gehemmet,

567 1548 619 1575 und
637 1546 707 1577 deine
724 1548 785 1581 beſte
801 1548 971 1587 Lebens ⸗ Zeit
987 1551 1016 1583 in

567 1579 656 1614 ſolcher
670 1579 803 1617 Uppigkeit
815 1585 937 1623 zerſtreut.

602 1617 626 1645 5.
643 1615 713 1647 Ach!
716 1620 763 1654 ſolt
769 1618 807 1649 dir
813 1619 880 1650 nicht
887 1619 935 1650 das
942 1616 1016 1657 Hertz

564 1647 725 1683 zerſpringen,
732 1655 807 1680 wann
814 1651 846 1679 du
854 1650 899 1680 den
904 1651 1017 1687 Heiland

565 1686 667 1717 winſeln
673 1688 756 1723 hoͤrſt?
768 1686 841 1723 Ach!
845 1689 887 1722 laß
893 1690 932 1723 dir
939 1691 967 1722 in
974 1691 1015 1723 die

563 1718 644 1751 Seele
657 1721 759 1761 dringen
773 1722 811 1753 die
825 1722 914 1757 Noth,
927 1723 966 1754 die
978 1725 1013 1756 du

563 1763 595 1784 an
609 1756 663 1786 ihm
677 1758 787 1792 erfaͤhrſt.
807 1760 873 1793 Ach!
886 1756 945 1793 hoͤre
952 1758 1015 1796 doch

561 1789 611 1821 ſein
617 1787 734 1826 aͤngſtlich
741 1794 868 1832 Sehnen;
885 1791 923 1826 Er
929 1794 1015 1827 moͤgte

561 1829 621 1857 gern
638 1830 680 1855 von
695 1827 781 1858 deinen
798 1819 916 1863 Thraͤnen,
936 1825 1016 1864 recht⸗

559 1860 678 1899 ſchaffner
695 1863 776 1897 Buſſe
794 1867 885 1897 klarem
903 1863 1015 1905 Wein,*

559 1897 697 1930 getraͤncket
710 1901 763 1928 und
769 1900 890 1932 erquicket
895 1903 961 1931 ſeyn.

608 1934 647 1946 *d.
658 1932 670 1955 i.
683 1931 816 1960 aufrichtigen
824 1933 1000 1961 Buß⸗Thraͤnen.

594 1957 619 1985 6.
620 1957 732 1988 Kommt
738 1955 796 1986 aber
803 1956 873 1992 auch,
885 1954 923 1994 ihr
935 1957 1014 1993 Joabs⸗

557 1985 670 2023 Bruͤder,
675 1988 700 2020 in
710 1992 788 2021 denen
796 1991 879 2023 nichts
892 1991 933 2023 als
941 1989 1012 2029 Rache

924 2035 1010 2066 gluͤht.
