1856 2660
1177 324 1273 376 165

321 425 500 474 uͤbergehen
524 422 662 473 moͤchte,
697 422 760 468 auf
781 425 830 459 die
858 419 1083 469 Schoͤnheiten
1108 417 1262 460 derſelben

320 481 532 529 aufmerkſam
549 491 586 528 zu
605 478 748 526 machen.

397 536 463 580 Jch
479 535 600 569 komme
616 540 683 566 nun
704 529 765 573 auf
778 532 836 566 den
848 525 1046 574 eigentlichen
1057 524 1262 572 Gegenſtand

321 594 377 627 der
402 590 583 634 Henriade,
619 589 678 624 den
706 581 979 631 Religionskrieg.
1044 578 1262 626 Natuͤrlicher⸗

322 647 411 690 weiſe
430 648 542 692 mußte
562 650 616 683 der
630 644 794 691 Verfaſſer
813 647 862 680 die
875 639 1097 693 Mißbraͤuche
1111 637 1264 683 erzaͤhlen,

322 701 434 747 welche
454 703 501 736 die
522 695 779 745 Aberglaͤubigen
802 700 867 731 und
884 692 1097 741 Schwaͤrmer
1119 690 1266 737 gewoͤhn⸗

323 757 381 798 lich
398 758 456 790 mit
470 759 522 790 der
535 752 690 799 Religion
703 748 840 787 treiben:
867 752 949 784 denn
968 757 1044 783 man
1059 746 1112 793 hat
1130 749 1178 783 die
1193 745 1266 785 Be⸗

323 812 477 857 merkung
496 808 657 857 gemacht,
683 809 746 855 daß
761 809 839 853 dieſe
854 809 914 845 Art
928 806 1066 852 Kriege,
1094 801 1201 850 durch,
1219 802 1267 848 ich

323 871 404 915 weiß
414 869 496 916 nicht
504 867 634 915 welches
646 869 774 913 widrige
784 864 938 912 Geſchick,
947 865 1045 907 allzeit
1056 862 1190 906 blutiger
1201 865 1267 897 und

325 922 539 962 hartnaͤckiger
560 917 698 960 geweſen
722 917 805 956 ſind,
834 915 885 947 als
909 916 957 945 die
969 910 1105 954 Kriege,
1133 910 1181 941 die
1202 916 1269 941 von

325 983 397 1016 dem
411 978 547 1026 Ehrgeiz
563 982 615 1015 der
630 975 763 1022 Fuͤrſten
780 979 853 1012 oder
869 983 932 1010 von
948 978 1001 1009 der
1016 969 1267 1017 Unbiegſamkeit

327 1039 379 1071 der
392 1033 606 1080 Unterthanen
622 1028 788 1078 angefacht
801 1031 951 1070 wurden;
979 1032 1043 1064 und
1060 1032 1097 1063 da
1108 1026 1269 1073 Schwaͤr⸗

326 1092 423 1126 merei
446 1093 511 1125 und
533 1084 761 1133 Aberglauben
789 1092 855 1121 von
882 1086 964 1128 jeher
992 1086 1040 1120 die
1064 1082 1268 1125 Triebfedern

328 1152 382 1183 der
415 1140 857 1194 verabſcheuungswuͤrdigen
885 1142 1008 1184 Politik
1043 1144 1095 1177 der
1129 1138 1268 1184 Großen

329 1211 395 1242 und
418 1211 469 1242 der
490 1201 701 1251 Geiſtlichkeit
723 1199 860 1246 geweſen
883 1199 969 1245 ſind,
997 1199 1107 1243 mußte
1130 1206 1206 1232 man
1229 1198 1269 1237 je⸗

329 1266 392 1289 nen
407 1255 611 1299 nothwendig
626 1250 715 1286 einen
727 1247 857 1286 Damm
874 1255 1024 1293 entgegen
1041 1244 1140 1291 ſetzen.
1194 1243 1267 1283 Der

329 1314 493 1362 Verfaſſer
512 1313 567 1359 hat
590 1311 668 1348 alles
697 1310 799 1357 Feuer
827 1310 922 1355 ſeiner
949 1304 1266 1352 Einbildungskraft,

331 1374 411 1409 alles
429 1378 501 1407 was
523 1374 573 1407 die
585 1367 827 1415 Beredſamkeit
849 1370 914 1403 und
930 1371 978 1404 die
992 1363 1184 1413 Dichtkunſt
1200 1371 1267 1397 ver⸗

330 1425 493 1473 mochten,
521 1421 730 1471 aufgeboten,
757 1425 827 1457 dem
842 1423 963 1465 jetzigen
980 1416 1206 1466 Jahrhundert
1222 1419 1269 1452 die

332 1480 525 1522 Thorheiten
550 1474 655 1516 unſrer
670 1472 860 1518 Vorfahren
883 1473 1002 1516 lebhaft
1024 1477 1082 1503 vor
1097 1467 1214 1513 Augen
1231 1474 1267 1508 zu

332 1538 455 1581 ſtellen,
494 1544 550 1569 um
577 1541 643 1570 uns
673 1536 775 1568 davor
800 1530 864 1570 auf
885 1532 998 1567 immer
1024 1539 1061 1572 zu
1088 1527 1267 1575 bewahren.

332 1595 428 1634 Gern
449 1591 567 1638 moͤchte
590 1602 622 1627 er
645 1594 702 1627 den
727 1586 937 1636 kriegeriſchen
955 1587 1047 1631 Geiſt
1071 1590 1135 1624 und
1152 1588 1201 1621 die
1214 1584 1267 1622 Laͤ⸗

333 1663 388 1697 ger
401 1659 466 1687 von
482 1655 540 1687 den
556 1647 765 1698 ſpitzfindigen
781 1650 846 1683 und
860 1646 1069 1694 gekuͤnſtelten
1086 1644 1267 1689 Argumen⸗

334 1719 388 1747 ten
400 1712 454 1744 der
466 1705 619 1755 Schulen
638 1706 797 1750 reinigen,
824 1706 890 1739 und
908 1706 1019 1748 letztere
1040 1705 1110 1737 dem
1125 1703 1264 1742 pedanti⸗

333 1762 420 1809 ſchen
441 1759 621 1808 Schwarm
647 1761 700 1794 der
722 1755 940 1805 Scholaſtiker
962 1752 1156 1800 uͤberlaſſen;
1191 1761 1266 1795 gern

335 1815 458 1863 moͤchte
483 1827 514 1853 er
547 1814 611 1859 auf
631 1816 745 1852 immer
772 1818 833 1851 den
858 1811 1036 1858 Menſchen
1067 1815 1128 1845 das
1156 1807 1267 1854 heilige

336 1873 513 1922 Schwerdt
526 1872 698 1918 entreißen,
725 1868 854 1915 welches
872 1871 910 1914 ſie
924 1878 998 1905 vom
1014 1869 1106 1905 Altar
1123 1865 1268 1910 nehmen,

338 1938 395 1963 um
415 1926 481 1973 ihre
500 1924 636 1963 Bruͤder
656 1920 898 1969 unbarmherzig
919 1921 1018 1956 damit
1038 1929 1075 1961 zu
1092 1921 1268 1954 ermorden.

338 1979 440 2022 Kurz,
467 1979 528 2012 das
541 1974 647 2022 Wohl
661 1977 726 2011 und
741 1977 790 2010 die
804 1961 904 2024 Ruhe
919 1976 974 2007 des
988 1966 1270 2015 geſellſchaſtlichen

338 2037 458 2076 Lebens
484 2037 548 2082 ſind
576 2037 631 2070 der
656 2031 926 2080 Hauptendzweck
952 2030 1048 2074 dieſes
1076 2027 1268 2073 Gedichtes;

338 2096 405 2131 und
427 2088 503 2128 eben
521 2092 689 2137 deswegen
709 2096 814 2124 warnt
834 2092 889 2125 der
909 2084 1070 2133 Verfaſſer
1092 2084 1121 2131 ſo
1143 2083 1188 2127 oft
1214 2092 1272 2118 vor

842 2146 876 2206 L
876 2146 929 2206 3
