1565 2310
931 267 998 318 25

125 325 162 366 in
179 331 242 371 uns
256 338 436 381 wiederum
456 329 530 377 ſolle
550 331 765 375 aufgerichtet
782 343 931 378 werden,
959 328 993 372 ſo

126 385 204 432 muß
213 397 311 437 zuvor
327 391 388 430 des
404 387 558 430 Satans
577 390 642 428 das
659 386 739 434 ſeine
753 385 889 432 erſtickt,
922 389 993 425 und

125 437 278 487 ertoͤdtet,
305 440 368 482 wir
383 439 462 482 aber
476 435 601 489 muͤſſen
615 438 644 487 je
661 434 775 485 laͤnger
793 436 822 483 je
837 438 927 483 mehr
942 436 993 476 be⸗

124 483 260 537 gieriger
277 492 437 534 werden,
469 488 552 533 nach
575 491 632 529 der
651 484 896 535 vernuͤnfftigen
923 487 994 526 und

125 540 254 587 lautern
269 545 399 592 Milch,
433 543 489 584 als
506 542 557 584 die
570 541 800 592 jetztgebohrne
817 539 995 587 Kindlein,

125 595 187 644 auf
192 595 256 644 daß
269 597 332 637 wir
348 594 448 642 durch
462 592 631 644 dieſelbige
646 593 835 641 zunehmen.
862 605 890 631 I.
908 592 993 640 Pet.

123 656 158 688 2,
173 660 207 689 2.
252 649 465 696 Weswegen
491 649 573 695 auch
586 636 729 696 Paulus
756 645 848 695 ſagt:
880 646 994 692 Milch

123 691 191 739 hab
204 695 251 742 ich
261 696 337 741 euch
350 704 388 744 zu
399 693 540 735 trincken
551 693 705 742 gegeben,
713 695 783 734 und
796 689 878 745 nicht
876 688 995 744 Spei⸗

125 741 171 791 ſe,
201 747 287 786 denn
310 746 363 793 ihr
382 745 515 787 konntet
535 746 616 789 noch
636 743 741 788 nicht,
775 744 856 789 auch
876 741 997 784 koͤnnet

127 798 178 843 ihr
193 802 272 847 noch
287 799 354 850 jetzt
365 800 463 845 nicht.
494 811 523 837 I.
535 797 622 840 Cor.
640 809 669 840 3,
684 790 718 837 2.
755 796 858 847 Unſer
872 795 998 845 liebſter

126 842 283 893 Heyland
304 849 340 896 iſt
360 847 429 896 ſehr
449 844 595 894 beſorget
617 852 678 884 vor
699 848 786 888 uns,
811 851 915 885 wann
932 842 997 884 wir

126 901 160 942 in
176 902 310 951 ſolchem
324 904 428 945 Grad
444 902 559 949 ſtehen.
596 900 672 942 Die
685 895 846 951 Juͤnger,
866 899 921 940 als
937 898 999 947 ſol⸗

126 952 179 998 che
198 955 278 999 noch
302 953 336 994 in
358 956 419 993 den
437 951 614 998 kindlichen
635 948 777 999 Jahren
800 947 998 997 geſtanden,

126 1000 249 1052 muͤſſen
270 1005 328 1052 ſich
351 1012 412 1045 vor
432 998 515 1044 aͤlter
537 1000 692 1049 gehalten
714 999 839 1046 haben,
879 1000 935 1042 als
955 998 998 1047 ſie

126 1056 207 1100 noch
228 1053 389 1100 damahls
407 1051 573 1102 geweſen,
609 1052 749 1098 welches
769 1050 999 1100 gemeiniglich

128 1098 431 1146 KindernGOttes
443 1100 618 1149 begegnet;
638 1098 671 1147 ja
680 1098 719 1145 ſie
727 1096 851 1148 muͤſſen
863 1099 1000 1148 geglau⸗

128 1149 181 1193 bet
199 1152 321 1198 haben,
355 1155 393 1193 es
409 1148 476 1198 ſeye
490 1151 577 1195 nicht
590 1149 727 1198 noͤthig,
760 1148 826 1195 daß
847 1158 928 1190 man
952 1149 1000 1194 ih⸗

128 1194 184 1244 ren
208 1204 350 1251 Meiſter
376 1202 438 1243 mit
458 1204 521 1243 den
540 1200 693 1243 Kindern
713 1200 877 1247 aufhalte.
929 1200 999 1242 Un⸗

127 1249 176 1299 ſer
187 1252 346 1304 Heyland
362 1251 442 1294 aber
457 1253 544 1294 wird
560 1252 713 1301 unwillig
731 1250 894 1297 daruͤber,
925 1252 999 1292 und

127 1299 232 1351 ſaget,
256 1314 337 1346 man
356 1302 429 1352 ſolle
450 1307 487 1345 es
505 1303 603 1349 ihnen
620 1301 707 1348 nicht
723 1301 875 1346 wehren,
906 1302 1001 1342 dann

111 1352 250 1404 ſolchen
257 1357 410 1406 Kindern
421 1353 541 1405 gehoͤre
555 1358 620 1399 das
635 1355 741 1404 Reich
751 1354 913 1399 GOttes,
928 1356 1001 1396 und

116 1408 179 1446 wo
191 1414 254 1455 wir
263 1419 328 1457 das
337 1414 444 1460 Reich
454 1413 607 1457 GOttes
617 1412 703 1460 nicht
716 1412 749 1452 in
765 1409 885 1460 ſolcher
893 1409 1002 1453 Kind⸗

123 1453 241 1508 ſchafft
241 1454 456 1506 empfangen,
468 1458 602 1499 werden
615 1457 679 1497 wir
692 1456 779 1502 nicht
792 1455 903 1504 hinein
912 1455 1002 1497 kom⸗

97 1499 223 1558 men;
253 1503 365 1560 Marc.
382 1520 435 1554 10,
456 1512 586 1553 13⸗16.
603 1509 731 1553 Marc.
746 1518 847 1555 9,42.
874 1506 1002 1549 Keines

101 1568 194 1610 von
215 1564 320 1612 dieſen
339 1564 492 1607 Kindern
511 1562 608 1614 ſollen
629 1563 694 1603 wir
719 1557 857 1610 aͤrgern,
884 1562 946 1600 wie
963 1566 1001 1601 es

118 1589 286 1660 Chriſtus
308 1606 414 1654 ſeinen
433 1607 598 1654 Juͤngern
621 1608 796 1657 abermahl
822 1608 1003 1655 verbietet,

124 1663 171 1706 da
184 1660 226 1712 ſie
237 1661 342 1702 einem
356 1664 538 1710 gewehret,
564 1660 700 1708 welcher
714 1661 749 1701 in
766 1659 885 1708 ſeinem
896 1659 1003 1705 Nah⸗

126 1721 202 1755 men
219 1711 350 1764 Teuffel
365 1713 615 1762 ausgetrieben,
642 1713 721 1753 aber
740 1710 827 1759 nicht
844 1712 909 1759 auf
919 1709 1001 1756 dieſe

125 1765 268 1816 Weiſe,
278 1764 340 1806 wie
353 1761 410 1810 ſie,
427 1765 563 1815 Chriſto
575 1763 857 1812 nachgewandelt.
871 1765 1001 1806 Marc.

124 1826 160 1861 9,
168 1829 230 1865 42.
241 1826 298 1864 38.
323 1818 381 1864 Jn
391 1820 506 1869 dieſem
515 1821 612 1862 Alter
622 1809 742 1867 richten
753 1819 879 1862 Kinder
889 1817 1002 1859 GOt⸗

124 1871 178 1913 tes
193 1869 285 1923 ihren
297 1863 469 1921 Naͤchſten
483 1877 547 1920 gar
566 1876 664 1916 gern,
687 1871 759 1911 und
774 1875 929 1915 meynen,
950 1866 1003 1909 die

517 1925 570 1976 B
570 1925 617 1976 5

916 1917 1013 1966 gan⸗
