1821 2593
164 431 248 476 offen
266 433 334 477 ſeyn
357 428 493 475 muͤſſen;
528 439 560 466 er
581 430 659 466 wird
681 429 803 474 daſelbſt
824 434 899 472 ganz
922 426 1096 471 entkleidet,
1125 427 1216 465 uͤber⸗

162 487 204 519 all
228 488 285 519 mit
308 483 482 524 trockenen,
527 480 590 515 und
615 487 702 516 wenn
725 486 757 515 es
780 476 907 524 moͤglich
931 479 981 520 iſt,
1027 477 1216 519 gewaͤrmten

163 531 297 577 Tuͤchern
321 532 476 576 gerieben,
520 529 552 568 in
582 531 628 568 ein
651 533 724 569 Bett
747 534 817 567 oder
840 531 916 575 ſonſt
942 530 1000 570 auf
1020 528 1068 565 ein
1091 531 1215 574 weiches

163 587 274 632 Lager,
295 590 346 624 als
369 587 595 632 Pferdedecken,
620 589 691 622 oder
713 586 786 629 auch
808 594 869 621 nur
890 583 1036 621 trockenes
1057 585 1126 626 Heu
1149 585 1215 621 und

163 646 269 686 Stroh
292 646 398 689 gelegt.
446 644 520 680 Das
544 644 636 688 Lager
658 643 741 687 ſelbſt
765 644 838 686 muß
840 636 878 690 ſo
919 639 1106 686 eingerichtet
1128 640 1213 684 ſeyn,

162 694 220 737 daß
243 700 274 730 es
297 698 361 738 frey
385 694 491 736 ſtehet,
516 693 615 729 damit
638 702 711 729 man
734 692 898 734 demſelben
920 694 993 726 aller
1015 692 1113 726 Orten
1144 692 1215 731 bey⸗

161 747 302 785 kommen
325 745 427 783 koͤnne.
492 746 568 788 Hier
594 746 670 781 wird
699 747 749 780 der
776 742 897 789 Koͤrper
930 744 989 779 mit
1020 742 1142 786 leichten
1165 752 1216 782 ge⸗

163 796 313 837 waͤrmten
335 801 447 836 Betten
470 800 541 835 oder
564 798 680 835 Decken
704 797 750 832 bis
772 808 812 832 an
835 799 892 832 das
924 796 1041 840 Geſicht
1073 794 1213 837 bedecket,

163 856 234 892 oder
255 863 344 889 wenn
369 863 441 888 man
465 855 510 890 die
533 852 610 895 nicht
632 851 729 894 haben
751 850 850 893 kann,
880 849 939 886 mit
962 858 1092 886 warmer
1114 850 1215 893 Aſche,

163 913 300 944 warmen
322 906 443 951 Salze,
485 908 556 941 oder
577 913 713 941 warmen
736 903 874 946 Sande,
920 904 967 939 bis
990 913 1031 938 an
1052 904 1110 938 den
1131 904 1215 945 Hals

162 962 195 1004 ſo
218 962 289 998 dicke
312 962 360 996 als
384 956 532 1003 moͤglich,
555 957 706 999 beſtreuet.
750 960 834 994 Man
857 957 932 1001 leget
957 964 1069 992 warme
1093 956 1213 993 Steine

164 1015 235 1052 oder
250 1014 486 1059 Warmflaſchen
509 1021 549 1047 an
568 1012 616 1047 die
633 1012 801 1054 Fußſohlen
825 1013 888 1047 und
911 1011 1003 1046 reibet
1024 1010 1070 1047 die
1091 1007 1215 1053 Haͤnde,

164 1063 212 1101 die
233 1063 319 1108 Fuͤße
339 1065 402 1100 und
425 1067 482 1099 den
505 1060 645 1104 Ruͤcken,
675 1059 733 1096 mit
755 1068 915 1101 warmen,
937 1068 989 1095 am
1021 1058 1116 1099 beſten
1143 1067 1218 1094 rau⸗

122 1103 221 1151 hen
243 1112 394 1151 wollenen
425 1111 572 1150 Tuͤchern,
616 1113 773 1146 allenfalls
801 1113 874 1149 auch
904 1111 962 1153 mit
990 1110 1069 1156 einer
1090 1111 1217 1147 weichen

163 1168 292 1213 Buͤrſte,
316 1169 444 1211 beweget
466 1172 529 1203 und
552 1166 666 1202 druͤcket
688 1169 744 1202 den
767 1164 917 1202 Unterleib
947 1165 1005 1201 mit
1027 1163 1216 1217 gemaͤrmten

163 1221 308 1266 Haͤnden,
338 1223 496 1264 beſonders
527 1230 621 1264 gegen
648 1220 695 1255 die
724 1219 899 1262 Herzgrube
926 1227 984 1262 zu,
1022 1220 1085 1255 und
1116 1217 1218 1262 faͤhret

166 1273 230 1311 eine
252 1275 341 1318 lange
362 1271 451 1315 Zeit,
497 1271 674 1315 wenigſtens
704 1270 750 1307 ein
774 1281 854 1313 paar
876 1269 1051 1311 Stunden,
1096 1271 1219 1311 hiermit

164 1329 247 1372 fort,
292 1330 395 1370 wobey
419 1336 493 1363 man
516 1325 676 1372 ſorgfaͤltig
698 1326 764 1370 acht
786 1321 886 1368 giebt,
931 1327 988 1368 daß
1024 1327 1076 1361 der
1098 1324 1219 1367 Koͤrper

165 1378 219 1424 bey
251 1384 333 1417 allen
364 1378 460 1419 dieſen
487 1375 753 1423 Huͤlfsleiſtungen
782 1373 930 1420 beſtaͤndig
952 1375 1010 1410 mit
1033 1375 1219 1418 gewaͤrmten

166 1432 282 1473 Decken
305 1436 377 1472 oder
397 1434 509 1470 Betten
534 1432 646 1469 bedeckt
667 1432 780 1474 bleibe,
823 1429 924 1466 indem
953 1429 987 1478 in
1010 1429 1062 1464 der
1082 1429 1219 1472 gelinden

166 1488 378 1535 Erwaͤrmung
402 1489 542 1531 deſſelben
574 1488 654 1524 eines
678 1490 729 1523 der
750 1484 987 1532 zuverlaͤſſigſten
1008 1485 1072 1522 und
1092 1481 1222 1529 vorzuͤg⸗

143 1540 281 1589 lichſten
305 1540 567 1587 Rettungsmittel
590 1551 625 1585 zu
648 1542 749 1583 finden
771 1541 819 1585 iſt.

253 1600 298 1647 3)
313 1599 423 1638 Sollte
443 1601 502 1635 das
526 1598 644 1641 Geſicht
664 1595 870 1639 aufgetrieben
893 1596 983 1640 ſeyn,
1026 1594 1090 1631 und
1120 1595 1221 1631 braun

166 1653 229 1688 und
260 1654 333 1689 blau
363 1650 532 1695 ausſehen,
577 1652 649 1686 oder
672 1649 718 1686 die
740 1650 841 1686 Adern
864 1657 936 1684 vom
963 1649 1060 1685 Blute
1089 1648 1220 1689 ſtrotzen,

167 1702 303 1741 alsdann
318 1703 392 1744 muß
411 1697 624 1746 unvorzuͤglich
646 1698 710 1737 eine
727 1700 819 1741 Ader,
842 1707 897 1735 am
913 1701 1007 1743 beſten
1012 1698 1067 1742 die
1085 1697 1222 1739 Droſſel⸗

168 1758 240 1794 ader
272 1766 324 1792 am
346 1755 461 1799 Halſe,
506 1755 613 1796 welche
634 1753 668 1789 in
691 1753 787 1796 dieſen
809 1751 916 1795 Faͤllen
937 1754 1011 1795 noch
1032 1756 1085 1787 am
1107 1751 1224 1794 leichte⸗

167 1808 228 1848 ſten
248 1809 328 1845 Blut
348 1806 449 1850 giebt,
471 1803 607 1850 geoͤffnet
627 1807 758 1841 werden.
802 1802 897 1841 Waͤre
918 1806 1013 1849 dieſes
1034 1803 1105 1840 aber
1128 1801 1222 1847 nicht,

168 1858 198 1900 ſo
221 1859 257 1901 iſt
278 1865 311 1896 es
333 1859 441 1901 beſſer,
462 1858 522 1894 mit
544 1861 611 1894 dem
635 1856 768 1899 Aderlaß
791 1857 822 1900 ſo
844 1856 933 1896 lange
954 1862 990 1897 zu
1014 1856 1150 1896 warten,
1174 1852 1224 1891 bis

168 1914 320 1952 merkbare
356 1911 558 1958 Kennzeichen
594 1914 648 1947 des
681 1910 791 1947 wieder
824 1911 1027 1946 vollkommen
1060 1908 1095 1944 in
1129 1907 1226 1952 Gang

168 1957 364 1999 kommenden
377 1957 608 1998 Blutumlaufs
637 1957 813 1998 vorhanden
842 1957 930 1998 ſind,
976 1956 1077 1991 indem
1100 1960 1164 1991 eine
1186 1969 1223 1998 zu

169 2015 243 2059 fruͤh
270 2019 441 2062 angeſtellte
471 2018 533 2051 und
565 2024 601 2058 zu
631 2013 780 2062 reichliche
809 2014 944 2058 Aderlaß
972 2014 1005 2051 in
1034 2013 1099 2057 ſehr
1128 2014 1226 2049 vielen

161 2065 298 2111 Faͤllen,
342 2063 512 2111 vorzuͤglich
540 2074 635 2101 wann
664 2067 716 2100 der
746 2064 911 2106 Kreislauf
938 2066 993 2100 des
1021 2065 1123 2102 Bluts
1152 2065 1227 2105 noch

169 2119 233 2163 ſehr
262 2123 391 2170 ſchwach
420 2123 484 2158 und
512 2120 603 2157 kaum
633 2120 770 2156 merkbar
799 2119 855 2161 iſt,
900 2120 986 2159 mehr
1013 2117 1153 2164 ſchaͤdlich
1175 2119 1226 2153 als

170 2181 366 2223 vortheilhaft
388 2178 477 2216 wird.
541 2177 590 2215 Es
620 2177 746 2222 verſteht
776 2177 830 2220 ſich
863 2184 924 2211 von
947 2175 1053 2221 ſelbſt|,
1099 2176 1157 2217 daß
1179 2174 1227 2209 die

172 2222 253 2265 Ader
273 2225 385 2272 allezeit
405 2221 589 2271 ſorgfaͤltig,
608 2225 673 2262 und
695 2221 779 2270 ſelbſt
799 2223 935 2261 alsdann
955 2229 1055 2268 noch,
1077 2231 1166 2259 wenn
1187 2222 1228 2262 ſie
