1536 2276
315 388 380 421 und
403 387 475 425 doch
497 385 560 421 kein
581 383 782 424 angenehmes
802 384 964 423 Gaͤſtchen!
992 401 1035 408 —

318 445 391 482 auch
418 445 496 483 nicht
518 444 562 477 ein
583 443 709 484 einziges
733 445 932 480 angenehmes
949 444 1037 488 Gaͤſt⸗

318 501 403 539 chen!
426 521 468 530 —
496 503 564 535 Wie
581 496 689 536 kann's
709 497 781 536 auch
800 502 912 532 anders
930 502 1036 539 ſeyn?!

308 569 399 603 Alles
426 569 484 609 auf
505 571 559 602 den
576 567 711 603 Mauern
738 580 779 589 —
813 568 942 601 (Boͤrner
958 568 1035 603 oͤffnet

316 619 353 644 die
365 617 448 650 Thuͤre
465 616 520 645 leiſe
536 616 587 642 und
599 603 741 646 behutſam;
760 612 825 641 dann
840 612 924 645 ſchnell
935 611 1036 649 herein)

315 679 398 715 Alles
418 681 504 712 unter
527 680 581 709 den
604 675 723 715 Waffen
744 693 787 701 —

389 838 583 888 Schnepfer.
657 840 768 888 Jakob
817 841 960 881 Boͤrner.

368 932 599 975 Schnepfer.
634 933 670 969 Ei
692 928 810 974 ſchoͤnen
832 938 922 975 guten
934 929 1037 967 Abend

312 1005 335 1014 —
351 985 487 1030 ſchoͤnen
501 993 591 1029 guten
602 988 736 1033 Abend,
745 985 819 1020 mein
839 985 1036 1029 angenehmer

313 1052 389 1096 Herr
406 1050 599 1090 Kaͤmmerer;
617 1051 683 1092 Jhr
705 1053 794 1086 war’t
810 1051 1036 1093 verſchwunden

315 1113 377 1144 und
405 1109 472 1148 ſeyd
493 1124 535 1130 —

377 1176 547 1214 Boͤrner.
571 1177 661 1214 Still,
675 1172 869 1219 Schwaͤzzer!
886 1177 948 1210 und
958 1176 1041 1218 raſch

315 1215 397 1261 einen
420 1226 549 1267 Becher,
581 1229 642 1259 und
666 1229 748 1258 dann
766 1239 804 1250 —

385 1319 619 1361 Schnepfer.
668 1321 753 1359 (fuͤllt
779 1319 854 1355 eilig;
895 1308 1038 1364 halblaut)

314 1381 409 1423 Raſch
432 1398 468 1408 —
500 1378 598 1419 raſch,
634 1376 712 1414 mein
742 1376 936 1419 angenehmer
957 1376 1036 1419 Herr

315 1439 508 1480 Kaͤmmerer!
529 1443 629 1482 (reicht
644 1445 695 1479 ihm
711 1443 758 1474 den
769 1442 893 1480 Becher)
914 1437 960 1481 Zu
977 1437 1040 1476 die⸗

317 1506 391 1544 nen,
420 1498 497 1541 mein
525 1499 733 1540 angenehmer
744 1500 776 1535 —

377 1585 547 1625 Boͤrner.
571 1586 666 1627 Raſch
683 1583 798 1628 hinaus
815 1587 873 1628 auf
886 1588 930 1621 die
952 1587 1041 1624 Stra⸗

317 1644 353 1685 ße
375 1647 435 1681 und
453 1643 659 1686 umgeſchaut:
681 1645 719 1679 ob
736 1642 788 1685 ſich
804 1642 938 1682 Jemand
956 1641 1042 1683 ſehen
