1552 2355
434 416 542 465 nichts
557 423 599 463 zu
615 412 718 464 thun;
742 413 776 464 ſo
795 413 897 462 ſuchet
913 421 994 454 man
1009 409 1113 459 ſeinen
1134 408 1268 460 Nutzen
1294 402 1359 458 auf

436 469 506 512 eine
521 468 637 509 andere
654 467 731 509 Art.
783 467 882 510 Man
896 457 1038 512 beſtiehlt
1051 463 1112 505 den
1127 460 1356 510 Landesherrn

435 525 471 566 ſo
486 521 567 569 ſehr,
595 522 651 565 als
666 527 700 561 es
715 529 779 562 nur
791 515 957 573 geſchehen
974 516 1083 566 kann,
1110 515 1194 564 ohne
1214 513 1278 563 ſich
1293 516 1356 554 da⸗

437 578 502 621 bey
517 575 550 615 in
566 584 629 624 gar
643 581 678 622 zu
693 575 797 624 groſſe
807 571 942 614 Gerahr
957 580 994 618 zu
1011 567 1137 620 ſetzen.
1171 569 1270 613 Man
1286 565 1357 615 haͤlt

438 625 522 665 alles
541 621 711 670 dasienige
726 619 778 668 fuͤr
793 619 885 660 einen
899 615 1070 666 Gewinn,
1097 620 1179 658 was
1199 624 1282 655 man
1296 616 1358 654 den

437 674 644 726 oͤffentlichen
665 673 836 722 Auflagen
856 668 1015 721 entziehet,
1043 671 1124 718 ohne
1143 668 1260 717 welche
1281 668 1358 707 aber

438 729 520 774 doch
536 728 586 769 ein
596 725 722 770 Staat
738 718 923 772 unmoͤglich
941 722 1088 771 beſtehen
1103 719 1202 762 kann.
1217 718 1360 771 Muͤſſen

438 779 492 820 die
510 775 714 828 oͤffentlichen
733 772 911 823 Auflagen,
938 779 1053 820 wegen
1069 773 1123 811 der
1138 771 1268 811 elenden
1284 767 1360 818 Zei⸗

439 832 505 876 ten,
533 829 694 869 entweder
707 822 906 874 fortgeſetzet,
934 824 1011 865 oder
1028 821 1119 870 wohl
1132 828 1196 869 gar
1214 818 1363 867 vermeh⸗

439 887 488 923 ret
500 885 654 924 werden;
667 876 699 922 ſo
716 875 803 924 giebt
816 886 897 918 man
910 875 1010 924 durch
1025 869 1275 924 aufruͤhreriſche
1288 872 1362 915 Re⸗

440 935 503 977 den
529 942 593 974 nur
613 929 706 975 mehr
728 930 783 971 als
812 937 849 974 zu
875 928 1012 974 deutlich
1035 935 1074 973 zu
1096 924 1265 978 erkennen,
1297 922 1363 965 wie

439 986 554 1032 wenig
569 991 651 1022 man
665 980 791 1029 geneigt
806 980 867 1027 ſey,
892 979 940 1028 ſie
951 987 988 1025 zu
1010 984 1175 1024 ertragen,
1203 980 1277 1020 und
1294 973 1364 1024 daß

443 1042 480 1078 es
500 1041 566 1075 uns
581 1041 664 1080 ganz
679 1034 746 1073 und
761 1041 824 1080 gar
837 1041 882 1073 an
905 1033 1003 1074 allem
1033 1028 1126 1080 Eifer
1148 1029 1200 1079 fuͤr
1222 1033 1289 1071 das
1308 1037 1364 1075 ge⸗

441 1089 553 1130 meine
582 1085 689 1135 Beſte
710 1083 872 1133 mangele.
924 1081 1022 1129 Man
1044 1079 1136 1130 fragt
1158 1080 1266 1130 nichts
1288 1072 1366 1121 dar⸗

444 1142 545 1189 nach,
577 1140 619 1181 ob
637 1149 718 1182 man
738 1136 882 1185 dadurch
896 1136 954 1186 die
976 1138 1037 1179 den
1058 1134 1182 1179 Obern
1205 1126 1366 1182 ſchuldige

446 1192 625 1241 Ehrfurcht
643 1195 710 1232 und
729 1190 831 1239 Liebe,
860 1191 927 1229 und
948 1192 1015 1227 das
1037 1197 1073 1236 zu
1091 1187 1173 1233 ihrer
1187 1177 1367 1235 Vorſorge

444 1243 481 1294 ſo
495 1243 627 1291 noͤthige
644 1240 845 1282 Vertrauen
858 1234 1036 1289 ſchwaͤchet
1050 1241 1125 1281 oder
1144 1237 1242 1281 nicht.
1294 1237 1370 1278 Ge⸗

446 1299 520 1338 nug
533 1300 614 1330 man
632 1291 705 1336 thut
721 1294 778 1336 es;
804 1285 886 1329 man
897 1285 965 1331 laͤſt
981 1286 1099 1335 ſeinem
1131 1284 1250 1328 bittern
1274 1276 1370 1328 Ver⸗

445 1342 555 1392 druſſe
577 1339 686 1384 freyen
707 1337 818 1387 Lauf;
844 1337 913 1379 und
937 1337 1045 1379 indem
1067 1342 1150 1377 man
1163 1332 1228 1382 ſich
1248 1340 1370 1376 verwe⸗

449 1403 544 1444 gener
565 1391 690 1441 Weiſe
712 1389 791 1437 uͤber
814 1393 874 1434 den
895 1386 1066 1440 Regenten
1094 1384 1310 1439 beſchweret;
1335 1386 1368 1436 ſo

450 1444 596 1496 beweiſet
613 1454 704 1494 man,
734 1443 815 1490 ohne
837 1443 947 1485 daran
962 1451 1000 1491 zu
1022 1440 1160 1492 denken,
1197 1438 1266 1488 daß
1287 1447 1371 1482 man

450 1502 543 1550 ſelbſt
558 1501 607 1541 ein
626 1498 693 1549 ſehr
709 1497 810 1547 boͤſer
819 1495 1035 1543 Unterthan
1049 1493 1112 1542 ſey,
1121 1488 1188 1534 und
1205 1494 1272 1542 daß
1286 1500 1370 1533 man

451 1555 515 1594 den
543 1549 724 1600 Vorwurf
748 1552 805 1591 des
838 1540 964 1601 Haggai
1007 1536 1178 1592 gedoppelt
1210 1542 1369 1591 verdiene,

450 1612 551 1643 wenn
571 1612 604 1641 er
623 1600 713 1648 ſagt,
741 1610 832 1643 man
846 1597 929 1648 laſſe
948 1600 1019 1640 das
1035 1594 1150 1643 Haus
1166 1595 1234 1634 des
1247 1593 1372 1642 Herrn

451 1653 570 1702 wuͤſte
586 1651 717 1702 ſtehen,
733 1651 801 1693 und
818 1661 859 1693 es
873 1648 937 1690 eile
954 1648 1013 1692 ein
1025 1645 1124 1690 ieder
1140 1646 1180 1689 in
1195 1644 1266 1696 ſein
1278 1646 1371 1696 eige⸗

453 1712 526 1743 nes
545 1700 669 1747 Haus.

556 1755 676 1799 Meine
691 1752 849 1803 Bruͤder,
877 1754 924 1801 ich
947 1750 1034 1804 habe
1053 1745 1126 1796 euch
1149 1746 1372 1798 verſprochen,

452 1805 536 1858 frey
561 1806 629 1844 und
657 1805 737 1852 ohne
765 1801 984 1852 Verſtellung
1006 1798 1069 1840 mit
1091 1797 1166 1846 euch
1186 1805 1222 1847 zu
1248 1800 1373 1842 reden;

453 1865 526 1905 und
544 1859 594 1904 ihr
609 1857 701 1908 ſehet,
727 1859 794 1907 daß
811 1858 857 1903 ich
874 1857 961 1900 mein
970 1854 1087 1899 Wort
1105 1852 1209 1902 halte.
1258 1852 1303 1897 O
1303 1853 1374 1896 wie

454 1909 607 1960 gluͤcklich
636 1905 748 1952 wuͤrde
774 1909 819 1957 ich
841 1905 931 1956 ſeyn,
958 1914 1057 1948 wenn
1084 1903 1129 1955 ich
1150 1904 1250 1959 durch
1269 1905 1374 1946 meine

453 1964 718 2017 Vorſtellungen
734 1963 768 2003 in
794 1965 874 2005 aller
896 1961 987 2009 ihren
1008 1956 1139 2009 Herzen
1157 1958 1192 2008 ſo
1211 1958 1304 2006 wohl
1322 1957 1375 1997 die

455 2012 551 2060 Liebe
566 2021 620 2068 zur
637 1997 833 2066 Religion,
841 2007 896 2052 als
912 2004 993 2059 auch
1007 2012 1081 2058 zum
1097 2008 1289 2062 gemeinen
1297 2006 1374 2046 Be⸗
