1496 2241
351 224 405 265 36

352 304 418 346 den
438 299 675 347 Gouverneur
692 306 750 347 der
764 305 956 351 Provintz,
981 308 1063 350 oder
1079 308 1141 350 den
1158 306 1276 350 Gene-

352 361 690 404 ral- Lieutenant
725 364 760 404 in
800 364 972 414 derſelben
1002 376 1061 408 am
1100 362 1277 417 aͤuſſerſten

352 421 472 471 Thore
490 421 707 473 empfangen.
778 425 885 475 Dieſe
899 418 1028 469 koͤnnen
1046 425 1080 469 in
1096 427 1278 478 gemeldter

351 480 518 533 Veſtung
532 481 614 532 nach
637 481 744 535 ihrem
768 476 937 532 Belieben
965 486 1000 527 in
1025 488 1117 530 einer
1135 484 1277 542 Caroſſe

355 539 537 592 einziehen.
619 544 749 590 Wenn
773 545 817 592 ſie
834 555 907 587 nun
924 543 990 585 mit
1001 544 1277 596 obenerwehnter

352 600 445 653 ihrer
470 604 580 647 Suite
602 606 638 646 in
660 608 720 647 der
741 606 911 656 Veſtung
933 608 1021 658 ſind,
1037 599 1073 653 ſo
1091 607 1199 657 ſollen
1222 611 1276 654 die

353 657 865 707 Particulier-Gouverneurs
888 670 926 717 5.
962 662 1100 714 Schuͤſſe
1119 669 1185 707 aus
1199 667 1277 709 dem

351 721 480 773 groben
514 722 691 776 Geſchuͤtze
723 723 808 773 thun
841 724 958 776 laſſen,
988 725 1072 776 auch
1095 727 1277 778 gedachten

354 781 615 823 Gouverneurs
629 782 699 823 und
719 778 887 824 General
902 782 1147 824 Lieutenants
1167 782 1223 826 bis
1236 789 1276 834 zu

350 842 457 893 ihrem
469 840 585 896 Abzug
594 843 823 897 allenthalben
834 843 1054 900 Geſellſchaft
1071 849 1194 897 leiſten,
1205 849 1276 890 und

348 901 410 955 bey
430 903 536 951 ihrem
554 903 694 956 Auszug
705 902 880 950 abermals
894 913 934 964 5.
946 904 1097 959 Schuͤſſe
1119 912 1187 952 aus
1198 907 1275 952 dem

348 965 479 1015 groben
507 966 686 1018 Geſchuͤtze
710 969 796 1018 thun
822 965 937 1021 laſſen,
981 969 1080 1025 (vom
1106 978 1174 1027 25.
1190 966 1277 1024 Jul.

348 1029 475 1080 1665.
489 1031 530 1072 T.
543 1034 574 1073 I.
592 1033 631 1080 p.
643 1036 747 1080 288.
768 1039 851 1074 Art.
869 1032 955 1086 35.)

700 1092 734 1130 5.
761 1083 924 1127 Articul.

402 1138 478 1184 Die
498 1134 701 1178 Autoritæt
723 1138 902 1187 gedachter
928 1136 1189 1183 Gouverneurs
1209 1135 1280 1192 und

348 1191 779 1239 Geueral-Lieutenants
804 1196 893 1245 deſto
911 1195 1009 1247 beſſer
1027 1206 1064 1245 zu
1091 1193 1273 1249 conſervi-

348 1269 427 1307 ren,
440 1256 602 1310 begehren
619 1260 721 1316 Jhro
734 1260 837 1310 Maj.
857 1260 922 1311 daß
943 1265 984 1311 ſie
1007 1265 1066 1316 bey
1084 1267 1159 1306 dem
1177 1264 1273 1308 Aus⸗

345 1326 426 1369 zuge
443 1323 512 1361 aus
528 1320 592 1362 den
609 1319 817 1372 Veſtungen
832 1324 909 1365 dem
926 1320 1158 1365 Particulier
1179 1324 1272 1365 Gou-

346 1394 509 1424 verneur
519 1384 586 1428 das
597 1384 715 1430 Wort
733 1383 851 1437 geben,
871 1388 941 1429 und
956 1386 1056 1438 dieſer
1068 1386 1193 1439 ſolches
1202 1396 1271 1431 von

346 1439 447 1489 ihnen
466 1440 708 1493 anzunehmen,
726 1441 777 1483 die
788 1444 917 1485 andern
928 1438 1027 1494 Tage
1040 1444 1121 1487 aber
1134 1448 1273 1486 ordent⸗

345 1499 406 1546 lich
424 1503 487 1539 den
499 1499 682 1555 Sergeant
702 1503 830 1550 Major
840 1514 885 1546 an
894 1505 936 1553 ſie
950 1505 1085 1555 ſchicken
1100 1505 1191 1553 ſolle,
1201 1508 1271 1548 das

347 1560 469 1607 Wort
488 1569 555 1600 von
574 1563 674 1612 ihnen
689 1571 726 1610 zu
750 1561 929 1612 begehren,
974 1560 1079 1614 (vom
1097 1570 1164 1619 25.
1185 1562 1271 1614 Jul.

345 1617 465 1675 1665.
488 1618 584 1659 Tom.
612 1623 643 1661 I.
667 1630 704 1678 p.
721 1624 811 1674 288.
826 1619 951 1665 Artic.
968 1610 1035 1678 36.
1058 1627 1130 1668 und
1163 1622 1271 1677 289.

344 1691 476 1735 Artic.
503 1697 572 1735 37.

686 1742 725 1781 6.
751 1736 919 1784 Articul.

400 1798 509 1845 Was
523 1797 579 1840 die
593 1792 739 1845 uͤbrigen
763 1796 890 1851 Viſiten
919 1798 1142 1848 anbelanget,
1162 1798 1198 1844 ſo
1214 1801 1267 1841 be⸗

340 1856 464 1901 meldte
480 1856 742 1900 Gonverneurs
757 1862 826 1901 und
837 1857 1003 1902 General
1020 1860 1267 1901 Lieutenants

338 1925 412 1969 zum
424 1913 550 1959 Dienſt
571 1914 681 1969 Jhrer
699 1915 846 1968 Majeſt.
866 1920 901 1961 in
921 1918 1105 1971 gedachten
1123 1912 1262 1971 Plaͤtzen

341 1972 536 2031 anzuſtellen
553 1984 614 2019 vor
631 1980 694 2027 gut
715 1976 870 2026 befinden
885 1979 1034 2031 werden,
1052 1975 1264 2034 umzuſehen,

1217 2051 1271 2083 ob
