2775 2891
956 411 1014 440 um
1032 406 1098 438 uns
1116 409 1172 446 zur
1188 396 1294 445 Buſſe
1310 406 1348 442 zu
1364 392 1551 440 vermoͤgen,
1563 389 1716 438 gegeben,
1733 391 1799 428 mit
1814 386 1954 432 Willen,
1968 388 2039 423 und
2056 391 2145 430 zwar
2159 388 2224 421 aus
2239 385 2292 420 der
2300 378 2418 420 Quelle
2438 382 2495 418 des

958 453 1168 503 Hochmuths
1187 449 1377 496 verwirffet,
1399 452 1465 487 und
1481 446 1604 490 endlich
1624 448 1725 484 wider
1740 444 1802 488 ſein
1818 439 1983 487 Gewiſſen
1999 443 2099 478 redet.

1069 507 1109 545 II.
1163 503 1217 543 Es
1233 499 1372 548 begiebet
1392 498 1449 546 ſich
1467 496 1546 538 auch
1557 494 1623 541 ſehr
1640 492 1733 543 offte,
1750 489 1828 538 daß,
1844 499 1941 528 wenn
1959 498 2038 526 man
2053 490 2091 525 in
2108 488 2178 525 eine
2195 482 2328 526 Suͤnde
2344 480 2496 532 gefallen,

961 569 1042 598 man
1061 560 1152 596 einen
1168 554 1345 602 ſchwachen
1356 551 1495 599 Vorſatz
1506 545 1612 600 faſſet,
1635 542 1740 594 ſeinen
1742 545 1857 593 Fehler
1875 555 1913 590 zu
1928 541 2127 593 verbeſſern;
2180 539 2289 585 allein,
2308 537 2382 576 weil
2399 536 2497 585 dieſer

962 610 1142 659 Entſchluß
1162 609 1218 654 bey
1229 609 1357 646 weitem
1368 605 1451 648 nicht
1462 604 1491 650 ſo
1503 602 1596 649 ſtarck
1606 605 1673 641 und
1683 599 1846 647 beſtaͤndig
1858 598 1903 645 iſt,
1915 595 1973 635 als
1991 605 2026 632 er
2042 593 2133 642 wohl
2150 594 2223 642 ſeyn
2238 591 2334 639 ſollte,
2354 590 2385 638 ſo
2397 587 2498 634 bricht

962 669 1039 697 man
1051 654 1212 705 denſelben
1228 656 1285 703 bey
1296 652 1331 700 der
1359 647 1457 705 erſten
1481 642 1696 700 Gelegenheit,
1706 651 1774 685 und
1791 646 1882 696 faͤllet
1916 643 1950 687 in
1949 643 2025 682 eben
2045 645 2092 682 die
2134 635 2236 689 Suͤnde
2263 637 2415 687 wiederum
2442 643 2497 681 zu⸗

963 713 1061 753 ruͤcke.
1115 710 1179 750 So
1192 708 1260 758 ſehr
1272 708 1351 752 auch
1361 701 1554 752 dergleichen
1563 702 1719 749 Ruͤckfall
1728 703 1829 740 wider
1839 698 1953 747 unſern
1963 696 2089 737 Willen
2102 695 2268 740 begangen
2278 699 2316 737 zu
2327 692 2400 737 ſeyn
2410 690 2500 736 ſchei⸗

965 768 1030 808 net,
1042 762 1071 809 ſo
1089 759 1151 798 kan
1171 769 1201 796 er
1218 759 1291 796 doch
1311 756 1367 802 bey
1379 755 1507 793 weitem
1518 746 1598 804 nicht
1617 753 1664 788 die
1673 747 1934 797 Vergroͤſſerung
1944 749 1997 783 der
2004 733 2272 793 Abſcheulichkeit
2281 747 2337 780 der
2344 739 2500 780 Suͤnden

964 814 1151 863 benehmen.
1178 813 1276 852 Man
1288 810 1373 859 ſollte
1385 813 1477 856 gantz
1485 811 1600 845 andere
1610 802 1783 850 Anſtalten
1793 812 1849 850 zur
1859 798 2101 848 Verbeſſerung
2111 797 2211 845 ſeines
2224 793 2341 835 Lebens
2355 792 2502 839 machen.

966 868 1064 910 Man
1080 866 1166 917 ſollte
1185 864 1241 912 ſich
1258 861 1326 901 viel
1342 860 1472 910 ſtaͤrcker
1488 863 1555 898 und
1566 854 1737 905 lebhaffter
1752 853 1865 904 ſeinem
1876 850 2045 901 Gemuͤthe
2060 847 2239 898 vorſtellen,
2256 848 2317 884 wie
2333 855 2413 884 man
2429 850 2504 881 ver⸗

967 919 1099 957 bunden
1116 917 1204 953 waͤre
1219 917 1253 953 in
1269 919 1324 953 der
1332 911 1489 961 Unſchuld
1500 914 1565 948 und
1574 905 1751 955 Heiligkeit
1767 914 1805 952 zu
1815 904 1915 950 leben,
1923 905 1990 940 und
2000 901 2107 946 nichts
2120 910 2158 947 zu
2168 897 2414 947 verabſaͤumen,
2425 900 2502 931 was

969 976 1007 1016 zu
1018 969 1117 1006 einem
1132 963 1317 1010 gluͤcklichen
1329 961 1523 1010 Fortgange
1540 969 1605 999 nur
1617 964 1724 996 etwas
1735 955 1908 1005 beytragen
1919 953 2024 994 koͤnte.
2078 953 2143 993 So
2161 951 2234 990 bald
2254 959 2331 988 man
2351 945 2429 986 aber
2447 945 2503 995 diß

970 1018 1055 1063 nicht
1067 1005 1261 1059 beobachtet,
1274 1013 1302 1057 ſo
1315 1012 1351 1058 iſt
1362 1017 1396 1047 es
1407 1010 1483 1047 eben
1498 1008 1529 1056 ſo
1544 1006 1622 1053 viel,
1630 1004 1686 1044 als
1703 1003 1821 1052 haͤtten
1837 1003 1902 1040 wir
1917 1004 1982 1039 das
1992 997 2186 1047 Gegentheil
2203 995 2306 1044 haben
2318 993 2450 1033 wollen.

1087 1071 1169 1110 Vor
1188 1067 1271 1106 allen
1281 1065 1419 1113 Dingen
1435 1064 1536 1111 findet
1552 1069 1589 1099 es
1606 1058 1732 1107 Statt,
1749 1067 1846 1096 wenn
1860 1055 1943 1096 viele
1952 1042 2123 1105 Ruͤckfaͤlle
2140 1051 2204 1098 anf
2215 1051 2368 1089 einander
2383 1047 2505 1096 folgen,

970 1123 1038 1158 und
1057 1124 1109 1156 der
1125 1116 1200 1165 erſt
1218 1123 1280 1154 mit
1298 1119 1352 1152 dem
1374 1110 1486 1161 andern
1516 1114 1583 1149 und
1593 1111 1714 1148 dritten
1725 1106 1872 1156 begleitet
1872 1104 1975 1153 wird.
2027 1104 2085 1153 Jn
2094 1099 2274 1152 Wahrheit
2291 1099 2342 1136 ein
2361 1097 2506 1146 ieglicher

971 1183 1040 1213 von
1051 1171 1245 1217 dergleichen
1255 1167 1448 1216 Ruͤckfaͤllen
1458 1164 1568 1215 giebet
1575 1169 1664 1212 gantz
1676 1160 1813 1207 deutlich
1822 1170 1860 1208 zu
1870 1158 2038 1206 erkennen,
2053 1154 2108 1204 wie
2107 1156 2156 1194 die
2163 1160 2373 1203 genommene
2383 1152 2508 1198 Sorg⸗

975 1221 1040 1269 falt
1057 1212 1121 1257 und
1139 1220 1367 1265 angewendete
1377 1214 1491 1266 Muͤhe
1506 1201 1585 1261 dieſe
1595 1211 1712 1261 Fehler
1728 1218 1765 1256 zu
1776 1205 1933 1256 verhuͤten
1950 1204 2045 1251 lange
2061 1202 2147 1248 nicht
2159 1201 2357 1250 zulaͤnglich,
2366 1203 2433 1238 und
2444 1202 2507 1236 wir

972 1279 1100 1330 folglich
1120 1274 1315 1323 verpflichtet
1331 1273 1485 1322 geweſen,
1495 1273 1573 1310 weit
1590 1268 1773 1320 kraͤfftigere
1792 1272 1858 1306 und
1877 1261 2161 1312 nachdruͤcklichere
2179 1261 2293 1301 Arbeit
2310 1264 2376 1298 und
2393 1257 2508 1306 Muͤhe

976 1327 1104 1377 hierbey
1123 1328 1355 1373 anzuwenden.
1407 1321 1463 1372 Ja
1458 1316 1498 1370 es
1535 1319 1680 1369 ſcheinet,
1697 1315 1763 1365 daß
1779 1326 1859 1355 man
1876 1321 1940 1354 aus
1956 1314 2069 1363 ſolcher
2079 1310 2266 1359 Erkaͤntniß
2286 1309 2371 1354 nicht
2381 1312 2441 1346 den
2453 1315 2508 1350 ge⸗

974 1381 1109 1431 hoͤrigen
1118 1376 1246 1425 Nutzen
1255 1382 1404 1424 gezogen,
1421 1378 1488 1414 und
1505 1372 1571 1422 alſo
1590 1376 1645 1411 der
1661 1369 1797 1420 erfolgte
1806 1366 1959 1419 Ruͤckfall
1977 1374 2039 1415 gar
2055 1361 2144 1412 wohl
2157 1364 2218 1402 mit
2229 1361 2372 1411 unſerem
2379 1347 2510 1401 Willen

977 1435 1158 1488 geſchehen.

1087 1479 1213 1529 Hieher
1219 1472 1352 1533 gehoͤret
1411 1469 1438 1473 auch
1371 1472 1441 1529 auch
1446 1470 1647 1524 fuͤrnemlich,
1659 1477 1755 1510 wenn
1765 1479 1844 1508 man
1856 1469 1891 1507 in
1903 1469 1951 1507 die
1959 1464 2091 1509 Suͤnde
2104 1464 2277 1503 wiederum
2288 1459 2416 1509 zuruͤcke
2425 1458 2511 1510 faͤllt,

981 1532 1058 1584 bloß
1069 1532 1143 1573 weil
1155 1543 1230 1572 man
1241 1534 1288 1569 die
1300 1526 1516 1578 Gelegenheit
1526 1536 1565 1574 zu
1574 1523 1764 1573 Begehung
1775 1520 1930 1571 derſelben
1940 1517 2024 1563 nicht
2034 1519 2214 1558 vermeiden
2225 1516 2353 1555 wollen.
2405 1513 2458 1553 Es
2474 1514 2512 1563 iſt

983 1598 1049 1628 aus
1069 1591 1122 1626 der
1141 1583 1338 1635 Erfahrung
1357 1579 1506 1627 bekannt,
1524 1588 1600 1619 was
1617 1578 1671 1627 fuͤr
1690 1579 1760 1615 eine
1777 1576 1895 1626 Krafft
1912 1578 1960 1614 die
1976 1569 2233 1621 Gelegenheiten
2260 1563 2359 1623 haben
2374 1573 2434 1605 uns
2456 1567 2514 1611 zur

983 1641 1113 1683 Suͤnde
1124 1648 1161 1687 zu
1172 1635 1320 1684 bringen.
1353 1630 1563 1684 Jnzwiſchen
1574 1628 1744 1678 unterlaͤßt
1755 1638 1832 1667 man
1840 1625 1934 1671 nicht,
1944 1625 1983 1673 ſie
1995 1633 2032 1671 zu
2042 1623 2162 1671 ſuchen,
2172 1623 2249 1659 oder
2256 1628 2328 1667 zum
2339 1619 2515 1667 wenigſten

984 1687 1054 1727 will
1065 1695 1142 1724 man
1152 1685 1238 1731 nicht
1247 1673 1300 1731 fuͤr
1310 1681 1473 1729 denſelben
1483 1678 1612 1728 fliehen,
1622 1680 1688 1714 und
1699 1678 1799 1723 zeiget
1816 1677 1900 1712 denn
1916 1675 1967 1711 ein
1984 1671 2064 1721 ſolch
2073 1668 2264 1719 Verfahren
2279 1667 2366 1713 nicht
2378 1664 2515 1712 deutlich

983 1748 1117 1790 genung
1125 1750 1179 1785 an,
1189 1738 1254 1787 daß
1266 1747 1345 1777 man
1361 1733 1509 1785 ſuͤndiget
1519 1732 1595 1773 weil
1602 1743 1682 1771 man
1692 1730 1848 1781 ſuͤndigen
1860 1728 1939 1773 will,
1949 1727 2024 1765 weil
2032 1722 2204 1773 derjenige,
2221 1722 2251 1773 ſo
2269 1724 2304 1761 in
2321 1724 2371 1761 die
2379 1719 2514 1770 Urſache

986 1793 1189 1842 einwilliget,
1200 1792 1279 1835 auch
1289 1789 1455 1839 dasjenige
1465 1786 1546 1832 muß
1561 1785 1664 1832 haben
1675 1784 1801 1828 wollen,
1813 1785 1888 1822 was
1897 1780 1974 1826 dieſe
1983 1779 2115 1831 Urſache
2124 1776 2238 1827 herfuͤr
2246 1773 2402 1821 bringet?

1101 1849 1154 1889 III.
1208 1848 1303 1887 Weit
1320 1842 1496 1893 ſuͤndlicher
1512 1846 1578 1880 und
1595 1837 1765 1883 deutlicher
1775 1837 1813 1886 iſt
1823 1834 1933 1883 unſere
1941 1829 2213 1882 Hartnaͤckigkeit,
2230 1837 2328 1868 wenn
2344 1836 2422 1867 man
2433 1824 2515 1871 nach

989 1893 1192 1944 begangener
1203 1889 1333 1933 Suͤnde
1343 1899 1404 1939 gar
1423 1887 1499 1937 wohl
1517 1886 1608 1935 weiß,
1629 1882 1682 1934 daß
1697 1894 1776 1922 man
1793 1879 1994 1931 geſuͤndiget,
2011 1883 2077 1918 und
2094 1876 2238 1922 dennoch
2257 1876 2343 1922 nicht
2359 1879 2419 1913 den
2428 1871 2516 1914 Ent⸗

989 1952 1095 2003 ſchluß
1104 1949 1194 2001 faſſet
1204 1951 1260 1996 ſich
1274 1958 1310 1996 zu
1319 1945 1447 1995 beſſern,
1458 1946 1498 1985 ob
1510 1954 1590 1983 man
1600 1942 1658 1990 ſich
1667 1942 1761 1991 gleich
1770 1940 1858 1988 nicht
1875 1937 2041 1987 wuͤrcklich
2050 1934 2241 1983 fuͤrnimmt,
2255 1935 2291 1972 in
2309 1930 2465 1979 derſelben
2477 1937 2517 1976 zu

990 2000 1177 2048 verharren.
1230 1997 1329 2046 Dieſe
1336 1990 1444 2041 dritte
1470 1985 1593 2045 Staffel
1611 1989 1648 2040 iſt
1664 1989 1747 2037 noch
1765 1994 1841 2026 was
1852 1986 1946 2034 aͤrger
1961 1983 2014 2023 als
2031 1987 2080 2023 die
2088 1978 2356 2030 vorhergehende,
2374 1983 2456 2017 denn
2474 1982 2518 2016 da

990 2056 1089 2092 wolte
1100 2059 1179 2089 man
1188 2056 1260 2096 zum
1272 2046 1446 2095 wenigſten
1461 2044 1551 2093 nicht
1563 2041 1723 2092 ſuͤndigen,
1747 2035 1781 2085 ob
1791 2038 1887 2089 ſchon
1904 2038 2000 2087 dieſer
2009 2035 2112 2078 Wille
2129 2033 2212 2083 noch
2228 2031 2321 2081 nicht
2337 2029 2434 2081 ſtarck
2450 2033 2517 2068 und

991 2096 1123 2151 kraͤfftig
1134 2107 1263 2145 genung
1273 2099 1333 2133 wie
1343 2105 1376 2135 er
1384 2093 1475 2142 wohl
1485 2093 1557 2141 ſeyn
1569 2081 1666 2141 ſollte,
1676 2089 1771 2130 allein
1782 2088 1958 2137 diejenigen
1965 2093 2030 2123 von
2039 2088 2137 2124 denen
2147 2081 2196 2130 ich
2206 2082 2325 2127 ietzund
2337 2081 2412 2128 rede,
2432 2078 2519 2125 haben

991 2161 1055 2202 gar
1065 2152 1171 2191 keinen
1183 2140 1308 2192 Willen
1318 2151 1384 2188 und
1394 2145 1532 2196 Fuͤrſatz,
1549 2148 1655 2183 weder
1671 2144 1761 2182 einen
1778 2139 1911 2190 ſtarcken
1929 2134 2012 2186 noch
2022 2139 2113 2177 einen
2123 2133 2323 2184 ſchwachen,
2334 2131 2396 2181 ſich
2406 2140 2444 2180 zu
2454 2128 2521 2180 beſ⸗

993 2209 1075 2259 ſern.
1112 2206 1184 2245 Und
1196 2204 1261 2252 alſo
1270 2204 1370 2252 gehen
1379 2202 1418 2250 ſie
1427 2205 1461 2240 in
1472 2207 1524 2242 der
1536 2198 1668 2241 Suͤnde
1677 2196 1742 2238 viel
1752 2199 1864 2236 weiter
1871 2191 1927 2232 als
1936 2193 1986 2232 die
1993 2187 2291 2240 vorhergehenden.

1106 2260 1169 2301 IV.
1221 2255 1341 2302 Allein,
1351 2254 1492 2294 alsdenn
1506 2254 1590 2291 wird
1606 2252 1671 2292 das
1681 2248 1796 2298 Maaß
1807 2253 1859 2287 der
1869 2245 2000 2287 Suͤnde
2008 2249 2075 2284 und
2085 2246 2143 2284 des
2151 2241 2253 2282 Ubels
2266 2237 2357 2290 recht
2370 2238 2438 2278 voll
2452 2238 2520 2276 und

993 2318 1032 2359 zu
1041 2308 1141 2361 ſeiner
1150 2302 1455 2353 Vollkommenheit
1464 2297 1629 2352 gebracht,
1645 2309 1742 2338 wenn
1759 2308 1840 2337 man
1857 2296 1920 2347 ſich
1937 2293 2029 2343 nicht
2042 2302 2108 2333 nur
2122 2299 2185 2340 gar
2199 2289 2292 2340 nicht
2305 2285 2521 2339 entſchlieſſet,

993 2367 1062 2404 eine
1075 2357 1407 2408 Lebens⸗Aenderung
1425 2351 1628 2404 anzuſtellen,
1644 2352 1779 2401 ſondern
1797 2350 1858 2402 ſich
1876 2349 1956 2389 uͤber
1971 2346 2027 2396 diß
2043 2344 2128 2395 auch
2143 2340 2311 2394 wuͤrcklich
2327 2342 2522 2388 vornimmt,

993 2414 1114 2464 ſolches
1126 2411 1216 2461 nicht
1223 2419 1260 2460 zu
1272 2410 1365 2449 thun.
1415 2405 1502 2459 Zum
1514 2403 1677 2455 Exempel,
1687 2412 1781 2443 wenn
1791 2403 1877 2443 einer
1885 2407 1949 2440 von
1960 2399 2073 2448 ſeinem
2083 2397 2202 2447 Feinde
2211 2391 2427 2447 beſchimpffet
2436 2400 2523 2431 wor⸗

994 2465 1066 2512 den,
1084 2457 1166 2512 auch
1181 2457 1249 2509 ihm
1265 2446 1328 2500 das
1346 2454 1491 2500 erlittene
1501 2450 1642 2504 Unrecht
1657 2449 1746 2502 nicht
1762 2456 1827 2491 nur
1843 2455 1906 2499 gar
1923 2447 2012 2497 nicht
2020 2443 2196 2496 vergiebet,
2208 2445 2344 2492 ſondern
2359 2440 2445 2489 auch
2463 2442 2523 2477 den
