1607 2379
129 384 177 427 iſt,
202 386 247 418 als
270 386 304 416 da
327 391 356 415 er
376 383 423 423 ſich
446 385 512 422 noch
534 385 564 418 in
579 382 729 421 demſelben
744 381 855 420 befand.
906 382 1019 417 Bindet

104 440 194 465 man
211 434 291 463 einen
307 431 400 464 Stein
415 434 480 462 oder
494 432 574 463 einen
589 433 694 461 andern
708 431 840 467 ſchweren
854 428 963 465 Koͤrper
979 437 1019 462 an

128 487 206 516 einen
222 481 334 519 Faden,
350 483 405 512 und
421 483 512 520 taucht
527 482 577 524 ihn
592 484 622 512 in
639 482 748 519 Waſſer
763 484 827 520 ein;
856 481 881 517 ſo
899 480 1018 512 bemerkt

128 543 212 571 man,
239 536 292 573 daß
313 544 341 567 er
363 537 402 566 im
426 535 533 573 Waſſer
548 535 621 572 nicht
637 536 662 572 ſo
678 535 775 571 ſchwer
792 534 842 572 iſt,
867 534 912 563 als
931 534 1018 570 außer

128 585 289 623 demſelben.
339 585 426 623 Dieſe
448 585 645 625 Erfahrungen
670 584 768 624 fuͤhren
792 585 845 621 auf
864 587 914 614 den
938 584 1018 623 Lehr⸗

123 639 191 676 ſatz:
224 637 281 670 Ein
306 636 431 673 ſchwerer
451 635 560 672 Koͤrper
582 637 694 667 verliert
720 639 758 667 im
780 635 888 672 Waſſer
903 635 1018 666 allemal

128 694 181 718 von
198 685 297 722 ſeinem
314 684 469 722 Gewichte.
517 685 581 718 Aus
595 686 751 721 Verſuchen
765 685 836 720 weiß
854 691 938 719 man,
961 683 1017 719 daß

129 739 210 775 dieſer
231 737 346 775 Verluſt
361 739 464 774 gerade
485 738 512 774 ſo
533 737 589 768 viel
604 734 729 772 betraͤgt,
755 736 800 766 als
816 738 869 766 das
885 735 1019 770 Gewicht

130 790 174 819 der
194 785 321 825 Portion
344 785 468 824 Waſſer,
495 787 576 817 deren
590 784 686 817 Stelle
702 793 730 816 er
746 785 905 816 einnimmt.
957 782 1018 816 Ein

129 841 229 881 Pfund
252 838 327 875 Zinn
348 846 370 877 z.
386 838 431 871 B.
452 840 562 871 verliert
578 839 617 869 im
632 837 739 874 Waſſer
755 847 775 874 4
790 836 857 878 Loth
874 846 888 865 2
904 835 1018 868 Quent⸗

129 891 207 926 chen,
234 888 340 927 folglich
358 889 441 926 wiegt
457 888 483 925 ſo
497 889 552 921 viel
567 887 691 923 Waſſer,
711 889 755 919 als
771 889 824 919 mit
838 886 858 924 I
858 886 924 924 Pf.
939 885 1016 921 Zinn

130 942 237 973 einerlei
253 939 350 971 Raum
367 940 534 978 einnimmt,
561 938 625 974 auch
640 947 660 974 4
675 937 742 978 Loth
769 948 771 967 2
787 938 828 972 Q.
881 939 942 970 Die
955 938 1016 970 Ge⸗

131 989 189 1027 ſtalt
222 989 271 1019 des
302 986 428 1024 Koͤrpers
462 986 552 1023 macht
585 986 676 1026 hierin
709 988 804 1017 keinen
830 984 1016 1021 Unterſchied.

130 1031 225 1076 Durch
249 1040 334 1077 dieſes
357 1040 517 1080 Verfahren
539 1037 597 1076 laͤßt
627 1038 674 1074 ſich
705 1039 747 1068 die
772 1036 1018 1074 eigenthuͤmliche

129 1092 267 1125 Schwere
292 1091 337 1120 der
358 1089 466 1126 Koͤrper
487 1090 591 1127 finden.
649 1090 710 1121 Bei
733 1089 848 1127 Angabe
881 1088 1018 1125 derſelben

130 1141 193 1177 muß
220 1146 286 1170 man
310 1138 427 1175 naͤmlich
443 1140 521 1169 einen
540 1138 666 1179 gewiſſen
681 1136 807 1175 Koͤrper,
835 1137 933 1168 womit
949 1143 1018 1167 man

130 1195 171 1224 die
191 1191 307 1230 uͤbrigen
328 1191 495 1228 vergleichen
516 1191 593 1227 will,
617 1197 679 1227 zum
702 1190 822 1223 Grunde
841 1190 936 1229 legen,
959 1190 1017 1221 und

131 1242 219 1282 hierzu
243 1242 275 1280 iſt
297 1249 352 1272 von
374 1241 445 1274 allen
470 1238 712 1280 Naturforſchern
726 1245 777 1273 das
800 1240 909 1277 Waſſer
936 1246 1019 1276 ange⸗

130 1298 258 1323 nommen
282 1292 411 1326 worden,
438 1292 494 1320 und
518 1297 590 1328 zwar
613 1292 663 1320 das
679 1297 754 1321 reine
770 1289 925 1327 deſtillirte,
953 1292 1018 1319 oder

131 1346 194 1377 auch
215 1346 268 1375 das
290 1341 499 1380 Regenwaſſer.
553 1342 614 1373 Die
636 1340 863 1381 eigenthuͤmliche
878 1340 1020 1377 Schwere

131 1397 213 1431 dieſes
229 1394 354 1432 Waſſers
371 1393 427 1430 ſetzt
443 1401 508 1424 man
520 1397 559 1424 =
581 1401 605 1422 1.
657 1392 727 1424 Will
751 1401 817 1424 man
842 1400 899 1423 nun
922 1394 964 1422 die
981 1392 1018 1422 ei⸗

130 1441 327 1484 genthuͤmliche
343 1441 480 1477 Schwere
497 1442 572 1473 eines
588 1442 691 1472 andern
706 1441 830 1480 Koͤrpers
846 1440 1020 1480 beſtimmen,

132 1495 156 1531 ſo
159 1495 260 1531 wiegt
281 1501 348 1524 man
359 1492 420 1532 ihn
449 1494 533 1531 zuerſt
555 1495 585 1525 in
606 1493 687 1530 freier
710 1492 789 1529 Luft,
824 1492 927 1530 ſodann
951 1491 1019 1531 ſieht

131 1549 195 1573 man
216 1549 267 1580 zu,
293 1543 346 1573 wie
368 1544 425 1573 viel
451 1550 478 1574 er
501 1550 556 1574 von
581 1541 679 1579 dieſem
695 1541 838 1579 Gewichte
854 1543 892 1573 im
909 1541 1020 1577 Waſſer

130 1595 255 1629 verliert,
297 1593 394 1625 welche
424 1583 623 1629 Vergleichung
654 1590 705 1627 auf
725 1593 766 1621 die
790 1589 1020 1629 eigenthuͤmliche

131 1645 266 1682 Schwere
294 1647 425 1683 deſſelben
448 1645 577 1682 ſchließen
598 1645 667 1678 laͤßt.
724 1645 759 1681 Z.
780 1646 826 1677 B.
848 1645 905 1677 Ein
926 1644 1022 1677 Stuͤck

130 1696 202 1734 Zinn
224 1702 309 1734 wiege
331 1698 360 1726 in
383 1698 464 1733 freier
487 1697 549 1732 Luft
582 1704 587 1732 7
607 1694 690 1734 Loth,
718 1698 756 1726 im
780 1695 886 1732 Waſſer
915 1696 979 1726 aber
1002 1695 1022 1723 6

131 1749 223 1791 Loth,
242 1750 267 1787 ſo
291 1753 375 1785 wiegt
398 1750 439 1784 die
456 1749 582 1787 Portion
598 1746 724 1784 Waſſer,
752 1749 847 1783 welche
864 1747 916 1776 mit
931 1752 1022 1782 jenem

132 1800 223 1832 Stuͤck
238 1797 311 1835 Zinn
329 1798 445 1834 gleichen
461 1796 559 1829 Raum
576 1797 742 1832 einnimmt,
759 1793 772 1837 1
798 1796 884 1835 Loth,
911 1795 1022 1834 folglich

131 1848 235 1887 verhaͤlt
263 1849 311 1882 ſich
337 1850 386 1881 die
413 1842 639 1886 eigenthuͤmliche
661 1846 797 1879 Schwere
821 1850 869 1877 des
894 1846 1024 1881 Waſſers

132 1902 177 1933 zur
199 1896 444 1936 eigenthuͤmlichen
468 1898 604 1931 Schwere
629 1898 676 1925 des
698 1894 808 1930 Zinns,
840 1896 892 1926 wie
916 1902 934 1930 7
949 1901 987 1929 zu
987 1901 1023 1929 l,

133 1951 195 1983 oder
209 1951 252 1981 die
269 1948 494 1986 eigenthuͤmliche
510 1948 646 1981 Schwere
663 1951 711 1977 des
723 1948 815 1983 Zinns
830 1947 863 1985 iſt
880 1955 909 1984 7.
939 1946 1025 1984 Hier⸗

131 2003 185 2029 von
200 1997 289 2031 macht
305 2004 372 2028 man
387 2003 467 2026 einen
483 1995 628 2035 nuͤtzlichen
641 1995 811 2032 Gebrauch,
828 2001 875 2028 um
895 1997 937 2027 die
955 1994 1024 2026 Rei⸗
