1495 2298
188 308 303 360 billig
328 308 544 365 beſonders
559 307 640 363 auf
652 307 734 357 das
759 320 923 362 tempus
940 310 1073 351 ceſſio-

188 363 251 405 nis
284 363 518 417 bonorum,
559 364 653 416 (als
678 363 839 417 welcher
863 361 1073 420 Umſtand

157 404 412 472 gleichfalls
433 417 474 460 in
498 427 571 459 art.
598 419 663 457 cit.
687 418 730 463 in
749 417 843 464 dem
860 415 1074 470 vorherge⸗

188 465 344 529 henden
369 475 417 534 iſt
440 472 633 531 beruͤhret
655 475 847 531 worden,
876 475 963 524 und
980 468 1074 528 doch

187 537 384 593 nachhero
421 540 528 593 nicht
568 533 719 593 davon
739 539 878 588 weiter
909 538 1073 596 gedacht

187 599 331 651 wird,)
360 598 439 652 daß
455 597 553 649 auch
569 597 703 646 davon
724 599 806 647 das
820 597 950 654 Jahr,
985 599 1074 645 bin⸗

188 663 268 701 nen
290 654 472 703 welchem
502 656 579 704 alle
604 650 747 705 Guͤter
770 656 845 705 des
863 655 1072 700 Debitoris

186 705 264 755 den
288 707 529 750 Creditoren
553 715 648 762 zum
666 706 810 759 beßten
835 704 962 761 liegen
982 704 1075 751 blei⸗

187 765 266 811 ben
278 763 429 818 ſollen,
459 762 734 818 anzurechnen
758 761 834 820 ſey.

275 839 434 893 Denn;
464 841 622 888 nimmt
637 829 741 888 man
759 840 860 889 dies
877 841 1072 885 notorium

186 894 380 945 anders;
404 889 445 953 ſo
469 896 516 946 iſt
531 899 578 948 es
593 896 669 952 faſt
684 893 766 944 von
786 900 919 945 keiner
936 894 1074 946 Wuͤr⸗

186 952 332 1003 kung,
371 952 452 1005 daß
483 946 553 995 hoc
575 962 654 996 art.
689 965 719 999 3.
748 952 883 997 davon
908 953 1075 1004 gedacht

185 1001 356 1055 worden
381 1007 458 1061 iſt;
494 1006 735 1061 ſintemalen
762 1007 939 1060 dadurch
965 1007 1073 1060 nicht

186 1060 300 1116 leicht
314 1063 400 1112 eine
415 1062 567 1123 gewiſſe
578 1062 666 1122 Zeit
681 1062 957 1113 determiniret
973 1073 1075 1111 wer⸗

185 1120 266 1171 den
288 1127 410 1179 mag,
441 1131 522 1170 von
541 1120 704 1176 welcher
721 1132 824 1171 man
841 1120 937 1178 ſolch
955 1120 1073 1180 Jahr

182 1165 413 1239 anrechnen
432 1176 560 1231 koͤnne;
625 1175 665 1235 ſo
682 1177 775 1234 doch
798 1177 936 1236 hiebey
962 1179 1075 1231 ſchei⸗

188 1246 260 1288 net
281 1251 386 1295 ganz
408 1242 671 1299 nothwendig
696 1253 744 1298 zu
774 1243 880 1298 ſeyn.
939 1243 1074 1297 Denn

188 1296 238 1343 in
260 1296 341 1348 das
359 1293 477 1353 Jahr
500 1291 809 1351 anzurechnen,
839 1306 919 1343 von
938 1295 1075 1348 todter

188 1337 351 1405 Hand,
388 1350 493 1403 (das
515 1349 600 1406 iſt:
620 1360 720 1397 von
745 1349 837 1397 dem
860 1350 977 1404 Tage
1001 1358 1073 1400 an,

189 1407 246 1456 da
273 1410 344 1458 der
366 1404 541 1457 Debitor
572 1402 839 1465 verſtorben,)
869 1408 963 1456 oder
991 1418 1072 1458 von

188 1463 285 1511 dem
300 1460 442 1522 Tage,
471 1462 526 1515 da
544 1455 618 1517 der
637 1464 811 1509 Debitor
828 1458 992 1519 fluͤchtig
1013 1473 1076 1519 ge⸗

192 1519 391 1577 worden,
431 1523 527 1576 oder
554 1521 608 1573 da
632 1533 675 1573 er
698 1521 798 1579 ſeine
823 1517 966 1573 Guͤter
996 1515 1073 1572 den

191 1570 437 1624 Creditoren
461 1574 754 1641 aufgetragen,
780 1572 902 1627 oder,
934 1574 987 1622 da
1002 1575 1074 1625 der

184 1625 290 1693 erſte
298 1629 467 1689 Beſate
483 1629 557 1690 auf
572 1636 633 1686 die
643 1629 785 1686 Guͤter
803 1631 950 1689 gethan
968 1642 1074 1681 wor⸗

190 1695 293 1752 den,
298 1684 341 1750 ſo
383 1694 487 1750 ſetzet
511 1693 636 1754 dieſes
659 1698 765 1747 alles
791 1688 875 1746 eine
890 1701 993 1751 ganz
1009 1702 1075 1751 ge⸗

185 1739 279 1805 nau
297 1748 574 1801 determinirte
589 1750 708 1809 Zeit,
744 1761 825 1798 von
842 1747 1003 1802 welcher
1018 1760 1074 1798 an

192 1818 298 1860 man
319 1808 417 1866 ſolch
439 1806 559 1866 Jahr
590 1808 756 1863 rechnen
782 1808 921 1859 koͤnne.
987 1808 1074 1858 Ge⸗

192 1866 279 1933 ſetzt
301 1881 390 1924 nun
413 1867 541 1927 aber,
573 1870 638 1922 ein
663 1871 854 1934 Creditor
869 1868 996 1930 ſuchte
1021 1874 1075 1922 ei⸗
