2286 2734
1368 434 1430 479 52

735 496 876 543 malen
892 497 953 540 die
968 493 1320 547 Hintertreibung
1339 494 1418 537 des
1426 493 1557 535 Pleni,
1575 492 1746 542 ſondern
1758 492 1858 538 auch
1869 490 1927 533 die
1944 472 2073 535 weit⸗

737 564 937 623 laͤufftige
943 568 1211 621 ſchrifftliche/
1229 571 1313 614 und
1332 568 1429 612 mit
1443 566 1649 617 Intriquen
1679 561 1903 619 angefuͤllte
1925 563 2062 610 Vota,

737 626 930 677 wodurch
959 627 1019 671 die
1042 626 1219 672 Sachen
1250 623 1290 668 in
1311 623 1437 677 groſſe
1454 619 1827 674 Weitlaͤufftigkeit
1843 623 1927 665 und
1947 619 2062 668 Ver⸗

739 687 929 736 wirrung
945 679 1216 736 gefliſſentlich
1230 688 1279 732 zu
1293 679 1509 727 involviren
1521 674 1758 734 oͤffters
1698 670 1760 731 mit
1769 673 1867 736 Fleß
1883 675 2062 730 geſuchet

740 739 879 786 wird/
908 735 1095 787 verhuͤtet
1119 738 1295 781 werden.

888 782 979 819 8vò.
1057 779 1168 823 So
1168 779 1338 822 erhellet
1351 777 1451 822 auch
1460 776 1545 821 auß
1562 779 1650 814 dem
1666 774 1711 824 §.
1722 775 1784 809 66.
1799 755 1900 812 was
1915 775 1975 814 Er
1985 780 2064 813 vor

747 849 858 894 einen
875 845 1237 897 Reichs⸗Lermen
1267 844 1495 897 angeſtellet
1530 843 1627 888 uͤber
1660 842 1794 891 unſere
1830 840 1973 888 allhier
2002 829 2064 885 be⸗

743 907 913 953 merckte
928 903 1240 957 Unterſchrifft/
1262 905 1339 948 wie
1350 902 1410 951 Er
1432 905 1543 947 dann
1553 900 1652 952 auch
1668 900 1711 947 in
1730 900 1822 947 ſein⸗
1840 902 1923 946 und
1938 898 2063 949 ſeiner

743 960 970 1004 Conſorten
984 959 1207 1000 Memoriali
1224 957 1274 999 ad
1293 957 1472 999 Comitia
1501 962 1603 1002 vom
1624 968 1675 1004 31.
1703 952 1942 996 Decembris
1956 964 2061 1005 1703.

743 1020 791 1073 §.
819 1019 887 1066 Es
908 1020 954 1069 iſt
979 1026 1072 1063 nun
1072 1026 1128 1062 ꝛc.
1157 1015 1382 1071 vorgiebt/
1418 1018 1461 1059 es
1484 1014 1565 1065 ſeye
1593 1012 1708 1068 Jhm
1729 996 2067 1065 verkleinerlich/

746 1075 828 1124 daß
855 1075 919 1119 der
935 1072 1130 1128 Freyherr
1167 1077 1228 1118 von
1235 1059 1488 1126 Jngelheim
1507 1067 1581 1122 ſich
1608 1074 1680 1112 den
1707 1067 1841 1114 aͤltern
1857 1067 2061 1114 Præſiden-

747 1145 814 1173 ten
833 1135 998 1179 nenne/
1031 1132 1218 1184 zumalen
1237 1139 1274 1175 er
1295 1130 1336 1179 ja
1351 1129 1442 1176 eben
1465 1129 1504 1179 ſo
1524 1122 1662 1184 wohl/
1683 1125 1746 1174 als
1770 1120 1878 1178 jener
1881 1131 1964 1170 von
1993 1129 2064 1172 der

745 1187 933 1241 Kayſerl.
948 1187 1152 1244 Majeſtaͤt
1172 1186 1378 1237 beſtellet/
1415 1187 1499 1231 und
1515 1181 1597 1235 alſo
1633 1178 1721 1239 auch
1742 1185 1816 1229 mit
1845 1180 2061 1235 demſelben

745 1255 880 1299 patem
892 1242 1130 1299 poteſtatem
1145 1247 1186 1282 &
1199 1240 1480 1285 authoritatem
1494 1241 1597 1291 ohne
1613 1239 1872 1289 Unterſchied
1895 1241 1968 1286 des
2000 1237 2062 1285 aͤl⸗

749 1307 856 1346 teren
874 1303 913 1341 in
930 1300 1091 1345 officio,
1118 1300 1186 1344 als
1212 1297 1383 1349 welches
1409 1303 1497 1343 nur
1527 1302 1600 1344 den
1623 1293 1785 1350 Vorſitz
1809 1298 1846 1337 in
1873 1293 2080 1345 Collegio

722 1357 935 1403 tribuire/
978 1349 1218 1410 nothwendig
1242 1352 1358 1404 haben
1378 1351 1510 1404 muͤſſe
1510 1350 1561 1403 ꝛc.
1587 1350 1647 1402 da
1647 1350 1699 1402 ſie
1709 1353 1812 1401 doch
1842 1344 1914 1401 der
1938 1347 2062 1400 Wahr⸗

748 1413 831 1461 heit
865 1410 1022 1451 notoriè
1057 1411 1245 1450 conform
1274 1409 1356 1459 iſt/
1388 1411 1472 1454 und
1502 1408 1567 1453 der
1597 1407 1704 1459 Herꝛ
1722 1404 1846 1454 Graf
1858 1408 1900 1449 in
1917 1405 2063 1455 ſeinem

752 1469 986 1520 Schreiben
1002 1479 1055 1515 an
1072 1471 1131 1516 die
1147 1466 1399 1521 Kayſerliche
1413 1464 1619 1520 Majeſtaͤt
1645 1459 1691 1512 de
1692 1464 1787 1508 dato
1799 1464 1978 1517 Wetzlar
1988 1468 2062 1511 den

749 1540 815 1575 30.
824 1528 994 1574 Januarii
1020 1538 1125 1574 1703.
1166 1537 1253 1576 pag.
1274 1539 1305 1570 5.
1337 1523 1644 1577 Wetzlariſchen
1668 1522 1882 1570 Abdrucks
1899 1521 2101 1573 ſelbſten

749 1583 811 1629 die
825 1580 1013 1629 Formalia
1028 1579 1194 1631 fuͤhret:
1256 1570 1424 1628 Weilen
1444 1580 1554 1625 mein
1577 1574 1747 1630 Collega
1767 1577 1835 1620 der
1864 1573 2063 1630 Freyherr

749 1643 836 1682 von
849 1634 1092 1690 Jngelheim
1109 1636 1192 1683 hier
1207 1640 1257 1685 zu
1273 1636 1420 1687 gegen
1455 1639 1538 1679 und
1553 1638 1619 1680 der
1629 1629 1859 1686 bißherigen
1872 1630 2124 1680 Gewon⸗

751 1694 836 1744 heit
863 1695 963 1744 nach
985 1692 1149 1743 derſelbe
1164 1693 1232 1738 als
1256 1694 1297 1732 in
1325 1690 1434 1743 officio
1453 1693 1580 1732 Senior
1612 1689 1702 1736 alle
1726 1691 1792 1740 und
1810 1689 1893 1740 jede
1909 1695 1963 1731 an
1981 1690 2063 1735 das

753 1752 986 1803 Collegium
1022 1749 1325 1796 einkommende
1357 1747 1588 1798 Schreiben
1620 1755 1667 1800 zu
1688 1744 1867 1797 eroͤffnen
1882 1741 2084 1800 pfleget/

752 1808 869 1858 Auch
883 1802 985 1858 ſeine
1003 1801 1268 1849 Adhærenten
1286 1803 1396 1853 nicht
1409 1803 1533 1852 allein
1548 1802 1591 1850 in
1608 1801 1720 1858 ihren
1739 1800 1972 1853 Schrifften
1991 1800 2063 1851 hin

751 1866 837 1908 und
850 1861 996 1906 wieder
1010 1864 1084 1905 den
1096 1852 1284 1913 juͤngeren
1296 1857 1573 1905 Præſidenten,
1603 1855 1772 1906 ſondern
1786 1854 1885 1906 auch
1893 1851 1965 1911 Er
1943 1853 2065 1906 ſelb⸗

753 1921 835 1971 ſten
862 1922 905 1966 in
926 1918 1042 1965 dieſer
1064 1918 1184 1971 ſeiner
1198 1915 1303 1958 ſeriè
1329 1915 1515 1959 hiſtoricâ
1527 1915 1574 1969 §.
1590 1907 1717 1955 iomò.
1747 1916 1832 1959 und
1852 1911 2063 1964 hierunten

752 1982 797 2023 in
815 1979 933 2029 ſeiner
947 1976 1121 2031 Beylag
1148 1974 1224 2019 Lit.
1235 1972 1277 2013 E.
1290 1983 1377 2026 pag.
1392 1972 1458 2016 18.
1486 1972 1569 2012 Lin.
1584 1978 1652 2022 43.
1683 1968 1755 2022 ſich
1777 1971 1861 2022 alſo
1877 1968 2067 2029 nennet/

754 2030 933 2083 worauß
943 2034 1053 2077 dann
1070 2039 1141 2085 per
1155 2027 1329 2085 regulam
1337 2027 1589 2071 relativorum
1604 2037 1672 2083 per
1687 2025 1724 2068 ſe
1733 2023 1898 2082 folget/
1900 2026 1980 2078 daß
1994 2031 2064 2072 der

753 2095 900 2138 andere
915 2092 981 2135 der
1007 2087 1135 2135 aͤltere
1156 2087 1285 2139 ſeye/
1308 2090 1394 2133 und
1414 2086 1464 2130 ad
1490 2085 1779 2129 diſtinctionem
1793 2076 2065 2139 nothwendig

754 2148 843 2202 alſo
860 2150 1055 2202 genennet
1072 2151 1233 2194 werden
1245 2143 1415 2201 muͤſſe.

904 2206 1003 2253 9nò.
1054 2202 1370 2258 Deßgleichen
1385 2202 1462 2250 hat
1471 2201 1559 2253 Er/
1574 2201 1652 2247 wie
1666 2214 1715 2242 ex
1734 2202 1824 2243 actis
1843 2199 2066 2244 Comitiali-

757 2260 828 2303 bus
844 2250 1034 2307 erhellet/
1047 2258 1118 2311 ſich
1132 2260 1204 2309 bey
1217 2258 1284 2304 ber
1300 2255 1481 2311 Kayſerl.
1496 2254 1667 2310 Majeſt.
1684 2244 1984 2312 beſchwehret/
1983 2250 2079 2305 daß

755 2318 844 2370 wir
865 2315 967 2388 Jhn
1009 2320 1080 2364 der
1119 2313 1465 2374 Augſpurgiſchen
1509 2313 1741 2360 Confeſſion
1772 2313 2128 2366 Verwandten

1925 2370 2084 2418 Præſi-
