2874 3719
493 538 699 605 Gerichte
699 538 916 605 GOttes.

1291 544 1466 611 Gedult
1466 544 1650 611 GOttes
1650 544 1784 611 gegen
1784 544 1851 611 die
1851 544 2090 611 Menſchen.

2155 569 2239 624 537

328 634 505 676 Schrecklich
513 639 614 668 waren
624 632 660 673 ſie
669 639 728 666 den
739 634 901 667 Suͤndern
913 633 1008 672 erſter
1015 630 1117 670 Welt,
1126 632 1177 665 als
1187 631 1222 672 ſie

255 678 306 707 um
314 674 388 712 ihrer
398 672 589 714 beharrlichen
598 672 847 712 Unbußfertigkeit
861 675 972 706 Willen
982 670 1068 710 durch
1078 672 1123 703 die
1133 677 1222 709 unge⸗

257 705 362 749 heuren
370 711 613 753 Waſſer⸗Wogen
623 716 673 745 der
680 713 853 750 Suͤndfluth
865 711 1030 748 elendiglich
1045 712 1218 743 umkommen

257 754 379 793 muſten,
396 757 491 786 Gen.6.
504 763 565 791 v.17.
584 762 642 790 c.7.
654 759 679 796 v.
684 762 724 781 21.
735 762 781 782 22.
793 760 834 785 23.

328 797 507 838 Schrecklich
516 803 617 831 waren
627 796 663 830 ſie
670 802 768 829 denen
778 796 1004 837 boßhafftigen
1017 793 1174 829 Suͤndern
1182 801 1220 830 zu

260 828 427 868 Sodoma,
438 836 641 866 Gomorrha,
653 835 783 860 Adama
792 836 857 859 und
872 834 1001 861 Zeboim,
1034 834 1082 859 als
1091 834 1126 864 ſie
1136 835 1221 866 durch

260 877 315 909 den
325 876 485 917 Feuer⸗und
495 876 756 917 Schwefel⸗Regen
765 881 832 908 vom
844 874 972 914 Himmel
985 876 1130 909 verderbet
1146 881 1222 907 wur⸗

258 919 322 959 den,
333 920 390 961 daß
399 918 433 959 ſie
442 922 488 958 ein
496 919 577 955 Ende
585 919 638 952 mit
651 911 807 959 Schrecken
816 918 936 958 nehmen
943 916 1062 956 muſten,
1072 918 1144 954 Gen.
1155 922 1191 963 19.
1201 921 1227 961 v.

261 965 309 993 24.
320 966 362 993 25.
373 963 418 991 28.

325 995 511 1047 Schrecklich
523 1007 604 1037 waren
617 1001 652 1043 ſie
660 1005 732 1034 dem
739 1001 927 1042 verſtockten
938 999 1090 1042 Pharao',
1102 1005 1189 1033 wenn
1197 1007 1226 1032 er

262 1035 329 1070 bald
347 1040 377 1071 in
399 1040 536 1077 Egypten
560 1042 604 1069 die
608 1038 818 1081 ſchrecklichen
835 1042 931 1080 Plagen
950 1042 1072 1069 GOttes
1081 1043 1224 1074 erfahren,

258 1081 329 1116 bald
337 1084 392 1118 mit
404 1083 505 1121 ſeinem
513 1084 628 1122 gantzen
646 1083 839 1122 Kriegs⸗Heer
848 1084 879 1114 in
887 1087 951 1114 dem
966 1085 1068 1121 rothen
1084 1083 1169 1115 Meer
1179 1090 1222 1113 er⸗

261 1119 367 1163 ſauffen
375 1124 471 1164 muſte.
480 1125 569 1153 Exod.
580 1132 603 1158 3.
614 1131 642 1151 v.
653 1130 701 1151 20.
724 1131 749 1150 c.
760 1131 790 1158 7.
800 1130 827 1149 v.
839 1130 882 1157 19.
900 1130 921 1149 c.
939 1130 955 1154 8.
968 1130 997 1152 v.
1009 1130 1034 1149 2.
1043 1126 1087 1150 16.
1097 1131 1147 1150 20.
1164 1131 1189 1148 c.
1202 1131 1221 1155 9.

263 1170 294 1203 v.
306 1166 333 1205 3.
350 1172 365 1200 8.
376 1176 419 1202 14.
429 1178 475 1197 22.
492 1178 519 1197 c.
530 1177 572 1200 10.
588 1170 612 1209 v.
623 1170 647 1207 2.
650 1176 691 1196 21.
711 1171 739 1210 c.
749 1175 766 1203 4.
787 1168 804 1195 &
815 1166 893 1205 ſeqq.
911 1176 938 1195 c.
950 1174 993 1200 14.
1003 1174 1031 1194 v.
1051 1169 1098 1195 26.
1108 1173 1158 1202 27.
1175 1171 1223 1198 28.

333 1212 508 1251 Schrecklich
516 1218 615 1245 waren
622 1211 659 1252 ſie
668 1216 723 1244 der
732 1209 1083 1251 aufruͤhriſchenRotte,
1092 1210 1223 1247 Kohra,

265 1237 401 1278 Dathan
411 1247 477 1273 und
485 1247 638 1277 Abiram,
646 1248 697 1272 als
705 1249 752 1273 die
762 1247 838 1273 Erde
846 1251 928 1270 unter
937 1249 1021 1277 ihnen
1029 1260 1226 1280 voneinander

266 1290 324 1329 riß,
336 1293 392 1332 daß
401 1292 438 1332 ſie
446 1292 517 1331 ſamt
538 1287 617 1337 ihren
629 1291 747 1325 Weibern
756 1289 816 1324 und
822 1288 951 1325 Kindern
961 1290 1091 1330 lebendig
1103 1293 1155 1331 zur
1155 1287 1227 1330 Hoͤl⸗

261 1325 308 1360 len
317 1328 432 1369 fuhren,
442 1330 532 1358 Num.
544 1337 583 1366 21.
598 1335 622 1371 v.
625 1335 669 1362 30.
681 1331 708 1356 &
720 1331 798 1366 ſeqq.

335 1374 510 1415 Schrecklich
522 1380 622 1408 waren
631 1376 667 1414 ſie
674 1379 772 1407 denen
783 1378 976 1407 murrenden
987 1372 1183 1413 Jſraeliten,
1178 1367 1228 1416 als

266 1405 301 1447 ſie
309 1414 358 1443 um
366 1410 445 1448 ihres
454 1410 643 1448 ſchaͤndlichen
650 1410 799 1441 Murrens
809 1413 917 1443 willen,
929 1414 998 1439 bald
1007 1416 1065 1437 von
1075 1416 1128 1438 den
1137 1414 1225 1445 feuri⸗

266 1463 321 1492 gen
331 1456 501 1497 Schlangen
512 1456 629 1497 gebiſſen
640 1459 772 1494 wurden,
781 1456 840 1495 daß
852 1458 886 1494 ſie
896 1456 1018 1495 ſturben,
1048 1457 1111 1498 Num.
1120 1458 1157 1485 16.
1172 1465 1195 1484 v.
1207 1456 1226 1485 6.

266 1497 348 1531 Bald
358 1493 409 1535 mit
426 1500 476 1531 dem
491 1495 579 1543 Feuer
587 1497 640 1529 des
651 1496 790 1536 HErrn,
801 1498 868 1527 oder
876 1498 951 1528 einer
968 1491 1076 1528 andern
1092 1494 1226 1534 hefftigen

265 1531 368 1573 Plage,
378 1535 437 1574 daß
445 1535 481 1576 ſie
492 1534 608 1574 hauffen
619 1535 694 1573 weiß
707 1534 796 1572 dahin
811 1534 916 1572 fielen,
931 1537 1076 1572 geſtraffet
1096 1539 1228 1568 wurden,

269 1577 400 1607 Num.11.
409 1572 507 1610 v.1.33.

338 1618 515 1659 Schrecklich
525 1621 596 1651 dem
602 1615 799 1658 rebelliſchen
808 1616 976 1656 Abſolom,
992 1615 1111 1656 welcher
1119 1617 1174 1651 mit
1180 1615 1231 1657 ſei⸗

270 1666 326 1695 nen
335 1657 451 1701 ſchoͤnen
461 1660 580 1694 Haaren
590 1659 678 1699 muſte
686 1668 725 1696 an
740 1662 788 1694 der
806 1658 890 1700 Eiche
906 1657 1019 1699 hangen
1037 1659 1157 1696 bleiben,
1168 1660 1228 1691 und

269 1702 324 1735 mit
335 1702 434 1743 dreyen
450 1692 573 1745 Spieſſen
584 1699 767 1742 durchſtoſſen
777 1701 903 1736 werden,
923 1707 949 1728 2.
963 1703 1021 1743 Sam.
1034 1703 1068 1730 18.
1070 1702 1171 1734 verſ.9.
1189 1706 1231 1731 14.

340 1744 518 1788 Schrecklich
525 1749 582 1777 der
593 1744 896 1778 Suͤnden ⸗ Stadt
909 1741 1101 1782 Jeruſalem,
1110 1743 1159 1775 als
1171 1742 1231 1781 ihre

272 1777 379 1818 Feinde
389 1779 449 1813 eine
459 1777 681 1819 Wagen⸗Burg
690 1785 740 1810 um
748 1779 784 1816 ſie
794 1780 935 1815 ſchlugen,
945 1780 980 1816 ſie
986 1787 1046 1809 von
1055 1784 1129 1810 allen
1138 1785 1232 1810 Orten

269 1822 442 1867 aͤngſtigten,
443 1821 480 1869 ſie
485 1824 640 1866 ſchleifeten
661 1829 708 1858 und
723 1823 809 1862 keinen
827 1823 901 1868 Stein
911 1825 969 1862 auf
971 1825 1024 1857 den
1033 1827 1143 1862 andern
1143 1825 1235 1861 lieſſẽ,

268 1871 336 1901 weil
342 1870 380 1910 ſie
388 1865 463 1912 nicht
472 1867 619 1908 bedacht,
613 1865 660 1907 was
676 1876 710 1910 zu
720 1866 901 1908 ihrenFriede
907 1868 1041 1913 gedienet,
1051 1867 1112 1913 noch
1128 1863 1235 1900 erkeñet

272 1902 389 1951 dieZeit,
401 1907 508 1943 dariñen
523 1907 557 1948 ſie
567 1905 765 1948 heimgeſuchet
774 1909 903 1946 worden,
913 1913 978 1945 Luc.
997 1913 1033 1951 19.
1042 1913 1065 1950 v.
1074 1913 1113 1950 42.
1122 1910 1135 1950 &
1149 1909 1229 1945 ſeqq.

349 1954 404 1986 So
416 1956 478 1993 iſts,
489 1956 533 1989 die
541 1953 676 1992 Gerichte
690 1953 814 1989 GOttes
824 1954 885 1994 ſind

340 1991 417 2024 Wie
438 1993 487 2022 ein
496 1985 700 2027 entſetzliches
725 1988 956 2027 Ungewitter,
985 1987 1023 2020 da
1043 1984 1160 2026 Schlag
1178 1986 1237 2027 auf

273 2022 402 2065 Schlag,
413 2028 473 2059 und
483 2027 559 2065 Blitz
567 2026 624 2066 auf
629 2026 701 2069 Blitz
715 2027 808 2065 folget,
816 2028 876 2063 daß
882 2030 930 2057 die
939 2029 1016 2057 Erde
1024 2032 1120 2067 zittert
1131 2034 1177 2054 und
1191 2032 1238 2056 be⸗

265 2069 339 2110 bet,
363 2074 423 2106 und
437 2073 514 2106 alles
538 2070 654 2111 ſcheinet
675 2065 709 2104 in
727 2070 848 2109 voriges
864 2069 973 2111 Nichts
991 2073 1098 2111 geſetzet
1113 2076 1147 2110 zu
1161 2077 1233 2101 wer⸗

270 2111 337 2144 den.

310 2142 420 2175 Wie
428 2148 489 2174 das
499 2142 681 2182 entſetzliche
691 2139 854 2183 Ergieſſen
865 2149 922 2173 des
936 2147 1072 2178 Meers,
1086 2153 1173 2172 wenn
1180 2149 1237 2179 deſ⸗

269 2185 317 2224 ſen
335 2187 445 2230 tobende
472 2190 578 2230 Wellen
583 2190 638 2219 mit
654 2188 800 2225 Macht
775 2191 830 2229 die
833 2189 971 2217 Daͤmme
992 2194 1236 2223 durchbrechen,

272 2238 331 2268 und
342 2236 398 2269 das
408 2235 483 2269 Land
494 2237 549 2270 mit
558 2234 655 2274 allem,
663 2234 732 2268 was
739 2233 848 2273 darauf
856 2235 900 2273 iſt,
908 2232 1165 2275 uͤberſchwemmen,
1174 2237 1235 2270 daß

272 2272 426 2313 Menſchen
438 2276 495 2306 und
512 2272 589 2312 Vieh
607 2272 771 2311 elendiglich
787 2274 984 2309 umkommen,
1007 2277 1069 2303 und
1082 2277 1234 2303 verderben

272 2314 392 2357 muͤſſen.

345 2362 370 2389 §.
398 2353 434 2397 5.
452 2358 574 2399 Jedoch
599 2359 667 2398 ſind
687 2362 738 2391 die
761 2358 911 2398 Gerichte
933 2355 1073 2392 GOttes
1101 2355 1234 2397 gerecht.

277 2386 381 2428 Dieſes
398 2389 546 2427 erkennet,
564 2396 623 2421 und
640 2391 770 2423 bekennet
785 2397 910 2426 David,
928 2399 1026 2419 Pſalm.
1038 2403 1091 2423 119.
1099 2399 1170 2416 verſ.
1179 2402 1229 2423 75.

275 2443 396 2475 wenn
360 2437 389 2475 er
405 2441 530 2483 ſpricht:
545 2439 657 2481 HErr,
668 2440 714 2478 ich
726 2439 831 2482 weiß,
842 2441 910 2481 daß
920 2442 1010 2474 deine
1023 2439 1170 2478 Gerichte
1177 2446 1230 2478 ge⸗

275 2482 360 2519 recht
372 2482 452 2520 ſind.

345 2522 499 2563 Menſchen
511 2520 619 2557 koͤnnen
636 2520 689 2561 ſich
700 2528 780 2565 zwar
796 2519 901 2562 oͤffters
914 2522 990 2562 nicht
1008 2520 1107 2556 darein
1122 2518 1233 2560 finden,

275 2551 396 2591 ſondern
406 2561 529 2592 meinen,
540 2561 573 2585 es
581 2559 704 2593 geſchehe
716 2562 801 2592 ihnen
811 2564 841 2584 in
856 2564 964 2589 einem,
983 2566 1042 2584 und
1050 2566 1113 2582 dem
1123 2567 1233 2585 andern

278 2609 313 2649 zu
322 2604 395 2643 viel;
410 2606 462 2640 Da
471 2604 610 2643 urtheilen
620 2604 656 2644 ſie
662 2612 721 2638 von
730 2602 883 2642 denſelben,
895 2607 943 2648 wie
950 2608 997 2638 der
1003 2606 1114 2639 Blinde
1122 2610 1180 2636 von
1189 2610 1238 2637 der

278 2640 382 2681 Farbe,
391 2647 449 2677 und
457 2648 506 2678 der
515 2641 617 2678 Taube
625 2650 683 2676 von
692 2646 753 2676 dem
762 2643 895 2682 Klange;
906 2648 1016 2677 Alleine
1022 2648 1054 2674 es
1061 2647 1094 2679 iſt
1102 2650 1141 2674 an
1149 2648 1237 2681 ihnen

279 2684 354 2719 nicht
365 2685 424 2719 das
433 2684 572 2726 geringſte
580 2692 614 2726 zu
619 2685 728 2725 finden,
735 2686 857 2720 welches
875 2691 983 2725 einiger
1001 2689 1238 2725 Ungerechtigkeit

280 2735 313 2764 zu
322 2727 513 2770 beſchuldigen
521 2729 611 2763 waͤre.
649 2727 740 2763 Denn
751 2729 784 2763 es
792 2728 824 2767 iſt
831 2729 921 2764 GOtt
929 2731 1042 2768 gerecht,
1052 2733 1110 2759 und
1118 2736 1172 2766 gar
1180 2733 1238 2762 kein

280 2769 399 2810 Unrecht
408 2778 447 2804 an
456 2768 607 2809 demſelben
616 2777 650 2804 zu
658 2769 767 2809 finden,
777 2771 818 2801 Pſ.
829 2776 876 2807 92.
890 2779 916 2800 v.
932 2774 972 2801 16.
988 2773 1033 2808 Ja
1041 2775 1070 2800 er
1079 2772 1111 2808 iſt
1123 2776 1169 2803 die
1175 2776 1238 2805 Ge⸗

277 2811 434 2853 rechtigkeit
441 2812 577 2853 ſelbſten;
588 2806 657 2847 Wie
666 2811 732 2850 ſolte
742 2812 816 2845 denn
828 2817 866 2843 an
874 2813 1119 2851 ſeinenGerichten
1127 2818 1240 2850 einiges

281 2847 402 2888 Unrecht
410 2848 517 2882 koͤnnen
527 2853 664 2888 erfunden
674 2854 798 2882 werden.

318 2925 398 2932 Der
413 2898 524 2940 Engel,
535 2900 588 2932 den
603 2897 763 2940 Johannes
780 2898 812 2932 in
820 2896 907 2937 ſeiner
921 2895 1145 2941 Offenbahrung
1158 2895 1242 2937 hoͤrte

279 2936 339 2967 aus
349 2939 414 2970 dem
424 2934 508 2970 Altar
518 2937 611 2975 reden,
619 2937 695 2974 ſagte
703 2934 827 2975 ſolches,
835 2941 921 2967 wenn
929 2945 957 2968 er
965 2945 1000 2974 zu
1020 2943 1082 2965 dem
1097 2944 1241 2971 gerechten

287 2975 375 3010 GOtt
383 2977 504 3016 ſprach:
525 2976 584 3016 Ja,
592 2976 707 3015 HErr,
719 2976 940 3017 allmaͤchtiger
955 2983 1059 3008 GOtt,
1064 2986 1170 3012 deine
1179 2987 1244 3008 Ge⸗

284 3015 379 3055 richte
392 3018 458 3054 ſind
470 3017 684 3056 wahrhafftig
695 3020 761 3045 und
774 3021 904 3053 gerecht,
916 3026 1100 3052 Apoc.16.v.7

354 3060 414 3094 Die
429 3062 562 3096 Stimme
577 3061 680 3099 groſſer
694 3059 851 3099 Schaaren
869 3064 909 3091 im
923 3063 1052 3099 Himmel
1067 3059 1247 3099 bekraͤfftiget

280 3088 400 3131 ſolches,
420 3098 483 3125 wenn
499 3097 541 3137 ſie
551 3098 701 3130 ſprachen:
718 3098 915 3129 Halleluja,
940 3105 1021 3128 Heyl
1042 3109 1109 3123 und
1131 3108 1242 3130 Preiß,

279 3137 373 3173 Ehre
390 3143 456 3172 und
468 3137 582 3176 Krafft
603 3138 656 3177 ſey.
666 3139 770 3170 GOtt
786 3144 910 3176 unſerm
929 3144 1113 3176 HERRN.
1154 3147 1248 3172 Denn

287 3181 499 3219 wahrhafftig
518 3180 586 3211 und
599 3180 718 3219 gerecht
729 3184 795 3219 ſind
805 3184 892 3215 deine
914 3187 1099 3219 Gerichte,
1113 3191 1237 3218 Apoc.19.

246 3217 356 3250 verſ.
366 3228 386 3249 1.
398 3227 425 3249 2.

1340 642 1369 678 §.
1380 643 1411 674 6.
1453 641 1620 678 Deswegen
1631 644 1691 674 ſind
1703 645 1747 674 die
1758 640 1892 682 Gerichte
1908 641 2031 676 GOttes
2051 647 2086 682 zu
2103 636 2231 680 fuͤrchten

1261 679 1416 720 und|durch
1429 681 1527 718 wahre
1537 683 1594 713 und
1604 679 1745 719 ernſtliche
1762 681 1852 721 Buſſe
1861 683 2067 713 abzuwenden.

1343 726 1416 760 Das
1426 726 1514 760 Volck
1521 724 1615 764 Jſrael
1625 725 1732 765 furchte
1742 723 1799 758 das
1811 721 1942 763 Gerichte
1960 723 2162 765 Salomonis,
2172 722 2225 756 als

1272 760 1295 792 es
1312 760 1383 799 ſahe,
1392 760 1449 798 daß
1461 769 1488 791 er
1497 761 1523 796 ſo
1534 759 1612 797 wohl
1623 760 1761 797 weißlich,
1771 763 1822 790 als
1838 767 1950 795 gerecht
1960 768 2086 796 richtete.
2111 768 2185 802 Hier
2195 769 2229 796 iſt

1263 805 1344 843 mehr
1351 807 1424 838 denn
1433 804 1583 839 Salomo!
1596 804 1642 837 Es
1653 806 1686 841 iſt
1693 808 1741 837 der
1749 804 1817 836 aller
1834 807 1995 840 gerechteſte
2012 810 2071 836 und
2089 809 2226 835 allerwei⸗

1258 841 1319 885 ſeſte
1329 843 1424 884 Koͤnig
1436 844 1583 883 Himmels
1594 848 1651 877 und
1660 848 1706 877 der
1718 841 1829 888 Erden,
1833 847 1877 881 der
1886 848 1975 882 groſſe
1983 850 2041 877 und
2057 849 2233 882 allgewalti⸗

1266 896 1297 922 ge
1303 888 1418 924 GOtt,
1442 890 1491 920 der
1500 889 1555 920 mit
1570 885 1773 924 Gerechtigkeit
1781 886 1879 924 richtet
1886 891 1937 918 den
1948 887 2038 924 Kreiß
2048 891 2101 919 des
2110 891 2223 919 Erdbo⸗

1266 930 1351 963 dens.
1410 929 1479 964 Wie
1503 927 1568 968 ſolte
1587 935 1638 961 man
1653 925 1710 968 denn
1741 928 1830 967 deſſen
1845 928 1990 965 gerechten
2004 931 2133 972 Gerichte
2144 932 2222 964 nicht

1256 967 1388 1010 fuͤrchten
1408 973 1466 1004 und
1478 969 1599 1009 ſcheuen.

1331 1009 1424 1052 Haͤtte
1434 1015 1491 1047 das
1500 1011 1681 1052 VolckJſrael
1688 1010 1791 1051 ſolches
1799 1010 1923 1049 gethan,
1931 1012 1992 1043 und
2000 1011 2045 1044 die
2053 1010 2220 1048 Zorn ⸗ Ge⸗

1260 1050 1347 1091 richte
1358 1051 1478 1087 GOttes
1487 1048 1640 1091 geſuͤrchtet
1649 1054 1707 1083 und
1723 1048 1887 1090 geſcheuet,
1916 1050 1942 1087 ſo
1958 1049 2034 1082 waͤre
2048 1054 2105 1083 das
2123 1053 2218 1088 ſchoͤne

1261 1095 1337 1132 Land
1346 1100 1394 1132 der
1405 1095 1592 1137 Verheiſſung
1600 1095 1676 1136 nicht
1689 1105 1721 1135 zu
1735 1097 1824 1129 einem
1836 1092 1945 1135 wuͤſten
1968 1094 2062 1129 Lande
2082 1097 2218 1133 worden,

1257 1139 1319 1171 und
1330 1136 1372 1172 die
1380 1130 1497 1177 ſchwere
1497 1128 1592 1176 Hand
1603 1131 1724 1172 GOttes
1733 1134 1810 1171 waͤre
1817 1138 1876 1168 und
1895 1135 1983 1169 bliebe
2002 1134 2078 1173 nicht
2093 1136 2138 1168 ein
2148 1138 2220 1168 ewi⸗

1262 1183 1314 1216 ges
1344 1182 1520 1223 Denckmahl
1541 1183 1590 1215 der
1608 1179 1750 1221 gerechten
1772 1180 1903 1222 Gerichte
1927 1178 2053 1216 GOttes
2079 1176 2147 1214 uͤber
2157 1181 2219 1218 daſ⸗

1258 1218 1340 1257 ſelbe.

1341 1251 1458 1301 Haͤtten
1472 1253 1694 1303 dieverdammten
1715 1253 1998 1295 Hoͤllen ⸗ Braͤndte
2013 1253 2168 1298 gefuͤrchtet
2178 1256 2222 1302 die

1263 1294 1485 1336 Zorn⸗Gerichte
1493 1301 1544 1330 des
1553 1300 1694 1337 gerechten
1703 1297 1834 1334 GOttes,
1844 1300 1869 1333 ſo
1881 1299 2003 1336 duͤrfften
2013 1302 2048 1334 ſie
2058 1302 2087 1327 in
2096 1304 2150 1327 den
2160 1300 2219 1327 hoͤl⸗

1261 1344 1361 1384 liſchen
1381 1338 1499 1383 Flammen
1530 1346 1578 1377 itzo
1587 1346 1646 1376 und
1654 1343 1723 1381 auch
1731 1344 1831 1376 immer
1849 1346 1906 1374 und
1916 1346 1990 1382 ewig
2015 1343 2092 1384 nicht
2112 1344 2219 1381 aͤchtzen

1264 1387 1320 1420 und
1335 1387 1485 1428 ſeuffzen:
1505 1388 1574 1422 Wir
1590 1387 1680 1420 leiden
1696 1387 1794 1427 Pein,
1813 1386 1871 1419 wir
1887 1386 1976 1419 leiden
1995 1386 2071 1426 Pein
2093 1388 2126 1421 in
2140 1387 2222 1422 dieſer

1261 1423 1424 1466 Flammen.

1365 1468 1462 1506 Beſſer
1469 1467 1574 1504 traffen
1583 1465 1617 1496 es
1627 1465 1763 1503 demnach
1771 1464 1815 1497 die
1833 1465 2020 1502 Niniviten,
2033 1463 2083 1495 als
2090 1467 2136 1495 der
2146 1464 2222 1503 Pro⸗

1263 1509 1331 1548 phet
1337 1507 1442 1548 Jonas
1450 1508 1505 1547 auf
1509 1508 1631 1542 GOttes
1640 1509 1745 1548 Befehl
1763 1508 1846 1546 ihnen
1856 1509 1904 1538 die
1917 1507 2223 1546 Zorn⸗ und Straff⸗

1264 1549 1519 1590 GerichteGOttes
1529 1543 1735 1586 angekuͤndiget
1749 1546 1830 1586 hatte,
1850 1544 1898 1590 daß
1899 1546 1969 1584 nach
1978 1547 2109 1584 wenigen
2121 1548 2223 1583 Tagen

1267 1594 1378 1628 Ninive
1388 1591 1455 1629 ſolte
1463 1590 1644 1628 untergehen.
1687 1591 1740 1625 So
1748 1588 1904 1627 fuͤrchteten
1918 1590 1954 1629 ſie
1962 1590 2032 1628 dieſe
2043 1590 2220 1629 Straff⸗und

1265 1633 1489 1674 Zorn⸗Gerichte
1497 1632 1631 1671 GOttes,
1641 1635 1700 1666 und
1708 1629 1806 1670 thaͤten
1815 1633 1848 1665 in
1864 1631 1949 1666 Sack
1955 1634 2014 1664 und
2023 1632 2053 1666 in
2070 1634 2114 1665 der
2131 1628 2223 1675 Aſchen

1267 1677 1370 1719 Buſſe.
1384 1675 1447 1711 Der
1458 1672 1556 1715 Koͤnig
1565 1674 1648 1715 gieng
1657 1679 1713 1707 von
1722 1673 1819 1714 ſeinem
1829 1672 1940 1712 Thron,
1949 1672 2035 1712 legete
2043 1672 2137 1710 ſeinen
2148 1673 2225 1706 Pur⸗

1265 1725 1322 1759 pur
1328 1715 1377 1754 ab,
1390 1719 1449 1750 und
1458 1711 1632 1756 demuͤthigte
1643 1714 1694 1757 ſich
1716 1721 1756 1749 vor
1779 1710 1825 1754 dem
1832 1712 1929 1754 Koͤnig
1942 1713 2012 1748 aller
2021 1710 2143 1754 Koͤnige,
2155 1706 2221 1746 und

1267 1761 1380 1803 HErrn
1388 1759 1457 1797 aller
1457 1759 1607 1798 HErren.
1649 1760 1744 1795 Seine
1759 1758 1965 1799 Gewaltigſten
1981 1753 2044 1800 ſamt
2062 1755 2138 1799 denen
2147 1756 2221 1792 Ein⸗

1275 1800 1407 1841 wohnern
1416 1804 1465 1836 der
1476 1802 1576 1836 Stadt
1589 1800 1748 1838 bekehreten
1764 1798 1816 1840 ſich
1834 1805 1892 1833 von
1907 1799 1996 1840 ihrem
2006 1797 2087 1837 boͤſen
2099 1797 2225 1835 Wandel

1279 1850 1329 1881 und
1338 1846 1452 1880 Weſen,
1462 1847 1565 1879 womit
1572 1845 1608 1884 ſie
1618 1844 1707 1880 GOtt
1714 1852 1779 1887 zum
1793 1842 1871 1883 Zorn
1889 1846 1948 1878 und
1964 1842 2083 1884 Straffe
2100 1842 2224 1883 gereitzet

1268 1886 1381 1924 hatten.
1398 1884 1534 1923 Dadurch
1541 1886 1660 1919 wurden
1668 1885 1714 1918 die
1722 1881 1944 1924 erſchroͤcklichen
1952 1881 2100 1923 Zorn⸗und
2111 1883 2229 1924 Straff⸗

1273 1927 1407 1964 Gerichte
1444 1921 1557 1963 GOttes
1575 1920 1773 1967 abgewendet,
1804 1924 1864 1964 daß
1883 1932 1912 1959 er
1912 1923 1983 1969 nicht
2006 1923 2080 1964 that,
2089 1926 2145 1964 wie
2156 1929 2185 1968 er
2188 1930 2226 1961 zu

1271 1966 1345 2006 thun
1353 1963 1486 2005 gedrohet
1492 1965 1582 2002 hatte,
1601 1965 1684 1997 lon.5.
1698 1972 1738 1999 v.5.
1754 1965 1767 1994 &
1777 1962 1856 2001 ſeqq.

1370 2007 1397 2044 §.
1406 2013 1439 2045 7.
1477 2009 1525 2041 Zu
1534 2012 1607 2037 dem
1618 2005 1711 2040 Ende
1719 2006 1790 2043 haͤlt
1798 2006 1903 2040 GOtt
1917 2002 2090 2045 offtmahls
2098 2007 2161 2037 mit
2170 2005 2227 2045 ſei⸗

1272 2053 1330 2078 nen
1338 2043 1839 2080 Zorn⸗und Straff ⸗ Gerichten
1859 2044 1925 2073 eine
1940 2045 2077 2080 zeitlang
2089 2048 2226 2081 zuruͤcke,

1271 2087 1330 2125 daß
1338 2084 1373 2126 ſie
1381 2084 1458 2123 nicht
1465 2082 1588 2125 ploͤtzlich
1593 2082 1662 2117 uͤber
1670 2087 1725 2118 den
1733 2082 1860 2118 Suͤnder
1865 2082 2088 2121 hereinbrechen,
2096 2089 2155 2115 und
2162 2088 2231 2115 den⸗

1267 2128 1357 2168 ſelben
1367 2126 1454 2165 dahin
1462 2127 1568 2165 reiſſen,
1577 2124 1636 2164 daß
1645 2125 1703 2159 kein
1711 2125 1844 2159 Erretten
1852 2128 1890 2157 da
1900 2125 1943 2163 iſt,
1954 2126 2048 2158 damit
2056 2130 2086 2155 er
2093 2125 2157 2162 Zeit
2168 2128 2228 2157 und

1272 2170 1373 2205 Raum
1383 2175 1433 2210 zur
1445 2170 1532 2208 Buſſe
1542 2168 1628 2204 habe.
1667 2168 1770 2205 Dieſes
1785 2167 1873 2205 lehret
1893 2168 2004 2209 Petrus,
2012 2177 2040 2197 2.
2051 2168 2109 2197 Pet.
2121 2176 2144 2201 3.
2157 2175 2185 2195 v.
2195 2175 2225 2202 9.

1271 2216 1357 2244 wenn
1366 2217 1395 2242 er
1401 2209 1491 2244 wider
1497 2210 1541 2243 die
1549 2206 1680 2248 Spoͤtter
1688 2209 1740 2241 des
1748 2205 1887 2245 Gerichts
1896 2204 2041 2248 ſchreibet:
2053 2206 2120 2239 Der
2126 2206 2229 2244 HErr

1271 2254 1330 2290 hat
1338 2249 1464 2287 Gedult
1471 2253 1532 2282 mit
1542 2256 1617 2288 uns,
1628 2253 1693 2282 und
1702 2250 1771 2284 will
1784 2247 1884 2288 nicht,
1894 2249 1959 2289 daß
1969 2246 2095 2288 jemand
2102 2247 2231 2287 verloh⸗

1270 2301 1327 2326 ren
1340 2297 1454 2330 werde,
1467 2292 1598 2331 ſondern
1607 2293 1673 2331 daß
1685 2299 1716 2322 er
1727 2292 1783 2331 ſich
1793 2289 1936 2328 bekehre.

1343 2332 1451 2375 Hieher
1466 2328 1602 2372 gehoͤret,
1617 2333 1686 2366 was
1706 2330 1778 2366 oben
1791 2338 1855 2373 pag.
1868 2337 1938 2370 499.
1957 2328 1990 2370 iſt
2007 2326 2119 2377 geſaget
2135 2330 2233 2376 worden

1273 2379 1355 2412 unter
1377 2376 1426 2412 dem
1437 2386 1530 2410 Titul:

1412 2427 1598 2480 Gedult
1627 2429 1841 2484 GOttes
1863 2435 2008 2491 gegen
2025 2425 2099 2481 die

1611 2495 1888 2553 Menſchen.

1346 2556 1374 2593 §.
1382 2558 1414 2590 8.
1453 2554 1551 2591 Wenn
1560 2552 1626 2588 aber
1634 2553 1784 2593 bißweilen
1794 2551 2237 2592 dieZorn⸗und Straff⸗Gerich⸗

1274 2603 1301 2632 te
1311 2596 1435 2632 GOttes
1442 2598 1488 2632 die
1497 2592 1658 2633 ſuͤndlichen
1668 2591 1863 2632 Veruͤbungen
1873 2593 1954 2631 flugs
1968 2596 2016 2632 auf
2031 2595 2076 2626 dem
2095 2593 2178 2633 Fuſſe
2189 2592 2235 2628 be⸗

1273 2638 1385 2679 gleiten,
1393 2638 1422 2675 ſo
1431 2637 1587 2683 geſchiehet
1597 2638 1700 2678 ſolches
1714 2640 1823 2670 andern
1834 2631 1984 2674 Gottloſen
2001 2641 2051 2679 zur
2065 2636 2233 2675 Warnung,

1272 2679 1332 2718 daß
1340 2678 1376 2719 ſie
1385 2678 1418 2709 in
1427 2676 1480 2715 ſich
1487 2676 1589 2724 gehen,
1599 2679 1660 2709 und
1667 2677 1725 2716 ihre
1732 2674 1792 2716 boͤſe
1799 2673 1937 2716 ſuͤndliche
1946 2674 2122 2711 Lebens⸗Art
2127 2673 2237 2710 aͤndern

1274 2722 1370 2763 ſollen,
1377 2721 1466 2754 damit
1476 2721 1560 2758 ihnen
1568 2718 1646 2758 nicht
1653 2720 1698 2752 ein
1705 2717 1828 2757 gleiches
1838 2717 2022 2759 widerfahre.

1346 2763 1400 2799 Da
1407 2760 1501 2798 macht
1508 2762 1557 2795 der
1563 2758 1771 2800 gerechteGOtt
1781 2761 1860 2794 einen
1871 2748 1980 2803 ſolchen
1994 2753 2122 2805 Gottloſen
2139 2757 2240 2800 gleich⸗

1276 2805 1336 2846 ſam
1346 2810 1379 2835 zu
1387 2799 1462 2841 einer
1477 2800 1635 2836 brennenden
1656 2800 1767 2842 Fackel,
1776 2800 1827 2842 bey
1844 2798 1962 2839 welcher
1976 2802 2097 2841 andere,
2117 2804 2145 2840 ſo
2154 2805 2241 2839 ſeines

1277 2837 1400 2885 gleichen
1408 2843 1481 2885 ſind,
1491 2841 1551 2881 ihre
1557 2837 1670 2877 Suͤnde
1677 2844 1736 2876 und
1745 2839 1866 2882 Unrecht
1872 2839 1960 2882 ſollen
1967 2843 2113 2881 erkennen,
2123 2849 2182 2874 und
2194 2848 2239 2879 ihr

1281 2891 1367 2928 Leben
1375 2889 1492 2926 beſſern.

1355 2924 1466 2966 Solche
1475 2918 1612 2964 ploͤtzliche
1643 2914 2030 2966 Zorn⸗und Straff⸗Gerichte
2037 2930 2107 2967 uͤber
2108 2933 2150 2972 die
2173 2938 2241 2968 Gott⸗

1283 2971 1370 3011 loſen,
1380 2967 1449 3009 ſtehe
1458 2968 1529 3004 oben
1538 2977 1600 3009 pag.
1611 2972 1672 3003 285.
1684 2967 1761 3008 ſeqq.
1769 2970 1854 3002 unter
1864 2970 1928 3004 dem
1937 2969 2033 3005 Titul:

1656 3015 1886 3074 Donner.

1544 3086 1784 3157 Juͤngſtes
1805 3088 2014 3155 Gericht.

1609 3158 1726 3198 Davon
1740 3161 1810 3203 ſiehe
1825 3165 1932 3197 unten:

1558 3219 1784 3288 Juͤngſtes
1807 3223 2008 3287 Gericht.

1295 3279 1385 3322 Yyy

2109 3271 2262 3324 Geruͤchte.
