1695 2519
430 228 533 286 162

670 234 775 288 Der
796 228 998 291 Prediger
1027 234 1233 275 Salomo.

626 343 684 393 ſich
710 347 771 382 den
795 344 867 383 Tod
890 343 1054 392 wuͤnſchen
1077 344 1195 392 muͤſſe,
1225 344 1299 382 weil
1319 346 1382 382 das
1400 343 1447 383 Le⸗

625 403 687 441 ben
727 412 788 439 vor
817 406 891 440 dem
921 402 1011 441 Tode
1050 403 1142 445 einen
1175 401 1315 448 Vorzug
1353 399 1447 447 habe,

627 472 661 501 v.
685 465 784 506 4 ⸗ 6.

546 535 578 584 5)
608 534 695 582 Daß
713 538 768 572 der
781 535 894 584 hiebey
911 546 966 571 am
981 533 1122 581 kluͤgſten
1138 536 1291 584 handele,
1319 534 1451 579 welcher

630 593 688 641 ſich
713 593 790 631 uͤber
809 595 910 638 dieſes
929 591 1038 632 Stuͤck
1062 597 1117 630 der
1139 592 1310 639 goͤttlichen
1329 591 1449 641 Regie⸗

629 661 713 697 rung
739 651 824 695 nicht
847 650 1067 697 beunruhige,
1105 652 1239 697 ſondern
1266 653 1316 689 die
1340 652 1450 691 Guͤter

630 718 689 751 des
710 712 821 761 Herrn
856 713 917 751 mit
940 711 1127 762 froͤhlichem
1152 710 1280 758 Herzen
1305 712 1450 759 genieße.

630 784 680 824 v.
680 784 783 825 7 ⸗ 9.

652 900 765 951 Cap.
784 904 821 949 8.
844 908 883 945 v.
903 910 1036 951 14 ⸗ 17.
1069 902 1102 943 C.
1121 908 1171 951 9,
1171 908 1267 951 1 ⸗ 9.

548 989 585 1025 v.
600 991 659 1037 14.
690 982 761 1031 Es
782 979 828 1033 iſt
848 978 949 1033 auch
973 980 1059 1028 eine
1080 982 1288 1032 Eitelkeit,
1316 979 1477 1033 welche

464 1040 541 1099 ſich
573 1041 653 1092 auf
672 1040 743 1090 der
766 1043 880 1092 Erde
902 1036 1112 1096 zutraͤget,
1163 1040 1244 1094 daß
1269 1039 1342 1098 ſich
1364 1043 1451 1090 Ge⸗

466 1099 597 1152 rechte
619 1095 779 1152 finden,
810 1084 978 1150 welchen
995 1097 1043 1145 es
1063 1095 1100 1150 ſo
1117 1096 1251 1154 gehet,
1278 1098 1348 1146 als
1363 1092 1452 1151 haͤt⸗

466 1169 534 1210 ten
554 1159 605 1216 ſie
621 1162 774 1210 Werke
787 1162 858 1209 der
874 1160 1153 1217 Ungerechten
1168 1160 1335 1216 gethan,
1365 1161 1452 1207 und

468 1219 529 1268 im
562 1218 805 1278 Gegentheil
834 1218 952 1275 ſolche
979 1217 1164 1275 Gottloſe
1190 1216 1451 1277 angetroffen

467 1277 653 1333 werden,
701 1277 868 1330 welchen
898 1282 945 1326 es
973 1277 1011 1332 ſo
1037 1279 1169 1334 gehet,
1215 1280 1284 1327 als
1308 1276 1451 1326 waͤren

465 1339 621 1388 Werke
640 1341 712 1387 der
732 1337 959 1388 Gerechten
983 1346 1064 1382 von
1085 1339 1207 1391 ihnen
1231 1336 1449 1392 geſchehen.

466 1398 550 1456 Jch
570 1397 662 1457 ſage
688 1397 844 1453 hiebey,
873 1398 953 1451 daß
973 1399 1054 1447 das
1069 1401 1156 1445 eine
1169 1400 1355 1448 Eitelkeit
1371 1398 1450 1455 ſey,

468 1468 506 1502 v.
523 1471 576 1511 15.
609 1457 697 1507 und
726 1458 831 1507 lobte
853 1457 1022 1515 zugleich
1051 1457 1112 1508 die
1133 1457 1311 1515 Freude,
1353 1458 1450 1514 (und

464 1520 637 1576 folglich)
658 1519 738 1570 daß
753 1522 844 1570 dem
857 1519 1077 1573 Menſchen
1101 1520 1238 1572 nichts
1254 1520 1372 1576 beſſer
1388 1518 1449 1575 ſey

465 1576 589 1622 unter
598 1558 675 1621 der
690 1573 850 1622 Sonne,
896 1573 964 1621 als
977 1572 1059 1625 daß
1073 1582 1118 1620 er
1133 1571 1217 1629 eſſe,
1241 1573 1328 1621 und
1346 1573 1450 1620 trin⸗

465 1642 526 1693 ke,
558 1641 645 1691 und
669 1638 742 1697 ſich
764 1640 898 1697 freue,
929 1642 1016 1689 und
1039 1642 1118 1696 daß
1140 1642 1267 1697 dieſes
1290 1641 1364 1698 ſich
1387 1644 1448 1687 be⸗

464 1700 623 1761 ſtaͤndig
639 1712 695 1750 an
711 1702 799 1760 ihm
818 1695 965 1750 findeᵞ)
988 1703 1061 1759 bey
1074 1704 1210 1759 (aller)
1226 1702 1349 1760 ſeiner
1365 1705 1448 1751 Ar⸗

1352 1752 1457 1810 beit,

506 1888 536 1921 ᵞ)
557 1878 628 1914 ילרנר
651 1882 732 1922 ſtehet
748 1883 813 1922 ſtatt
828 1887 882 1915 עמּו֗,
889 1880 982 1921 יִלרה
1002 1883 1056 1914 wie
1072 1881 1123 1921 Pſ.
1139 1889 1164 1921 5,
1177 1890 1202 1917 5.
1215 1889 1294 1921 ינורﬢ
1307 1882 1370 1921 ſtatt
1386 1891 1449 1921 צמך

544 1934 602 1958 יברך
656 1924 749 1962 Sonſt
764 1917 884 1957 bedeutet
900 1926 980 1964 dieſes
996 1924 1080 1958 Wort
1097 1926 1125 1957 in
1142 1924 1194 1956 Kal
1209 1931 1310 1953 mutuo
1323 1931 1450 1963 accepit,

547 1974 610 2005 aber
624 1972 680 2012 hier
694 1971 843 2014 adhaeſit,
865 1974 960 2009 welche
973 1972 1143 2011 Bedeutung
1164 1979 1194 2004 es
1209 1973 1276 2013 ſonſt
1293 1973 1321 2004 in
1336 1974 1450 2012 Niphal

546 2023 612 2062 hat,
640 2033 650 2052 1
666 2022 743 2060 Moſ.
758 2030 807 2057 29,
823 2031 884 2059 34.,
906 2021 956 2059 Pſ.
971 2025 1013 2059 83,
1028 2032 1074 2057 9.,
1094 2022 1154 2061 Jeſ.
1172 2031 1214 2057 14,
1229 2029 1250 2053 1.
1295 2022 1354 2056 Die
1362 2023 1449 2064 Sep⸗

546 2063 701 2102 tuaginta
718 2062 804 2103 haben
820 2066 899 2100 dieſes
913 2064 998 2097 Wort
1020 2063 1072 2103 auf
1084 2065 1125 2095 die
1139 2063 1290 2102 angezeigte
1305 2063 1360 2098 Art
1380 2070 1449 2095 aus⸗

545 2109 688 2145 gedrucket.
739 2109 804 2142 Vor
826 2118 873 2140 ימי
895 2106 975 2147 ſtehet
993 2110 1023 2142 in
1046 2109 1122 2141 Cod.
1145 2109 1179 2139 R.
1196 2109 1231 2140 R.
1252 2106 1324 2149 nicht
1343 2108 1447 2141 uneben

541 2152 639 2193 מספר,
662 2153 696 2193 iſt
713 2153 777 2185 aber
791 2152 860 2192 ohne
874 2153 986 2193 Punkte
999 2153 1114 2193 gelaſſen
1127 2156 1252 2187 worden.
