1627 2415
1029 402 1110 452 127

184 493 290 544 zieht,
311 492 463 543 erwaͤhnt
477 495 558 541 auch
574 505 639 534 nur
654 495 748 534 einen
765 491 890 541 Werth
908 497 986 532 weil
1000 492 1107 538 dabey

185 550 250 588 das
281 550 429 593 doppelte
454 546 590 595 Zeichen
607 548 694 594 jeder
714 545 1000 592 Quadratwurzel
1019 548 1110 588 nicht

183 600 223 637 in
251 595 487 642 Betrachtung
513 606 652 640 gezogen
671 602 766 633 wird.
823 596 915 632 Man
938 598 1019 637 ſieht
1038 606 1109 630 aus

188 651 307 693 dieſem
341 647 504 694 Beyſpiel
526 646 596 686 wie
617 652 683 685 viel
708 650 774 691 auf
787 650 838 683 die
855 648 1110 693 Entwickelung

186 700 243 738 der
263 699 420 746 Begriffe
436 698 495 746 bey
517 701 571 737 der
593 701 751 742 Analyſis
772 703 950 733 ankoͤmmt.

275 752 328 792 Es
352 752 391 795 iſt
415 752 495 795 auch
518 752 656 794 deutlich
678 754 742 793 daß
760 753 873 795 beyde
889 750 1110 794 Perpendikel

189 798 393 843 innerhalb
420 803 476 837 des
497 803 669 843 Dreyecks
685 806 783 843 fallen
808 807 952 839 koͤnnen,
982 809 1109 842 eigent⸗

189 856 252 896 lich
281 852 381 897 beyde
403 854 555 900 zwiſchen
578 869 598 895 A
623 858 693 890 und
712 857 757 898 B;
786 856 880 889 Man
902 859 982 895 darf
995 868 1060 887 nur
1080 867 1109 890 r,

189 905 224 952 b,
257 907 290 948 h,
313 906 347 948 ſo
365 907 569 952 annehmen,
606 909 669 951 daß
687 902 746 943 die
772 910 1016 952 Wurzelgroͤſſe
1044 913 1112 948 (4)

189 962 272 999 klein
297 962 393 999 wird.
447 959 524 999 Und
537 960 602 1011 das
594 961 714 1007 geht
736 961 816 1005 doch
832 957 922 1004 wohl
941 973 1006 999 an,
1032 969 1113 994 weil

191 1009 233 1058 ſie
255 1019 316 1059 gar
327 1009 419 1058 =0
431 1009 506 1058 ſeyn
525 1011 609 1050 kann
626 1016 690 1056 (6).

606 1210 718 1254 16.

193 1262 260 1320 Jn
285 1265 402 1314 einem
430 1263 639 1323 Dreyecke,
693 1269 773 1311 eine
801 1270 919 1310 Seite
947 1279 1024 1308 und
1051 1279 1113 1308 ein

251 1330 408 1381 Winkel
420 1331 593 1387 gegeben,
625 1332 701 1380 und
718 1334 781 1377 der
797 1335 937 1386 beyden
954 1333 1114 1383 uͤbrigen

251 1391 397 1444 Seiten
404 1392 577 1444 Summe
575 1393 659 1453 oder
663 1391 940 1451 Unterſchied;
965 1409 1003 1434 u.
1014 1411 1049 1433 a.
1063 1410 1116 1434 m.

195 1517 224 1555 I.
251 1509 416 1566 Dreyeck
437 1513 474 1558 in
504 1515 581 1558 dem
606 1515 660 1559 ein
675 1516 830 1561 Winkel
852 1523 916 1556 mit
932 1525 1025 1554 einer
1045 1538 1115 1552 an⸗

196 1561 372 1613 liegenden
399 1562 514 1609 Seite
541 1574 690 1612 gegeben
711 1578 753 1612 iſt
778 1581 848 1603 und
871 1582 922 1603 die
941 1581 1115 1604 Summe

366 1624 449 1672 der
464 1624 596 1675 beyden
614 1626 760 1676 uͤbrigen
782 1630 935 1669 Seiten.

200 1687 245 1736 1)
276 1676 369 1778 Es
392 1690 444 1737 ſey
460 1700 602 1741 gegeben
624 1722 673 1753 A;
704 1711 773 1730 und
795 1710 855 1756 AC
874 1718 910 1760 =
935 1712 977 1765 b;
1006 1714 1122 1767 ferner

374 1750 430 1793 AB
445 1747 570 1805 +BC
607 1765 630 1790 =
652 1760 720 1796 c+
754 1772 833 1806 a=
851 1770 897 1809 2.
916 1772 957 1808 m.

275 1806 321 1854 2)
348 1805 444 1848 Man
470 1806 561 1854 ſuche
578 1810 634 1848 der
652 1812 881 1845 unbekannten
898 1802 1026 1844 Seiten
1046 1817 1115 1843 Un⸗

197 1854 349 1905 terſchied
373 1865 400 1894 2
415 1868 496 1898 z=
514 1867 590 1890 c—
608 1875 638 1892 a.

275 1913 321 1960 3)
351 1905 399 1960 So
405 1908 470 1964 iſt
470 1912 558 1964 c=
582 1919 682 1972 m+
695 1928 747 1967 z;
771 1927 782 1946 a
799 1927 986 1952 =m—z.

272 1968 318 2013 4)
347 1968 426 2018 Auf
444 1968 497 2006 AB
520 1968 605 2018 ziehe
629 1979 707 2009 man
732 1974 795 2009 das
813 1973 1034 2011 Perpendikel
1051 1977 1115 2007 CD

198 2026 242 2055 =
260 2014 299 2056 b.
316 2015 367 2059 ſin
379 2007 441 2066 A;
457 2017 491 2067 ſo
509 2019 549 2066 iſt
572 2026 656 2069 auch
672 2026 796 2055 AD=
811 2027 842 2052 b.
863 2027 977 2057 coſ
938 2032 980 2071 A.

956 2095 1002 2146 5)
1002 2095 1115 2146 Folg⸗
