2717 3897
329 1033 508 1260 J

517 1060 637 1112 Ndem
666 1053 732 1096 dis
740 1047 1020 1100 Saal⸗Athen
1038 1045 1122 1088 und
1142 1047 1206 1089 die
1219 1042 1386 1097 gelehrte
1402 1040 1518 1088 Welt

540 1115 632 1175 Bey
647 1116 823 1169 Deiner
835 1119 956 1175 ſtillen
971 1117 1123 1173 Grufft
1151 1105 1267 1174 ſucht
1285 1101 1498 1169 Denckmahl
1517 1106 1789 1165 aufzubauen,

617 1180 694 1230 So
708 1177 806 1226 Dir
802 1166 877 1222 die
888 1165 1184 1225 Danckbarkeit
1199 1174 1284 1218 und
1300 1172 1405 1216 treue
1419 1163 1524 1214 Liebe
1542 1161 1651 1219 ſtellt,

542 1224 699 1272 Woran
717 1223 816 1245 man
832 1219 1013 1239 Deinen
1031 1218 1180 1268 Ruhm
1188 1213 1281 1270 und
1299 1217 1426 1275 Dein
1443 1213 1657 1267 Verdienſt
1672 1210 1751 1259 kan
1767 1206 1948 1268 ſchauen;

448 1282 831 1346 Hoch⸗Seelger,
845 1283 883 1341 ſo
903 1285 947 1338 iſt
966 1285 1069 1334 auch
1080 1283 1189 1329 mein
1207 1282 1340 1328 treues
1355 1278 1468 1335 Hertz
1486 1268 1663 1331 bemuͤht,

340 1356 446 1410 Daß
465 1352 587 1400 Dich
605 1354 659 1396 im
675 1350 785 1397 Tode
797 1348 836 1400 ſo
856 1347 923 1394 als
940 1346 1060 1393 Leben
1078 1343 1172 1396 hoch
1189 1342 1290 1394 muß
1308 1338 1483 1398 ſchaͤtzen,

447 1409 524 1458 So
543 1405 636 1453 bald
654 1411 697 1450 es
715 1400 811 1454 Lehr
831 1404 914 1447 und
929 1399 1044 1457 Huld
1044 1398 1109 1448 in
1109 1397 1182 1450 die
1190 1387 1483 1450 Betrachtung
1497 1384 1614 1448 zieht,

340 1465 436 1523 Auf
444 1460 570 1514 Dein
586 1459 804 1517 geweyhtes
820 1457 945 1506 Grab
961 1447 1029 1503 ein
1031 1450 1283 1506 Denckmahl
1299 1443 1545 1509 aufzuſetzen.

450 1515 575 1567 Denn
592 1522 674 1562 wer
689 1508 921 1564 bewundert
936 1509 1040 1562 nicht
1048 1504 1183 1562 Geiſt,
1195 1505 1348 1557 Gaben
1368 1504 1451 1552 und
1463 1491 1695 1559 Verſtand,

344 1581 429 1632 Die
442 1578 573 1626 GOtt
592 1578 633 1623 in
648 1572 771 1628 Dich
791 1569 930 1629 gelegt,
938 1573 1003 1619 die
1017 1566 1230 1624 Menſchen
1244 1574 1295 1625 zu
1307 1558 1570 1623 vergnuͤgen?

452 1635 535 1687 Die
553 1632 638 1687 haſt
654 1632 739 1683 Du
758 1630 902 1688 allezeit
919 1627 994 1678 mit
1009 1621 1183 1679 Wucher
1198 1621 1461 1682 angewandt,

344 1686 506 1741 Davon
524 1689 584 1734 die
598 1682 770 1746 Proben
789 1682 887 1733 noch
905 1681 974 1728 der
1007 1673 1107 1738 Welt
1129 1670 1195 1735 vor
1203 1675 1360 1731 Augen
1378 1673 1593 1723 liegen.

459 1755 542 1801 Die
554 1744 1032 1799 Rechts⸗Gelehrſamfeit
1053 1746 1119 1790 und
1145 1731 1205 1796 die
1217 1730 1483 1806 Philoſophie

347 1806 440 1856 Und
456 1807 571 1851 deren
590 1791 765 1853 Einſicht
765 1785 907 1851 weiſt,
939 1782 1101 1854 wiewohl
1109 1785 1200 1846 Du
1214 1802 1262 1845 ſie
1276 1789 1535 1848 verſtanden;

454 1861 573 1910 Doch
589 1859 704 1911 gabſt
717 1857 818 1906 Du,
837 1848 972 1912 ſelbige
985 1862 1035 1909 zu
1059 1855 1215 1901 ſaubern
1236 1844 1327 1907 Dir
1346 1847 1421 1902 viel
1433 1847 1571 1904 Muͤh,

286 1890 455 1950 Daß
472 1908 560 1934 nun
577 1904 640 1940 ihr
656 1903 779 1936 echtes
805 1900 923 1934 Gold,
946 1904 1018 1928 von
1025 1903 1256 1954 Schlacken
1256 1903 1388 1950 frey,
1388 1902 1634 1948 verhanden.

460 1962 589 2015 Dein
607 1958 791 2014 treflicher
805 1948 1030 2013 Verſtand,
1046 1948 1376 2009 durchdringend,
1376 1948 1627 2007 ungemein

351 2015 524 2073 Erhellte
536 2009 773 2067 Dunckeles,
788 2011 868 2055 das
880 2003 1010 2058 kaum
1016 2005 1117 2063 war
1117 1989 1186 2069 zu
1186 1997 1404 2065 erkennen;

464 2078 550 2126 Du
569 2069 691 2130 loͤſteſt
704 2064 862 2122 Knoten
877 2066 965 2125 auf,
979 2071 1039 2114 die
1053 2053 1325 2122 unaufloͤßlich
1343 2060 1461 2119 ſeyn,

353 2132 581 2191 Deswegen
596 2126 706 2178 konte
722 2140 820 2179 man
837 2123 959 2183 Dich
979 2123 1203 2184 Alexander
1221 2124 1390 2172 nennen.

468 2187 572 2241 Das
590 2189 777 2245 ſchwerſte
796 2185 1017 2244 Labyrinth
1034 2193 1126 2236 war
1134 2180 1237 2238 Dir
1257 2185 1319 2232 ein
1337 2177 1452 2230 ebner
1466 2173 1613 2244 Plan:

354 2249 479 2296 Denn
494 2244 644 2294 Deine
655 2239 844 2301 Klugheit
858 2248 952 2291 war
962 2239 1076 2297 dazu
1076 2238 1161 2296 der
1161 2236 1283 2294 ſichre
1294 2226 1459 2292 Faden;

459 2290 688 2350 Deswegen
706 2291 840 2345 ſprach
854 2308 954 2338 man
972 2292 1092 2340 Dich
1111 2290 1182 2319 als
1204 2299 1258 2316 ein
1270 2296 1430 2333 Oracul
1455 2299 1526 2336 an,

355 2357 448 2408 Und
461 2362 545 2400 wer
558 2352 658 2408 zehlt
672 2346 783 2403 dieſe
777 2350 902 2388 wohl,
913 2346 953 2388 ſo
977 2348 1060 2385 Du
1075 2345 1141 2385 der
1160 2347 1245 2386 Laſt
1275 2342 1481 2385 entladen?

470 2406 556 2458 Du
572 2408 689 2461 halfſt
700 2397 784 2450 dem
785 2398 997 2450 koͤnige
1017 2403 1082 2439 dis
1109 2398 1219 2434 groſſe
1239 2391 1526 2438 Saal⸗Athen,

354 2453 461 2504 Daß
476 2454 538 2497 Er
555 2456 636 2493 von
649 2445 906 2502 Friederich
923 2436 1241 2502 FRIDRICIANAM
1252 2440 1426 2489 nannte,

469 2512 553 2563 Als
572 2511 645 2567 ſein
660 2506 841 2567 geliebtes
858 2490 978 2561 Kind,
994 2499 1068 2559 erſt
1097 2501 1213 2553 bauen
1232 2499 1307 2550 und
1330 2492 1509 2560 erhoͤhn;

359 2579 448 2632 Du
464 2570 642 2628 machteſt
661 2563 774 2626 auch,
791 2574 874 2619 daß
887 2572 932 2618 es
949 2556 1067 2627 gleich
1091 2559 1204 2626 einem
1215 2559 1400 2627 Pharus
1416 2561 1606 2614 brannte.

469 2633 596 2685 Denn
619 2620 762 2685 Deine
759 2614 1050 2683 Wiſſenſchafft
1081 2620 1164 2680 war
1185 2614 1285 2690 groß
1299 2622 1385 2668 und
1403 2611 1636 2680 ungemein;

362 2696 456 2747 Wie
467 2691 664 2744 Sonnen,
680 2696 804 2736 wann
824 2684 871 2741 ſie
889 2678 985 2739 fruͤh
1015 2677 1088 2739 mit
1088 2676 1204 2738 ihren
1231 2676 1392 2737 goldnen
1408 2677 1570 2728 Blicken

472 2745 609 2805 Zuerſt
625 2750 691 2793 der
710 2741 846 2799 Berge
860 2734 971 2796 Hoͤh,
975 2730 1096 2789 dann
1118 2725 1204 2796 Feld
1228 2732 1298 2796 und
1331 2727 1422 2793 Thal
1439 2732 1627 2790 erfreun:

363 2810 441 2864 So
457 2803 568 2858 konte
583 2806 682 2856 auch
698 2802 822 2851 Dein
837 2802 981 2853 Mund
1001 2799 1085 2850 und
1099 2785 1246 2850 goldne
1274 2781 1438 2849 Schrifft
1455 2790 1663 2852 erquicken.

476 2863 559 2915 Die
571 2855 714 2915 Hohen
733 2856 882 2911 ſuchten
923 2839 1038 2909 Dich,
1064 2840 1125 2901 der
1125 2841 1247 2915 Adel
1247 2843 1347 2915 hing
1380 2843 1465 2900 Dir
1477 2844 1544 2908 an,

364 2918 449 2972 Die
460 2909 612 2972 Muſen
631 2912 811 2969 drungen
830 2907 899 2967 ſich
916 2909 1013 2963 nach
1023 2895 1214 2964 Deinen
1220 2902 1368 2961 holden
1377 2896 1587 2953 Munde,

474 2977 567 3027 Und
586 2966 717 3026 holten
732 2967 852 3022 dieſen
864 2966 1027 3021 Schatz,
1055 2947 1126 3018 den
1141 2947 1201 3026 Du
1233 2951 1321 3017 hier
1331 2956 1573 3019 aufgethan,

365 3039 443 3089 So
461 3031 682 3087 wucherteſt
701 3028 791 3079 Du
791 3027 897 3080 ſtets
924 3014 994 3079 mit
1025 3011 1180 3083 Deinem
1216 3007 1364 3083 groſſen
1388 3024 1553 3062 Pfunde.

477 3087 560 3140 Die
574 3081 716 3138 Svada,
733 3080 867 3131 welche
883 3080 954 3135 ſich
972 3085 1043 3129 den
1053 3079 1198 3133 Lippen
1211 3070 1453 3126 einverleibt,

368 3145 452 3198 Die
468 3144 581 3201 holde
595 3138 909 3199 Freundlichkeit,
930 3143 987 3186 die
1005 3137 1128 3187 leichte
1138 3134 1231 3184 Art
1240 3143 1286 3188 zu
1299 3129 1442 3183 lehren,

480 3206 572 3255 Der
582 3201 699 3253 Lehre
714 3192 974 3249 Wichtigkeit,
986 3198 1119 3247 davon
1135 3194 1197 3241 ein
1217 3192 1314 3247 jeder
1332 3184 1502 3246 ſchreibt,

369 3261 451 3313 Die
466 3266 605 3307 waren
623 3261 690 3307 der
707 3251 903 3305 Magnet,
919 3251 1008 3305 Dir
1021 3239 1175 3311 Hertzen
1200 3239 1442 3307 zuzukehren.

483 3304 631 3356 Drum
645 3311 736 3354 war
751 3305 819 3348 der
830 3299 936 3358 Nutz
952 3303 1087 3350 davon
1104 3297 1203 3351 auch
1221 3291 1326 3351 groß
1341 3297 1425 3339 und
1441 3275 1670 3351 allgemein;

375 3371 467 3424 Wie
483 3367 577 3413 viele
593 3367 697 3419 leben
717 3363 843 3417 nicht,
871 3361 911 3415 ſo
929 3364 1045 3418 dieſer
1056 3350 1209 3423 Schatz
1220 3350 1404 3415 gezogen,

485 3423 597 3470 Dein
609 3419 833 3474 Unterricht
848 3420 1034 3474 erquickt,
1055 3422 1094 3464 in
1111 3412 1291 3468 Anſehn,
1312 3403 1459 3469 Glantz
1476 3413 1560 3458 und
1575 3404 1760 3465 Schein?

378 3483 462 3537 Die
471 3477 636 3542 Fuͤrſten
654 3480 771 3529 lieben
790 3476 847 3533 ſie,
859 3475 1009 3524 dieweil
1022 3475 1069 3530 ſie
1080 3471 1168 3524 Dir
1187 3475 1387 3530 gewogen.
