2665 3034
1033 595 1271 654 Beſſerung
1278 600 1364 646 und
1385 588 1511 653 guten
1507 588 1721 650 Wercken.
1737 597 1857 650 Zum
1865 598 2027 640 andern
2017 599 2080 652 iſt
2087 578 2269 650 daneben
2279 587 2361 650 eine
2373 587 2496 651 Ver⸗

1026 653 1274 709 heiſſung/
1289 643 1366 693 daß
1384 649 1514 694 GOtt
1534 649 1653 694 wolle
1670 644 1823 706 gnaͤdig
1830 639 1951 701 ſeyn.
1997 645 2113 710 Nun
2120 647 2169 703 iſt
2188 655 2227 700 es
2235 650 2388 710 gewiß/
2418 640 2495 711 daß

1032 705 1087 758 zu
1097 709 1202 762 einer
1212 705 1362 761 rechten
1378 703 1508 764 Buſſe
1521 706 1623 756 nicht
1632 717 1745 767 gnug
1755 708 1824 768 iſt/
1863 712 1986 766 allein
1995 718 2074 766 das
2083 714 2214 774 Geſetz
2221 728 2273 774 zu
2280 719 2491 774 predigen/

1031 772 1138 824 denn
1150 770 1193 818 es
1202 763 1379 824 ſchrecket
1393 764 1508 827 allein
1518 765 1576 813 die
1588 756 1853 825 Gewiſſen/
1868 770 2044 828 ſondern
2051 770 2103 831 es
2112 773 2215 830 muß
2231 777 2362 832 darzu
2377 779 2492 828 kom⸗

1032 835 1128 878 men
1142 839 1238 881 auch
1250 839 1327 876 das
1347 823 1646 878 Evangelium/
1656 822 1827 882 nemlich/
1836 824 1917 887 daß
1915 824 1980 888 die
1991 824 2151 887 Suͤnde
2154 830 2260 889 ohne
2269 822 2492 890 Verdienſt

1030 886 1227 946 vergeben
1241 885 1408 940 werden
1415 891 1491 936 um
1502 881 1699 941 Chriſtus
1715 883 1878 943 willen/
1900 886 1980 944 daß
1987 891 2068 944 wir
2075 884 2204 952 durch
2207 884 2283 944 den
2293 893 2493 946 Glauben

1030 947 1225 1000 erlangen
1240 944 1495 995 Vergebung
1505 943 1573 988 der
1583 938 1759 993 Suͤnde.
1818 947 1925 996 Das
1922 943 1981 1007 iſt
1982 943 2024 1009 ſo
2039 942 2169 1007 gewiß
2188 953 2275 1000 und
2286 953 2365 1006 alſo
2382 955 2492 1008 klar/

1028 1005 1165 1061 daß/
1193 1010 1261 1056 wo
1259 1003 1329 1055 die
1340 999 1622 1057 Widerſacher
1630 1000 1709 1061 das
1715 1000 1876 1063 werden
1896 1006 2124 1067 anfechten/
2149 1013 2235 1061 und
2249 1010 2490 1070 CHriſtum

1025 1075 1112 1115 und
1124 1075 1196 1115 den
1210 1070 1404 1118 Glauben
1416 1074 1498 1117 von
1509 1067 1578 1116 der
1589 1060 1699 1120 Buß
1708 1064 1890 1127 ſcheiden/
1906 1065 2032 1128 billich
2040 1066 2115 1131 fuͤr
2129 1063 2311 1125 Laͤſterer
2318 1067 2390 1114 des
2400 1069 2491 1117 Ev⸗

1024 1125 1171 1177 angelii
1181 1129 1266 1177 und
1278 1127 1431 1185 Chriſti
1440 1131 1572 1177 geacht
1585 1133 1764 1177 werden.

1128 1191 1311 1230 Darum
1321 1178 1391 1225 ſoll
1401 1184 1501 1222 man
1513 1179 1571 1224 die
1605 1177 1714 1231 Wort
1732 1180 1793 1227 des
1803 1178 1957 1238 groſſen
1967 1182 2100 1242 hohen
2116 1185 2365 1247 Propheten
2381 1188 2487 1240 Da⸗

1032 1241 1155 1292 nielis
1162 1239 1265 1287 nicht
1275 1237 1395 1289 allein
1406 1236 1486 1291 auf
1491 1237 1567 1286 das
1578 1238 1690 1297 bloſſe
1700 1235 1875 1294 Werck/
1876 1243 1959 1302 auf
1962 1246 2021 1296 die
2031 1243 2237 1303 Allmoſen
2248 1250 2391 1299 deuten
2401 1249 2489 1299 und

1024 1299 1178 1350 ziehen/
1207 1298 1378 1346 ſondern
1387 1298 1484 1351 auch
1494 1299 1569 1346 den
1585 1297 1783 1349 Glauben
1802 1300 2043 1359 anſehen/
2054 1315 2156 1356 man
2166 1306 2270 1365 muß
2279 1310 2349 1359 der
2359 1311 2483 1367 Pro⸗

1023 1359 1171 1415 pheten
1185 1356 1344 1418 Wort/
1373 1359 1509 1409 welche
1516 1358 1606 1419 voll
1613 1357 1828 1410 Glaubens
1851 1359 1929 1420 und
1943 1360 2101 1420 Geiſtes
2109 1360 2321 1425 geweſt/
2330 1366 2431 1418 nicht
2441 1364 2486 1426 ſo

1017 1414 1209 1478 heidniſch
1231 1418 1449 1476 anſehen/
1463 1430 1528 1467 als
1542 1417 1746 1468 Ariſtotelis
1758 1417 1853 1462 oder
1864 1419 1973 1465 eines
2000 1419 2141 1468 andern
2150 1414 2336 1480 Heyden.
2399 1413 2482 1467 Ari-

1020 1474 1169 1525 ſtoteles
1184 1477 1260 1527 hat
1276 1475 1372 1528 auch
1400 1474 1640 1527 Alexandrum
1651 1475 1944 1530 vermahnet/
1974 1477 2053 1528 daß
2064 1483 2107 1522 er
2115 1475 2213 1533 ſeine
2223 1470 2381 1537 Macht
2379 1466 2484 1541 nicht

1017 1545 1070 1599 zu
1083 1531 1237 1587 eignem
1249 1532 1539 1586 Muthwillen/
1548 1535 1718 1596 ſondern
1738 1548 1804 1598 zur
1805 1528 2053 1603 Beſſerung
2065 1542 2226 1596 Landen
2233 1548 2321 1597 und
2329 1548 2479 1598 Leuten

1016 1592 1219 1658 brauchen
1236 1595 1346 1654 ſolt/
1365 1597 1443 1645 das
1463 1596 1505 1651 iſt
1519 1595 1620 1649 recht
1648 1597 1733 1650 und
1742 1596 1852 1652 wohl
1863 1594 2156 1656 geſchrieben/
2185 1608 2288 1650 man
2297 1601 2373 1653 kan
2383 1599 2482 1659 auch

1018 1661 1103 1714 von
1103 1655 1365 1719 Koͤniglichen
1383 1654 1487 1711 Amt
1496 1649 1623 1706 nichts
1635 1653 1779 1710 beſſers
1795 1655 1986 1714 predigen
1998 1658 2093 1711 oder
2102 1657 2308 1715 ſchreiben.
2368 1659 2478 1715 Aber

1012 1714 1173 1771 Daniel
1182 1715 1266 1769 ſagt
1277 1714 1420 1767 ſeinem
1429 1712 1568 1768 Koͤnig
1580 1714 1682 1764 nicht
1691 1707 1812 1765 allein
1820 1724 1905 1766 von
1921 1718 2065 1776 ſeinem
2075 1718 2336 1781 Koͤniglichen
2356 1721 2475 1776 Amt/

1016 1772 1188 1833 ſondern
1200 1782 1280 1826 von
1290 1780 1358 1821 der
1372 1772 1517 1832 Buß/
1540 1789 1623 1830 von
1633 1772 1891 1833 Vergebung
1900 1777 1970 1826 der
1979 1775 2162 1833 Suͤnde/
2191 1790 2278 1832 von
2285 1780 2478 1837 Verſuͤh⸗

1016 1839 1136 1887 nung
1147 1837 1271 1882 gegen
1271 1830 1430 1886 GOtt/
1465 1833 1551 1878 und
1568 1837 1651 1880 von
1672 1834 1743 1894 den
1744 1833 1911 1893 hohen/
1939 1835 2124 1896 groſſen/
2153 1839 2375 1899 geiſtlichen
2381 1837 2480 1895 Sa⸗

1014 1887 1134 1952 chen/
1137 1889 1273 1949 welche
1284 1907 1360 1945 gar
1371 1892 1463 1942 hoch
1474 1903 1559 1940 und
1573 1902 1669 1943 weit
1674 1891 1776 1942 uͤber
1785 1899 1862 1946 alle
1873 1892 2110 1952 menſchliche
2121 1892 2363 1949 Gedancken
2385 1896 2471 1948 und

1012 1945 1186 2008 Wercke
1210 1949 1379 2005 gehen/
1399 1958 1553 2002 darum
1563 1948 1646 2003 ſind
1657 1950 1754 2008 ſeine
1763 1951 1920 2005 Worte
1928 1953 2031 2012 nicht
2040 1955 2164 2007 allein
2170 1965 2254 2009 von
2269 1956 2469 2013 Wercken

1010 2021 1098 2063 und
1117 2007 1323 2060 Allmoſen
1337 2014 1384 2061 zu
1394 2006 1621 2063 verſtehen/
1631 2010 1768 2069 welche
1776 2012 1874 2071 auch
1885 2016 1949 2064 ein
1957 2014 2159 2078 Heuchler
2166 2019 2272 2079 thun
2281 2022 2375 2080 kan/
2382 2026 2468 2075 ſon⸗

1010 2071 1109 2118 dern
1130 2070 1372 2126 fuͤrnemlich
1381 2082 1465 2122 von
1481 2073 1692 2126 Glauben.

1114 2128 1219 2182 Daß
1229 2133 1329 2179 man
1341 2126 1436 2177 aber
1452 2126 1554 2176 muß
1571 2134 1768 2185 Glauben
1761 2126 1844 2192 hie
1820 2126 2073 2190 verſtehen/
2101 2132 2155 2182 da
2163 2135 2246 2184 wir
2253 2141 2338 2186 von
2348 2135 2465 2186 reden

1009 2180 1085 2242 daß
1093 2186 1173 2238 iſt/
1192 2185 1382 2244 glauben/
1421 2183 1492 2236 daß
1499 2182 1629 2246 GOtt
1639 2185 1802 2242 Suͤnde
1814 2189 1944 2251 durch
1946 2188 2336 2250 Barmhertzigkeit/
2364 2188 2466 2242 nicht

1007 2251 1085 2286 um
1100 2252 1242 2292 unſers
1252 2245 1496 2299 Verdienſts
1506 2243 1646 2299 willen
1654 2248 1853 2298 vergebe/
1875 2257 1954 2299 das
1965 2249 2138 2304 beweiſet
2151 2248 2224 2310 der
2229 2249 2335 2306 Text
2344 2243 2460 2308 ſelbſt/

1006 2296 1150 2345 erſtlich
1161 2301 1322 2353 damit/
1342 2306 1447 2353 denn
1458 2309 1496 2357 es
1510 2302 1593 2358 ſind
1605 2312 1711 2357 zwey
1719 2302 1865 2353 Stuͤck
1880 2308 1923 2352 in
1938 2307 2140 2357 Danielis
2156 2307 2364 2369 Predigt/
2383 2306 2461 2357 das

1004 2358 1089 2401 eine
1100 2353 1143 2403 iſt
1154 2354 1486 2412 Geſetz⸗Predigt
1503 2364 1588 2406 und
1605 2363 1783 2417 Straff/
1811 2367 1889 2411 das
1907 2367 2035 2414 ander
2052 2368 2096 2420 iſt
2111 2370 2172 2416 die
2188 2366 2464 2432 Verheiſſung

1004 2417 1100 2464 oder
1117 2410 1361 2469 Abſolutio/
1373 2424 1440 2463 wo
1449 2431 1539 2467 nun
1547 2421 1825 2481 Verheiſſung
1834 2424 1901 2478 iſt/
1914 2427 2018 2483 muß
2026 2428 2124 2484 auch
2134 2428 2332 2485 Glauben
2341 2433 2456 2489 ſeyn/

1003 2475 1114 2530 denn
1120 2469 1393 2530 Verheiſſung
1406 2471 1482 2521 kan
1490 2475 1594 2518 nicht
1609 2480 1762 2527 anders
1771 2476 2018 2529 empfangen
2026 2477 2239 2534 werden/
2263 2483 2369 2532 denn
2385 2472 2462 2531 daß

1001 2539 1071 2588 ſich
1081 2538 1159 2580 das
1168 2531 1288 2583 Hertz
1297 2527 1480 2592 verlaͤſſet
1495 2536 1576 2591 auf
1572 2529 1685 2591 ſolch
1694 2532 1865 2595 GOttes
1882 2541 2065 2596 Wort/
2089 2540 2180 2600 und
2185 2536 2278 2605 ſihet
2293 2538 2392 2607 nicht
2402 2550 2457 2593 an

1001 2597 1111 2670 eigne
1123 2580 1409 2661 Wuͤrdigkeit/
1424 2597 1520 2646 oder
1529 2588 1870 2657 Unwuͤrdigkeit/
1876 2597 2029 2661 darum
2046 2597 2182 2660 fodert
2189 2602 2349 2658 Daniel
2366 2596 2464 2653 auch
