1442 2217
224 338 257 374 6.
285 336 363 381 Sie
381 337 434 384 ſoll
447 336 529 384 auch
541 337 685 378 niemals
693 338 783 378 einen
800 349 860 377 neu
869 340 1080 382 ankommen⸗

169 385 229 431 den
245 389 429 438 Patienten
452 391 484 429 in
501 391 552 430 ein
568 390 676 436 Bette
690 392 846 442 placiren,
871 393 1006 440 welches
1020 404 1079 438 vor

167 435 301 490 kurtzem
322 442 383 486 erſt
405 441 490 488 ledig
510 443 694 492 geworden,
716 444 865 493 ſondern,
880 453 984 486 wann
1007 454 1080 488 ent⸗

170 493 278 533 weder
290 492 341 532 ein
358 491 502 540 Patient
519 493 695 540 geſtorben,
722 496 797 536 oder
820 496 899 541 ſeine
920 497 1077 545 Geſund⸗

166 542 230 589 heit
239 539 352 593 wieder
367 534 537 594 erlanget;
550 547 581 592 ſo
594 547 675 593 muß
689 548 730 594 ſie
744 549 844 597 deſſen
859 548 969 594 Bette
977 551 1077 598 ſofort

166 594 225 640 bey
241 602 351 644 gutem
366 597 506 641 Wetter
521 602 589 640 und
602 600 806 645 Witterung
824 601 855 640 in
873 603 927 641 der
943 602 1078 647 Sonne

164 636 272 693 etliche
285 645 386 695 Tage
401 646 602 690 auswittern
625 651 692 691 und
707 649 946 699 durchklopffen
961 653 1075 703 laſſen,

164 701 241 742 oder
262 709 306 740 an
330 703 421 742 einen
443 697 581 751 luͤftigen
601 702 693 745 Orte
714 703 919 752 aufhangen,
950 705 1073 756 maſſen

162 752 252 793 dann
261 753 344 794 keine
360 754 547 802 dergleichen
555 755 896 805 Patienten⸗Betten,
912 759 983 805 noch
1001 759 1075 806 auch

163 797 216 846 ihr
231 803 369 843 anderes
384 792 538 851 Geraͤthe
554 799 626 851 eher
644 804 763 845 wieder
776 804 970 853 gebrauchet
987 816 1074 849 wer⸗

163 853 224 896 den
244 855 310 906 ſoll,
336 862 372 897 es
388 857 473 903 habe
494 859 584 898 dann
604 858 673 899 vier
693 864 821 905 gantzer
841 862 1000 906 Wochen
1023 871 1072 904 an

163 901 280 953 einem,
295 905 357 947 wie
369 905 576 956 vorgedacht,
600 907 738 955 luftigen
753 909 855 957 Orte,
868 911 924 951 als
940 911 1005 960 auf
1009 913 1077 956 den

162 952 289 1002 Boden
305 957 488 1006 gehangen,
514 960 651 1005 welches
670 961 762 1005 dann
784 971 842 1001 um
859 962 891 1008 ſo
907 964 998 1009 mehr
1012 960 1070 1013 bey

162 1006 262 1048 denen
274 1008 420 1057 Betten,
434 1010 541 1052 worin
557 1011 606 1051 die
616 1011 799 1061 Patienten
814 1018 877 1052 von
893 1013 1073 1061 anſtecken⸗

161 1058 223 1100 den
249 1059 488 1108 Kranckheiten
523 1054 670 1110 gelegen,
708 1070 745 1109 zu
768 1062 977 1114 beobachten,
1010 1066 1068 1108 als

160 1095 277 1154 welche
309 1117 346 1156 zu
381 1106 544 1157 mehrerer
578 1108 801 1149 Præcaution
834 1112 968 1153 allemal
1004 1113 1068 1163 erſt

160 1152 417 1212 ausgeſchuͤttet,
454 1164 521 1205 und
560 1165 610 1205 die
639 1165 784 1212 Einlette
812 1165 1067 1217 ausgewaſchen

161 1218 291 1261 werden
305 1219 410 1267 ſollen,
434 1220 487 1266 ehe
507 1220 548 1268 ſie
564 1221 697 1265 wieder,
719 1225 786 1261 und
804 1232 893 1271 zwar
909 1220 963 1271 fuͤr
979 1225 1066 1267 keine

161 1269 292 1317 andere,
307 1273 363 1312 als
377 1269 454 1311 eben
470 1270 665 1321 dergleichen
676 1271 860 1324 Patienten
873 1271 1067 1324 gebrauchet

162 1320 305 1359 werden.

211 1430 248 1466 7.
272 1418 354 1463 Die
366 1418 554 1462 verordnete
566 1418 761 1468 Artzeneyen
782 1423 836 1469 ſoll
860 1423 902 1474 ſie
916 1424 1070 1474 abholen,

160 1467 228 1507 und
246 1468 345 1509 denen
360 1465 532 1510 Krancken
548 1463 721 1516 ordentlich
737 1480 773 1517 zu
788 1472 907 1517 rechter
927 1471 989 1521 Zeit
1016 1478 1067 1515 und

161 1515 196 1557 in
211 1521 418 1563 verordneter
432 1519 573 1570 Maaſſe
586 1523 678 1571 ſelbſt
686 1523 851 1573 eingeben,
884 1524 978 1574 dabey
996 1526 1070 1570 aber

160 1568 220 1617 ſich
243 1571 332 1619 wohl
353 1565 519 1620 fuͤrſehen,
542 1572 608 1621 daß
629 1572 671 1623 ſie
693 1565 749 1616 die
763 1575 955 1624 Artzeneyen
979 1579 1067 1625 nicht

158 1621 373 1668 verwechſele,
396 1623 498 1662 denen
514 1622 711 1672 Patienten,
738 1627 788 1666 die
798 1625 859 1675 ſich
872 1626 986 1675 ſelbige
1004 1632 1068 1669 ein⸗

157 1669 335 1717 zunehmen
353 1670 479 1718 ſcheuen
503 1669 578 1716 oder
598 1674 759 1723 weigern,
785 1683 881 1719 unter
908 1678 1068 1725 Vorſtel⸗

157 1719 240 1767 lung
250 1721 317 1766 der
337 1721 505 1773 verhoften
524 1730 624 1771 guten
650 1715 857 1776 Wuͤrckung
884 1730 1066 1774 freundlich

157 1774 315 1825 zureden,
339 1776 409 1816 und
430 1776 497 1824 daß
516 1779 560 1826 ſie
576 1780 637 1826 ſich
652 1779 781 1828 darauf
791 1778 977 1830 gebuͤhrend
992 1792 1065 1826 ver⸗

158 1827 291 1876 halten,
315 1830 385 1870 und
404 1832 505 1877 durch
522 1827 669 1884 Bloͤſſen
685 1834 754 1874 und
769 1833 999 1885 Unmaͤßigkeit
1016 1837 1064 1878 im

155 1879 254 1936 Eſſen
270 1880 338 1926 und
355 1879 521 1930 Trincken
537 1885 598 1937 ſich
613 1886 701 1937 ſelbſt
717 1877 801 1933 nicht
811 1888 1065 1938 verwahrloſen,
