2193 2643
368 493 482 550 ſolche
497 488 735 550 Pietiſtiſche
750 487 1066 542 Schwermerey
1086 485 1181 541 auch
1190 482 1379 541 erfahren
1389 480 1541 538 muſte/
1554 481 1638 530 und

369 562 419 611 zu
435 551 553 606 ſeiner
564 549 654 609 Zeit
663 550 768 605 ſchon
779 550 848 603 ſoll
858 553 936 597 ans
947 546 1145 603 Tagelicht
1154 546 1335 605 gebracht
1343 546 1532 594 werden;
1557 552 1638 587 war

371 613 490 658 meine
508 611 707 653 Intention
737 598 910 671 Feuer!
931 596 1100 669 Feuer!
1126 617 1168 662 zu
1185 604 1338 663 ruffen/
1346 608 1422 649 und
1440 604 1494 650 die
1512 609 1639 647 armen

371 674 525 729 Seelen
543 672 650 725 dafuͤr
666 683 708 725 zu
724 682 890 718 warnen.

472 731 548 776 Da
562 729 617 770 die
625 721 860 785 Pietiſtiſche
872 719 1030 784 Woͤlffe
1040 728 1076 771 in
1087 721 1438 778 Schaafs⸗Kleidern
1454 723 1488 765 in
1498 722 1550 763 die
1561 719 1643 765 Kir⸗

373 784 429 834 che
438 779 666 833 einſchleichen
677 780 827 823 wolten/
841 778 896 820 die
905 789 1001 820 arme
1012 769 1202 826 Schaͤflein
1218 786 1255 825 zu
1265 772 1429 824 wuͤrgen/
1446 783 1522 815 war
1534 771 1645 814 meine

370 838 548 880 Intention,
557 834 612 877 die
622 834 765 884 Woͤlffe
777 830 1031 883 anzudeuten/
1010 826 1064 882 die
1067 828 1342 881 Schafs⸗Peltze
1353 821 1570 877 abzuziehen/
1571 824 1643 867 und

377 888 478 934 ihnen
489 885 573 931 mich
582 896 619 930 zu
630 885 847 930 widerſetzen.

475 936 552 980 Da
561 934 615 975 die
624 932 852 984 Pietiſtiſche
860 927 1002 983 Fuͤchſe
1014 933 1081 972 den
1089 929 1293 978 Weinberg
1302 928 1409 978 JEſu
1419 926 1548 975 Chriſti
1559 925 1646 966 wol⸗

375 992 431 1028 ten
448 980 669 1028 verderben/
674 994 752 1024 war
768 983 877 1025 meine
894 984 1080 1024 Intention,
1101 980 1155 1021 die
1172 978 1297 1030 Fuͤchſe
1314 979 1379 1019 mit
1392 976 1486 1023 ihren
1503 974 1645 1024 eigenen

374 1038 538 1081 Worten
555 1033 611 1080 fuͤr
622 1038 682 1078 der
690 1034 836 1081 Kirchen
845 1031 1023 1083 Angeſicht
1032 1039 1069 1080 zu
1079 1028 1237 1080 fangen/
1245 1030 1317 1071 und
1327 1028 1390 1071 mit
1400 1027 1492 1077 ihren
1503 1024 1644 1074 eigenen

372 1087 505 1142 Feſſeln
514 1080 710 1138 gebunden/
718 1083 773 1135 fuͤr
781 1087 851 1128 das
858 1082 1036 1137 Angeſicht
1044 1083 1104 1126 der
1113 1081 1284 1135 frommen
1292 1077 1407 1133 Leſer/
1416 1076 1647 1135 abſonderlich

378 1143 522 1184 meines
537 1133 864 1191 Allergnaͤdigſten
881 1128 1070 1185 Koͤnigs/
1083 1144 1120 1182 zu
1129 1135 1237 1181 legen.

487 1192 562 1237 Da
575 1186 635 1233 die
645 1189 765 1235 wahre
780 1189 870 1231 reine
887 1186 1077 1237 Lutherſche
1093 1185 1194 1232 Lehre
1211 1184 1316 1235 durch
1325 1183 1533 1237 Pietiſtiſche
1544 1183 1647 1226 Ver⸗

380 1238 531 1291 fuͤhrung
548 1231 794 1283 verdunckelt/
800 1237 855 1280 die
871 1235 972 1282 Lehre
988 1243 1056 1277 von
1073 1236 1133 1276 der
1142 1231 1382 1285 Gottſeligkeit
1421 1227 1476 1282 und
1470 1229 1649 1280 frommen

377 1293 487 1339 Leben
504 1292 538 1335 in
556 1289 652 1333 einen
668 1287 870 1339 verfluchten
879 1281 1140 1341 Phariſaͤiſchen
1150 1284 1271 1335 Stoltz
1279 1288 1351 1328 und
1359 1282 1563 1334 Hochmuth
1573 1290 1650 1324 ver⸗

378 1337 533 1392 wandelt
552 1336 673 1390 ward/
684 1348 763 1384 war
772 1334 880 1389 meine
885 1334 1072 1384 lntention,
1076 1331 1143 1392 fuͤr
1140 1335 1249 1388 dieſen
1258 1334 1415 1389 Feinden
1423 1336 1557 1375 Lutheri
1573 1333 1648 1377 und

380 1399 538 1453 Feinden
551 1398 614 1440 des
629 1396 773 1446 wahren
789 1392 1068 1444 Chriſtenthums
1085 1393 1141 1438 die
1155 1392 1278 1439 Kirche
1296 1389 1433 1441 treulich
1442 1400 1479 1441 zu
1487 1381 1654 1433 warnen/

379 1447 453 1489 und
461 1457 499 1495 zu
507 1445 617 1488 einem
630 1438 780 1497 wahren/
788 1434 1024 1493 gruͤndlichen/
1038 1435 1225 1491 gottſeligen
1233 1439 1357 1488 Leben/
1364 1438 1399 1490 ſo
1407 1438 1473 1489 auf
1477 1437 1561 1489 ſeine
1570 1440 1651 1486 gute

381 1506 537 1545 Wercke
555 1503 644 1548 nicht
661 1494 849 1549 ſtoltziret/
845 1492 1097 1550 anzufuͤhren/
1100 1499 1169 1541 das
1187 1498 1298 1550 Reich
1318 1498 1381 1541 des
1397 1494 1650 1549 ſcheinheiligen

381 1552 533 1596 Teufels
547 1561 586 1593 zu
600 1549 772 1598 zerſtoͤren.

480 1593 631 1649 Dieſes/
637 1595 789 1648 dieſes/
784 1594 903 1637 meine
912 1585 1086 1649 Herren/
1105 1600 1167 1636 war
1182 1584 1294 1645 meine
1301 1591 1491 1638 Intention,
1506 1588 1561 1631 die
1569 1584 1650 1639 euch

381 1654 498 1701 GOtt
515 1661 561 1695 an
572 1650 683 1703 jenem
702 1646 806 1701 Tage
821 1646 879 1700 fuͤr
889 1651 977 1694 allen
986 1646 1122 1698 Engeln
1131 1647 1202 1691 und
1213 1645 1478 1695 Auserwehlten
1487 1643 1577 1688 wird
1587 1653 1651 1686 un⸗

382 1714 434 1749 ter
442 1707 497 1748 die
505 1705 629 1753 Augen
638 1703 751 1753 ſagen.
800 1703 900 1749 Ach!
916 1702 1013 1753 ſiehe
1027 1704 1096 1744 da!
1111 1701 1210 1744 mein
1224 1700 1344 1754 Zeuge
1353 1696 1402 1748 iſt
1411 1701 1462 1741 im
1469 1689 1656 1749 Himmel/

381 1754 461 1795 und
470 1753 540 1791 der
548 1750 643 1799 mich
653 1746 816 1795 kennet/
815 1747 976 1797 wohnet
984 1749 1022 1787 in
1031 1748 1097 1786 der
1107 1743 1251 1801 Hoͤhe/
1261 1748 1334 1790 Job.
1342 1748 1439 1788 XVI,
1455 1755 1504 1795 19.
1562 1740 1657 1792 Auff

379 1802 492 1853 dieſen
501 1801 632 1847 meinen
643 1800 871 1852 allwiſſenden
881 1799 994 1844 GOtt
1002 1798 1131 1846 beruffe
1142 1797 1189 1844 ich
1199 1796 1305 1846 mich!
1315 1796 1461 1840 Weiter
1471 1795 1543 1837 und
1552 1791 1650 1841 mehr

382 1852 449 1898 kan
459 1843 506 1897 ich
518 1846 633 1899 nicht/
628 1849 737 1892 meine
745 1846 953 1899 verborgene
964 1844 1175 1891 Gedancken
1191 1849 1236 1893 zu
1236 1844 1484 1892 rechtfertigen.

458 1904 608 1951 Wollen
617 1905 660 1957 ſie
670 1903 753 1947 aber
763 1900 852 1954 auch
852 1900 965 1954 ferner
974 1901 1113 1954 wiſſen/
1134 1900 1221 1952 wohin
1230 1898 1343 1950 dieſer
1352 1897 1530 1951 Schrifft
1539 1902 1651 1937 Inten-

380 1960 455 1999 tion
462 1952 582 2008 zielet/
591 1957 624 1999 ſo
634 1956 809 2008 offenbare
817 1956 865 1997 ich
874 1954 916 1997 ſie
925 1954 1009 1996 auch
1018 1953 1117 1995 allhie
1126 1952 1182 1994 fuͤr
1190 1953 1268 1994 dem
1278 1951 1505 1993 allwiſſenden
1516 1949 1650 1991 GOtt:

487 2009 567 2057 Sie
576 2007 770 2059 wuͤnſchet/
784 2007 852 2057 daß
861 2007 948 2058 ſie/
941 2008 1057 2049 meine
1067 2001 1239 2059 Herren/
1252 2013 1320 2045 von
1331 2005 1407 2045 dem
1417 2001 1651 2055 Pietiſtiſchen

385 2057 514 2104 Babel
522 2053 719 2105 ausgehen/
734 2052 793 2107 von
794 2055 872 2097 dem
881 2052 1111 2106 Pietiſtiſchen
1122 2050 1323 2100 Schwarm
1330 2050 1392 2099 ſich
1402 2046 1653 2102 nachdruͤcklich

387 2113 605 2161 abſondern;
611 2113 652 2163 ſie
662 2111 772 2163 haſſen
783 2111 846 2154 mit
855 2110 983 2160 rechten
992 2109 1115 2159 Ernſt;
1124 2110 1176 2152 die
1186 2107 1392 2160 Pietiſtiſche
1401 2104 1658 2155 Schwermer/

387 2163 421 2210 ſo
431 2173 468 2213 zu
478 2160 577 2210 ihnen
587 2154 741 2206 kommen
752 2159 896 2208 wollen/
906 2159 963 2209 auf
969 2155 1058 2209 keine
1093 2148 1189 2209 Weiſe
1199 2155 1391 2205 annehmen
1402 2156 1484 2198 oder
1493 2150 1653 2204 entſchul⸗

390 2215 517 2264 digen/
530 2212 630 2257 oder/
645 2212 694 2257 wie
703 2214 745 2267 ſie
754 2214 843 2254 denn
852 2211 936 2261 auch
949 2213 1009 2255 der
1019 2209 1138 2260 heilige
1147 2207 1344 2256 Johannes
1355 2205 1553 2256 ermahnet/
1562 2205 1654 2257 gruͤſ⸗

391 2270 468 2323 ſen:
487 2267 541 2314 die
561 2263 739 2320 geruͤhmte
755 2263 1074 2316 Vollkommenheit
1089 2264 1123 2310 in
1140 2262 1249 2315 dieſen
1264 2261 1372 2311 Leben
1383 2259 1571 2314 ſchwinden
1590 2261 1655 2312 laſ⸗
