1493 2163
503 322 568 354 162

605 416 664 455 Jch
692 418 768 456 warf
796 418 864 455 mich
891 421 921 451 in
952 419 1010 455 ihre
1030 419 1118 452 Arme
1142 435 1182 444 —
1218 421 1311 454 wollte

499 470 533 503 ſie
557 467 657 501 troͤten
684 465 738 495 mit
770 467 830 496 dem
858 465 1045 503 Bewußtſein
1076 471 1121 499 der
1142 467 1313 502 Redlichkeit

500 522 586 553 gegen
610 516 804 553 Friedrichen;
827 516 892 549 aber
916 517 949 555 ſie
974 518 1066 551 wollte
1084 520 1142 552 kein
1162 520 1249 552 Wort
1268 521 1310 551 be⸗

501 572 625 605 herzigen
646 581 684 589 —
709 568 809 598 weinte
824 567 878 612 auf
884 568 947 607 ihre
966 569 1105 606 entbloͤßte
1121 570 1229 608 Bruſt,
1252 573 1310 601 und

500 622 618 653 draͤngte
638 621 717 648 einen
737 618 862 658 Seufzer
880 627 917 651 an
943 621 992 652 den
1015 622 1139 657 andern,
1162 622 1214 657 daß
1233 622 1309 653 mein

499 675 575 706 Herz
595 673 668 706 ſelbſt
687 670 841 705 erſchweret
861 673 975 708 wurde,
999 674 1056 703 und
1074 671 1112 709 ich
1132 675 1178 703 des
1192 673 1309 711 Troſtes

498 725 617 758 vergaß,
641 725 692 752 den
717 722 754 757 ich
778 730 841 759 zum
859 721 945 759 Theil
969 724 1001 756 in
1025 726 1071 757 der
1094 722 1308 764 Ausſchuͤttung

497 780 603 810 meiner
624 777 735 815 Klagen
752 778 908 817 gefunden!

604 856 792 894 Muͤtterliche
818 856 1050 896 Empfindungen
1073 872 1113 881 —
1153 859 1235 898 welch
1263 861 1309 893 ein

498 904 703 943 Uebergewicht
719 902 786 944 habt
807 904 851 946 ihr
867 904 934 939 uͤber
951 906 995 940 die
1012 905 1195 945 vaͤterlichen!

603 980 788 1019 Mutterherz
809 995 845 1004 —
861 984 878 1023 o
912 984 957 1016 ein
978 981 1139 1024 Behaͤltniß
1164 988 1210 1017 der
1230 983 1309 1025 ſtaͤrk⸗

495 1044 552 1081 ſten
567 1041 761 1080 Regungen!!

602 1108 662 1149 Jch
678 1108 773 1150 ergriff
786 1110 831 1143 ein
847 1113 963 1144 anderes
972 1111 1087 1151 Mittel,
1096 1112 1129 1152 ſie
1143 1121 1176 1153 zu
1193 1110 1307 1151 troͤſten.

495 1162 556 1196 Jch
576 1161 689 1189 aͤnderte
723 1161 834 1191 meinen
859 1159 1036 1199 Entſchluß:
1067 1160 1243 1199 Friedrichen
1273 1168 1308 1198 zu

495 1210 658 1245 verſtoßen,
688 1210 746 1239 und
767 1208 907 1245 verſprach
934 1208 998 1248 ihr:
1023 1209 1073 1246 ihn
1096 1209 1243 1247 aufſuchen
1271 1216 1305 1248 zu

495 1261 599 1294 laſſen,
618 1260 677 1287 und
691 1260 776 1293 dann,
799 1264 882 1289 wenn
896 1266 925 1288 er
941 1258 1081 1298 gefunden
1098 1261 1221 1299 worden,
1240 1259 1306 1299 noch

493 1313 575 1344 einen
596 1311 668 1352 Weg
697 1312 750 1343 mit
776 1309 833 1351 ihm
860 1319 893 1351 zu
919 1311 1022 1351 gehen,
1055 1314 1109 1353 auf
1125 1315 1252 1353 welchem
1277 1322 1306 1347 er

493 1363 627 1399 vielleicht
647 1360 712 1399 noch
731 1362 856 1402 gebeſſert
872 1367 982 1396 werden
997 1363 1100 1398 koͤnne!
1120 1365 1206 1404 Dieſe
1220 1364 1307 1404 Aeuſ⸗

491 1419 591 1453 ſerung
616 1414 758 1451 erheiterte
784 1415 827 1452 ſie.
871 1415 936 1456 Jhr
959 1414 1040 1456 Auge
1063 1420 1161 1449 wurde
1183 1419 1242 1449 klar
1265 1434 1306 1442 —

494 1472 547 1493 das
572 1468 647 1499 Herz
672 1465 772 1500 klopfte
797 1465 893 1501 fanft,
924 1465 982 1495 und
1005 1465 1050 1504 ihr
1073 1464 1178 1499 Mund
1199 1462 1305 1505 waͤhlte

494 1522 538 1554 die
555 1518 688 1552 Stimme
704 1523 751 1551 des
766 1519 926 1554 Dankens!

597 1600 656 1632 Ein
679 1597 758 1630 Bote
782 1599 879 1630 wurde
900 1597 1047 1637 abgeſandt
1070 1598 1124 1631 mit
1148 1601 1208 1634 dem
1230 1600 1304 1640 Auf⸗

490 1656 585 1683 trage:
617 1646 668 1678 alle
686 1645 795 1686 Doͤrfer
822 1646 970 1685 innerhalb
993 1649 1072 1680 eines
1092 1648 1216 1689 Strichs
1244 1658 1304 1681 von

490 1700 557 1732 zehn
576 1699 692 1728 Meilen
718 1704 750 1733 zu
775 1696 946 1735 durchreiſen
967 1711 1005 1720 —
1035 1699 1064 1729 in
1086 1701 1174 1740 jedem
1195 1699 1302 1737 Dorfe,

489 1758 534 1776 wo
558 1754 586 1774 er
604 1749 679 1777 keine
698 1749 848 1784 Bekannte
870 1753 926 1777 von
951 1745 1007 1778 mir
1034 1747 1173 1788 antreffen
1195 1747 1302 1782 wuͤrde,

487 1809 580 1839 genau
606 1801 833 1841 nachzufragen:
868 1802 903 1834 ob
930 1801 963 1842 ſie
984 1804 1057 1844 nicht
1086 1806 1166 1838 einen
1194 1807 1301 1844 jungen

1207 1852 1300 1886 Men⸗
