1512 2184
513 278 567 321 60

513 363 620 418 dieſes
637 361 856 418 ausfuͤhrlich
872 360 1068 418 proteſtirt
1088 360 1193 415 habe,
1222 361 1256 416 ſo
1278 361 1374 414 kehre

513 418 701 462 wiederum
715 413 832 465 zuruͤck
845 427 886 466 zu
902 414 1047 459 meinem
1058 412 1184 466 vorher
1202 411 1374 464 angezeig⸗

515 481 573 518 ten
582 472 711 528 Zweck,
720 483 760 522 zu
770 473 880 525 zeigen
892 471 961 526 auf
990 465 1045 519 was
1049 464 1181 523 Weiſe
1199 478 1257 519 der
1265 474 1376 526 Miß⸗

515 530 644 579 brauch
666 532 724 574 der
748 527 954 582 Vernunfft
974 528 1043 580 auf
1052 530 1119 573 der
1135 527 1276 582 Kantzel
1302 537 1373 572 von

514 589 592 630 dem
611 584 723 630 Sinn
740 587 800 628 des
817 585 944 632 Textes
967 587 1040 629 und
1058 585 1117 628 der
1137 582 1374 633 Deutlichkeit

516 647 577 689 des
595 642 748 690 Sinnes
768 640 926 694 abfuͤhre.
966 641 1075 693 Zwar
1092 640 1191 687 koͤnte
1209 639 1272 694 ſich
1290 640 1375 691 dieſe

514 696 679 735 materie
697 691 769 746 ſehr
785 690 1006 747 weitlaͤufftig
1022 690 1208 746 erſtrecken,
1220 690 1292 746 fals
1304 690 1375 742 hier

517 743 624 797 ſolche
648 754 720 787 von
748 743 816 787 mir
839 732 947 795 voͤllig
984 739 1206 800 abgehandelt
1231 743 1374 787 werden

519 791 613 859 ſolte,
623 804 709 847 aber
727 805 764 843 es
780 811 861 850 mag
882 809 995 852 genug
1014 797 1103 854 ſeyn,
1113 811 1221 844 wann
1237 799 1287 855 ich
1306 809 1374 843 nur

518 860 584 903 ein
603 863 669 905 und
692 860 824 903 andern
847 857 1002 910 heutiges
1023 857 1142 910 Tages
1162 856 1296 908 gemein
1320 866 1375 906 ge⸗

518 917 705 960 wordenen
723 912 945 969 Mißbrauch
960 912 1029 967 auf
1040 915 1098 959 der
1112 912 1253 965 Kantzel
1268 910 1376 962 anzei⸗

518 985 583 1024 ge.
597 971 705 1023 Doch
721 971 832 1015 damit
844 969 967 1026 ſolcher
974 970 1199 1025 Mißbrauch
1209 974 1267 1016 der
1274 971 1374 1016 Ver⸗

518 1022 641 1078 nunfft
657 1018 727 1074 auf
735 1023 793 1068 der
807 1023 947 1077 Kantzel
960 1021 1054 1075 deſto
1071 1021 1255 1075 deutlicher
1269 1019 1306 1068 in
1322 1022 1374 1067 die

519 1084 648 1136 Augen
649 1074 758 1136 falle,
774 1074 842 1129 will
862 1074 917 1136 ich
923 1080 983 1135 ihn
999 1080 1207 1134 betrachten,
1217 1078 1251 1134 ſo
1266 1078 1374 1134 wohl,

519 1135 583 1181 wie
599 1150 635 1181 er
646 1133 709 1191 ſich
726 1134 854 1193 aͤuſſert
869 1135 930 1189 bey
945 1132 1055 1188 der
1028 1128 1067 1190 ſo
1065 1142 1262 1188 genannten
1280 1147 1375 1176 ana-

518 1194 686 1252 lytiſchen
700 1193 756 1238 als
772 1193 857 1247 auch
868 1193 1103 1247 ſyntetiſchen
1112 1192 1376 1245 Abhandelung

518 1242 581 1297 und
571 1247 810 1302 Erklaͤrung
824 1248 999 1303 bibliſcher
1014 1250 1134 1295 Texte.
1204 1248 1277 1296 Von
1301 1246 1376 1293 dem

518 1304 745 1357 Mißbrauch
772 1308 830 1351 der
856 1303 1062 1360 Vernunfft
1086 1302 1187 1356 beym
1204 1302 1376 1358 analyti-

518 1361 615 1417 ſchen
640 1351 769 1405 Vortrag
798 1351 867 1408 rede
890 1357 965 1407 alſo
982 1350 1109 1415 zuerſt,
1126 1350 1285 1413 inſoferne
1301 1356 1376 1413 ſol⸗

519 1417 596 1469 cher
626 1425 709 1459 vom
736 1415 843 1465 Texte
871 1415 1047 1469 abfuͤhret.
1105 1414 1233 1468 Durch
1255 1414 1375 1467 dieſen

518 1468 743 1525 Mißbrauch
753 1469 847 1522 aber,
856 1470 911 1514 als
923 1468 1063 1524 welcher
1078 1471 1136 1514 der
1151 1463 1300 1522 Einſicht
1313 1473 1375 1514 des

517 1523 661 1576 wahren
676 1519 830 1566 Sinnes
848 1522 896 1567 im
912 1521 1021 1573 Text,
1040 1522 1112 1564 und
1130 1521 1189 1563 der
1207 1520 1376 1569 Uberzeu⸗

517 1579 626 1637 gung,
642 1573 703 1630 daß
716 1576 773 1619 der
782 1569 993 1633 angegebene
1026 1567 1184 1634 Verſtand
1192 1580 1249 1623 der
1258 1578 1380 1627 Wor⸗

517 1642 552 1679 te
566 1636 626 1680 der
644 1631 733 1684 echte
748 1628 811 1684 ſey,
827 1624 958 1690 hindert,
982 1631 1024 1687 iſt
1040 1632 1113 1688 hier
1129 1630 1221 1686 nicht
1233 1628 1377 1682 derjeni⸗

518 1698 560 1739 ge
574 1688 644 1734 alte
657 1683 882 1742 Mißbrauch
897 1686 1079 1738 gemeinet,
1087 1686 1131 1729 da
1147 1694 1233 1728 man
1246 1683 1376 1741 pflegte

517 1760 590 1793 von
610 1749 688 1793 dem
711 1749 821 1799 guten
855 1744 1143 1803 philologiſchen
1164 1753 1374 1800 apparatu,

518 1799 661 1855 welcher
698 1797 797 1851 beym
823 1790 1023 1848 ſcrutinio
1053 1794 1196 1848 Textus
1230 1795 1301 1852 auf
1318 1800 1377 1843 der

519 1854 830 1895 Studier⸗Stube
846 1854 1055 1895 hochnoͤthig
1067 1855 1121 1895 iſt,
1131 1854 1214 1895 aber
1223 1855 1308 1895 auch
1318 1858 1379 1895 da⸗

1280 1917 1382 1965 ſelbſt
