1630 2682
231 473 286 514 14.
287 481 362 519 Eins
368 483 447 524 aber,
458 486 523 533 hoff
528 490 576 533 ich,
585 492 660 535 wirſt

189 509 227 545 du
237 517 318 561 mir
333 537 407 568 mein
422 535 566 578 Heiland!
586 542 659 584 nicht

190 561 339 609 verſagen,
357 574 429 618 Daß
443 579 483 622 ich
498 582 556 622 dich
573 582 658 626 moͤge

199 599 232 638 fuͤr
245 608 303 648 und
304 614 357 658 fuͤr
371 618 419 661 Jn
429 630 548 659 meinem
557 626 657 669 herzen

187 644 307 692 tragen:
311 663 366 700 So
378 666 424 705 laß
433 667 502 709 mich
514 671 582 712 doch
591 675 654 710 dein

184 684 327 739 kripplein
336 704 410 749 ſeyn,
422 708 542 750 Komm,
552 712 659 757 komm,

184 738 244 771 und
248 744 312 789 lege
319 749 373 793 bey
382 762 439 790 mir
456 757 501 793 ein
514 758 590 805 Dich
598 764 655 800 und

185 780 221 815 all
230 788 308 828 deinee
317 792 446 829 freuden.

228 832 274 870 15.
301 838 391 881 Zwar
414 841 471 885 ſolt
485 845 525 891 ich
540 846 655 894 denken,

183 869 233 901 wie
243 882 344 925 gering
364 888 421 930 Jch
437 893 494 933 dich
515 894 652 940 berathen

182 914 282 962 werde,
299 931 356 965 Du
366 932 416 972 biſt
423 938 472 971 der⸗
481 936 604 981 ſchoͤpfer
611 941 649 977 al.

181 954 222 996 ler
227 964 303 1004 ding,
309 965 366 1013 Jch
373 977 423 1013 bin
432 988 489 1017 nur
499 982 579 1023 ſtaub
590 989 650 1023 und

180 1005 266 1043 erde;
270 1010 358 1050 Doch
367 1013 417 1055 biſt
425 1019 464 1052 du
471 1017 499 1061 ſo
510 1028 553 1056 ein
562 1020 648 1060 lieber

180 1048 243 1086 gaſt,
249 1049 321 1093 Daß
329 1055 365 1088 du
373 1055 444 1099 noch
451 1061 494 1095 nie
501 1063 650 1109 verſchmaͤ⸗

179 1089 227 1123 het
240 1092 302 1137 haſt
313 1102 396 1151 Den,
414 1110 466 1148 der
483 1111 543 1157 dich
563 1122 648 1162 gerne

175 1134 266 1175 ſiehet.

181 1187 253 1219 Mel.
267 1194 346 1228 Lobe
359 1199 413 1230 den
421 1200 531 1241 Herren
541 1209 595 1238 den
610 1215 647 1239 ꝛc.

174 1213 320 1313 783.
320 1227 382 1317 K

382 1244 488 1288 ommſt
509 1252 548 1285 du
574 1260 647 1294 nun,

396 1289 490 1329 JEſu!
505 1300 563 1328 vom
575 1296 643 1336 him⸗

175 1315 234 1349 mel
239 1328 377 1365 herunter
390 1333 445 1374 auf
451 1336 557 1373 erden?
567 1341 644 1380 Soll

170 1361 228 1396 nun
238 1371 290 1405 der
302 1372 421 1414 himmel
435 1378 495 1415 und
507 1382 574 1419 erde
584 1391 644 1422 ver⸗

172 1407 273 1447 einiget
274 1415 411 1462 werden?
418 1426 533 1471 Ewiger
539 1430 643 1473 GOtt!

176 1447 236 1489 Kan
258 1457 318 1503 dich
338 1469 413 1501 mein
433 1464 559 1510 jammer
578 1473 638 1510 und

171 1499 237 1534 noth
260 1508 394 1557 Bringen
407 1521 440 1557 zu
454 1515 638 1567 menſchenge⸗

171 1536 292 1585 berden?

212 1599 240 1629 2.
248 1599 329 1640 Was
337 1604 378 1645 ich
384 1607 414 1643 in
422 1605 522 1647 Adam
529 1611 589 1652 und
596 1613 637 1654 E⸗

164 1625 201 1662 va
229 1640 317 1689 urch
346 1648 454 1693 ſterben
483 1654 637 1702 verloren,

173 1669 238 1716 Hast
247 1691 285 1727 du
301 1695 361 1736 mir,
375 1690 456 1743 JEſu,
466 1694 543 1745 durch
554 1702 633 1744 leben

167 1722 222 1754 und
230 1729 319 1776 leiden
330 1740 489 1788 erkohren;
507 1745 634 1794 Guͤtiger

169 1757 271 1817 GOtt!
289 1784 349 1822 Alle
370 1795 431 1825 mein
448 1788 559 1833 jammer
576 1796 631 1831 und

165 1812 234 1852 noth
242 1824 336 1865 Endet
343 1831 392 1872 ſich
401 1834 438 1870 da
446 1835 484 1871 du
495 1832 630 1872 geboren.

197 1866 230 1899 3.
239 1872 352 1917 Teufel,
364 1878 426 1919 tod,
439 1879 510 1925 hoͤlle
520 1882 562 1919 die
572 1882 629 1927 zuͤr⸗

160 1899 228 1941 nen,
245 1919 306 1950 und
330 1919 437 1958 halten
445 1925 625 1970 zuſammen,

167 1943 275 1992 Wollen
284 1960 354 2004 mich
368 1963 468 2006 ſuͤnder
482 1971 631 2011 verſchlin⸗

162 2000 210 2027 gen
216 2006 275 2042 und
287 2004 411 2057 gaͤnzlich
424 2018 628 2060 verdammen:

162 2033 316 2099 Maͤchtiger
325 2056 438 2100 GOtt!
450 2065 562 2104 Wende
572 2069 626 2104 den

160 2077 277 2135 jammer
298 2104 357 2140 und
372 2105 461 2149 noth,
481 2108 564 2153 Tilge
581 2116 622 2150 die

164 2115 294 2183 hoͤlliſchen
310 2145 467 2187 flammen!

191 2188 224 2215 4.
236 2187 303 2233 Gib
321 2208 396 2240 mir,
413 2210 430 2238 o
442 2200 546 2249 JEſu!
565 2216 625 2242 nur

158 2209 250 2275 heilige
264 2241 332 2283 gute
346 2242 506 2294 gedanken,
526 2250 620 2297 Halte

693 499 734 533 die
749 501 853 542 glieder
874 508 922 542 des
939 505 1023 544 leibes
1045 520 1072 545 in
1089 514 1166 555 heili⸗

692 549 742 581 gen
754 545 915 592 ſchranken;
930 553 1060 597 Heiliger
1069 558 1165 599 Gott!

689 586 745 629 Laß
760 590 830 633 mich
857 595 923 632 nach
947 600 1053 636 deinem
1076 601 1162 641 gebot

687 630 819 676 Herzlich
842 643 881 672 im
898 637 1020 684 glauben
1040 636 1084 681 dir
1095 648 1162 683 dan⸗

689 679 749 715 ken.

734 734 760 763 5.
763 723 861 770 Fuͤhre
869 728 938 771 mich
948 732 1062 778 endlich,
1069 748 1087 773 o
1094 739 1161 781 JE⸗

688 757 731 802 ſu,
744 771 790 798 ins
806 769 887 810 ewige
908 771 1003 815 leben,
1025 776 1159 822 Welches

687 813 725 848 du
736 817 819 855 allen,
835 819 875 853 die
882 819 1015 866 glaͤuben,
1029 824 1159 872 verſpro⸗

685 856 750 894 chen
772 868 803 900 zu
826 862 928 908 geben,
965 867 1020 905 Da
1042 872 1081 915 ich
1103 873 1157 919 bey

684 901 779 942 GOtt
800 906 890 948 Ohne
915 909 1009 953 noth,
1029 923 1157 958 jammer

683 948 742 985 und
757 953 807 989 tod
823 954 906 999 Ewig
923 960 951 994 in
966 958 1084 1002 freuden
1101 966 1155 1003 kan

682 992 831 1038 ſchweben.

683 1039 761 1074 Mel.
775 1045 869 1076 Vater
876 1044 959 1083 unſer
966 1048 1004 1081 im
1012 1051 1153 1093 himmelr.

681 1086 837 1173 784.
837 1086 895 1172 U

895 1086 938 1130 ns
938 1089 978 1133 iſt
978 1089 1029 1135 ein
1029 1092 1153 1140 kindlein

919 1135 986 1171 heut
1027 1133 1152 1171 geborn,

681 1171 756 1192 Von
781 1174 857 1196 einer
884 1179 1023 1208 jungfrau
1056 1187 1153 1207 auser⸗

681 1220 784 1264 kohrn,
796 1224 842 1261 Ein
850 1227 963 1268 wahrer
976 1229 1082 1277 menſch
1091 1235 1150 1273 und

679 1264 796 1307 wahrer
807 1271 923 1313 GOtt,
949 1275 1023 1317 Daß
1043 1287 1073 1314 er
1093 1284 1151 1318 uns

679 1305 742 1346 helf
750 1313 798 1346 aus
811 1306 888 1353 aller
885 1314 968 1358 noth,
982 1318 1065 1355 Sein
1078 1329 1150 1359 nam

677 1352 709 1386 iſt
738 1354 928 1397 Wunderbar
956 1364 1016 1399 und
1043 1365 1149 1410 Rath,

673 1393 780 1440 Durch
792 1400 844 1442 ihn
859 1401 953 1444 haben
966 1408 1021 1445 wir
1037 1406 1147 1453 funden

673 1441 760 1477 gnad.

717 1497 741 1518 2.
752 1485 830 1525 Was
838 1485 907 1533 haͤtt
910 1485 972 1539 uns
974 1494 1055 1535 Gott
1062 1499 1147 1538 mehr

672 1523 782 1567 koͤnnen
790 1534 872 1576 thun,
888 1534 978 1575 Denn
988 1541 1039 1581 daß
1049 1549 1078 1576 er
1088 1538 1146 1580 uns

671 1576 777 1621 ſchenkt
785 1581 876 1625 ſeinen
884 1586 993 1628 Sohn,
1007 1593 1074 1627 Der
1083 1602 1144 1632 von

670 1628 729 1658 uns
736 1630 969 1672 weggenommen
980 1636 1029 1676 hat
1036 1638 1082 1673 All
1092 1648 1143 1677 un⸗

668 1667 711 1710 ſre
719 1669 790 1712 ſuͤnd
806 1677 866 1711 und
874 1674 1026 1721 miſſethat,
1042 1683 1143 1729 Erloͤſt

668 1714 727 1747 uns
742 1721 801 1751 von
826 1720 875 1755 der
895 1720 964 1763 ſtraf
985 1725 1042 1761 und
1060 1734 1142 1771 pein,

667 1757 771 1797 Darin
785 1768 839 1800 wir
854 1766 943 1804 ſolten
958 1774 1027 1806 ewig
1041 1769 1115 1814 ſeyn.

714 1814 728 1844 3
741 1806 818 1847 Freu
827 1807 900 1851 dich,
905 1806 936 1851 du
949 1819 1047 1856 werthe
1063 1806 1141 1864 Chri⸗

664 1846 800 1894 ſtenheit,
812 1855 877 1888 Und
884 1854 956 1892 dank
966 1867 994 1895 es
1003 1860 1101 1899 GOtt
1101 1865 1137 1901 in

643 1893 803 1937 ewigkeit;
828 1899 899 1944 Haß
913 1902 981 1941 aber
996 1908 1048 1943 alle
1066 1909 1137 1955 ſuͤnd

660 1940 717 1967 und
731 1939 780 1975 liſt,
799 1941 912 1983 Davon
921 1948 956 1984 du
970 1949 1050 1991 theur
1063 1957 1135 1995 erloͤ⸗

655 1981 699 2027 ſet
714 1987 772 2030 biſt.
795 1989 870 2036 Sey
870 1992 978 2040 fortan
978 1998 1138 2047 gottfuͤrch⸗

661 2038 701 2074 tig
715 2035 778 2073 und
778 2037 858 2081 rein,
872 2038 915 2083 Zu
932 2037 1019 2089 ehren
1034 2046 1134 2093 dieſem

662 2076 809 2119 kindelein.

655 2133 798 2212 785.
798 2131 881 2213 W

881 2133 911 2189 ie
920 2133 1049 2183 kuͤndlich
1059 2146 1132 2184 gros

906 2176 963 2217 ſind
996 2178 1064 2215 doch
1088 2189 1132 2217 die

656 2207 763 2260 werke,
773 2221 831 2257 Die
841 2225 966 2264 GOttes
982 2220 1061 2271 hand
1071 2237 1128 2267 und

654 2264 869 2315 wundermacht
899 2273 948 2311 An
977 2283 1052 2318 uns,
1072 2286 1130 2315 uns
