1788 2538
201 358 298 444 JA
312 389 417 439 Held!
432 389 495 428 wir
510 383 701 433 wuͤnſchen:
728 382 792 431 daß
807 380 903 422 Dein
922 375 1028 425 Leben,

147 453 229 495 Das
245 461 312 491 uns
336 451 367 497 ſo
384 449 537 490 manchen
552 440 801 493 Freuden⸗Tag,

147 512 231 553 Das
247 519 313 550 uns
329 510 361 556 ſo
377 508 530 550 manchen
538 502 645 550 Sieg,
655 502 687 550 ſo
702 503 855 544 manchen
863 495 984 546 Ruhm
992 491 1138 543 gegeben,

148 575 245 618 Noch
260 575 341 619 lang
363 573 399 611 in
416 569 518 616 Ruhe
544 570 667 605 dauren
686 570 777 607 mag.

149 635 226 676 Der
239 631 389 679 Himmel
402 629 459 678 laß
475 635 546 667 uns
567 627 636 665 dies
651 621 839 670 begluͤcken:

150 697 238 746 Daß
251 692 380 735 Deiner
392 689 526 739 theuren
541 686 662 733 Augen
683 684 773 730 Licht,

152 754 230 796 Aus
245 752 392 795 welchem
405 748 517 797 Wuth
532 753 599 786 und
614 743 709 794 Eifer
726 741 838 789 bricht,

153 814 217 863 Jn
228 812 343 861 unſers
359 808 503 857 Kayſers
519 805 662 855 Schooß
680 801 842 849 denſelben
865 809 943 845 mag
960 795 1123 849 erblicken,

154 874 242 919 Der,
256 871 292 920 eh
307 870 362 920 ihn
376 871 455 912 noch
472 872 526 905 der
537 863 687 912 Himmel
710 861 809 909 weiſt,

156 931 299 973 Bereits
315 931 366 968 ein
383 915 596 977 Unterpfand
611 927 666 963 der
677 917 863 970 Deutſchen
878 915 980 966 Ruhe
995 912 1085 965 heiſt.

219 990 329 1065 DA
342 1002 478 1058 wuͤrden
491 1014 553 1061 erſt
567 1014 616 1051 die
630 1008 745 1060 frohen
759 1004 874 1055 Zeiten

157 1087 230 1132 Die
243 1085 354 1135 Bruſt
382 1088 435 1122 der
448 1076 659 1130 Seufzenden
683 1074 828 1124 erfreun.

159 1144 224 1186 Da
231 1141 339 1183 wuͤrde
347 1148 427 1178 man
436 1140 547 1180 manch
557 1134 633 1182 Lied,
641 1137 753 1177 manch
764 1128 970 1179 Helden⸗Lied
978 1127 1128 1175 bereiten,

160 1203 242 1247 Und
256 1209 326 1244 dem
342 1200 512 1250 erbethnen
529 1195 681 1248 Printzen
704 1192 834 1239 weyhn.

162 1267 227 1308 Da
240 1263 339 1315 ſaͤhen
355 1263 419 1301 wir
435 1261 499 1299 mit
519 1258 609 1308 mehr
622 1253 829 1303 Vergnuͤgen

161 1325 235 1367 Die
248 1321 378 1370 Menge
390 1315 518 1367 ſchoͤner
530 1313 649 1357 Laͤnder
664 1323 719 1359 an,

164 1386 247 1433 Die,
262 1387 304 1422 da
317 1378 452 1431 Eugen
467 1377 505 1426 ſie
520 1376 665 1424 zwingen
678 1374 766 1420 kan,
946 1365 1158 1417 (ſchmiegen;

165 1446 225 1495 Jn
223 1437 375 1495 tiefſter
392 1434 508 1493 Demurh
532 1438 589 1487 ſich
618 1447 665 1478 vor
670 1430 916 1482 Deutſchlands
931 1425 1159 1476 Schutz⸗Gott

166 1505 248 1548 Und
264 1502 337 1545 Dir
351 1512 424 1550 zum
442 1498 577 1548 Ruhme
600 1493 784 1545 zugeſtehn:

168 1564 256 1608 Carl
269 1565 317 1613 ſey
333 1562 393 1603 wie
406 1557 570 1608 Jupiter;
597 1557 661 1608 ſein
681 1552 887 1597 Donnerkeil
900 1548 1047 1599 Eugen.

229 1617 362 1707 HJer
376 1645 510 1685 endigen
525 1642 583 1681 ſich
598 1639 702 1670 meine
716 1636 829 1674 Lieder,

169 1715 306 1769 Eugen
320 1714 423 1755 bleibt
439 1716 513 1758 doch
527 1716 580 1751 der
596 1709 693 1750 Welt
706 1707 855 1751 bekannt.
1081 1698 1173 1746 (der,

171 1769 246 1817 Die
254 1768 485 1821 Schwachheit
497 1766 590 1816 wirft
607 1762 767 1813 nunmehr
783 1763 830 1801 die
844 1757 984 1810 ſtumpfe
991 1756 1090 1807 Feder
1100 1756 1165 1795 nie⸗

173 1835 254 1880 Und
270 1834 382 1885 ſencket
396 1833 445 1871 die
467 1829 669 1880 geſchwaͤchte
684 1824 800 1873 Hand.

174 1890 273 1936 Doch
290 1886 374 1936 ſeht!
395 1892 471 1923 was
484 1884 563 1930 zeigt
580 1881 637 1929 ſich
652 1881 789 1920 meinem
810 1875 951 1922 Blicke?

166 1947 272 2004 Witz,
284 1952 435 2003 Tugend,
450 1948 584 1999 Ruhm,
601 1954 670 1987 und
684 1943 867 1992 Tapferkeit

178 2013 347 2064 Gerathen
362 2013 399 2052 in
422 2016 481 2050 den
501 2009 668 2059 ſchaͤrfſten
686 2004 819 2052 Streit,

179 2069 283 2110 Denn
295 2069 364 2115 jede
379 2057 472 2116 wirft
489 2064 552 2114 auf
563 2062 653 2105 Dich
670 2067 723 2101 der
731 2057 850 2107 Augen
865 2043 984 2109 Strahl
999 2040 1143 2108 zuruͤcke,

180 2134 263 2176 Den
277 2134 317 2180 ſie
330 2131 406 2172 doch
422 2126 577 2178 gehlings
589 2124 731 2167 abwerts
751 2121 861 2168 drehn,

183 2192 276 2236 Weil
289 2193 327 2244 ſie
341 2190 393 2240 ihr
409 2185 574 2231 Ebenbild
590 2187 625 2228 in
641 2183 773 2227 Deinen
787 2178 914 2230 Thaten
931 2174 1015 2226 ſehn.
