1770 2629
546 341 619 380 180

667 329 826 396 Erſtes
826 329 1114 396 Hauptſtuͤck.
1114 329 1300 396 Dritter
1300 329 1534 396 Abſchnitt.

555 420 608 460 die
631 420 822 472 freygebige
844 423 1169 477 Dienſtfertigkeit,
1203 436 1305 473 unter
1327 437 1398 474 das
1423 434 1547 479 Gebot
1571 443 1657 478 vom

557 470 729 521 Stehlen,
744 484 780 514 u.
792 476 813 523 ſ.
822 486 866 516 w.
884 478 989 524 Nach
1004 473 1121 526 ſeinem
1132 481 1261 530 Urtheil
1270 485 1360 534 giebt
1372 488 1477 533 dieſes
1489 488 1578 533 nicht
1587 499 1654 531 nur

531 527 597 564 zu
618 522 753 564 allerley
770 520 1031 570 unnatuͤrlichen
1048 523 1277 575 Kuͤnſteleyen
1303 530 1525 578 nothwendig
1546 532 1653 576 Gele⸗

557 572 704 616 genheit,
723 572 862 617 ſondern
873 573 956 611 aller
965 572 1228 623 Bemuͤhungen
1247 578 1479 629 ohnerachtet,
1506 572 1560 626 hat
1587 593 1653 623 man

557 623 610 672 oft
626 626 708 667 viele
724 626 897 675 Pflichten
920 635 1021 670 unter
1039 633 1093 672 die
1106 632 1185 683 zehn
1203 630 1344 678 Gebote
1359 648 1399 685 zu
1418 641 1559 686 bringen
1578 648 1653 681 ver⸗

553 672 674 719 geſſen.
725 674 812 718 Wo
834 674 961 716 bleiben
986 689 1010 725 z.
1028 678 1072 721 E.
1093 686 1146 722 die
1167 680 1341 731 Pflichten
1367 693 1438 726 von
1455 684 1554 732 Treu
1578 679 1651 729 und

553 719 727 771 Glauben
744 726 790 764 im
807 726 983 778 Zuſagen;
1009 739 1079 772 von
1087 734 1339 779 Vermeidung
1357 742 1415 778 der
1430 739 1653 786 Schmeiche⸗

555 774 629 808 ley;
656 776 739 805 vom
755 773 932 809 erlaubten
951 777 1022 811 und
1044 778 1272 818 unerlaubten
1295 769 1474 826 Scherze;
1500 789 1570 820 von
1593 786 1652 822 der

555 819 868 871 Standhaftigkeit
911 824 951 876 in
945 827 1245 876 Verfolgungen;
1280 838 1350 871 von
1369 836 1427 873 der
1453 836 1651 884 Erlaubniß

553 872 615 915 ſich
632 873 699 908 aus
716 868 819 916 guten
837 873 1003 920 Urſachen
1018 879 1056 920 zu
1080 870 1280 924 verſtellen;
1320 874 1379 925 von
1393 884 1456 921 dem
1490 883 1650 931 patrioti⸗

553 922 642 965 ſchen
661 922 756 966 Eifer
773 923 863 963 eines
873 924 1059 971 Buͤrgers,
1085 933 1154 967 von
1173 932 1233 970 der
1254 930 1473 980 Amtstreue,
1505 941 1573 974 von
1590 941 1649 977 der

551 971 937 1028 Privatfreundſchaft;
969 984 1039 1017 von
1067 981 1125 1021 der
1151 978 1406 1029 Sparſamkeit
1439 991 1510 1029 und
1548 988 1649 1032 Ver⸗

550 1009 792 1072 ſchwendung;
827 1034 897 1065 von
921 1033 981 1068 der
1009 1029 1148 1074 Gedult
1172 1035 1244 1073 und
1266 1033 1542 1085 Zufriedenheit;
1575 1046 1647 1078 von

549 1076 609 1113 der
636 1073 908 1120 Dankbarkeit;
948 1083 1019 1116 von
1048 1083 1106 1120 der
1127 1077 1535 1135 Selbſtvertheidigung,
1573 1094 1645 1128 von

546 1123 607 1159 der
625 1118 883 1167 Arbeitſamkeit
913 1126 1006 1164 eines
1023 1121 1200 1172 Reichen?
1226 1130 1366 1177 u. ſ.w.
1417 1126 1498 1179 Mit
1524 1136 1646 1182 Recht

548 1166 679 1214 rechnet
703 1179 738 1210 er
758 1170 864 1217 daher
885 1173 966 1218 dieſe
988 1172 1180 1220 Methode,
1206 1183 1314 1220 unter
1336 1183 1390 1221 die
1402 1180 1568 1231 Maͤngel
1581 1188 1644 1227 des

545 1216 721 1268 ſchlechten
737 1219 949 1272 Unterrichts
967 1221 1002 1265 in
1017 1229 1077 1268 der
1101 1225 1304 1278 Religion,
1319 1233 1391 1270 und
1406 1224 1539 1280 folglich
1557 1235 1645 1284 auch

546 1273 647 1307 unter
662 1269 714 1308 die
733 1268 894 1315 Urſachen
917 1270 975 1313 der
991 1269 1160 1323 ſchlechten
1168 1274 1386 1327 Erkenntniß
1395 1273 1459 1321 der
1476 1280 1643 1330 geſamm⸗

545 1326 602 1362 ten
622 1320 838 1372 moraliſchen
853 1322 1024 1377 Pflichten
1044 1333 1102 1372 der
1115 1328 1287 1381 Chriſten,
1312 1334 1386 1375 und
1400 1334 1495 1384 ihres
1508 1335 1641 1385 vielfaͤl⸗

545 1369 596 1418 tig
611 1369 716 1418 daher
730 1378 816 1421 ganz
826 1374 1092 1424 unmoraliſchen
1103 1371 1342 1429 Verhaltens.
1393 1382 1503 1433 Zwar
1520 1386 1558 1432 iſt
1567 1388 1640 1429 mir

542 1415 627 1465 auch
645 1423 731 1473 nicht
754 1426 964 1477 unbewußt,
994 1430 1064 1478 daß
1088 1442 1171 1474 man
1187 1432 1249 1480 ſich
1263 1435 1452 1484 insgemein
1467 1448 1506 1486 zu
1522 1440 1639 1487 deſſen

540 1468 828 1525 Rechtfertigung
841 1478 907 1525 auf
921 1485 988 1523 das
1002 1482 1170 1534 Beyſpiel
1180 1484 1270 1534 Jeſu
1285 1488 1439 1537 berufet,
1458 1495 1514 1532 der
1532 1493 1564 1532 in
1583 1494 1637 1539 ſei⸗

539 1532 605 1566 nen
624 1525 840 1573 moraliſchen
864 1527 1183 1586 Unterweiſungen,
1206 1532 1380 1587 vielfaͤltig
1395 1538 1539 1583 Gebote
1565 1544 1636 1586 aus

539 1575 617 1614 dem
643 1572 858 1624 Decalogus
891 1576 1076 1628 anfuͤhrte,
1112 1578 1211 1621 deren
1259 1585 1390 1631 wahren
1424 1577 1504 1632 Sinn
1556 1583 1635 1639 auf⸗

538 1624 668 1676 ſchloͤſſe
695 1632 767 1670 und
786 1629 936 1679 dadurch
951 1632 1081 1684 lehrte,
1108 1636 1202 1676 was
1227 1637 1314 1687 alles
1337 1639 1371 1679 in
1398 1637 1538 1685 ſelbigen
1554 1641 1636 1692 liege

537 1679 610 1716 und
627 1676 660 1714 in
680 1675 777 1724 ihnen
799 1688 839 1725 zu
856 1680 968 1726 ſuchen
985 1683 1047 1730 ſey.
1089 1687 1097 1725 I)
1150 1686 1260 1732 Allein
1279 1689 1417 1730 daraus
1439 1690 1547 1736 folget
1571 1694 1634 1734 kei⸗

536 1728 737 1773 nesweges,
775 1728 845 1777 daß
868 1732 1009 1779 derſelbe
1032 1734 1085 1775 die
1107 1735 1293 1785 geſammte
1316 1737 1551 1789 Fuͤrſchriften
1569 1748 1634 1784 des

532 1780 662 1833 ganzen
684 1778 841 1828 ſittlichen
864 1782 1092 1832 Verhaltens
1107 1780 1167 1836 der
1181 1778 1365 1835 Menſchen
1381 1792 1414 1830 in
1436 1793 1504 1836 ſich
1520 1794 1631 1837 ſchloͤſ⸗

532 1835 574 1864 ſe.
614 1824 678 1867 Er
693 1829 818 1868 nimmt
833 1838 903 1871 von
921 1830 1054 1882 einigen
1054 1825 1131 1882 nur
1150 1835 1462 1885 Gelegenheit
1388 1829 1464 1885 her,
1495 1843 1548 1881 die
1557 1844 1630 1890 beſ⸗

530 1871 602 1919 ſern
619 1872 833 1922 moraliſchen
852 1877 988 1928 Regeln
1003 1879 1065 1921 des
1083 1877 1368 1933 Chriſtenthums
1382 1877 1628 1938 vorzutragen,

529 1929 603 1971 und
642 1929 742 1967 deren
782 1927 1046 1981 Beobachtung
1076 1929 1183 1983 ſeinen
1213 1933 1406 1984 Juͤngern,
1434 1939 1629 1986 beſonders

528 1977 578 2020 im
595 1970 780 2023 Gegenſatz
795 1986 896 2025 gegen
919 1982 969 2022 die
988 1981 1241 2034 Gerechtigkeit
1257 1990 1316 2027 der
1332 1985 1555 2038 Phariſaͤer,
1582 1999 1626 2040 zu

527 2021 737 2070 empfehlen;
770 2026 821 2063 die
845 2030 929 2073 auch
953 2030 987 2071 in
1015 2034 1091 2071 dem
1108 2032 1281 2080 unſeligen
1301 2030 1453 2085 Wahne
1469 2038 1627 2088 ſtunden,

526 2071 562 2119 in
580 2076 733 2128 ſelbigem
754 2075 849 2120 waͤre
863 2085 932 2122 das
962 2092 1066 2134 ganze
1084 2084 1306 2137 Moralgeſetz
1327 2089 1521 2141 enthalten,
1550 2096 1624 2136 und

525 2129 634 2178 daher
661 2128 848 2180 glaubten,
897 2135 948 2178 ſie
963 2135 1082 2184 haͤtten
1107 2142 1171 2180 alle
1202 2140 1453 2188 Gerechtigkeit
1475 2143 1621 2193 erfuͤllet,

521 2185 624 2222 wenn
643 2182 684 2232 ſie
700 2179 761 2234 ſich
777 2180 862 2230 nach
878 2182 983 2233 deſſen
999 2183 1263 2242 buchſtaͤblichen
1279 2183 1524 2239 Vorſchriften
1539 2196 1623 2239 rich⸗

1515 2249 1622 2295 teten,

535 2298 585 2341 I)
606 2305 627 2339 z.
644 2299 680 2339 E.
690 2300 811 2344 Matth.
831 2311 860 2343 5,
885 2310 921 2334 21
934 2308 1044 2348 —48.
