1766 2671
591 344 650 381 20
763 338 850 390 Am
867 336 1025 396 gruͤnen
1043 340 1348 406 Donnerſtage.

591 437 744 489 Sohnes
774 437 859 485 nicht
883 439 1074 494 verſchont,
1111 447 1252 496 ſondern
1279 449 1336 500 ihn
1363 448 1419 500 fuͤr
1449 459 1519 492 uns

588 506 789 560 hingegeben
809 511 902 561 habe.
954 515 1011 566 Jn
1031 517 1282 572 Gemeinſchaft
1295 526 1357 564 mit
1375 526 1516 569 Andern

586 586 632 612 an
651 576 756 624 dieſen
774 574 849 617 Tod
870 567 1057 631 gedenken,
1086 582 1176 634 heißt
1201 585 1290 639 alſo,
1320 587 1425 638 dieſen
1443 598 1518 639 gro⸗

585 648 649 695 ßen
671 648 795 700 Werth
817 652 918 703 ihnen
935 653 1097 705 ebenfalls
1121 657 1318 710 zuerkennen,
1327 662 1516 713 glauben

585 716 654 744 und
673 716 843 761 geſtehen,
873 717 936 761 daß
953 716 1033 763 auch
1050 716 1131 757 uͤber
1147 720 1188 768 ſie
1205 711 1398 771 Freude
1368 733 1410 778 im
1416 723 1514 772 Him⸗

583 784 648 823 mel
667 785 743 836 ſey,
771 798 870 827 wenn
897 791 938 839 ſie
945 788 1026 847 ſich,
1043 789 1174 848 beſſern
1186 801 1256 838 und
1274 802 1329 841 der
1343 800 1516 851 Seligkeit

580 854 771 909 theilhaftig
798 863 955 910 werden,
996 865 1046 903 die
1078 866 1178 918 ihnen
1198 863 1308 924 Jeſus
1331 870 1401 921 fuͤr
1431 874 1512 922 dieſe

580 927 648 963 und
668 938 740 974 jene
754 929 852 970 Welt
875 929 1008 972 bereitet
1025 933 1093 984 hat.
1148 937 1247 987 Muß
1257 946 1327 979 uns
1343 943 1406 992 das
1422 942 1510 990 nicht

577 996 640 1033 mit
653 993 891 1047 Hochachtung
910 1009 1013 1049 gegen
1023 1002 1138 1051 Jeden
1156 1004 1311 1061 erfuͤllen,
1338 1013 1394 1050 der
1406 1011 1506 1062 gleich

574 1071 644 1102 uns
662 1069 729 1104 und
748 1069 810 1105 mit
836 1074 904 1107 uns
926 1072 988 1109 das
1024 1072 1142 1124 heilige
1172 1076 1364 1119 Abendmal
1395 1079 1535 1132 feiert,

574 1141 644 1172 uns
662 1133 756 1174 Liebe
768 1147 806 1186 zu
825 1138 894 1188 ihm
913 1138 1093 1193 einfloͤßen,
1121 1146 1191 1184 und
1207 1154 1276 1195 uns
1292 1148 1424 1196 geneigt
1435 1160 1506 1190 ma⸗

573 1199 678 1251 chen,
714 1203 783 1253 ihm
816 1205 871 1244 als
899 1209 1008 1250 einem
1037 1211 1248 1267 Menſchen,
1290 1218 1346 1255 der
1376 1220 1410 1275 ſo
1436 1219 1504 1260 viel

568 1256 674 1321 Werth
710 1256 775 1323 vor
800 1270 892 1311 Gott
910 1271 984 1323 hat,
1012 1274 1068 1313 der
1086 1274 1138 1316 ein
1153 1276 1270 1328 ſolcher
1283 1277 1501 1333 Gegenſtand

567 1342 672 1391 ſeiner
689 1340 981 1400 Barmherzigkeit
1002 1353 1073 1391 und
1099 1352 1186 1395 Liebe
1210 1353 1272 1407 iſt,
1297 1354 1377 1404 auch
1402 1359 1499 1408 unſre

566 1399 770 1459 Zuneigung
789 1413 898 1462 thaͤtig
931 1419 968 1468 zu
971 1415 1137 1468 beweiſen.
1190 1423 1285 1464 Was
1303 1423 1419 1467 koͤnnte
1436 1436 1498 1466 un⸗

565 1475 613 1516 ſre
638 1478 781 1514 Bruͤder
810 1490 878 1515 uns
905 1482 984 1523 noch
1013 1485 1116 1529 werth
1140 1487 1272 1531 machen,
1283 1476 1430 1537 wenn
1459 1495 1495 1526 es

565 1552 647 1598 dieſe
672 1552 903 1603 Verbindung
926 1567 972 1595 an
1003 1557 1111 1609 Jeſus
1130 1561 1243 1613 Tiſche
1271 1564 1358 1614 nicht
1381 1566 1493 1618 thut?

563 1613 736 1653 Ueberdas
757 1620 799 1661 iſt
826 1621 907 1661 dieſe
935 1621 1166 1669 Verbindung
1191 1621 1243 1662 die
1264 1614 1403 1680 innigſte
1421 1628 1492 1667 und

560 1685 757 1733 genaueſte,
784 1687 835 1724 die
856 1697 920 1725 nur
943 1688 1019 1736 ſeyn
1045 1693 1169 1731 kann.
1194 1695 1288 1737 Das
1298 1695 1493 1742 Abendmal

560 1760 598 1806 iſt
631 1759 718 1809 nicht
742 1770 807 1801 nur
825 1762 896 1803 eine
923 1767 1233 1820 gemeinſchaftliche
1250 1774 1370 1826 Feier,
1398 1784 1433 1814 es
1451 1780 1491 1827 iſt

558 1830 629 1867 eine
644 1831 953 1887 gemeinſchaftliche
972 1833 1146 1889 Malzeit;
1174 1842 1237 1883 wir
1260 1845 1342 1896 eſſen
1360 1848 1403 1887 da
1418 1854 1487 1889 von

557 1898 680 1941 Einem
708 1902 829 1945 Brote
852 1909 921 1945 und
950 1907 1077 1950 trinken
1096 1917 1175 1952 aus
1202 1911 1316 1956 Einem
1340 1910 1484 1969 Kelche.

539 1972 658 2021 Dieſe
683 1974 905 2026 Einrichtung
932 1980 1057 2027 machte
1073 1982 1182 2031 Jeſus
1205 1985 1291 2034 nicht
1310 1988 1396 2039 ohne
1420 1991 1484 2030 Ur⸗

552 2034 649 2084 ſache.
703 2039 887 2091 Malzeiten
906 2044 977 2092 ſind
999 2047 1116 2089 immer
1129 2050 1185 2090 als
1200 2052 1324 2095 Mittel
1340 2052 1483 2102 betrach⸗

551 2115 599 2149 tet
624 2110 784 2161 worden,
820 2112 1098 2169 Freundſchaften
1123 2130 1162 2170 zu
1179 2122 1336 2172 errichten
1355 2124 1426 2164 und
1442 2135 1481 2175 zu

1416 2211 1479 2240 un⸗
