2585 3031
573 556 712 630 vom
712 556 879 630 jahr
879 556 1030 630 1557.
1030 556 1139 630 biß
1139 556 1276 630 1597.

1469 586 1564 639 291

281 642 369 697 Der
396 646 511 699 Index
544 655 841 706 Expurgatorius
870 662 939 712 der
961 673 1186 715 Theologen
1203 690 1263 732 zu
1289 686 1437 739 Loͤwen,
1457 693 1543 739 wird

323 704 365 741 in
380 706 444 757 den
469 712 725 746 Niederlanden
736 708 802 754 auf
815 721 952 761 Koͤnigl.
969 734 1082 774 Koſten
1111 737 1256 779 gedruckt.
1302 746 1364 783 Jtzo
1393 754 1492 790 haben
1510 752 1563 792 die

315 755 486 814 Papiſten
508 767 701 809 dergleichen
716 762 858 818 Buͤcher
856 763 938 826 ſehr
956 766 1049 828 viel.
1060 770 1146 817 Der
1163 772 1310 824 ſeltenſte
1323 790 1377 833 und
1400 794 1561 830 theuerſte

329 803 412 851 aber
437 816 535 851 unter
557 808 747 864 denſelben,
762 815 803 865 iſt
832 817 893 859 des
929 825 1124 859 Braſichelle
1140 829 1173 863 in
1191 833 1271 877 8vo.
1286 838 1344 880 als
1361 842 1473 889 davon
1488 855 1559 896 nur

325 861 455 906 wenige
469 859 680 913 Exemplaria
694 865 858 917 gedruckt,
875 874 943 912 und
962 881 1059 914 unter
1085 879 1136 916 die
1161 882 1329 917 Prælaten,
1355 890 1552 946 Cardinæle,

324 923 360 961 zu
380 913 480 953 Rom
498 915 569 955 und
576 914 697 960 andere
706 917 829 971 Groſſe
845 926 1017 972 vertheilet
1032 933 1182 967 worden.
1236 936 1332 978 Herr
1349 939 1394 968 D.
1412 942 1556 972 Löſcher

323 973 361 1012 zu
385 960 556 1010 Dreßden
579 962 699 1018 beſitzet
714 969 766 1009 ein
782 974 875 1018 wohl
890 981 1142 1012 conditionirtes
1164 988 1346 1029 Exemplar
1363 993 1484 1045 davon.

268 1034 408 1092 Pabſt
419 1042 507 1081 Pius
521 1044 565 1087 V.
584 1038 729 1095 richtet
742 1043 898 1104 gewiſſe
913 1050 1116 1093 Seminaria
1133 1065 1213 1102 vor
1236 1058 1300 1102 die
1320 1066 1550 1124 Paͤbſtliche

323 1082 470 1136 Jugend
489 1085 524 1128 in
538 1087 728 1140 Engelland
747 1106 820 1152 auf,
871 1109 937 1145 kan
959 1104 1042 1156 aber
1058 1096 1164 1163 ſeinen
1186 1114 1368 1171 Endzweck
1388 1126 1477 1172 nicht
1501 1135 1555 1179 er⸗

327 1145 466 1196 reichen.

270 1219 467 1271 Conradus
490 1224 659 1270 Vorſtius
681 1223 791 1277 wird
808 1238 860 1289 zu
876 1226 990 1281 Coͤln
1011 1234 1232 1294 gebohren,
1241 1253 1330 1298 und
1330 1255 1444 1300 wird
1458 1245 1549 1297 her⸗

319 1270 403 1322 nach
420 1277 487 1316 aus
503 1275 606 1319 einem
615 1276 1030 1334 Kauffmanns⸗Jungen
1047 1300 1100 1328 ein
1117 1306 1278 1348 Student,
1290 1305 1371 1355 muß
1389 1306 1469 1354 aber
1484 1311 1549 1358 mit

315 1327 398 1376 Joh.
414 1329 550 1371 Vorſtio
566 1330 654 1388 nicht
663 1339 854 1391 vermenget
863 1346 1009 1383 werden.

264 1398 366 1458 Der
383 1403 558 1466 tapffere
574 1406 820 1464 Verfechter
831 1412 901 1472 der
918 1411 1195 1471 Hugonotten
1205 1424 1259 1465 in
1267 1427 1549 1477 Franckreich,

316 1451 380 1489 der
390 1456 514 1501 Printz
536 1458 601 1504 von
621 1460 753 1510 Conde,
760 1464 868 1502 bleibt
889 1469 919 1501 in
928 1472 986 1502 der
1003 1472 1186 1510 Schlacht
1209 1482 1269 1511 bey
1290 1487 1421 1526 Jarnac,
1452 1498 1546 1537 wor⸗

318 1495 388 1545 auf
398 1502 484 1541 alles
492 1501 563 1549 auf
583 1503 647 1543 den
660 1505 818 1544 Admiral
836 1512 980 1561 Coligny
998 1520 1187 1566 ankommt,
1202 1529 1342 1559 welcher
1358 1535 1439 1554 aber
1456 1540 1543 1566 auch

322 1555 382 1599 bey
405 1549 653 1597 Montcontour
673 1558 707 1606 ſo
734 1554 937 1612 ungluͤcklich
958 1560 1064 1616 ficht,
1079 1568 1149 1615 daß
1175 1580 1290 1613 9000.
1313 1579 1544 1619 Hugonotten

307 1605 376 1655 auf
390 1607 455 1649 dem
474 1599 571 1661 Platz
586 1606 733 1665 bleiben,
746 1619 814 1656 von
836 1613 975 1665 welcher
1001 1615 1190 1673 Schlappe
1218 1632 1252 1664 er
1277 1627 1339 1674 ſich
1355 1633 1434 1675 doch
1459 1638 1541 1673 bald

309 1658 454 1711 erhohlt,
469 1662 539 1706 und
554 1655 612 1713 mit
628 1654 739 1720 ſeiner
740 1667 865 1708 Armee
873 1674 935 1714 vor
942 1670 1031 1711 Paris
1039 1670 1141 1720 ruͤckt.

259 1742 361 1800 Der
377 1744 546 1810 Hertzog
563 1756 654 1805 von
677 1751 772 1801 Alba
802 1752 932 1816 leget,
946 1761 1072 1809 unter
1094 1758 1195 1812 dem
1219 1766 1448 1819 Vorwand
1466 1775 1540 1818 des

307 1808 452 1862 Krieges
472 1812 537 1858 mit
561 1813 625 1859 den
641 1813 769 1866 beyden
799 1815 958 1872 Printzen
971 1826 1042 1864 von
1056 1823 1217 1890 Oranien,
1252 1849 1323 1882 eine
1366 1850 1398 1891 ſo
1436 1855 1537 1896 harte

306 1860 511 1916 Schatzung
526 1866 595 1917 auf
612 1868 666 1913 die
686 1861 954 1926 Niederlaͤnder,
980 1872 1048 1926 daß
1065 1878 1119 1919 ein
1143 1883 1358 1932 allgemeines
1381 1889 1535 1930 Murren

310 1912 415 1969 wider
434 1914 495 1976 ihn
515 1921 711 1977 entſtehet.

1578 701 1779 785 1569.

855 2305 949 2354 Oo

1317 2336 1518 2418 1570.
