1626 2340
572 339 662 397 Ga

964 337 1072 414 157

552 436 651 513 G.

157 545 380 603 Galgenfeld.
429 551 513 599 Am
531 551 720 601 verdienten
735 556 878 604 Stricke
893 560 939 603 im
957 560 1050 606 Gal⸗

164 603 353 657 genfelde
379 607 495 656 pralen
514 610 603 656 heißt
630 612 704 658 nach
731 616 793 651 der
818 617 960 660 Sprache
999 622 1050 654 der

153 658 435 705 Scharfrichter
452 655 609 710 haͤngen.
676 666 787 708 Dieſes
806 672 887 710 zwar
907 669 940 710 iſt
963 670 1047 713 kurz;

156 708 302 748 allein
320 706 380 756 ein
382 706 601 756 Kramsvogel
621 713 696 756 muß
714 716 792 757 auch
809 718 927 754 Butter
943 718 1050 761 haben.

152 758 396 814 Gehangen
410 758 481 815 ſind
499 759 558 814 die
578 766 669 812 Diebe
676 765 774 810 lange
796 771 935 810 worden.
962 775 1049 810 Man

153 803 274 855 muß
282 813 348 854 alſo
353 806 420 848 eine
428 805 536 856 Bruͤhe
545 811 736 859 daruͤber
692 811 742 865 her
752 815 858 860 gießen
871 822 935 852 und
951 821 987 860 ſie
1003 822 1047 854 im

150 861 438 916 Galgenfelde
451 869 566 914 pralen
588 868 700 919 laſſen.
762 874 909 919 Freylich
930 877 969 916 iſt
980 879 1046 912 das

167 911 333 962 Pralen
346 910 435 955 nicht
435 910 514 957 weit
531 914 606 958 her;
590 912 715 958 und
723 916 768 961 ſie
777 921 873 962 haben
884 924 971 962 nicht
980 924 1046 958 viel

195 959 320 1002 Urſache
330 954 430 1010 dazu:
430 955 537 1005 allein
552 963 590 1005 ſie
598 963 724 1008 pralen
731 967 821 1008 doch;
847 969 911 1003 und
925 968 1045 1014 pralen

195 1010 231 1053 iſt
244 1005 304 1058 doch
319 1005 368 1055 ein
373 1005 412 1055 ſo
412 1000 597 1057 pralendes
607 1009 769 1051 Wort.

418 1064 486 1100 Und
499 1063 535 1107 iſt
551 1063 621 1099 denn
633 1066 686 1098 der
704 1065 751 1099 ein
762 1064 854 1107 Held,

243 1108 331 1159 Der
352 1109 398 1163 am
422 1104 626 1162 verdienten
644 1105 764 1163 Strick
774 1115 871 1164 noch
876 1108 974 1170 pralt
990 1110 1044 1164 im

394 1167 724 1220 Galgenfeld?
750 1173 913 1225 Haller,
931 1176 1046 1223 59S.

147 1212 265 1256 Wir
274 1213 367 1262 haben
383 1213 439 1269 die
436 1216 530 1263 Ehre,
541 1214 616 1260 Sr.
622 1215 707 1260 Gn.
720 1221 769 1256 die
776 1205 877 1266 Frage
890 1229 930 1266 zu
937 1221 1044 1258 beant⸗

191 1276 333 1313 worten,
365 1274 430 1309 und
446 1275 563 1318 ſagen:
603 1277 714 1316 Nein!
748 1283 827 1314 denn
848 1281 903 1322 hat
924 1290 956 1317 er
978 1279 1045 1321 den

145 1322 321 1373 Strick
333 1315 523 1371 verdienet:
538 1324 569 1380 ſo
584 1324 640 1382 iſt
647 1328 678 1370 er
689 1322 765 1382 nicht
781 1322 824 1376 ein
848 1335 925 1378 Held,
951 1341 1043 1373 wenn

145 1380 215 1415 er
228 1375 296 1427 auch
315 1381 343 1415 in
356 1374 500 1429 eiſernen
520 1373 630 1431 Ketten
644 1374 754 1436 hienge
784 1378 835 1431 und
850 1383 901 1436 gar
916 1387 971 1430 auf
985 1378 1042 1430 dem

163 1425 299 1478 Rade
299 1428 398 1482 laͤge.

137 1472 253 1521 Gang
272 1474 325 1514 ein
339 1475 488 1525 eiſerner.
548 1482 628 1520 Wir
637 1475 791 1527 bemerken
807 1475 951 1534 hierbey,
979 1484 1042 1526 daß

189 1534 238 1570 ein
251 1531 411 1576 goldener
443 1526 517 1580 Gang
539 1538 609 1580 weit
631 1537 750 1579 ſanfter
761 1540 828 1584 ſeyn
846 1539 938 1580 muß;
968 1543 1041 1577 was

187 1572 260 1620 aber
276 1584 337 1619 das
355 1581 478 1627 ſchoͤnſte
494 1587 553 1627 iſt:
595 1589 625 1629 ſo
641 1588 719 1623 kann
735 1588 788 1629 ihn
809 1592 857 1626 ein
874 1585 1039 1637 hoͤrendes

141 1634 270 1684 Ohr
292 1631 405 1682 hoͤren.
457 1638 506 1675 Es
521 1642 600 1676 kann
619 1637 694 1684 auch
710 1644 759 1678 ein
775 1640 941 1694 Fußtritt,
969 1644 1040 1683 oder

140 1684 403 1739 Schemel,
416 1693 564 1729 darunter
581 1695 754 1737 verſtanden
779 1700 921 1736 werden.
968 1701 1039 1737 Wie

172 1742 280 1787 ſinget
294 1742 346 1790 oder
368 1732 503 1791 traͤumet
531 1748 582 1780 der
593 1735 745 1795 goͤttliche
778 1736 951 1797 Traͤumer?

240 1793 349 1830 Wenn
343 1788 377 1837 du
407 1795 469 1839 nun
487 1785 595 1839 hoͤren
608 1790 697 1836 wirſt
713 1796 763 1840 um
780 1795 843 1836 dich
862 1799 968 1836 herum
984 1795 1032 1836 im

557 1847 785 1893 Dunkeln
800 1852 977 1895 dahergehn

239 1899 364 1938 Gottes
370 1896 548 1950 Fußtritt,
572 1897 799 1948 (Schemel)
818 1909 872 1942 den
889 1902 1032 1950 eiſernen

374 1953 476 1990 Gang
482 1954 543 1999 des
548 1952 778 2004 wandelnden
789 1953 1028 2007 (ſpatzierenge⸗

330 1997 507 2051 henden)
522 1996 730 2055 Richters,

962 2055 1030 2092 Und
