1917 2719
325 357 397 402 der
397 357 836 402 Nationalreichthuͤmer.
836 357 897 402 IV
897 357 961 402 B.
961 357 998 402 7
998 357 1173 402 Hauptſt.

1191 348 1272 400 245

254 462 307 497 als
323 463 382 497 den
396 459 503 501 irgend
522 456 607 494 eines
626 458 742 493 andern
757 452 885 494 Landes.
947 453 1017 493 Alle
1040 458 1149 493 andere
1164 451 1274 490 Laͤnder

254 519 392 565 ſchließet
406 517 444 562 ſie
465 518 495 563 ſo
508 515 568 553 viel
591 515 642 551 als
666 513 798 560 moͤglich
819 525 879 551 nur
900 520 962 550 von
978 512 1095 551 Einem
1116 511 1280 560 beſondern

251 571 388 626 Markte
407 570 491 618 aus;
518 571 567 610 die
590 569 750 609 Kolonien
772 566 923 617 hingegen
945 567 1080 615 ſchraͤnkt
1099 571 1137 618 ſie
1163 568 1194 616 ſo
1217 566 1280 605 viel

255 637 308 669 als
328 626 461 676 moͤglich
485 627 545 677 auf
562 627 647 665 einen
662 625 825 677 beſondern
841 625 957 666 Markt
974 627 1041 663 ein:
1068 630 1132 665 und
1148 624 1197 663 ein
1213 621 1280 671 ſehr

256 689 411 735 wichtiger
426 686 618 737 Unterſchied
636 687 673 735 iſt
689 700 743 734 es,
775 692 837 724 von
853 686 951 724 einem
968 684 1131 732 beſondern
1145 684 1280 725 Markte

255 746 501 794 ausgeſchloſſen
514 754 551 791 zu
573 745 662 792 ſeyn,
689 743 839 794 indeſſen,
869 745 909 780 da
934 742 991 780 alle
1016 746 1125 781 andere
1146 742 1280 782 Maͤrkte

258 811 339 852 offen
356 806 473 849 ſtehen;
499 804 563 839 und
575 800 636 847 auf
654 801 760 847 irgend
773 800 858 838 einen
872 796 1033 849 beſondern
1046 798 1163 838 Markt
1180 798 1281 843 einge⸗

256 864 391 913 ſchraͤnkt
406 864 489 908 ſeyn,
514 860 658 908 indeſſen,
680 863 722 898 da
737 858 794 898 alle
809 861 917 899 andere
932 856 1064 899 Maͤrkte
1085 855 1279 905 verſchloſſen

257 927 336 971 ſind.
391 921 469 959 Und
487 918 558 964 doch
579 919 616 965 iſt
638 922 698 958 das
720 916 931 967 uͤberſchuͤßige
945 915 1088 969 Produkt
1110 920 1162 955 der
1176 914 1278 953 Kolo⸗

258 985 331 1016 nien
345 981 393 1016 die
406 977 550 1025 Urquelle
565 976 640 1013 aller
653 977 734 1021 jener
740 974 967 1024 Vermehrung
980 976 1037 1012 des
1044 972 1200 1023 Genuſſes
1214 972 1280 1008 und

257 1041 313 1075 des
326 1036 465 1084 Fleißes,
489 1032 596 1080 welche
609 1032 760 1083 Europa
774 1040 836 1070 aus
850 1035 903 1071 der
918 1030 1116 1078 Entdeckung
1131 1032 1194 1069 und
1210 1027 1281 1067 Ko⸗

257 1097 421 1147 loniſation
433 1104 504 1136 von
525 1093 690 1140 Amerika
719 1093 829 1145 ziehet:
870 1098 936 1133 und
964 1096 1013 1133 die
1038 1092 1281 1141 ausſchließende

256 1155 436 1204 Handlung
450 1157 503 1194 der
514 1152 729 1196 Vaterlaͤnder
743 1151 887 1201 trachtet,
913 1154 989 1203 dieſe
1001 1152 1112 1192 Quelle
1133 1151 1203 1190 weit
1219 1159 1281 1187 we⸗

258 1217 347 1263 niger
362 1214 438 1260 reich
454 1225 491 1263 zu
507 1212 649 1263 machen,
680 1215 732 1253 als
745 1215 784 1263 ſie
797 1213 875 1262 ſonſt
890 1216 960 1263 ſeyn
975 1212 1091 1251 wuͤrde.

338 1263 408 1314 Die
435 1270 613 1322 beſondere
642 1269 849 1322 Vortheile,
882 1271 930 1308 die
955 1271 1038 1317 jedes
1068 1269 1282 1316 koloniſirende

250 1329 339 1372 Land
352 1336 414 1365 aus
430 1330 530 1375 ſeinen
543 1329 666 1373 eigenen
680 1327 838 1366 Kolonien
851 1327 962 1373 ziehet,
988 1328 1053 1372 ſind
1073 1335 1135 1363 von
1151 1332 1280 1370 zweyer⸗

259 1388 308 1433 ley
322 1381 434 1423 Arten.
495 1380 662 1434 Erſtlich,
683 1376 758 1436 jene
779 1382 908 1426 gemeine
925 1381 1112 1428 Vortheile,
1135 1381 1183 1417 die
1196 1382 1281 1423 jedes

258 1437 359 1484 Reich
381 1443 443 1475 aus
464 1437 561 1474 denen
583 1435 675 1483 ſeiner
689 1432 866 1484 Herrſchaft
883 1434 1125 1483 unterworfenen
1140 1431 1281 1479 Provin⸗

258 1511 313 1545 zen
341 1497 452 1545 ziehet;
500 1497 563 1535 und
585 1490 798 1547 Zweytens,
835 1493 980 1544 diejenige
1008 1490 1166 1542 beſondere
1188 1492 1279 1532 Vor⸗

261 1561 372 1604 theile,
394 1555 518 1600 welche,
545 1557 603 1592 wie
618 1563 694 1591 man
710 1549 852 1600 waͤhnet,
882 1558 943 1589 aus
964 1550 995 1599 ſo
1018 1559 1096 1598 ganz
1117 1547 1280 1598 ſonderbar

260 1617 466 1666 beſchaffenen
478 1612 655 1662 Provinzen
671 1611 834 1663 entſtehen,
856 1614 906 1652 als
920 1612 966 1654 die
983 1604 1196 1664 europaͤiſche
1211 1608 1282 1650 Ko⸗

261 1683 363 1722 lonien
383 1684 416 1722 in
430 1679 594 1726 Amerika
611 1676 688 1729 ſind.

352 1740 422 1781 Die
436 1729 588 1789 gemeine
604 1733 809 1791 Vortheile,
837 1738 885 1777 die
898 1739 982 1785 jedes
995 1735 1094 1783 Reich
1107 1742 1169 1774 aus
1184 1737 1281 1772 denen

261 1795 356 1843 feiner
367 1792 546 1842 Herrſchaft
558 1790 795 1843 unterthaͤnigen
813 1789 990 1838 Provinzen
1004 1790 1111 1838 ziehet,
1125 1788 1282 1838 beſtehen:

264 1849 428 1905 Erſtlich,
456 1852 489 1890 in
505 1853 558 1889 der
573 1847 814 1897 Kriegsmacht,
841 1849 888 1887 die
914 1849 953 1896 ſie
974 1858 1010 1895 zu
1025 1849 1118 1896 ſeiner
1131 1845 1283 1894 Verthei⸗

262 1912 381 1954 digung
395 1901 517 1953 liefern;
552 1907 616 1944 und
631 1904 842 1956 Zweytens,
873 1905 907 1943 in
922 1907 979 1944 den
994 1902 1220 1952 Einkuͤnften,
1231 1900 1281 1938 die

261 1968 301 2008 ſie
325 1971 378 2007 zur
400 1966 629 2007 Unterhaltung
661 1966 753 2007 ſeiner
780 1960 985 2004 buͤrgerlichen
1014 1957 1196 2003 Regierung
1226 1952 1280 1991 ab⸗

263 2025 389 2069 werfen.
445 2021 514 2062 Die
538 2019 697 2073 roͤmiſche
717 2019 875 2059 Kolonien
898 2017 1089 2066 gewaͤhreten
1112 2016 1167 2064 bey
1185 2016 1281 2055 Gele⸗

262 2080 383 2128 genheit
398 2079 521 2125 beydes.
577 2079 646 2119 Die
660 2074 853 2129 griechiſche
864 2076 1021 2117 Kolonien
1044 2074 1144 2121 gaben
1159 2073 1281 2115 biswei⸗

263 2143 310 2180 len
331 2139 416 2189 ihren
439 2138 588 2183 Beytrag
615 2148 668 2183 zur
694 2135 916 2184 Kriegsmacht
943 2135 1026 2185 ihres
1052 2134 1282 2181 Vaterlandes,

262 2199 338 2238 aber
358 2198 449 2246 ſelten
471 2197 570 2244 einige
593 2196 776 2245 Einkuͤnfte.
833 2194 954 2236 Selten
979 2195 1141 2234 erkannten
1164 2195 1204 2241 ſie
1224 2192 1281 2241 ſich

265 2261 316 2310 fuͤr
334 2254 546 2308 Unterthanen
569 2256 651 2307 ihrer
672 2257 870 2304 Vaterſtadt.
927 2254 1163 2305 Gemeiniglich
1179 2263 1283 2291 waren

758 2318 816 2367 Q
816 2318 860 2367 3

1239 2313 1286 2365 ſie
