1831 2706
727 451 809 489 262

871 447 985 498 Buch
1005 446 1088 497 111.
1121 447 1275 498 Abſchn.
1297 460 1339 491 2.
1366 446 1556 498 Hauptſt.
1577 458 1621 496 9.

727 540 874 590 erhalten
895 536 1097 589 dreyjaͤhrige
1109 536 1507 593 Contributionsfreyheit
1522 544 1565 585 I),
1583 539 1653 582 und

726 604 795 631 wer
815 593 973 635 Bebauer
988 581 1113 637 ſolcher
1139 588 1265 644 wuͤſten
1283 582 1371 646 Hoͤfe
1394 593 1574 642 verſchafft,
1601 604 1653 632 er⸗

724 651 798 705 haͤlt
827 663 896 690 eine
920 652 1127 705 Belohnung
1153 652 1225 697 m).

828 702 906 743 Der
924 702 1044 743 Anbau
1062 701 1223 749 einzelner
1241 700 1496 750 wuͤſtliegenden
1509 704 1653 746 Grund⸗

723 752 841 800 ſtuͤcke,
878 753 985 791 Aecker
1011 756 1079 796 und
1099 752 1297 800 Weinberge
1322 743 1403 793 wird
1430 751 1653 801 gemeiniglich

726 800 820 841 durch
842 800 948 846 zeitige
969 803 1168 849 Befreyung
1195 809 1261 840 von
1288 805 1348 842 den
1374 804 1496 845 darauf
1520 794 1654 853 haften⸗

725 863 786 896 den
813 848 993 900 Steuern,
1029 858 1154 912 Zinſen
1180 860 1249 897 und
1275 863 1402 901 andern
1418 861 1653 905 Beſchwerden

724 908 910 959 beguͤnſtigt
925 916 994 952 und
1012 911 1176 959 befoͤrdert
1192 913 1249 958 n).
1304 915 1434 960 Wegen
1453 916 1508 953 der
1526 912 1654 959 oͤfteren

722 950 954 1010 Ungewißheit
981 965 1037 999 des
1063 962 1288 1012 Eigenthums
1316 962 1397 1012 (VI)
1424 966 1502 1009 muß
1519 964 1595 1002 aber
1617 964 1654 1002 in

723 1018 779 1053 der
805 1010 909 1062 Regel
939 1017 988 1058 die
1010 1017 1137 1061 Abſicht
1162 1019 1216 1056 des
1236 1025 1343 1055 neuen
1363 1015 1523 1058 Anbaues
1540 1012 1652 1068 zufoͤr⸗

722 1069 803 1114 derſt
821 1074 874 1106 der
894 1068 1070 1117 Obrigkeit
1086 1069 1252 1115 angezeigt
1271 1073 1400 1111 werden
1422 1068 1477 1114 o).

828 1116 958 1167 Finden
975 1118 1031 1163 ſich
1054 1116 1087 1154 in
1105 1117 1210 1159 einem
1228 1107 1338 1156 Lande
1359 1127 1460 1165 ganze
1477 1118 1653 1165 Diſtricte,

721 1164 835 1211 welche
853 1179 965 1210 wegen
977 1169 1125 1216 Mangel
1145 1179 1189 1210 an
1200 1168 1430 1218 Einwohnern
1447 1173 1522 1207 oder
1539 1177 1653 1217 wegen

719 1222 806 1266 ihrer
825 1222 878 1257 der
897 1221 1022 1260 Cultur
1039 1209 1263 1269 unguͤnſtigen
1274 1221 1534 1268 Beſchaffenheit
1549 1225 1653 1261 unbe⸗

718 1276 800 1310 baut
816 1274 979 1320 geblieben
997 1274 1087 1322 ſind,
1122 1275 1191 1312 und
1209 1275 1286 1317 auch
1306 1274 1390 1320 ſonſt
1407 1273 1442 1313 in
1463 1274 1560 1318 dieſer
1580 1278 1652 1318 Ge⸗

718 1329 794 1374 ſtalt
812 1332 896 1370 nicht
913 1326 1036 1376 benutzt
1052 1329 1205 1375 werden;
1239 1329 1272 1374 ſo
1291 1325 1420 1375 muͤſſen
1437 1327 1567 1376 freylich
1585 1338 1652 1368 von

719 1385 774 1413 der
785 1379 1031 1422 Landespolicey
1044 1375 1328 1420 nachdruͤcklichere
1340 1376 1517 1420 Anſtalten
1529 1367 1651 1424 getrof⸗

719 1433 775 1469 fen
794 1432 938 1463 werden.
993 1429 1108 1476 Steht
1124 1430 1183 1464 das
1200 1428 1405 1475 Eigenthum
1424 1424 1565 1472 daruͤber
1582 1417 1684 1470 dem

719 1486 946 1534 Landesherrn
972 1495 1033 1534 zu,
1067 1488 1100 1533 ſo
1127 1484 1247 1535 haͤngt
1258 1490 1307 1527 die
1325 1487 1551 1537 Vorkehrung
1574 1492 1652 1526 aller

718 1537 988 1585 zweckdienlichen
1014 1539 1221 1584 Maßregeln
1246 1537 1392 1584 lediglich
1411 1546 1480 1578 von
1506 1537 1573 1585 ihm
1598 1538 1652 1579 ab,

717 1592 787 1626 und
815 1593 849 1626 es
874 1589 957 1638 fehlt
983 1590 1067 1634 nicht
1094 1599 1139 1628 an
1165 1589 1381 1637 Beyſpielen,
1418 1589 1589 1635 beſonders
1617 1591 1651 1630 in

718 1642 779 1677 den
798 1637 1101 1688 Preuſſiſchen
1119 1637 1291 1681 Staaten,
1309 1646 1375 1683 von
1385 1636 1489 1681 einem
1508 1637 1541 1681 in
1553 1629 1651 1687 dieſer

719 1698 848 1748 Abſicht
866 1700 1052 1747 gemachten
1069 1697 1139 1749 ſehr
1157 1701 1280 1748 großen
1298 1700 1598 1747 Koſtenaufwand.

831 1753 930 1796 Sind
971 1751 1133 1799 hingegen
1175 1751 1369 1800 dergleichen
1402 1753 1562 1798 Diſtricte
1601 1773 1651 1780 —

716 1804 838 1852 Heide,
858 1795 1004 1848 Moore,
1022 1795 1149 1852 Riede,
1167 1808 1307 1849 Mooſe,
1325 1803 1504 1849 Suͤmpfe,
1524 1806 1652 1848 Sand⸗

717 1854 819 1894 felder
848 1850 887 1893 *)
914 1857 960 1885 ꝛc.
994 1868 1046 1874 —
1081 1851 1116 1886 in
1135 1847 1315 1895 Anſehung
1334 1842 1401 1884 des
1423 1843 1657 1898 Eigenthums

1556 1903 1652 1953 zwei⸗

761 1990 787 2029 I)
811 1988 909 2030 Corp.
936 1988 1047 2022 Conſt.
1074 1988 1156 2020 Cell.
1182 1985 1264 2029 Cap.
1283 1990 1313 2023 5.
1341 1996 1373 2030 p.
1392 1994 1465 2019 120.
1484 1995 1556 2028 121.
1579 1994 1647 2025 125.

804 2041 874 2071 cap.
891 2041 920 2070 9.
943 2041 975 2071 p.
993 2038 1025 2065 5.

762 2078 811 2116 m)
836 2076 912 2113 Daſ.
934 2084 1003 2116 cap.
1018 2080 1050 2109 5.
1069 2084 1108 2114 p.
1132 2080 1203 2110 124.

761 2122 799 2155 n)
820 2120 964 2159 Fiſcher
988 2128 1016 2154 a.
1036 2129 1062 2150 a.
1078 2120 1122 2152 O.
1144 2120 1192 2153 S.
1211 2123 1283 2158 647.

761 2173 795 2204 o)
819 2169 893 2204 Daſ.
918 2169 965 2201 S.
985 2175 1058 2205 702.

761 2205 791 2244 *)
808 2202 910 2237 Vergl.
922 2199 1043 2236 Koͤnigl.
1061 2202 1300 2245 Preuſſiſche
1318 2204 1464 2240 Verordn.
1477 2209 1505 2241 v.
1525 2208 1568 2239 18.
1585 2198 1647 2242 Oct.

807 2243 903 2284 1768,
921 2245 973 2282 daß
992 2245 1043 2278 alle
1061 2237 1267 2288 Sandſchellen
1287 2252 1346 2279 und
1366 2248 1529 2282 verſandete
1540 2248 1648 2280 Aecker,

804 2291 840 2327 ſie
866 2286 965 2319 moͤgen
994 2292 1044 2319 den
1060 2288 1197 2320 Aemtern
1217 2295 1280 2321 oder
1298 2289 1498 2327 Unterthanen
1517 2285 1671 2330 gehoͤren,

804 2331 898 2369 beſaͤet
915 2337 1028 2367 werden
1046 2334 1142 2376 ſollen.
1187 2334 1368 2376 Bergius
1392 2334 1531 2371 Samml.
1551 2337 1578 2368 I.
1599 2344 1628 2367 2.
