1571 2324
500 375 650 424 ehrenden
669 378 822 427 Auſtritte
835 379 887 426 fuͤr
908 379 1131 430 nothwendig;
1162 385 1198 427 ſie
1217 385 1380 430 glaubten,

498 431 538 480 ſie
558 432 709 480 reinigten
733 437 794 473 das
817 434 916 481 Reich
940 445 1002 474 von
1027 438 1232 486 gefaͤhrlichen
1252 444 1380 485 Leuten,

497 495 563 528 und
584 492 727 538 erfuͤllten
746 496 794 531 die
812 494 1030 542 Verſchwoͤrer
1046 497 1106 534 mit
1123 496 1314 541 Schrecken;
1342 503 1381 544 ſie

491 546 616 592 ſuchten
630 547 685 594 ſich
701 546 795 592 daher
806 556 844 591 zu
858 545 1060 595 uͤberzeugen,
1068 551 1129 596 daß
1142 552 1218 596 dieſe
1227 553 1378 596 Schand⸗

496 599 623 644 thaten,
650 600 758 644 welche
787 602 836 637 die
862 601 979 640 Moral
1008 607 1218 649 verdammte,
1244 618 1307 640 von
1325 613 1378 642 der

494 653 616 699 Politik
636 656 670 692 in
689 651 812 699 Schutz
832 662 1022 698 genommen
1043 664 1176 694 werden.

545 710 664 754 „Man
687 711 760 754 ſtieht
770 715 912 755 daraus,
929 713 992 757 auf
1004 721 1075 749 was
1093 715 1143 760 fuͤr
1156 715 1218 752 Art
1235 726 1309 752 man
1328 720 1377 754 die

494 759 752 807 Begebenheiten
782 765 838 799 des
866 767 964 807 2ten,
999 770 1093 808 3ten,
1127 773 1200 806 4ten
1226 777 1289 801 und
1307 782 1376 810 5ten

495 814 714 863 Septembers
733 817 793 856 mit
808 822 878 857 dem
899 817 1117 867 unſterblichen
1141 829 1232 859 10ten
1253 825 1378 871 Auguſt

492 872 825 923 zuſammenhaͤngen,
852 878 916 915 und
945 878 1012 916 eine
1037 877 1136 926 Folge
1160 883 1212 918 der
1230 882 1375 921 Revolu⸗

493 930 859 977 tions ⸗ Bewegungen
890 936 1009 971 daraus
1035 937 1160 979 machen
1187 938 1291 981 kann;
1328 940 1375 982 ich

491 985 573 1022 kann
593 984 673 1030 mich
689 984 762 1024 aber
776 985 857 1030 nicht
875 987 1096 1035 entſchließen,
1115 994 1172 1027 den
1185 993 1299 1036 Ruhm
1314 998 1374 1029 mit

490 1043 544 1077 der
555 1039 712 1087 Jnfamie
732 1050 770 1088 zu
790 1042 998 1090 vermiſchen,
1024 1048 1088 1082 und
1108 1049 1165 1081 den
1184 1056 1234 1083 10.
1249 1050 1374 1094 Auguſt

490 1097 583 1142 durch
603 1100 653 1137 die
671 1099 792 1139 Greuel
806 1103 862 1138 des
881 1112 910 1136 2.
924 1100 1142 1147 Septembers
1162 1111 1199 1148 zu
1218 1103 1373 1150 beſudeln.

539 1151 646 1197 „Das
667 1153 1042 1197 Surveillance⸗Comite
1059 1157 1121 1202 gab
1140 1162 1197 1194 den
1217 1168 1250 1200 4.
1267 1161 1371 1204 Sept.

489 1206 539 1246 ein
553 1207 929 1255 Arreſtations⸗Mandat
940 1220 1039 1256 gegen
1055 1217 1111 1249 den
1132 1213 1288 1261 Miniſter
1300 1220 1372 1254 Ro⸗

489 1261 577 1297 land.
612 1259 693 1298 Das
711 1260 868 1308 Gemetzel
888 1264 1013 1298 dauerte
1031 1265 1104 1306 noch
1119 1267 1193 1304 fort.
1218 1270 1371 1311 Danton,

487 1311 762 1365 Juſtizminiſter,
780 1303 886 1364 erfuhr
905 1326 951 1356 es.
999 1317 1050 1358 Er
1075 1321 1145 1357 kam
1162 1321 1195 1357 in
1213 1325 1261 1357 die
1273 1326 1370 1362 Mai⸗

487 1373 544 1411 rie.
596 1371 819 1423 Roberſpierre
840 1373 910 1414 kam
933 1376 992 1413 mit
1012 1376 1090 1423 ihm.
1140 1375 1190 1418 Er
1207 1389 1275 1416 war
1295 1380 1371 1417 uͤber

486 1433 586 1479 dieſes
605 1432 768 1480 unſinnige
790 1437 854 1472 und
859 1429 1100 1489 willkuͤhrliche
1116 1436 1269 1486 Verfahren
1297 1437 1369 1487 aͤuſ⸗

486 1489 559 1535 ſerſt
585 1488 793 1537 aufgebracht.
841 1490 895 1531 Es
924 1492 1006 1539 haͤtte
1033 1492 1112 1537 nicht
1133 1497 1190 1532 den
1215 1494 1366 1542 Roland,

487 1538 616 1586 ſondern
640 1540 811 1587 diejenigen
830 1544 891 1581 das
909 1541 1006 1581 Leben
1022 1544 1171 1591 gekoſtet,
1198 1550 1306 1589 welche
1332 1561 1367 1583 es

485 1595 543 1641 ſich
568 1596 689 1636 erlaubt
715 1597 832 1644 haͤtten.
877 1598 1013 1638 Danton
1031 1604 1131 1646 drang
1150 1605 1214 1650 auf
1232 1606 1280 1639 die
1297 1606 1364 1647 Zu⸗

483 1649 666 1699 ruͤcknahme
684 1642 738 1690 des
752 1653 934 1699 Mandats,
953 1659 1016 1690 und
1029 1664 1064 1691 es
1077 1662 1183 1692 wurde
1195 1662 1365 1703 zernichtet.

532 1779 625 1817 Man
652 1777 759 1825 ſpricht
786 1779 851 1825 ſehr
874 1780 1061 1825 verſchieden
1087 1790 1148 1819 von
1174 1781 1362 1827 Manuels

485 1818 696 1867 (damaligen
715 1822 1143 1871 Gemeinde ⸗ Prokurators
1176 1831 1209 1863 in
1239 1831 1361 1875 Paris)
