2175 2632
317 343 388 385 Ein
404 348 594 389 Vorſteher
606 354 665 391 der
676 353 780 393 erſten
791 355 1024 399 Saltzburger
1039 359 1149 402 fragte
1162 365 1233 404 eine
1240 365 1487 410 Weibs⸗Per⸗

199 369 287 441 ſon:
299 395 362 433 Ob
375 390 419 435 ſie
431 394 463 431 es
471 387 564 429 mehr
576 391 631 443 mit
652 399 756 433 denen
767 395 877 440 hielte,
897 404 947 437 die
956 404 1059 441 vieles
1071 401 1195 446 wuͤſten
1214 413 1282 446 und
1294 407 1399 458 wenig
1403 408 1486 461 thaͤ⸗

198 439 278 492 ten,
284 444 360 491 oder
379 449 435 490 mit
453 450 557 497 denen,
571 452 623 493 die
630 448 740 501 wenig
749 452 876 503 wuͤſten
893 462 962 505 und
979 461 1081 505 vieles
1099 457 1242 510 thaͤten?
1259 465 1333 512 Da
1341 477 1415 514 nun
1425 470 1483 513 die

195 493 297 548 Frau
297 498 517 549 antwortete:
534 497 613 548 Sie
620 505 713 551 hielte
722 511 759 546 es
768 507 831 556 mit
845 509 898 550 den
910 502 1055 560 letztern,
1096 512 1128 561 ſo
1138 515 1279 562 verſetzte
1289 519 1345 560 der
1352 518 1476 564 Saltz⸗

190 546 339 601 burger:
351 553 446 601 Das
463 551 555 604 thaͤte
565 567 600 599 er
609 557 704 607 auch,
717 562 803 604 denn
814 564 858 605 ob
869 564 910 611 ſie
917 564 1019 611 gleich
1027 567 1137 613 wenig
1146 567 1284 615 wuͤſten,
1299 572 1331 616 ſo
1338 570 1482 618 gedaͤch⸗

190 607 245 644 ten
261 602 302 653 ſie
310 603 457 653 dennoch
472 605 570 653 durch
579 608 629 650 die
647 611 769 660 Krafft
779 616 847 655 und
856 614 988 660 Gnade
1006 617 1157 665 GOttes
1166 622 1229 665 mit
1240 623 1316 669 dem
1324 624 1479 674 wenigen

181 649 270 700 deſto
284 655 431 701 getreuer
437 651 649 704 umzugehen,
664 661 734 700 und
742 656 781 704 es
781 653 996 704 auszuuͤben.

300 708 346 746 b)
376 707 449 749 Mit
463 700 564 753 dieſer
580 709 695 756 Treue
707 721 785 754 war
801 713 852 755 ein
868 715 1082 766 aufrichtiges
1103 721 1172 763 und
1197 719 1471 776 ungeheucheltes

175 756 409 809 Bekaͤnntniß
424 763 485 806 des
495 764 628 811 inneren
645 766 837 813 Zuſtandes
856 772 941 813 ihrer
955 773 1092 814 Seelen
1111 775 1313 816 verknuͤpfet,

263 806 436 852 Fragte
454 819 536 853 man
547 812 650 857 einige
658 814 757 860 junge
771 814 864 860 Leute
874 832 935 863 um
942 824 993 865 die
1003 823 1275 872 Beſchaffenheit
1284 830 1373 874 ihres
1381 829 1475 876 Her⸗

186 865 289 913 tzens,
299 865 351 908 die
359 865 439 913 noch
449 866 557 913 nichts
574 869 763 922 lebendiges
772 873 927 923 erfahren
940 878 1078 925 hatten,
1070 878 1222 926 ſondern
1231 892 1295 925 nur
1303 884 1472 937 gutwilig

172 905 423 964 mitgegangen
436 927 566 967 waren,
577 923 609 967 ſo
623 925 811 971 bekannten
826 929 1001 973 dieſelben:
1024 934 1117 974 Wir
1129 935 1200 976 ſind
1210 938 1292 977 noch
1304 939 1376 978 boͤſe
1394 941 1475 980 Leu⸗

172 970 241 1008 te,
231 966 320 1013 ſind
331 967 412 1010 aber
425 976 484 1010 um
492 971 666 1015 deswillen
682 974 745 1015 mit
758 974 1016 1026 ausgegangen,
1026 980 1094 1028 daß
1109 983 1160 1028 ihr
1176 989 1245 1027 uns
1260 987 1327 1029 den
1343 984 1471 1034 rechten

175 1015 283 1068 Weg
292 1017 399 1069 zeigen
413 1018 513 1070 ſoltet,
526 1026 596 1067 und
604 1025 669 1070 wir
676 1021 902 1070 rechtſchaffen
911 1031 1042 1070 fromm
1058 1031 1210 1070 wuͤrden.

274 1064 463 1112 Andere,
468 1065 542 1117 auch
567 1068 641 1120 wohl
655 1071 733 1116 alte,
749 1070 850 1115 baten
866 1074 947 1122 noch
955 1086 1017 1120 um
1027 1073 1387 1136 Alphabeth⸗Buͤcher,
1395 1085 1466 1128 und

175 1124 354 1170 ſonderlich
368 1126 501 1172 Lutheri
512 1128 759 1178 Catechiſmos,
766 1140 910 1180 woraus
918 1137 963 1182 ſie
974 1140 1069 1184 leſen,
1085 1143 1156 1186 und
1164 1137 1226 1189 den
1234 1138 1366 1191 Grund
1376 1140 1470 1188 ihres

176 1173 284 1225 Heils
298 1171 403 1225 lernen
403 1182 575 1215 wolten.

255 1236 354 1291 VII)
370 1241 459 1296 Die
464 1249 574 1299 Liebe
585 1253 637 1296 zu
655 1250 784 1300 ihrem
795 1248 971 1298 Heiland
972 1258 1067 1296 war
1083 1254 1153 1302 der
1161 1253 1355 1311 Magnet,
1363 1257 1456 1312 wel⸗

334 1304 417 1349 cher
437 1304 489 1350 ſie
499 1311 581 1352 aus
613 1363 631 1367 ihrem
737 1308 987 1361 Vaterlande
1010 1313 1183 1364 gezogen.

283 1363 319 1410 a)
339 1353 484 1413 Wurde
504 1363 602 1410 ihnen
620 1376 687 1408 nur
702 1368 754 1410 ein
773 1369 890 1417 Wort
911 1360 984 1414 von
984 1363 1049 1415 den
1061 1373 1191 1428 Heils⸗
1204 1383 1274 1421 und
1290 1386 1462 1427 Gnaden⸗

163 1422 310 1473 Guͤtern
326 1424 428 1475 dieſes
440 1426 568 1478 groſſen
591 1424 738 1477 Mittlers
758 1438 818 1477 und
834 1445 903 1480 von
917 1439 978 1482 der
987 1439 1108 1488 Krafft
1118 1444 1223 1490 ſeines
1239 1444 1376 1492 Blutes
1386 1453 1460 1492 ans

159 1475 270 1528 Hertz
285 1468 420 1530 geleget,
430 1479 464 1530 ſo
477 1479 586 1532 ſpuͤrte
594 1491 676 1530 man
684 1494 731 1529 an
745 1487 986 1541 verſchiedenen
995 1491 1046 1536 die
1058 1490 1232 1549 zaͤrtlichſte
1241 1498 1455 1552 Bewegung

167 1533 337 1571 hieruͤber.

290 1575 362 1619 Ein
373 1589 495 1623 junges
500 1581 686 1629 Maͤgdgen
704 1595 800 1622 unter
814 1585 885 1627 den
895 1587 1070 1633 Krancken
1093 1588 1238 1632 brannte
1262 1597 1295 1638 ſo
1307 1600 1383 1634 von
1393 1602 1452 1638 der

161 1609 256 1673 Liebe
266 1625 386 1673 JEſu,
411 1638 486 1670 daß
496 1639 547 1673 ihr
554 1643 607 1678 die
629 1640 736 1678 Augen
754 1642 835 1686 recht
850 1642 1046 1685 funckelten,
1064 1646 1132 1680 und
1140 1647 1238 1689 Hertz
1249 1648 1317 1682 und
1326 1648 1451 1690 Mund

160 1684 273 1736 lachte,
282 1695 381 1731 wenn
382 1680 437 1735 ſie
440 1688 570 1735 hoͤrete,
587 1693 657 1735 daß
665 1691 739 1735 man
754 1705 815 1735 von
830 1693 885 1735 ihm
908 1702 1026 1735 redete.

289 1734 375 1775 Eine
386 1739 451 1778 alte
464 1733 597 1782 krancke
606 1735 703 1786 Frau
718 1743 885 1792 bezeugte.
898 1743 1025 1790 daruͤber
1039 1750 1108 1799 ihre
1114 1749 1219 1802 groſſe
1226 1749 1370 1807 Freude,
1378 1754 1450 1809 daß

160 1786 203 1838 ſie
210 1788 277 1837 auf
287 1793 344 1831 der
353 1791 468 1839 Achſel
475 1794 572 1843 ihres
577 1794 681 1844 JEſu
690 1786 777 1844 laͤge,
785 1793 847 1846 der
855 1800 897 1846 ſie
903 1802 973 1847 alſo
983 1803 1192 1851 heimtragen
1207 1805 1337 1852 wuͤrde.

274 1829 353 1889 Eine
373 1834 485 1892 andre,
508 1845 560 1886 die
567 1855 652 1888 man
669 1858 783 1898 wegen
794 1851 883 1898 ihres
901 1853 1017 1899 Alters
1032 1857 1101 1898 und
1109 1856 1237 1906 groſſen
1244 1858 1467 1910 Kranckheit

160 1885 319 1938 noͤthigen
333 1894 452 1942 wolte,
474 1893 540 1943 hier
556 1892 584 1944 zu
598 1898 746 1948 bleiben,
760 1907 979 1947 antwortete:
1004 1905 1076 1955 Ach
1091 1907 1179 1957 nein,
1201 1911 1302 1958 laſſen
1309 1913 1352 1960 ſie
1359 1912 1444 1963 mich

152 1941 269 1991 reiſen,
295 1939 327 1987 ſo
334 1940 434 1994 lange
441 1938 488 1996 es
488 1943 600 1990 GOtt
613 1955 694 1996 will,
722 1956 771 2003 ich
787 1959 855 2003 lege
871 1957 956 2006 mich
973 1960 1007 2006 in
1025 1964 1075 2009 die
1082 1962 1178 2011 fuͤnff
1183 1965 1361 2012 Wunden
1379 1971 1448 2016 des

158 1992 275 2045 Herrn
289 1992 403 2046 JEſu,
416 1998 580 2045 darinnen
589 1993 668 2048 ruhe
676 2002 735 2048 ich.

272 2043 358 2093 Der
373 2035 569 2099 Ausdruck:
588 2041 740 2103 Chriſtus
755 2048 806 2102 ſey
818 2052 871 2103 ihr
886 2054 1014 2110 HErr,
1034 2047 1112 2104 war
1126 2059 1219 2111 ihnen
1237 2069 1296 2107 vor
1313 2067 1444 2110 andern

155 2097 229 2145 lieb,
243 2103 314 2145 und
326 2101 449 2149 redeten
467 2096 568 2150 einige
575 2108 644 2150 viel
659 2108 788 2157 davon,
806 2107 862 2154 wie
884 2121 948 2160 man
962 2113 1087 2162 dieſem
1090 2113 1208 2164 Herrn
1223 2118 1318 2166 mehr
1324 2121 1446 2168 gehor⸗

153 2146 239 2203 hen
244 2146 369 2208 muͤßte,
384 2151 440 2203 als
446 2156 510 2202 den
515 2147 714 2213 Menſchen,
