1550 2190
605 309 688 355 404

784 294 837 348 I.
837 294 1033 348 Preußens
1033 294 1226 348 Regenten

612 410 712 450 Gunſt
750 411 811 443 und
847 409 1012 450 Nachſicht.
1076 410 1119 444 Er
1159 409 1287 450 ſchenkte
1320 408 1409 450 ihnen

611 459 832 502 Grundſtuͤcke,
859 458 1041 502 Landguͤter,
1067 461 1283 501 Canonicate;
1306 460 1409 495 bauete

611 524 703 564 ihnen
721 521 858 564 Haͤuſer;
884 523 1053 563 verſchaffte
1072 522 1163 564 ihnen
1185 522 1278 561 reiche
1294 521 1409 561 Heura⸗

611 581 701 621 then,
729 596 783 603 —
809 581 874 614 kein
900 581 1000 614 Vater
1026 578 1108 621 haͤtte
1133 582 1165 611 es
1191 582 1329 620 gewagt,
1361 578 1409 616 ſei⸗

611 650 647 673 ne
675 640 801 683 Tochter
828 640 923 673 einem
955 641 1067 680 ſolchen
1100 639 1214 681 großen
1236 638 1409 679 Gardiſten,

610 701 661 741 fuͤr
685 705 740 736 den
767 704 818 735 der
844 699 944 742 Koͤnig
970 702 1075 739 warb,
1101 698 1331 741 abzuſchlagen;
1363 714 1408 722 —

611 761 669 801 gab
688 761 779 801 ihnen
796 760 887 801 große
904 760 1041 801 Zulagen
1056 763 1117 794 und
1134 759 1324 803 Penſionen;
1350 760 1408 792 und

608 822 661 861 ſah
689 820 779 860 ihnen
806 820 835 858 ſo
862 821 1004 856 manchen
1028 819 1228 861 Muthwillen
1251 821 1313 853 und
1332 821 1409 859 ſelbſt

610 881 898 921 Ausſchweifungen
934 882 996 914 und
1024 881 1131 922 Frevel
1163 880 1254 919 nach,
1293 881 1350 919 daß
1375 880 1408 918 ſie

608 938 693 975 ſchon
707 937 835 972 dadurch
857 944 891 975 zu
909 934 991 968 einer
1008 936 1134 978 wahren
1154 935 1263 977 Geißel
1285 932 1336 974 fuͤr
1354 937 1408 969 das

608 1002 770 1046 Publicum
795 1002 933 1034 wurden.

689 1060 780 1097 Dieſe
803 1057 969 1096 Schwaͤche
1000 1060 1054 1093 des
1082 1056 1203 1100 Koͤnigs
1226 1058 1329 1091 wurde
1352 1063 1409 1090 von

611 1118 668 1150 den
685 1114 898 1157 auswaͤrtigen
914 1114 1082 1156 Maͤchten,
1108 1117 1154 1150 die
1181 1117 1236 1157 bey
1261 1115 1324 1155 ihm
1347 1115 1408 1156 ihre

613 1177 727 1220 Zwecke
751 1176 910 1215 befoͤrdern
931 1177 1071 1215 wollten,
1097 1176 1176 1213 nicht
1192 1176 1329 1216 minder,
1363 1178 1408 1209 als

610 1243 670 1269 von
690 1235 788 1275 ſeinen
801 1235 943 1268 Dienern
958 1237 1019 1268 und
1038 1232 1261 1276 Unterthanen,
1281 1233 1407 1275 benutzt.

610 1298 674 1333 Sie
700 1295 880 1329 verwickelte
899 1295 951 1337 ihn
979 1296 1051 1329 aber
1070 1295 1141 1332 auch
1160 1295 1240 1334 nicht
1263 1295 1352 1331 ſelten
1379 1294 1407 1326 in

612 1357 659 1389 die
676 1354 951 1395 unangenehmſten
963 1353 1200 1396 Streitigkeiten
1217 1353 1274 1387 mit
1288 1353 1388 1395 ihnen.

687 1417 804 1454 Peter
832 1416 898 1448 der
926 1414 1076 1453 Große,
1103 1415 1164 1447 und
1189 1413 1317 1456 nachher
1340 1414 1406 1449 auch

613 1473 692 1512 ſeine
723 1471 1026 1512 Nachfolgerinnen,
1054 1472 1177 1511 ſandten
1200 1472 1265 1504 dem
1294 1470 1407 1512 Koͤnige

612 1541 672 1567 von
693 1532 761 1574 Zeit
774 1542 807 1573 zu
825 1532 891 1573 Zeit
918 1533 1010 1574 große
1029 1533 1202 1571 Rekruten,
1227 1533 1288 1565 und
1306 1532 1425 1573 erhiel⸗

613 1598 663 1625 ten
699 1590 789 1631 dafuͤr
823 1592 1197 1637 Manufactur ⸗ Arbeiter
1231 1591 1310 1631 jeder
1343 1592 1407 1629 Art,

613 1654 772 1693 beſonders
799 1652 1187 1693 Gewehr ⸗ Fabrikanten,
1211 1652 1273 1684 und
1301 1651 1407 1685 andere

612 1711 749 1756 nuͤtzliche
772 1710 1100 1755 Jnduſtrie ⸗ Buͤrger.
