1986 3060
241 611 335 679 uͤber
355 623 448 682 alle
436 630 582 687 Engel
582 631 662 684 und
672 633 912 692 Ertz⸗Engel
941 632 1101 697 erhoben
1129 640 1248 700 haſt.
1241 645 1289 688 O
1289 646 1375 689 wie

242 691 344 748 groß
357 690 402 748 iſt
413 693 507 746 doch
537 682 647 745 deine
660 695 748 746 Guͤte
760 699 841 744 und
874 688 1103 755 unendliche
1116 693 1373 763 Erbarmung!

239 753 319 806 daß
329 758 382 803 du
392 754 472 809 dich
484 756 526 803 in
538 754 656 812 unſer
671 760 811 804 armes
823 757 962 817 Fleiſch
981 763 1064 809 und
1083 761 1197 812 Blut
1215 763 1374 811 verklei⸗

238 809 326 861 det,
349 812 416 861 und
433 814 547 871 unſer
557 813 722 866 Erloͤſer
741 818 910 866 worden
932 814 1020 869 biſt,
1040 828 1079 873 ja
1099 823 1178 865 uns
1199 819 1370 873 dadurch

238 872 378 923 deiner
399 873 611 932 goͤttlichen
628 876 776 927 Natur
800 875 1042 937 theilhafftig
1060 881 1264 937 gemacht,
1286 893 1371 932 von

237 932 329 982 dem
358 934 511 992 ewigen
540 935 785 987 Verderben
822 944 985 988 errettet
1008 941 1090 987 und
1118 950 1189 997 zur
1213 942 1370 999 ewigen

234 995 392 1047 Freude
411 999 598 1052 gebracht
612 999 710 1054 haſt.
772 1002 853 1056 Ach
866 1003 973 1052 mein
992 1002 1140 1062 JEſu!
1159 1004 1223 1059 diß
1242 1006 1286 1062 iſt
1299 1009 1370 1058 der

234 1057 344 1113 Tag,
358 1059 491 1105 daran
504 1058 563 1108 die
576 1058 769 1112 Wolcken
779 1072 861 1111 von
873 1063 1007 1112 deiner
1019 1063 1127 1113 Liebe
1145 1065 1369 1123 getreufelt,

233 1116 318 1165 und
335 1116 396 1164 die
414 1116 702 1177 Gerechtigkeit
719 1117 800 1174 auf
817 1124 898 1169 uns
921 1131 1019 1170 vom
1046 1121 1231 1183 Himmel
1259 1134 1368 1182 gere⸗

232 1183 341 1234 gnet,
354 1177 420 1228 der
451 1178 540 1238 Tag,
553 1172 705 1237 welchen
729 1182 789 1231 die
801 1180 1016 1245 Ertzväter
1025 1185 1270 1243 gewünſchet
1283 1190 1367 1238 und

230 1240 289 1288 die
294 1240 538 1300 Propheten
550 1239 813 1303 geweiſſaget,
821 1240 884 1300 der
895 1244 997 1300 Tag,
1027 1248 1137 1296 daran
1152 1249 1205 1297 du
1225 1248 1288 1312 die
1306 1250 1367 1301 En⸗

228 1303 289 1358 gel
300 1313 354 1351 im
365 1305 552 1358 Himmel
564 1307 721 1364 beweget
743 1299 841 1365 haſt,
864 1301 922 1368 daß
951 1307 1000 1364 ſie
1011 1309 1186 1369 geluͤſtet,
1210 1310 1272 1375 dich
1284 1316 1365 1363 das

226 1362 353 1417 rechte
364 1362 474 1424 Heyl
486 1364 771 1424 anzuſchauen.
833 1366 930 1426 Alſo
943 1369 1103 1425 bewege
1118 1373 1213 1424 auch
1225 1371 1364 1429 unſere

225 1421 397 1482 Hertzen
427 1424 509 1480 daß
519 1426 599 1475 wir
616 1425 726 1477 deine
735 1427 991 1486 Leutſeligkeit
1011 1432 1094 1479 und
1111 1430 1362 1491 Freundlich⸗

226 1483 318 1534 keit,
314 1477 383 1537 du
381 1485 610 1545 Schoͤnſter
623 1495 744 1538 unter
754 1491 828 1537 den
840 1481 1238 1553 Menſchenkindern!
1250 1495 1361 1552 wohl

221 1550 270 1593 zu
278 1541 451 1604 Hertzen
461 1545 658 1602 nehmen,
677 1547 760 1597 und
770 1549 865 1607 dieſe
878 1549 987 1599 deine
998 1550 1360 1613 unausſprechliche

222 1605 458 1660 Wohlthat
467 1608 545 1654 mit
561 1608 739 1666 innigem
758 1599 878 1666 Danck
905 1612 967 1663 der
985 1608 1147 1664 Seelen
1147 1611 1359 1666 erkennen.

220 1667 349 1718 Habe
359 1660 518 1723 Danck,
539 1669 630 1724 habe
641 1669 897 1730 tauſendmal
907 1674 1065 1728 Danck,
1082 1675 1126 1726 O
1139 1676 1192 1726 du
1205 1680 1359 1733 ewiger

220 1729 356 1780 Sohn
366 1730 567 1783 GOttes!
578 1733 630 1783 du
640 1730 869 1795 holdſeliges
882 1731 1206 1793 Freuden⸗Kind!
1218 1736 1358 1795 HErr

217 1787 365 1848 JEſu,
381 1790 488 1842 mein
499 1789 636 1853 Troſt,
672 1792 780 1844 meine
810 1792 1020 1857 Hoffnung,
1033 1801 1140 1846 mein
1152 1798 1355 1858 Himmel,

219 1855 351 1903 meine
359 1855 588 1923 Seligkeit!
602 1859 680 1911 wie
701 1858 768 1918 ſoll
783 1862 836 1914 ich
849 1859 946 1917 mich
967 1864 1067 1914 recht
1085 1862 1283 1915 danckbar
1294 1875 1355 1924 ge⸗

214 1912 291 1968 gen
300 1911 368 1962 dir
376 1912 588 1975 bezeigen?
597 1915 675 1974 Du
675 1916 759 1976 biſt
770 1920 850 1968 mir
860 1929 899 1975 ja
910 1930 999 1981 zum
1018 1924 1130 1980 Heyl
1130 1927 1354 1982 gebohren,

214 1970 298 2021 mir
311 1981 359 2020 zu
372 1979 449 2030 gut
462 1973 594 2035 liegeſt
604 1977 658 2028 du
676 1978 716 2025 in
728 1979 837 2027 einer
852 1986 999 2036 harten
1012 1991 1206 2038 Krippen.
1270 1992 1354 2038 Ach

212 2014 335 2079 ſencke
350 2027 438 2085 dich
455 2030 553 2083 doch
565 2035 608 2079 in
619 2038 730 2081 mein
740 2040 878 2093 Hertz,
913 2046 994 2081 und
1011 2050 1232 2091 gebrauche
1249 2057 1288 2082 es
1308 2063 1353 2093 zu

212 2075 350 2141 deiner
357 2087 526 2150 heiligen
536 2093 685 2152 Ruhe!
724 2099 803 2147 Jch
814 2101 913 2154 faſſe
923 2105 1005 2150 dich
1017 2111 1094 2147 mit
1102 2111 1177 2146 den
1190 2113 1352 2148 Armen

211 2149 285 2203 des
295 2151 520 2208 Glaubens,
549 2158 636 2208 und
645 2157 744 2207 kuͤne
753 2162 835 2213 dich
846 2165 924 2207 mit
933 2165 1022 2209 dem
1035 2169 1134 2213 Kuß
1158 2173 1353 2223 hertz⸗ in⸗

210 2213 440 2281 bruͤnſtiger
454 2217 594 2276 Liebe,
623 2223 678 2278 ich
698 2212 857 2282 ſtimme
876 2227 957 2274 voll
979 2227 1162 2284 Freuden
1185 2243 1261 2275 mit
1280 2239 1350 2279 der

210 2276 373 2339 Menge
389 2275 455 2344 der
469 2279 737 2344 himmliſchen
756 2283 1027 2347 Heerſcharen
1042 2296 1116 2337 an!
1152 2296 1265 2347 Ehre
1284 2303 1350 2351 ſey

207 2338 390 2400 GOTT
371 2338 422 2407 in
461 2345 529 2398 der
540 2341 690 2408 Hoͤhe,
723 2345 870 2408 Friede
889 2352 971 2405 auf
985 2354 1149 2403 Erden,
1166 2364 1250 2401 und
1269 2365 1347 2403 den

208 2394 433 2462 Menſchen
443 2405 560 2456 einen
570 2406 895 2468 Wohlgefallen.
930 2416 1021 2463 Ach
1021 2420 1092 2464 laß
1104 2420 1177 2461 dir,
1191 2426 1347 2466 liebſter

205 2460 406 2523 JESU!
411 2466 467 2531 an
508 2469 650 2529 dieſem
660 2474 818 2520 deinem
834 2477 1001 2529 heiligen
1016 2485 1346 2532 Geburths⸗Tag

206 2525 338 2576 meine
353 2529 757 2596 Hertzens⸗Andacht
773 2541 857 2581 und
867 2543 970 2583 alles
987 2547 1094 2586 mein
1116 2550 1345 2597 Beginnen

204 2579 506 2644 wohlgefallen,
522 2597 588 2654 und
605 2600 688 2651 gib,
700 2602 760 2656 daß
778 2602 885 2648 ich
863 2612 909 2657 in
896 2608 1076 2653 meinem
1076 2612 1238 2655 Hertzen
1249 2612 1289 2649 ja
1299 2612 1345 2641 in
