1737 2718
555 329 838 389 Siebenzehnter
838 329 974 389 Brief.

1208 341 1299 385 279

223 447 273 484 die
288 441 451 485 Elemente
466 441 562 487 ſeiner
577 437 685 482 Kunſt
698 436 735 483 zu
751 433 851 484 ihrem
867 433 985 480 groſſen
1002 430 1080 472 Ekel
1095 433 1161 470 und
1179 429 1292 479 ſeinem

226 503 286 540 gar
305 492 454 541 geringen
478 491 604 540 Nutzen
629 485 884 536 einzutrichtern,
909 482 1041 531 ſondern
1057 485 1097 528 ſie
1114 481 1217 521 bauen
1234 478 1298 527 auf

225 549 286 584 den
303 553 367 584 von
385 547 506 581 andern
520 536 763 587 angefangenen
778 535 956 584 Unterricht
973 531 1051 580 fort,
1078 535 1144 569 und
1162 533 1294 581 weyhen

227 602 283 651 ihn
307 602 338 640 in
358 603 407 642 die
420 594 636 646 Geheimniſſe
655 596 709 634 der
725 593 834 642 Kunſt
848 592 915 638 ein,
943 598 977 637 zu
994 590 1091 629 denen
1107 598 1142 624 er
1156 589 1292 629 alsdenn

227 655 291 702 reif
304 658 351 706 iſt.
404 652 491 693 Aber
507 657 549 688 es
558 649 637 688 baue
656 646 795 697 einmahl
808 648 854 686 ein
871 644 1004 688 Gesner,
1050 642 1082 680 in
1102 642 1156 679 der
1167 640 1296 687 ſchoͤnen

227 707 410 751 Litteratur,
457 705 506 743 ein
529 699 681 752 Boͤhmer
705 701 750 741 im
771 697 890 748 Rechte
907 700 961 736 der
974 693 1114 743 Roͤmer,
1166 691 1228 738 auf
1246 695 1296 731 die

227 764 336 812 Jdeen
350 768 415 799 von
433 756 540 800 Leuten
556 756 638 805 fort,
661 757 709 796 die
734 752 882 802 vermoͤge
904 753 1013 799 unſrer
1028 747 1299 799 Schulanſtalten

229 820 289 855 den
304 811 482 858 Cornelius
497 812 589 851 kaum
608 805 808 858 nothduͤrftig
832 807 996 852 exponiren
1017 801 1149 844 koͤnnen.
1202 802 1297 841 Was

229 866 303 917 hilft
321 875 377 913 es,
413 864 477 910 daß
498 874 575 903 man
596 862 690 908 ſolche
706 848 806 913 groſſe
823 857 973 901 Maͤnner
989 853 1126 911 ſtumpf,
1154 852 1211 901 ſich
1230 856 1297 892 und

230 913 301 957 dem
316 913 444 967 Staate
458 909 685 965 unbrauchbar
701 911 815 957 macht,
843 912 947 947 indem
965 917 1042 945 man
1059 905 1097 954 ſie
1126 916 1168 943 an
1197 904 1297 944 einem

228 974 298 1011 Ort
313 970 417 1014 expreß
430 978 508 1014 zum
525 965 635 1012 Lehren
652 964 778 1008 beruft,
805 964 906 1004 damit
921 961 1015 1005 ſolche
1038 956 1225 1005 Stuͤmper,
1253 956 1301 995 die

231 1021 312 1068 ewig
327 1015 497 1061 Stuͤmper
517 1014 639 1056 bleiben
659 1014 804 1056 werden,
832 1012 872 1053 ſie
887 1009 984 1056 hoͤren
1003 1008 1145 1052 koͤnnen;
1168 1007 1213 1049 ich
1226 1005 1303 1041 mei⸗

234 1083 273 1112 ne
295 1068 392 1122 hoͤren
412 1069 456 1108 im
480 1063 778 1118 allereigentlichſten
803 1060 1006 1110 Verſtande;
1049 1063 1131 1097 denn
1156 1059 1300 1106 verſtehn

235 1128 344 1165 davon
367 1125 403 1174 iſt
425 1125 473 1165 die
495 1121 587 1163 Rede
605 1119 669 1171 hier
684 1117 783 1165 nicht!
833 1116 946 1160 Wenn
967 1113 1042 1154 aber
1061 1117 1108 1153 die
1125 1111 1306 1156 Menſchen

233 1185 272 1224 zu
288 1173 399 1223 Hauſe
414 1181 478 1211 von
494 1172 593 1222 ihrem
611 1170 793 1213 Advokaten
809 1171 876 1207 und
893 1166 1023 1212 Richter
1045 1168 1091 1203 die
1116 1161 1303 1209 vaͤterlichen

237 1238 304 1275 und
329 1228 497 1278 roͤmiſchen
524 1226 662 1276 Rechte,
696 1226 728 1275 ſo
752 1226 825 1265 weit
849 1223 924 1269 dieſe
947 1222 986 1269 ſie
1006 1220 1128 1268 wiſſen,
1153 1221 1220 1257 und
1238 1219 1302 1264 alſo

239 1281 416 1327 brauchen,
452 1281 626 1326 erlernten;
659 1277 689 1326 ſo
713 1272 845 1316 wuͤrden
862 1276 909 1314 die
925 1270 1139 1322 Schreibers,
1164 1272 1212 1309 die
1230 1268 1303 1311 Ge⸗

238 1338 418 1387 richthalter
440 1348 468 1375 u.
489 1328 520 1379 ſ.
524 1346 563 1373 w.
588 1333 669 1381 ohne
686 1332 784 1383 groſſe
799 1329 917 1380 Koſten
940 1329 998 1372 alle
1014 1324 1206 1375 brauchbare
1214 1325 1306 1373 Wiſ⸗

239 1386 386 1438 ſenſchaft
411 1386 570 1434 erhalten,
603 1386 636 1429 ja
655 1382 744 1427 wohl
766 1382 825 1419 alle
841 1382 911 1424 die,
945 1380 994 1416 die
1011 1379 1049 1424 ſie
1064 1375 1127 1422 auf
1142 1379 1196 1415 der
1226 1374 1310 1413 Uni⸗

239 1439 368 1490 verſitaͤt
398 1437 566 1486 erlangen,
605 1437 671 1472 und
690 1442 772 1481 zwar
797 1431 1011 1480 gemeiniglich
1037 1427 1165 1478 fruͤher,
1199 1425 1306 1475 beſſer,

238 1485 487 1544 zweckmaͤßiger.
537 1488 640 1539 Haͤtte
653 1485 728 1529 aber
741 1488 790 1526 ein
808 1485 918 1526 Vater
932 1481 1134 1530 Vermoͤgen,
1163 1484 1228 1519 und
1238 1481 1310 1530 ſaͤhe

240 1552 286 1587 an
313 1546 417 1591 ſeinen
444 1543 551 1593 Sohn
573 1542 663 1581 einen
691 1543 788 1588 guten
813 1534 924 1584 Kopf,
928 1529 967 1585 ſo
1010 1534 1125 1584 ſchickte
1149 1544 1181 1572 er
1208 1534 1308 1579 dieſen

241 1594 342 1634 ſeinen
357 1592 390 1631 ſo
407 1571 482 1622 weit
500 1589 739 1629 unterrichteten
763 1584 872 1627 Sohn
886 1592 923 1623 zu
939 1586 1038 1612 einem
1056 1580 1173 1618 ſolchen
1186 1580 1310 1619 groſſen

242 1653 373 1698 Mann,
399 1645 458 1688 der
474 1648 529 1696 ihm
548 1644 630 1692 dann
656 1649 690 1683 in
711 1645 811 1689 einem
826 1641 939 1692 halben
962 1638 1072 1690 Jahre
1098 1638 1186 1687 mehr
1199 1635 1310 1685 durch⸗

244 1704 383 1752 dachtes,
409 1701 498 1750 mehr
515 1701 669 1746 geſundes
685 1698 764 1741 uͤber
782 1699 863 1744 ſeine
878 1692 1100 1744 Wiſſenſchaft
1114 1689 1310 1738 beybringen

246 1753 378 1804 wuͤrde,
419 1753 472 1791 als
496 1752 573 1799 nach
598 1753 651 1789 der
667 1746 1023 1795 Univerſitaͤtsmethode
1039 1745 1070 1780 in
1088 1743 1163 1792 zehn
1177 1742 1311 1789 Jahren

245 1805 390 1856 geſchehn
412 1806 504 1846 kann.
572 1803 665 1844 Was
688 1802 736 1841 die
758 1799 878 1838 Armen
904 1797 1074 1844 anbetrift,
1111 1798 1158 1834 die
1181 1796 1312 1845 faͤnden,

247 1857 323 1913 eben
341 1859 372 1902 ſo
387 1858 444 1894 wie
460 1864 551 1896 unter
569 1859 628 1895 den
641 1850 817 1901 Kuͤnſtlern
841 1860 933 1888 wenn
959 1851 999 1896 ſie
1017 1848 1217 1897 Faͤhigkeiten
1241 1845 1313 1894 haͤt⸗

249 1916 314 1954 ten,
332 1910 446 1947 immer
458 1906 608 1951 Patrone
624 1906 671 1944 die
686 1904 727 1950 ſie
741 1897 978 1950 unterſtuͤtzten;
1001 1901 1035 1945 ja
1050 1900 1089 1943 ſie
1098 1887 1217 1943 faͤnden
1224 1895 1315 1937 Mit⸗

247 1959 289 1999 tel
313 1960 347 1995 in
368 1957 457 2004 ihren
477 1954 588 2000 eignen
613 1954 703 1999 ſchon
725 1940 910 1989 erworbnen
929 1945 1143 1996 Faͤhigkeiten.
1194 1946 1336 1992 Geſetzt

247 2014 299 2053 ein
315 2010 432 2050 Mann
448 2010 508 2047 wie
523 1997 656 2049 Gesner
672 2004 759 2045 waͤre
783 2002 945 2052 irgendwo
962 1991 1187 2051 Bibliothekar
1216 2007 1316 2044 gewe⸗

251 2068 302 2118 ſen
318 2067 436 2113 anſtatt
451 2062 616 2111 Profeſſor
629 2065 661 2101 in
677 2059 859 2108 Goͤttingen
876 2066 912 2102 zu
930 2054 1023 2105 ſeyn,
1059 2055 1089 2100 ſo
1116 2054 1200 2103 haͤtte
1223 2054 1317 2098 dieſer

254 2119 330 2158 oder
343 2117 427 2163 jener
445 2108 611 2162 Juͤngling
630 2112 711 2159 ohne
728 2106 931 2156 Vermoͤgen,
960 2109 1019 2145 den
1051 2106 1125 2143 aber
1150 2103 1320 2150 Nachden⸗

256 2168 325 2215 ken,
350 2161 455 2213 Fleiß,
481 2150 589 2202 Genie
603 2162 671 2198 und
686 2161 737 2197 ein
749 2160 973 2207 Privatlehrer
992 2158 1090 2201 ſeines
1106 2154 1192 2189 Orts
1209 2153 1243 2188 in
1258 2155 1319 2190 den

259 2214 522 2263 Humanioribus
537 2216 567 2264 ſo
583 2217 656 2255 weit
673 2208 828 2269 gebracht
838 2212 977 2266 haͤtten,
985 2214 1046 2249 den
1067 2206 1246 2258 Unterricht
1258 2209 1321 2247 die⸗

806 2277 861 2314 S
861 2277 905 2314 4

1273 2276 1327 2320 ſes
