1783 2631
286 418 403 455 Nota.
412 419 482 460 Bey
492 418 675 463 Befolgung
691 421 784 463 dieſer
792 422 979 467 Anweiſung
988 425 1068 460 kann
1078 427 1122 461 die
1134 427 1250 469 vorige,

184 465 217 498 in
237 462 403 509 Sphaͤrica
421 463 608 509 gegruͤndete
624 469 864 514 Nachrechnung
882 473 946 507 dem
957 471 1118 511 Geuͤbtern
1137 477 1249 519 beſtaͤn⸗

184 515 236 556 dig
251 524 304 556 zur
321 518 427 559 Probe
444 520 563 554 dienen.

311 595 345 626 5.
373 587 511 628 Endlich,
533 597 587 623 um
609 589 656 624 die
679 590 747 634 Zeit
769 595 831 626 und
851 591 948 635 Laͤnge
972 603 1007 636 zu
1026 596 1145 637 finden,
1168 597 1252 638 ſuche

181 642 253 669 man
278 634 372 675 nach,
400 646 453 671 um
469 639 576 679 welche
597 639 738 683 Uhrzeit,
766 644 898 678 Minute
930 646 992 678 und
1025 647 1171 682 Secunde
1203 648 1252 684 die

182 684 354 727 gefundene
376 688 484 731 wahre
507 689 633 733 Diſtanz
657 690 714 732 auf
736 695 796 729 den
818 694 981 732 Meridian
1005 699 1058 731 des
1083 700 1250 735 Nautical⸗

182 739 351 774 Calenders
374 737 598 783 eingetroffen;
631 741 839 787 gemeiniglich
864 746 957 786 findet
980 756 1050 781 man
1068 749 1163 790 dieſes
1179 751 1249 792 zwi⸗

181 788 262 829 ſchen
285 795 366 830 zwey
392 790 652 834 ausgerechneten
678 794 863 838 Diſtanzen,
905 797 989 830 dann
1023 799 1141 840 ſpreche
1173 809 1249 835 man

180 839 254 878 nach
275 841 327 874 der
342 840 444 882 Regel
459 842 607 878 detri.=
616 846 686 881 Wie
695 847 740 882 die
750 846 906 889 Differenz
918 851 969 882 der
980 850 1093 893 beyden
1111 849 1246 893 naͤchſten

181 881 346 925 Diſtanzen
365 882 404 930 im
409 883 561 927 Calender
561 890 603 927 +
592 886 675 933 ſich
676 898 712 936 zu
723 895 740 939 3
769 890 913 932 Stunden,
937 894 1007 926 oder
1030 901 1149 931 10800
1168 901 1245 930 Sec.

180 939 324 983 verhaͤlt
315 939 364 984 =
379 943 441 982 alſo
458 941 583 985 verhaͤlt
598 945 651 986 ſich
669 947 715 982 die
732 948 890 990 Differenz
908 949 1047 991 zwiſchen
1063 952 1114 985 der
1134 952 1247 994 erſtern

179 991 306 1034 Diſtanz
323 992 364 1026 im
380 992 551 1032 Calender,
578 995 638 1031 mit
651 998 703 1031 der
721 994 793 1040 jetzt
814 997 1010 1043 gefundenen
1032 1002 1161 1045 wahren
1185 1006 1244 1040 Di⸗

176 1039 256 1082 ſtanz
300 1046 317 1080 +
337 1049 372 1081 zu
397 1044 455 1077 den
483 1044 633 1081 Stunden
660 1040 813 1083 Minuten
840 1050 902 1083 und
924 1050 1111 1089 Secunden,
1137 1054 1246 1093 welche

177 1098 214 1131 zu
230 1091 282 1126 der
305 1092 417 1134 erſtern
438 1092 561 1136 Uhrzeit
586 1105 628 1130 im
654 1097 805 1134 Calender
820 1107 855 1141 zu
871 1099 996 1136 addiren
1017 1101 1091 1145 ſind,
1120 1112 1171 1137 um
1188 1106 1245 1139 den

176 1137 342 1181 Zeitpunct
364 1148 399 1182 zu
424 1142 615 1183 bekommen,
639 1145 670 1178 in
694 1137 819 1187 welcher
836 1156 876 1181 an
893 1150 957 1183 dem
973 1149 1071 1189 Orte,
1101 1156 1244 1192 wornach

175 1195 230 1228 der
245 1194 396 1230 Calender
411 1196 568 1241 berechnet
582 1197 629 1239 iſt,
649 1197 695 1232 die
710 1197 881 1244 gefundene
907 1202 1015 1247 wahre
1031 1203 1157 1249 Diſtanz
1181 1206 1244 1240 ein⸗

175 1247 267 1286 trifft.

302 1316 365 1351 Die
393 1315 551 1358 Differenz
578 1318 629 1352 der
655 1309 806 1367 dortigen
818 1319 907 1361 Zeit,
935 1322 996 1357 mit
1012 1321 1061 1358 der
1088 1324 1156 1368 Zeit
1185 1325 1242 1367 auf

174 1365 240 1399 dem
262 1363 400 1406 Schiffe,
424 1365 501 1408 zeigt
524 1366 606 1402 dann
633 1368 800 1406 bekannter
824 1371 945 1415 Maßen
968 1373 1023 1407 den
1045 1373 1238 1418 Unterſchied

173 1414 205 1449 in
222 1411 332 1458 Laͤnge.

631 1565 659 1600 §.
714 1568 773 1600 80.

295 1644 525 1691 Nachfolgende
549 1651 695 1694 Exempel
723 1639 845 1687 werden
878 1655 937 1689 das
969 1657 1077 1697 Ganze
1107 1661 1235 1700 deutlich

166 1702 300 1745 machen.

297 1785 328 1810 1.
352 1777 508 1820 Exempel.
562 1780 698 1825 Geſetzt,
724 1782 785 1817 den
813 1792 839 1829 4
862 1785 955 1826 April
991 1787 1088 1830 1786
1111 1788 1159 1831 ſey
1185 1788 1232 1824 ein

166 1821 385 1859 Steuermann
403 1821 459 1862 auf
477 1817 543 1869 34°
567 1821 620 1868 17'
632 1825 836 1868 Nordbreite,
864 1829 937 1868 nach
954 1828 1051 1871 ſeiner
1063 1832 1231 1874 Rechnung

165 1873 222 1914 auf
232 1876 322 1919 358°
335 1872 390 1918 51'
404 1879 473 1921 Pic.
487 1877 597 1922 Laͤnge,
613 1880 671 1914 das
691 1882 726 1927 iſt
744 1879 874 1928 17°46'
883 1885 965 1927 Weſt
976 1896 1037 1921 von
1050 1886 1230 1928 Greenwich

165 1923 314 1967 geweſen,
340 1925 405 1959 und
413 1925 492 1969 habe
500 1929 557 1962 den
571 1931 751 1969 Unterrand
763 1932 815 1967 der
824 1934 950 1972 Sonne,
978 1936 1034 1969 den
1051 1938 1230 1973 Unterrand

164 1976 220 2009 des
243 1975 402 2015 Mondes,
430 1968 487 2012 mit
510 1975 620 2020 beyder
640 1972 787 2027 naͤchſte
783 1983 894 2018 Rande
925 1980 1141 2025 Entfernung,
1171 1985 1230 2020 wie

162 2026 206 2060 im
230 2025 392 2067 folgenden
417 2038 452 2070 zu
475 2028 587 2071 ſehen,
611 2032 802 2074 beobachtet,
826 2044 858 2068 er
882 2035 967 2076 ſtand
1000 2039 1041 2075 18
1059 2027 1126 2081 Fuß
1152 2036 1227 2075 uͤber

161 2072 216 2106 der
229 2060 335 2115 Flaͤche
352 2073 405 2108 des
425 2073 584 2119 Waſſers;
611 2078 683 2112 was
699 2086 769 2114 war
782 2079 828 2114 die
842 2081 949 2122 wahre
964 2081 1085 2125 Laͤnge?
