1085 2134
113 268 164 301 der
173 256 334 307 zwiſtigkeit
353 261 464 309 abſage,
492 262 544 307 ſich
564 257 723 314 bruͤderlich
738 258 807 307 ver⸗

114 312 211 346 trage,
224 308 255 341 in
269 310 429 349 ſanftmuth
446 309 612 348 immerhin.

152 351 185 379 2.
190 346 257 382 Der
262 347 345 385 ſatan
351 346 385 386 iſt
390 348 436 380 ein
441 345 549 388 ſtoͤhrer
557 350 609 382 des
613 347 741 388 friedens
745 348 805 385 und

113 386 246 428 bedacht,
262 390 321 429 daß
332 389 363 429 ja
372 389 423 422 des
432 390 541 424 wortes
549 387 634 430 hoͤrer
649 393 730 429 gantz
737 391 804 430 laſſe

112 430 171 463 aus
188 431 238 464 der
250 432 329 472 acht,
353 432 420 465 was
433 432 521 466 wider
539 433 595 472 haß
608 433 667 465 und
679 433 744 466 neid
757 434 805 466 der

114 472 247 511 Heyland
261 473 376 511 treulich
389 473 491 512 lehret,
503 475 560 507 und
573 474 626 508 wie
639 483 698 509 von
712 477 805 511 GOtt

114 513 245 550 abkehret
261 514 304 548 die
317 513 594 553 unverſoͤhnlichkeit.

154 556 185 590 3.
207 551 280 585 Wer
286 548 350 591 hier
363 551 409 584 den
418 544 526 591 frieden
533 552 614 586 liebet
626 552 656 584 in
664 551 805 591 wahrheit

113 595 173 632 ohn
181 593 328 636 verdruß,
320 590 393 636 dem
400 592 532 635 naͤchſten
538 598 590 635 ſich
597 593 732 635 ergiebet,
746 597 805 635 ohn

114 636 218 675 abſicht
229 637 286 677 auf
293 637 402 676 genuß,
413 637 463 671 der
474 637 526 677 hat
539 646 588 671 am
604 637 718 676 himmel
730 640 806 678 theil,

113 678 152 710 da
165 677 236 717 fried
252 673 299 714 und
314 673 384 714 liebe
395 677 525 718 wohnet,
537 680 576 713 da
583 679 670 718 friede
681 679 753 712 wird
761 680 806 713 be⸗

83 717 228 759 lohnet:
240 718 333 754 GOtt
346 717 381 758 iſt
391 721 450 753 und
463 720 548 754 bleibt
563 720 620 759 ſein
637 718 723 758 Heyl.

156 761 186 791 4.
201 753 351 795 Hergegen
365 763 424 789 wer
435 757 550 792 beladen
566 758 615 791 mit
624 751 735 795 bitterm
748 757 807 797 haß

113 799 176 831 und
187 806 268 841 zorn,
283 801 334 833 der
344 800 396 839 hat
408 801 460 835 des
471 802 582 841 groſſen
595 801 723 841 ſchaden,
737 810 767 835 er
773 802 806 841 iſt

95 838 176 872 und
191 838 275 880 bleibt
286 839 437 879 verlohrn:
464 840 497 874 es
515 841 622 873 kommt
640 840 695 875 das
709 841 806 880 theure

113 878 191 917 blut,
205 878 233 916 ſo
245 877 378 918 Chriſtus
389 879 585 917 unverdroſſen
605 879 662 912 aus
674 879 742 913 liebe
755 879 807 919 hat

114 921 272 961 vergoſſen,
286 922 346 959 ihm
359 921 564 961 nimmermehr
572 931 603 960 zu
619 926 682 960 gut.

158 965 189 999 5.
208 961 282 995 Wer
292 960 384 1000 ſeinen
398 956 527 1001 naͤchſten
540 962 642 1002 haſſet,
663 963 713 996 der
720 963 806 1001 haſſet

114 1000 227 1041 ſelbſten
238 1002 344 1038 GOtt;
358 1002 449 1042 drauf
453 1002 575 1039 GOttes
580 1010 649 1042 zorn
662 1001 711 1042 ihn
719 1003 805 1041 ſaſſet,

114 1046 176 1079 und
187 1043 282 1085 ſtuͤrtzt
295 1047 324 1079 in
337 1045 422 1084 ſolche
434 1044 520 1086 noth,
544 1047 688 1079 darinnen
701 1055 731 1080 er
743 1055 807 1081 ver⸗

115 1083 208 1124 dirbt,
232 1084 394 1123 woſelbſten
414 1083 473 1118 kein
486 1091 623 1123 erretten,
649 1086 697 1120 der
710 1083 805 1123 hoͤllen

114 1126 194 1159 band
205 1127 263 1160 und
278 1126 367 1161 ketten
379 1125 430 1163 ihn
440 1127 546 1167 feſſeln,
560 1134 644 1160 wenn
656 1137 686 1161 er
700 1129 792 1166 ſtirbt.

158 1171 189 1202 6.
195 1170 269 1204 Wer
275 1168 362 1208 dieſes
368 1169 443 1207 recht
450 1169 606 1205 bedencket,
618 1170 667 1202 der
675 1171 750 1204 wird
756 1172 806 1205 der

114 1205 225 1245 ſonnen
231 1207 312 1246 licht,
322 1213 407 1240 wenn
413 1207 445 1241 es
450 1215 500 1248 zur
510 1210 558 1243 erd
567 1208 617 1247 ſich
624 1209 733 1248 lencket,
745 1210 806 1242 und

114 1250 147 1287 eh
154 1249 203 1282 der
209 1250 300 1293 glantz
307 1251 446 1289 gebricht,
460 1253 534 1290 nicht
540 1252 624 1290 laſſen
636 1251 805 1293 untergehn,

114 1289 201 1322 bevor
211 1284 259 1331 ſich
272 1281 320 1328 hab
327 1284 437 1329 geleget
444 1284 485 1328 der
492 1297 570 1330 zorn,
586 1290 640 1321 den
648 1295 677 1321 er
683 1288 808 1330 geheget,

115 1330 210 1363 wohl,
224 1333 317 1369 wohl!
329 1332 431 1367 wenns
443 1332 476 1363 iſt
490 1331 632 1363 geſchehn.

151 1375 184 1409 7.
204 1369 237 1409 O
251 1363 377 1412 Chriſte!
391 1370 464 1409 ſteur
470 1372 528 1404 und
541 1371 637 1405 wende
644 1370 695 1404 des
702 1371 806 1410 ſatans

113 1411 262 1451 bitterkeit,
269 1403 364 1450 damit
368 1409 400 1450 er
412 1406 481 1450 nicht
488 1411 608 1452 behende
618 1407 727 1451 erwecke
740 1410 806 1454 zorn

112 1453 172 1486 und
170 1448 259 1494 ſtreit
267 1455 313 1492 bey
319 1453 419 1492 denen,
426 1454 475 1489 die
480 1455 530 1489 der
535 1454 616 1490 Geiſt
622 1456 674 1489 des
679 1455 807 1495 friedens

110 1493 157 1531 ſoll
171 1493 313 1534 regieren,
325 1495 387 1528 und
401 1488 421 1532 in
436 1495 487 1530 der
495 1492 671 1537 ſtillefuͤhren
684 1503 715 1537 zu
728 1494 801 1535 dem,

110 1539 176 1567 was
189 1539 294 1567 lieblich
307 1539 394 1567 heißt.

152 1575 183 1610 8.
194 1573 261 1614 Hilf
261 1573 327 1614 uns
325 1572 353 1614 ja
360 1572 453 1614 fleißig
459 1574 558 1615 halten
571 1574 614 1607 die
622 1574 752 1615 einigkeit
759 1577 800 1609 im

110 1614 195 1656 geiſt,
223 1617 280 1659 daß
293 1609 364 1651 uͤber
375 1617 434 1650 uns
451 1613 518 1657 moͤg
529 1617 632 1650 walten
645 1617 708 1650 dein
721 1618 801 1657 ſegen

109 1654 272 1697 allermeiſt;
285 1657 356 1697 nach
362 1656 471 1691 deinem
478 1657 547 1697 geiſt
553 1658 612 1690 und
619 1657 693 1695 ſinn,
701 1657 808 1690 einan⸗

108 1693 155 1737 der
170 1697 219 1731 uns
230 1697 384 1731 vertragen
395 1694 422 1733 in
430 1698 633 1739 freundſchaft,
653 1700 707 1733 und
722 1696 799 1743 nach⸗

107 1734 194 1773 jagen
207 1738 271 1772 dem
282 1731 430 1779 koͤſtlichen
442 1737 571 1778 gewinn.

108 1778 187 1819 375)
199 1777 312 1818 Sir.
320 1784 371 1817 6,17.
385 1777 461 1811 Wer
487 1780 556 1812 GOtt
575 1778 713 1820 fuͤrchtet,
729 1783 799 1812 dem

147 1819 250 1852 wirds
257 1819 394 1859 gelingen
401 1821 458 1853 mit
464 1823 620 1860 freunden,
629 1826 692 1854 und
699 1823 758 1854 wie
766 1830 799 1858 er

146 1862 198 1903 iſt,
216 1862 247 1902 ſo
262 1863 346 1898 wird
359 1862 418 1901 ſein
430 1862 539 1901 freund
551 1864 629 1899 auch
643 1863 718 1904 ſeyn.
