1731 2687
549 430 682 500 1034

831 423 1039 493 Roͤmiſche
1039 423 1374 493 Alterthuͤmer.

560 530 678 573 „uns,
728 527 778 567 die
796 529 858 566 wir
876 540 920 567 an
940 529 1035 568 allem
1054 531 1155 574 Uebel
1180 532 1362 582 unſchuldig
1385 534 1475 582 ſind,
1519 537 1586 574 und

560 582 650 629 „mit
666 582 772 631 ihrem
789 583 1020 630 Vaterlande,
1070 585 1203 631 welches
1222 587 1287 636 jetzt
1304 598 1367 629 von
1390 593 1445 630 der
1468 588 1586 637 aͤußer⸗

557 640 650 690 „ſten
669 639 801 689 Gefahr
824 640 974 690 bedrohet
995 643 1098 693 wird,
1140 645 1320 687 Mitleiden
1345 646 1471 698 haben,
1516 650 1585 686 und

556 699 622 741 „in
643 694 848 741 Begleitung
867 696 978 740 unſrer
998 699 1075 736 aller
1092 699 1155 738 mit
1171 699 1286 742 unſern
1314 702 1488 747 Kindern,
1520 702 1583 740 mit

550 752 674 801 „ihren
693 751 821 794 Enkeln
840 757 906 793 und
928 757 992 794 der
1018 755 1135 799 Mutter
1154 754 1313 800 derſelben
1331 760 1386 797 ins
1411 757 1507 805 Lager
1530 766 1583 804 ge⸗

554 813 667 850 „hen,
716 806 773 851 ſich
798 816 837 852 zu
862 810 922 845 den
938 807 1052 857 Fuͤßen
1069 814 1127 847 des
1154 810 1315 851 Marcius
1339 812 1581 859 niederwerfen,

554 865 651 907 „und
670 864 725 905 ihn
743 863 805 898 mit
824 861 981 911 Thraͤnen
1006 863 1107 911 flehen
1131 866 1197 901 und
1229 863 1421 911 beſchwoͤren
1437 867 1582 913 moͤchte,

553 918 666 963 „ſeine
683 917 882 963 Vaterſtadt
900 925 940 963 zu
958 919 1161 964 verſchonen.
1218 917 1311 967 Jhre
1338 922 1483 970 Bitten,
1510 923 1581 972 ihre

554 971 751 1024 „Thraͤnen,
780 976 908 1013 werden
927 975 983 1022 ihn
1003 976 1112 1021 gewiß
1127 986 1200 1023 zum
1220 979 1401 1020 Mitleiden
1418 979 1580 1027 bewegen,

552 1032 651 1073 „und
671 1029 775 1072 ſeinen
795 1027 885 1074 Zorn
914 1028 1119 1071 entwaffnen.
1190 1028 1294 1070 Denn
1327 1032 1388 1076 ſein
1424 1034 1512 1087 Herz
1542 1033 1582 1079 iſt

538 1083 664 1132 „nicht
691 1083 729 1124 ſo
744 1082 819 1125 hart
850 1082 917 1116 und
950 1078 1273 1131 undurchdringlich,
1324 1086 1389 1128 daß
1421 1099 1456 1125 er
1498 1088 1580 1134 ſeine

550 1141 721 1189 „Mutter
756 1138 949 1188 unerweicht
976 1149 1014 1187 zu
1053 1141 1179 1193 ſeinen
1199 1142 1312 1194 Fuͤßen
1351 1145 1455 1192 liegen
1489 1139 1579 1196 ſehen

549 1201 738 1254 „koͤnnte.“

680 1274 796 1323 Dieſer
816 1272 1001 1324 Vorſchlag
1018 1273 1132 1325 erhielt
1156 1284 1221 1317 von
1244 1280 1300 1317 der
1329 1288 1454 1326 ganzen
1487 1281 1579 1323 Ver⸗

551 1327 739 1379 ſammlung
755 1330 909 1380 Beyfall.
967 1332 1037 1374 Sie
1058 1333 1114 1373 bat
1128 1337 1228 1385 daher
1244 1338 1293 1375 die
1312 1339 1456 1385 Goͤtter,
1484 1339 1577 1387 ihren

551 1384 677 1427 Bitten
694 1382 925 1432 Ueberredung
944 1390 1013 1424 und
1028 1386 1187 1435 Eingang
1210 1398 1251 1437 zu
1266 1389 1481 1438 verſchaffen,
1510 1394 1578 1432 und

550 1436 674 1487 verließ
695 1437 819 1485 darauf
831 1442 866 1479 in
885 1438 1094 1488 Begleitung
1113 1444 1169 1481 der
1182 1439 1318 1497 uͤbrigen
1339 1447 1398 1483 den
1427 1443 1576 1493 Tempel.

548 1494 621 1538 Alle
637 1498 761 1542 andern
776 1496 915 1537 Weiber
932 1498 1132 1547 vereinigten
1155 1501 1213 1548 ſich
1243 1502 1403 1549 ebenfalls
1437 1503 1499 1543 mit
1527 1503 1584 1553 ih⸗

546 1561 634 1595 nen,
666 1554 732 1588 und
753 1552 783 1598 ſo
802 1549 945 1601 begaben
963 1554 1001 1600 ſie
1018 1553 1076 1601 ſich
1095 1554 1313 1603 insgeſammt
1334 1567 1375 1603 zu
1389 1561 1462 1595 dem
1480 1557 1579 1606 Hau⸗

544 1609 574 1657 ſe
592 1612 649 1647 der
663 1608 824 1650 Veturia.
903 1610 969 1654 Als
988 1612 1038 1653 die
1068 1612 1274 1664 Gemahlinn
1305 1616 1362 1653 des
1396 1616 1573 1664 Marcius,

544 1665 756 1715 Volumnia,
800 1664 913 1713 welche
940 1665 1018 1706 eben
1045 1664 1104 1717 bey
1135 1668 1221 1719 ihrer
1239 1668 1577 1718 Schwiegermutter

540 1723 621 1770 ſaß,
638 1724 688 1771 ſie
705 1723 962 1774 hereinkommen
980 1725 1056 1776 ſah,
1078 1723 1116 1782 ſo
1152 1728 1219 1778 rief
1231 1730 1272 1779 ſie
1289 1730 1388 1770 voller
1404 1731 1573 1774 Verwun⸗

542 1784 668 1817 derung
686 1785 774 1808 aus:
816 1775 937 1824 „Was
960 1776 1100 1822 beweget
1117 1776 1205 1825 euch,
1235 1778 1271 1814 in
1288 1768 1320 1825 ſo
1334 1779 1451 1826 großer
1470 1780 1573 1821 Men⸗

539 1842 608 1881 „ge
625 1834 694 1882 hier
715 1834 770 1884 her
788 1845 826 1882 zu
843 1834 1014 1885 kommen,
1039 1846 1115 1877 was
1131 1837 1232 1887 ſuchet
1251 1840 1302 1891 ihr
1326 1841 1359 1880 in
1381 1840 1495 1889 dieſem
1512 1852 1574 1881 un⸗

540 1890 755 1940 „gluͤcklichen
776 1895 842 1932 und
860 1893 1076 1943 erniedrigten
1093 1893 1246 1946 Hauſe.“
1302 1899 1449 1943 Valeria
1469 1896 1570 1947 nahm

538 1952 674 2005 hierauf
682 1957 746 1994 das
770 1955 874 1997 Wort
891 1957 958 1995 und
976 1955 1083 2005 ſagte:

665 2024 762 2076 „Die
781 2027 882 2074 große
905 2027 1056 2080 Gefahr,
1083 2028 1212 2069 worinn
1228 2030 1291 2071 wir
1307 2041 1374 2073 uns
1395 2033 1487 2083 ſelbſt
1499 2035 1566 2072 und

536 2079 646 2126 dieſe
661 2079 897 2128 ungluͤcklichen
914 2080 1042 2123 Kinder
1062 2083 1117 2132 ſich
1136 2081 1306 2132 befinden,
1343 2083 1483 2132 beweget
1498 2090 1564 2122 uns

538 2142 606 2173 „zu
633 2135 705 2181 dir,
755 2143 774 2171 o
800 2135 973 2180 Veturia,
1018 2135 1073 2174 als
1092 2134 1203 2183 unſrer
1220 2136 1362 2188 einzigen
1380 2138 1564 2188 Hoffnung,

538 2188 678 2246 „unſere
705 2187 848 2248 Zuflucht
868 2200 907 2238 zu
935 2192 1082 2241 nehmen.
1144 2192 1228 2237 Wir
1256 2192 1450 2243 beſchwoͤren
1483 2194 1585 2246 dich,

1452 2249 1575 2300 „fuͤrs
