1523 2405
444 264 544 310 166

835 256 993 329 Afrika.

681 366 706 404 §.
728 377 756 406 4.
801 368 904 401 Meere
919 371 977 401 und
986 357 1173 413 Meerbuſen.

566 440 640 475 Das
670 435 938 487 mittellaͤndiſche
959 437 1080 482 Meer,
1105 443 1162 475 mit
1190 442 1256 475 dem
1282 434 1426 484 Syrti⸗

470 486 549 529 ſchen
568 486 687 530 Buſen,
715 490 772 521 das
800 477 989 532 atlantiſche
1019 485 1139 530 Meer,
1166 492 1222 521 das
1246 481 1391 531 aͤthiopi⸗

472 531 537 579 ſche
563 529 682 579 Meer,
706 536 761 568 mit
782 539 847 567 dem
870 534 967 575 Golfo
991 543 1049 569 von
1076 534 1212 573 Guinea,
1239 540 1298 568 und
1327 540 1392 569 dem

474 590 627 631 Capmeer,
655 600 701 625 wo
720 595 764 624 die
780 585 1181 636 Tafel ⸗ und Falsbay;
1209 596 1257 626 der
1274 593 1394 632 indiſche

472 638 596 676 Ocean,
623 640 702 681 nebſt
718 643 783 673 dem
802 637 900 674 Canal
915 647 973 675 von
995 639 1226 683 Moſambique,
1248 641 1307 674 und
1327 641 1394 682 dem

468 687 661 738 arabiſchen
678 690 808 732 Meere.

786 797 810 836 §.
826 807 854 836 5.
898 799 1083 839 Meerengen.

581 857 645 898 Die
665 857 784 905 Straße
805 869 862 906 von
878 856 1061 904 Gibraltar,
1084 853 1131 898 die
1148 859 1268 908 Straße
1285 858 1397 901 Babel⸗

472 907 616 945 mandab.

800 992 825 1038 §.
853 1002 880 1034 6.
935 999 1032 1041 Fluͤſſe.

581 1044 648 1084 Der
664 1042 751 1091 Nil;
786 1051 843 1083 der
861 1045 1041 1092 Senegal
1057 1046 1125 1097 und
1120 1043 1310 1091 Gambia;
1345 1054 1398 1085 der

476 1101 552 1146 Rio
569 1100 737 1149 Grande,
761 1100 905 1147 Kachao
921 1112 993 1143 oder
1009 1102 1083 1147 St.
1101 1099 1328 1152 Domingo;
1347 1109 1398 1142 der

476 1160 589 1207 Zaire.

810 1246 836 1288 §.
857 1255 885 1288 7.
927 1247 1060 1290 Gebirge.

583 1310 652 1348 Der
667 1306 791 1355 Atlas,
817 1315 876 1347 das
898 1309 1028 1357 Gebirge
1046 1304 1182 1352 Sierra
1196 1306 1324 1357 Leona,
1349 1312 1398 1348 die

476 1351 727 1403 Mondgebirge
744 1365 775 1390 u.
797 1363 827 1389 a.

751 1442 814 1483 §.
831 1449 859 1479 8.
900 1441 1085 1484 Einwohner.

580 1491 664 1537 Jhre
681 1494 792 1540 Anzahl
812 1489 908 1544 ſchaͤtzt
931 1504 1002 1531 man
1021 1500 1078 1539 auf
1088 1489 1144 1546 200
1167 1485 1346 1548 Millionen.

574 1631 665 1678 B.
710 1625 1254 1681 Jnsbeſondere.

873 1734 905 1778 §.
961 1743 994 1770 1.

750 1805 893 1852 Aegypten
912 1807 1119 1852 (Aegyptus).

571 1880 737 1932 Graͤnzen
760 1891 822 1924 und
837 1882 986 1932 Groͤße:
998 1878 1115 1934 Gegen
1132 1882 1205 1929 W.
1221 1886 1326 1927 Barka
1341 1886 1398 1924 und

471 1937 520 1973 die
537 1941 627 1980 große
647 1937 763 1981 Wuͤſte;
796 1949 826 1982 g.
844 1931 903 1978 S.
920 1939 1059 1978 Nubien;
1093 1948 1120 1981 g.
1147 1933 1199 1978 O.
1222 1941 1276 1975 der
1297 1938 1398 1975 arabi⸗

472 1988 519 2027 che
536 1988 658 2029 Buſen;
693 1999 724 2032 g.
744 1984 795 2028 N.
811 1994 869 2025 das
887 1987 1126 2032 mittellaͤndiſche
1145 1989 1247 2027 Meer.
1298 1990 1398 2025 Seine

471 2039 575 2079 Groͤße
598 2036 712 2081 betraͤgt
735 2042 791 2076 mit
801 2034 992 2085 Einbegriff
1012 2043 1065 2077 der
1087 2038 1277 2085 Berglaͤnder
1299 2044 1398 2084 2700

474 2082 737 2125 Quadratmeilen.

1210 2169 1400 2212 Beſchaffen⸗
