1687 2361
150 256 265 329 hen,
292 255 394 327 dich
421 246 542 322 loben
557 253 655 314 und
664 251 874 324 preiſen,
896 251 993 312 und
1003 240 1099 311 das

148 339 338 411 Heilig,
370 337 561 407 Heilig,
596 336 763 406 Heilig
775 337 853 392 dir
867 348 919 402 zu
934 334 1098 403 Ehren

150 405 437 478 anſtimmen.
505 392 588 474 Ja,
646 402 714 474 ich
735 401 866 474 ſtelle
895 392 967 466 mir
977 407 1101 467 vor,

153 481 240 542 wie
267 479 334 552 ich
359 479 472 541 bald
488 478 609 549 auch
630 476 786 537 werde
805 481 948 535 unter
962 472 1101 543 ihnen

151 554 331 628 ſtehen,
369 564 509 613 wenn
532 553 599 619 ich
623 566 719 611 nun
728 546 852 622 ſanft
883 545 946 610 und
992 549 1105 620 ſelig

151 629 391 699 geſtorben
424 629 519 687 bin.
588 626 688 696 Jch
718 624 934 684 erinnere
960 623 1104 694 mich,

152 702 239 759 wie
261 702 329 771 ich
348 700 560 761 alsdann
583 700 679 757 eine
703 691 925 768 herrliche
936 697 1107 755 Krone

150 774 238 843 auf
243 770 443 833 meinem
451 770 650 843 Haupte
662 773 862 838 tragen,
901 767 1001 827 und
1015 768 1108 827 mit

154 845 301 906 einem
314 844 497 916 weiſſen
510 844 680 905 Kleide
718 843 849 901 werde
882 838 1107 911 angethan

155 918 289 989 ſeyn,
317 915 373 989 ja
396 917 464 987 ich
488 919 648 977 werde
667 915 857 985 ſelbſten
872 912 1111 982 leuchten,

154 997 244 1051 wie
270 995 347 1051 die
375 995 574 1053 Sonne.
611 994 671 1049 O
692 988 1040 1059 Herrlichkeit,
1080 1003 1109 1045 o

153 1066 424 1132 Seligkeit,
470 1084 485 1119 o
511 1060 896 1131 Gluͤckſeligkeit,
941 1061 1005 1118 die
1036 1060 1111 1120 mir

152 1141 236 1197 der
254 1139 426 1198 Vater
447 1137 569 1195 aller
590 1135 807 1194 Gnaden
819 1133 916 1192 und
927 1133 1110 1192 Barm⸗

151 1210 414 1279 hertzigkeit
424 1210 518 1273 um
518 1209 659 1276 JEſu
669 1209 829 1265 willen
841 1203 1112 1276 mittheilen

153 1284 292 1341 wird.
342 1279 546 1340 Darum
546 1277 803 1350 erſchrecke
814 1278 883 1344 ich
897 1284 992 1336 vor
1005 1276 1113 1335 dem

156 1358 292 1415 Tode
310 1354 464 1421 nicht,
499 1354 607 1411 weil
629 1368 680 1411 er
702 1354 797 1410 mir
817 1352 888 1411 die
905 1343 1113 1422 Thuͤr
1064 1347 1114 1415 zu

155 1429 325 1497 ſolcher
363 1425 685 1502 Herrlichkeit
725 1423 934 1495 aufthun
970 1422 1111 1482 wird.

157 1503 268 1559 Kan
271 1491 352 1559 ein
378 1489 626 1567 irrdiſcher
652 1487 804 1556 Koͤnig
820 1496 973 1566 ſeinen
987 1494 1110 1559 Pal⸗

160 1574 246 1639 laſt
274 1572 323 1642 ſo
342 1569 544 1642 herrlich
569 1557 917 1640 ausſchmuͤcken
939 1566 1113 1637 laſſen,

161 1643 259 1707 daß
282 1657 392 1704 man
423 1642 512 1713 ſich
532 1637 746 1703 daruͤber
767 1636 1112 1704 verwundert,

159 1719 255 1773 und
266 1716 350 1786 ſich
370 1710 489 1787 nicht
512 1709 597 1787 ſatt
609 1713 741 1784 ſehen
774 1712 867 1779 kan,
900 1710 971 1770 wie
982 1710 1110 1783 groß

160 1789 254 1847 und
284 1788 485 1857 herrlich
515 1789 641 1849 wird
662 1785 791 1858 nicht
811 1786 897 1844 der
918 1783 1113 1856 Pracht

161 1862 245 1917 des
284 1858 596 1931 himmliſchen
633 1854 853 1929 Koͤnigs,
887 1856 988 1916 und
1026 1858 1113 1917 der

162 1931 331 2002 Glantz
382 1929 468 1994 des
525 1928 833 1999 unendlichen
884 1925 1109 1991 GOttes
