1846 2724
1226 436 1271 469 83

324 502 434 535 renten
451 495 672 545 ſuſpendiren,
701 500 766 536 und
784 498 814 544 ſo
830 502 954 537 werden
968 499 1155 546 wenigſtens
1173 501 1272 544 einige

326 556 458 602 tauſend
475 556 637 601 Familien
654 558 697 593 im
709 555 920 603 Koͤnigreiche
935 568 970 604 zu
1000 557 1141 597 Grunde
1159 560 1274 604 gerich⸗

326 623 381 654 tet.
433 616 586 662 Rechnen
603 616 673 655 Sie
688 616 828 660 darauf,
856 620 920 662 daß
938 623 991 655 der
1006 618 1195 664 Regierung
1207 620 1273 655 kein

324 678 443 712 andres
470 676 587 713 Mittel
609 672 701 721 uͤbrig
728 673 844 722 bleibt,
881 686 936 711 um
962 676 1028 710 eine
1051 676 1081 718 ſo
1102 676 1273 721 grauſame

323 732 541 779 Kataſtrophe
557 742 592 778 zu
610 733 805 779 vermeiden,
830 735 881 770 als
901 737 949 771 ein
960 731 1167 777 uͤberdachter
1175 731 1276 785 Ban⸗

325 794 441 835 kerutt;
468 793 497 837 ſo
514 793 576 838 daß
594 805 670 829 man
685 793 837 842 nehmlich
856 798 905 831 die
922 794 1037 839 Zinſen
1056 800 1122 833 und
1138 800 1196 833 das
1207 797 1273 835 Ca⸗

324 854 403 895 pital
420 865 475 890 um
492 856 539 891 die
558 852 673 898 Haͤlfte
688 854 915 902 herunterſetzt.
953 854 1023 893 Sie
1044 855 1157 901 fragen
1177 855 1270 902 mich,

325 907 363 943 ob
383 907 426 951 ich
455 909 555 953 dieſen
582 908 717 952 Schritt
742 896 884 956 billige?
904 911 1018 948 Nein,
1054 911 1156 954 gewiß
1178 912 1271 954 nicht,

322 980 416 1007 wenn
432 970 475 1016 ich
496 973 584 1008 einen
601 972 733 1016 beſſeren
751 972 832 1021 ſaͤhe.
887 974 937 1013 Er
956 971 1065 1019 bleibt,
1083 983 1176 1009 wenn
1192 984 1272 1010 man

322 1029 371 1065 die
385 1026 643 1075 gegenwaͤrtigen
667 1028 906 1075 Conjuncturen
931 1029 1119 1077 uͤberdenkt,
1155 1033 1270 1068 immer

323 1094 377 1128 der
402 1090 501 1138 beſte,
545 1094 636 1138 und,
667 1092 724 1127 wie
748 1095 809 1130 das
832 1093 1043 1137 Sprichwort
1066 1091 1154 1138 ſagt,
1192 1094 1271 1139 muß

325 1156 403 1183 man
425 1153 489 1184 von
521 1149 594 1193 zwei
626 1147 749 1185 Uebeln
772 1153 832 1187 das
865 1151 985 1194 kleinſte
1014 1148 1149 1197 waͤhlen.
1209 1152 1272 1188 Ue⸗

322 1206 458 1252 brigens
478 1208 535 1254 hat
561 1209 639 1252 dieſe
655 1208 859 1253 Unordnung
879 1211 908 1245 in
931 1212 989 1245 den
1007 1208 1167 1255 Finanzen
1192 1209 1271 1248 Ein⸗

323 1268 391 1313 fluß
412 1266 470 1313 auf
498 1270 557 1305 alle
592 1269 702 1316 Theile
725 1272 779 1305 der
800 1270 1007 1315 Regierung;
1042 1270 1081 1313 ſie
1106 1271 1140 1316 iſt
1165 1270 1269 1316 ſchuld

323 1327 448 1369 daran,
476 1325 538 1369 daß
555 1328 602 1362 die
619 1327 727 1370 weiſen
750 1327 858 1370 Plane
881 1332 935 1364 des
960 1326 1069 1370 Herrn
1095 1332 1131 1366 de
1155 1329 1269 1368 Saint

323 1384 485 1423 Germain
504 1383 578 1427 noch
604 1382 684 1426 nicht
706 1384 780 1431 halb
805 1383 999 1430 ausgefuͤhrt
1022 1386 1106 1429 ſind;
1142 1387 1180 1431 ſie
1198 1387 1268 1433 hin⸗

322 1448 390 1481 dert
405 1449 464 1482 das
480 1444 720 1490 Miniſterium,
749 1448 808 1481 das
825 1444 1059 1491 Uebergewicht
1076 1448 1107 1481 in
1125 1451 1182 1483 den
1200 1445 1269 1485 Eu⸗

322 1500 498 1546 ropaͤiſchen
527 1500 815 1549 Angelegenheiten
845 1503 960 1539 wieder
994 1512 1029 1548 zu
1066 1502 1269 1549 bekommen,

323 1563 383 1597 das
411 1559 593 1605 Frankreich
624 1561 678 1605 ſeit
704 1560 854 1607 Heinrich
894 1566 966 1600 dem
1001 1563 1141 1602 Vierten
1171 1564 1269 1608 hatte.

322 1620 415 1657 Was
430 1619 548 1663 endlich
564 1620 636 1667 Jhr
649 1620 839 1664 Parlement
856 1621 983 1666 betrift,
1012 1622 1041 1666 ſo
1059 1620 1113 1659 bin
1132 1622 1196 1667 ich,
1214 1624 1268 1659 als

321 1678 496 1717 denkendes
513 1678 654 1723 Weſen,
683 1676 884 1724 unzufrieden
913 1678 1034 1723 damit,
1071 1680 1133 1724 daß
1154 1688 1188 1715 es
1214 1691 1267 1725 zu⸗

322 1729 522 1778 ruͤckgerufen
545 1737 657 1778 ward,
691 1734 763 1770 weil
784 1736 851 1770 dies
873 1744 973 1780 gegen
1005 1738 1052 1769 die
1075 1738 1265 1779 Principien

322 1800 376 1833 der
393 1796 558 1836 Dialektik
574 1800 640 1834 und
655 1799 708 1834 der
729 1796 885 1842 geſunden
905 1796 1079 1840 Vernunft
1096 1808 1175 1835 war.

398 1852 519 1900 Sehen
535 1853 625 1898 Sie,
651 1854 711 1889 wie
725 1864 801 1891 man
817 1866 860 1891 an
881 1854 1017 1892 Andren
1040 1854 1152 1903 Fehler
1176 1858 1264 1903 ſieht,

325 1909 418 1952 indeß
435 1918 512 1945 man
529 1918 628 1954 gegen
644 1910 723 1954 ſeine
737 1912 847 1957 eignen
866 1911 954 1949 blind
969 1914 1023 1958 iſt!
1064 1913 1128 1959 Jch
1154 1915 1266 1951 wuͤrde

322 1972 384 2007 viel
399 1971 492 2018 beſſer
508 1975 611 2008 daran
635 1972 738 2018 thun,
771 1981 862 2009 wenn
891 1974 932 2017 ich
959 1975 1072 2011 meine
1090 1977 1265 2017 Handlun⸗

322 2042 383 2077 gen
398 2034 524 2069 ordnete
540 2038 605 2070 und
622 2034 699 2076 mich
715 2041 772 2071 vor
789 2035 981 2082 Thorheiten
999 2037 1028 2070 in
1046 2036 1120 2079 Acht
1137 2038 1263 2087 naͤhme,

322 2090 374 2126 als
388 2091 451 2136 daß
476 2091 520 2135 ich
546 2093 593 2128 die
615 2091 823 2137 Triebfedern
846 2091 1011 2136 aufdecke,
1048 2100 1193 2137 wodurch
1216 2100 1265 2129 die

321 2148 441 2194 großen
469 2149 684 2194 Monarchien
713 2153 745 2187 in
776 2149 971 2195 Bewegung
1002 2155 1106 2195 geſetzt
1127 2160 1264 2188 werden.

323 2206 396 2246 Sie
421 2205 590 2254 erwaͤhnen
613 2209 703 2244 einen
731 2208 891 2254 deutſchen
923 2210 1179 2255 Schriftſteller,
1214 2221 1268 2248 der

759 2284 790 2324 F
820 2301 840 2324 2
