1490 2309
318 376 348 405 J.
369 375 391 400 d.
408 372 452 403 W.

335 407 410 434 3648
412 405 455 437 —

317 437 455 466 3983.

331 577 408 610 3648.

300 1223 436 1258 Alexander

298 1264 418 1292 uͤberwaͤl⸗

298 1292 353 1333 tigt
353 1292 417 1331 die

298 1330 406 1364 perſiſche

296 1379 407 1405 Monar⸗

297 1403 354 1433 chie.

314 1442 384 1473 3650
396 1439 430 1475 fg.

334 1846 413 1879 3654.

467 370 529 415 ſein
558 370 656 414 Reich
686 372 721 409 in
746 372 821 409 aller
856 370 1081 419 Betrachtung
1117 372 1253 421 maͤchtig
1276 378 1340 412 und

469 412 627 461 bluͤhend:
663 425 694 450 er
725 423 792 449 war
816 415 892 455 auch
911 417 996 458 ſchon
1027 420 1072 455 im
1095 420 1262 466 Begriffe,
1289 420 1342 455 als

467 473 633 520 erwaͤhlter
666 473 888 520 Oberſeldherr
921 479 996 516 uͤber
1016 481 1066 517 die
1084 478 1266 525 Griechen,
1291 480 1340 516 die

465 521 577 568 Perſer
589 532 624 566 zu
646 523 823 569 bekriegen,
845 523 896 559 als
912 537 941 561 er
956 530 1108 565 ermordet
1123 531 1239 566 wurde.
1281 527 1340 574 Jn

464 572 543 618 ſeine
584 574 767 621 Fußtapfen
811 582 878 613 trat
924 578 1125 625 Alexander
1165 580 1197 616 in
1239 582 1338 618 einem

461 620 744 670 zwanzigjaͤhrigen
782 624 895 669 Alter;
933 631 986 664 der
1008 628 1097 669 aber
1134 631 1206 666 weit
1233 624 1339 677 fruͤher

461 673 541 717 ſeine
569 676 752 719 ungemeine
775 674 893 713 Gaben
918 686 972 722 zur
989 676 1220 726 Kriegskunſt,
1247 678 1335 722 auch,

461 732 536 761 vom
553 723 762 770 Ariſtoteles
778 724 987 770 unterrichtet,
1005 737 1058 773 zur
1073 728 1256 777 Regierung
1273 733 1338 767 und

459 785 498 820 zu
518 780 575 814 den
591 777 848 829 Wiſſenſchaften
867 780 982 825 gezeigt
999 781 1097 826 hatte.
1141 784 1191 824 Er
1210 785 1338 829 beſiegte

459 818 661 864 verſchiedene
678 821 882 864 benachbarte
901 813 1043 870 Voͤlker,
1075 826 1212 872 zerſtoͤrte
1244 818 1336 879 The⸗

457 874 543 917 ben,
566 879 629 912 das
651 877 706 922 ſich
723 877 845 917 empoͤrt
865 876 975 924 hatte,
1003 883 1067 916 und
1095 879 1268 926 uͤbernahm
1286 886 1336 921 die

457 925 651 973 Anfuͤhrung
678 930 730 964 der
753 927 963 968 Macedonier
993 933 1058 968 und
1085 930 1215 978 uͤbrigen
1239 932 1334 972 Grie⸗

456 966 526 1019 chen
552 987 647 1022 gegen
670 980 717 1017 die
739 981 864 1026 Perſer.
945 983 1062 1029 Dieſer
1091 982 1192 1028 Krieg
1227 988 1336 1022 wurde

457 1024 531 1069 bloß
545 1017 637 1068 durch
654 1028 701 1063 die
718 1019 868 1064 bekannte
880 1026 1066 1072 Schwaͤche
1088 1032 1143 1067 des
1173 1019 1333 1077 perſiſchen

455 1076 594 1118 Reichs,
622 1082 686 1113 und
716 1079 809 1120 durch
826 1082 873 1114 die
889 1079 1095 1125 Erinnerung
1109 1091 1151 1116 an
1169 1082 1331 1127 dasjenige

455 1135 527 1166 was
549 1131 596 1165 die
615 1132 768 1170 Griechen
790 1131 929 1177 ehemals
962 1143 1024 1170 von
1046 1138 1103 1172 den
1118 1133 1251 1180 Perſern
1281 1144 1332 1179 ge⸗

453 1174 544 1211 litten
562 1172 690 1215 hatten,
716 1177 925 1219 veranlaßt.

491 1212 570 1269 III.
579 1216 779 1265 Alexander
800 1232 867 1259 war
885 1223 1023 1261 uͤberaus
1043 1222 1184 1272 gluͤcklich
1207 1230 1231 1264 in
1239 1219 1332 1266 dem⸗

452 1277 561 1324 ſelben.
621 1279 700 1319 Den
718 1280 782 1325 ſehr
804 1279 991 1327 zahlreichen
1008 1271 1180 1328 perſiſchen
1208 1280 1342 1330 Heeren

449 1325 529 1374 ſetzte
561 1321 597 1371 er
593 1326 686 1364 kaum
715 1328 830 1376 vierzig
847 1329 972 1377 tauſend
998 1332 1177 1378 Soldaten,
1194 1333 1241 1372 die
1257 1333 1340 1373 aber

448 1375 637 1425 vortrefflich
654 1375 750 1424 geuͤbt
763 1386 880 1420 waren,
895 1383 1053 1425 entgegen.
1100 1379 1211 1428 Außer
1239 1382 1330 1428 ſeiner

446 1433 807 1488 Kriegserfahrung,
817 1436 1145 1491 Geſchwindigkeit
1159 1446 1222 1481 und
1232 1443 1329 1484 Mu⸗

446 1485 525 1532 the,
550 1490 658 1525 kamen
684 1487 749 1535 ihm
766 1489 842 1533 auch
862 1491 909 1529 die
934 1490 1077 1539 Fehler,
1112 1494 1220 1535 welche
1245 1493 1330 1539 ſeine

445 1535 575 1581 Feinde
598 1535 785 1583 begiengen,
824 1541 888 1576 und
911 1541 959 1577 ein
975 1539 1327 1588 außerordentliches

446 1587 566 1630 Gluͤck
584 1589 637 1634 bey
648 1589 747 1627 vielen
757 1590 965 1640 gefaͤhrlichen
980 1591 1278 1640 Unternehmungen
1290 1603 1327 1638 zu

443 1637 598 1678 Statten.
678 1639 728 1679 Er
747 1640 911 1681 eroberte
930 1642 992 1684 alſo
1008 1642 1076 1682 alle
1095 1642 1242 1684 Laͤnder
1264 1647 1328 1684 der

443 1688 631 1736 perſiſchen
646 1688 882 1739 Monarchie
897 1694 928 1731 in
945 1693 1048 1740 Aſien,
1069 1694 1145 1735 auch
1164 1694 1327 1741 Aegypten,

444 1738 584 1784 zerſtoͤrte
599 1739 748 1790 Tyrus,
772 1743 837 1778 und
854 1742 994 1790 noͤthigte
1013 1749 1071 1782 den
1082 1744 1254 1789 Darius,
1277 1748 1327 1786 die

446 1787 558 1832 Flucht
581 1799 618 1835 zu
645 1790 824 1838 ergreiffen,
855 1793 915 1839 auf
939 1795 1065 1839 welcher
1087 1805 1120 1831 er
1144 1803 1206 1831 von
1229 1796 1326 1840 ſeinen

446 1842 595 1888 treuloſen
610 1839 871 1892 Beſehlshabern
886 1843 1136 1897 umgebracht
1159 1851 1301 1890 wurde.

1264 1925 1326 1950 IV.

446 1968 489 1993 III.
505 1965 631 1998 Wodurch
650 1968 734 1998 wurde
747 1967 881 1999 Alexander
893 1970 915 2004 ſo
930 1965 1039 2006 ſiegreich
1047 1970 1106 2002 uͤber
1117 1969 1155 2001 die
1165 1971 1268 2006 Perſer?
1292 1989 1327 1995 —

459 2004 541 2038 Wie
558 2012 615 2035 weit
629 2010 764 2041 erſtreckten
781 2010 826 2043 ſich
838 2007 901 2041 ſeine
919 2006 1120 2048 Eroberungen?
1135 2025 1170 2032 —
1198 2014 1264 2046 Was
1281 2019 1327 2045 vor

482 2049 521 2073 ein
538 2043 608 2074 Ende
631 2044 707 2077 nahm
727 2045 855 2078 Darius?
