1541 2285
442 337 572 385 Kayſer
598 341 668 382 und
697 342 764 383 das
798 342 909 391 Reich
930 343 1068 392 gedacht
1085 344 1225 388 worden
1251 347 1315 397 iſt;

440 391 526 434 ohne
550 391 614 436 daß
639 396 674 431 es
699 398 767 433 von
788 393 932 441 Dieſem
949 394 1115 442 geahndet
1134 398 1203 439 und
1230 398 1316 446 miß⸗

439 439 566 485 billiget
586 441 722 482 worden
743 440 847 483 waͤre.

538 512 643 558 Doch
674 517 714 562 iſt
742 515 849 562 dabey
872 516 955 563 auch
974 518 1079 566 dieſes
1100 518 1216 568 wahr,
1246 521 1328 569 daß

439 560 561 609 ſolches
579 567 643 603 das
661 564 765 612 einige
779 565 941 614 Beyſpiel
958 569 1020 615 iſt,
1047 570 1080 616 ſo
1105 570 1152 617 ich
1173 570 1313 618 bißhero

437 612 646 663 angetroffen
672 616 780 663 habe,
821 620 888 664 daß
914 617 1206 670 Privatperſonen
1240 623 1318 667 der⸗

437 661 580 709 gleichen
602 662 782 712 uͤbergeben
806 663 939 714 haͤtten:

533 737 619 781 Nur
631 739 756 779 kommt
774 737 809 781 §.
820 750 879 786 24.
893 738 975 789 noch
989 741 1041 784 ein
1054 741 1214 790 Exempel
1231 750 1309 791 vor,

434 786 482 826 da
505 787 574 827 eine
590 787 879 838 privat⸗Parthie
903 793 971 837 ihre
991 793 1215 842 Beſchwerde
1234 796 1310 835 dem

433 836 564 884 Kayſer
584 838 765 887 uͤbergeben
793 843 864 882 und
891 840 1019 891 Dieſer
1052 842 1181 891 darauf
1201 839 1309 895 ſeinen

433 887 694 936 Commißarien
718 891 934 940 Jnſtruction
963 895 999 934 in
1022 896 1077 936 der
1101 896 1229 944 Sache
1257 906 1309 938 er⸗

434 938 528 982 theilt
559 941 639 984 hat;
676 940 817 986 worauf
837 944 887 984 die
918 942 1119 993 Viſitation
1155 944 1247 992 (wie
1270 949 1308 987 es

432 984 590 1033 ſcheinet,
616 985 700 1032 ohne
721 990 787 1029 das
804 982 1092 1039 Cammergericht
1116 985 1208 1043 zuvor
1226 996 1309 1035 dar⸗

431 1036 515 1078 uͤber
548 1049 585 1087 zu
619 1037 774 1086 hoͤren,)
808 1040 887 1083 eine
911 1040 1140 1090 Verfuͤgung
1153 1044 1210 1087 an
1240 1047 1314 1087 das

431 1083 722 1133 Cammergericht
738 1088 869 1134 erlaßen
886 1089 963 1136 hat:
991 1092 1043 1134 Es
1060 1092 1215 1139 beſtunde
1227 1093 1310 1135 aber

432 1137 604 1186 dieſelbige
630 1139 664 1179 in
686 1140 808 1186 bloßen
827 1140 1140 1189 Promotorialien.

529 1209 627 1252 Was
641 1208 720 1250 aber
740 1223 776 1248 2.
795 1212 852 1251 der
868 1211 1205 1262 Privat ⸗ Perſonen
1225 1215 1308 1260 Be⸗

430 1253 613 1303 ſchwerden
634 1265 735 1305 gegen
752 1259 803 1299 die
817 1258 1185 1311 Cammergerichtliche
1202 1269 1308 1310 extra⸗

428 1310 746 1358 judicial ⸗ Decrete
768 1314 923 1363 betrifft,
960 1316 1121 1360 wodurch
1148 1318 1309 1365 Proceße

430 1358 698 1408 abgeſchlagen
712 1364 848 1402 worden
871 1365 993 1411 ſeynd;
1017 1366 1051 1410 ſo
1068 1368 1110 1413 iſt
1126 1369 1181 1408 der
1198 1371 1229 1410 §.
1243 1378 1305 1406 20.

429 1407 627 1455 angefuͤhrte
636 1412 936 1461 Reichsabſchied,
963 1416 1119 1464 wodurch
1139 1418 1224 1464 nicht
1240 1426 1307 1458 nur

428 1458 533 1498 denen
552 1459 749 1503 Staͤnden,
775 1460 916 1506 ſondern
937 1463 1020 1509 auch
1048 1466 1151 1506 denen
1172 1468 1306 1511 privat⸗

428 1506 627 1555 Parthien,
657 1510 711 1550 der
732 1510 869 1554 Recurs
899 1514 932 1551 in
958 1512 1159 1561 dergleichen
1184 1524 1228 1554 an
1253 1514 1304 1556 die

427 1555 629 1602 Viſitation
652 1558 868 1605 zugeſtanden
897 1563 1037 1602 worden
1063 1563 1126 1610 iſt,
1152 1564 1188 1611 ſo
1206 1566 1304 1610 klar,

429 1608 496 1653 daß
520 1609 566 1653 ich
597 1610 684 1655 nicht
708 1611 798 1656 ſehe,
824 1612 888 1651 wie
911 1621 992 1652 man
1021 1613 1084 1652 mit
1105 1614 1184 1663 Fug
1208 1616 1303 1656 einen

426 1656 569 1706 Zweifel
589 1657 733 1706 dagegen
754 1660 922 1709 aufſtellen
946 1660 1065 1705 koͤnne.

803 1737 837 1779 §.
869 1746 932 1784 40.

428 1780 533 1821 Erfolg
556 1782 614 1821 auf
630 1785 676 1815 die
700 1791 740 1816 an
765 1786 820 1818 den
837 1784 951 1825 Kayſer
973 1786 1120 1830 erſtattete
1136 1789 1299 1825 Relation.

517 1829 589 1877 Jch
605 1829 688 1875 habe
706 1831 789 1871 oben
810 1834 991 1881 gemeldet:
1017 1837 1074 1886 Jn
1098 1837 1201 1878 denen
1222 1836 1300 1885 Zei⸗

428 1884 514 1926 ten,
556 1884 612 1926 als
639 1883 692 1927 die
714 1879 1301 1940 Cammergerichts ⸗ Viſitationen
