1537 2286
473 434 590 484 fordert
606 427 710 479 wenig
721 427 784 480 zur
800 428 929 477 Anlage
938 429 1011 467 und
1030 428 1070 477 iſt
1084 425 1187 479 baher
1195 423 1266 464 mit
1286 433 1340 472 ge⸗

471 485 590 533 ringen
607 482 728 527 Koſten
744 479 976 529 anzuſchaffen,
998 477 1062 518 und
1095 468 1141 526 um
1153 478 1241 527 ihres
1261 474 1341 515 Nu⸗

475 540 558 584 tzens
588 537 692 574 willen
722 533 846 581 werth,
876 531 939 569 bei
958 527 1143 576 Schmiden,
1177 537 1232 566 wo
1258 526 1341 566 viele

476 591 596 639 Pferde
629 586 803 636 beſchlagen
831 584 973 630 werden,
1015 579 1159 638 angelegt
1188 590 1228 629 zu
1261 588 1341 618 wer⸗

472 647 606 688 den.

555 728 649 788 Man
686 735 800 788 ſchlaͤgt
824 728 935 788 zween
958 731 1056 786 ſtarke
1090 730 1204 784 eiſerne
1230 733 1344 784 Ringe

480 793 564 853 (Fig
583 788 801 843 XXXVIll.
813 789 879 838 lit.
897 793 1003 844 l.m.)
1025 804 1047 839 4
1065 789 1139 838 oder
1150 793 1310 842 hoͤchſtens
1324 784 1345 839 5

481 853 557 900 Fuß
576 850 649 901 hoch
675 860 737 890 von
758 853 810 891 der
833 847 941 896 Erde,
975 845 1038 887 und
1057 844 1101 883 12
1116 848 1188 885 oder
1209 857 1245 888 14
1267 841 1344 890 Fuß

476 901 558 943 weit
576 897 640 940 von
659 891 826 947 einander,
850 900 905 946 feſt
923 900 960 938 in
976 897 1026 938 die
1045 887 1179 945 Wand;
1200 891 1346 943 zwiſchen

474 948 573 1001 beide
587 946 701 999 Ringe
718 954 840 991 werden
857 950 935 993 oben
954 948 1047 995 durch
1067 949 1117 987 die
1130 941 1243 992 Wand
1260 951 1345 996 zwey

479 1000 588 1057 Loͤcher
603 997 747 1050 gemacht
757 994 844 1053 (lit.
864 995 894 1056 a.
910 993 974 1052 a.),
997 989 1081 1045 dieſe
1091 988 1209 1044 muͤſſen
1226 996 1347 1043 wenig⸗

475 1048 576 1106 ſtens
598 1063 621 1096 9
644 1051 719 1098 Fuß
745 1050 820 1099 hoch
841 1052 906 1088 von
931 1052 985 1088 der
1007 1040 1115 1093 Erde,
1136 1038 1210 1086 und
1229 1045 1349 1092 wenig⸗

485 1096 572 1152 ſtens
600 1112 616 1148 5
637 1097 710 1148 Fuß
735 1096 810 1138 weit
831 1086 894 1139 von
920 1085 1068 1137 einander
1081 1086 1171 1144 ſeyn.
1218 1088 1349 1142 Durch

481 1153 572 1210 jedes
594 1156 688 1205 dieſer
709 1154 812 1204 Loͤcher
825 1154 913 1203 muß
933 1153 984 1194 ein
1011 1143 1122 1201 ſtarker
1140 1145 1255 1195 Strick
1273 1151 1348 1198 (lit.

487 1203 525 1251 b.
543 1208 598 1254 b.)
619 1194 843 1254 durchgezogen
863 1203 984 1244 werden
1002 1203 1149 1248 koͤnnen,
1184 1197 1226 1239 an
1248 1198 1349 1249 deſſen

485 1263 591 1309 einem
606 1263 698 1307 Ende
713 1264 764 1304 ein
776 1262 905 1309 eiſerner
919 1259 1031 1309 Haken
1047 1260 1118 1311 (lit.
1126 1249 1190 1307 c.)
1207 1247 1351 1307 befeſtigt

488 1322 536 1368 iſt.
601 1312 725 1360 Damit
743 1308 820 1358 aber
839 1319 893 1354 der
910 1313 1025 1356 Strick
1043 1309 1183 1361 (lit.
1145 1307 1188 1363 b)
1200 1314 1246 1351 im
1267 1301 1350 1359 Auf⸗

490 1365 597 1413 ziehen
618 1362 674 1416 ſich
696 1358 783 1406 leicht
802 1351 893 1406 durch
916 1357 976 1398 das
996 1359 1068 1405 Loch
1086 1353 1237 1406 hindurch
1251 1354 1352 1401 bewe⸗

467 1430 550 1465 gen
576 1416 694 1462 koͤnne,
718 1418 751 1462 ſo
755 1415 885 1464 dienet,
907 1415 942 1451 in
960 1417 1031 1453 dem
1042 1404 1130 1455 Loche
1149 1404 1218 1453 eine
1230 1400 1351 1463 Walze

490 1461 727 1509 anzubringen,
750 1449 831 1501 uͤber
854 1452 955 1512 welche
978 1462 1031 1495 der
1054 1449 1159 1508 Strick
1185 1457 1241 1501 ſich
1263 1455 1353 1499 leicht

491 1514 623 1566 heruͤber
646 1511 751 1562 ziehen
771 1509 874 1557 laͤßt.
892 1502 991 1552 Nun
1009 1495 1134 1560 gehoͤret
1152 1501 1229 1551 noch
1245 1506 1352 1555 hierzu

489 1571 542 1610 ein
571 1578 632 1609 von
659 1558 833 1618 doppeltem
854 1556 1046 1619 Seegeltuch
1064 1552 1237 1614 gemachter
1256 1562 1350 1602 Gurt

483 1629 582 1680 (Fig.
620 1627 809 1674 XXXIX.),
829 1616 952 1673 welcher
970 1625 999 1672 ſo
1012 1620 1094 1666 breit
1105 1620 1175 1667 ſeyn
1190 1621 1279 1668 muß,
1299 1621 1354 1665 als

492 1678 579 1719 eines
598 1676 734 1724 Pferdes
756 1673 839 1720 Leib,
863 1671 1007 1722 zwiſchen
1029 1673 1087 1712 den
1109 1668 1239 1711 Vorder
1287 1672 1353 1708 und

493 1723 722 1779 Hinterbeinen
736 1729 812 1773 lang
829 1726 887 1771 iſt,
910 1731 975 1765 und
991 1727 1023 1771 ſo
1041 1716 1137 1774 lang,
1152 1716 1197 1770 daß
1239 1734 1273 1760 er
1288 1723 1355 1761 bei⸗

492 1780 575 1827 nahe
603 1791 658 1819 um
683 1782 742 1816 den
769 1777 834 1815 Leib
861 1775 971 1825 herum
996 1774 1103 1822 reiche.
1163 1775 1217 1813 An
1245 1771 1353 1813 beiden

492 1831 608 1874 Enden
626 1838 681 1872 des
698 1830 808 1871 Gurts
825 1828 890 1875 ſind
912 1836 1012 1875 zween
1031 1825 1129 1871 ſtarke
1142 1822 1264 1866 Stoͤcke
1287 1824 1355 1863 ein⸗

492 1881 627 1934 genaͤhet
643 1887 709 1929 (lit.
723 1895 754 1919 e.
770 1881 841 1927 e.),
863 1882 927 1917 und
947 1891 990 1918 an
1013 1878 1111 1924 dieſen
1127 1876 1270 1920 Stoͤcken
1288 1878 1355 1925 ſind

494 1952 561 1992 zwo
587 1936 842 1990 Strickſchleifen
864 1933 937 1985 (lit.
951 1946 983 1983 g.
994 1944 1028 1982 g.
1052 1929 1102 1974 bei
1121 1932 1177 1976 lit.
1188 1932 1214 1976 f.
1231 1934 1256 1976 f.
1272 1934 1296 1971 f.
1308 1933 1352 1980 f.)
