1438 2247
138 307 335 355 ſchwender
365 308 453 351 weit
476 307 726 354 vorzuziehen.
765 311 918 358 Mithin
938 313 972 359 ſo
995 311 1063 359 hat
1089 311 1153 354 die

139 360 332 410 verlangte
369 362 592 412 Enterbung
636 364 828 405 dermalen
865 365 992 407 keinen
1034 365 1150 412 Platz.

141 407 338 453 Gleichwie
356 409 457 465 dann
484 409 571 455 auch
591 409 717 459 ferner
746 410 804 451 ein
822 412 944 458 Kind,
972 412 1062 460 das,
1080 413 1150 453 wie

144 461 314 509 gemeldt,
325 461 423 508 ſchon
447 462 514 509 auf
536 461 668 509 ſeinem
687 464 821 509 Alter,
849 463 925 503 und
949 463 1010 508 ſich
1031 472 1081 505 an
1101 465 1150 506 ei⸗

143 513 187 547 ne
206 506 335 555 ſeinem
353 509 513 553 Stande
532 506 681 559 gemaͤſſe
692 511 861 560 Perſon,
888 511 1004 552 wider
1022 512 1151 560 welche

140 555 199 598 die
222 561 357 603 Eltern
379 557 644 608 rechtmaͤßiger
664 553 767 607 weiſe
783 560 900 605 nichts
926 560 1150 609 auszuſetzen

141 603 278 656 haben,
307 607 398 655 ohne
417 610 507 651 oder
534 609 649 651 wider
670 611 784 652 deren
802 609 944 654 Willen
960 609 1144 656 verlobet,

141 653 311 707 heutiges
340 657 470 705 Tags,
497 655 707 706 insgemein
734 658 832 708 nicht
863 659 1031 701 enterbet
1055 670 1149 702 wer⸗

142 706 210 750 den
236 709 305 749 kan
325 710 395 752 (c).

182 764 276 799 Siehe
294 763 339 799 (a)
354 764 431 796 Nov.
459 773 525 799 115.
549 762 581 793 C.
610 773 636 800 3.
661 762 684 800 §.
706 771 752 792 12.

182 798 229 841 (b)
250 800 333 830 Auth.
355 799 403 832 ſed
426 800 445 832 ſi
468 802 529 840 poſt
548 800 619 834 Cod.
642 802 678 833 de
712 801 792 834 inoff.
814 800 936 836 Teſtam.
965 800 1086 836 Barboſa
1113 801 1145 835 L.

145 848 170 871 1.
193 839 266 882 part.
292 852 318 880 4.
346 842 436 877 Solut.
464 845 588 877 Matrim.
608 854 634 875 n.
665 853 710 880 31.

182 882 231 920 (b)
253 882 421 916 Frantzkius
445 884 567 916 Exercit.
603 879 637 926 2.
645 884 748 922 Quæſt.
778 888 804 915 6.
828 894 856 914 n.
876 892 904 919 4.

182 927 228 964 (c)
251 928 330 960 Idem
353 927 408 961 loc.
428 931 477 960 cit.

399 984 679 1028 Richterlicher
700 984 890 1037 Spruch.

191 1032 257 1077 Es
296 1034 338 1083 iſt
376 1036 433 1073 die
475 1033 658 1081 zwiſchen
702 1034 876 1081 Heinrich
910 1037 989 1075 und
1031 1035 1148 1077 Anna

142 1086 359 1131 vollzogene
396 1087 484 1131 Ehe
523 1087 731 1129 richterlich
766 1086 1037 1136 gutgeheiſſen,
1067 1092 1146 1128 und

142 1126 218 1179 alſo
243 1127 327 1175 dem
346 1135 467 1175 Vater
492 1135 547 1171 die
575 1135 768 1182 verlangte
786 1125 1043 1182 Enterbung,
1071 1144 1145 1172 aus

140 1183 373 1235 dermaligen
391 1184 580 1237 Urſachen
606 1186 861 1236 keinesweges
885 1187 1070 1236 geſtattet.

383 1272 533 1329 Achte
555 1270 898 1338 Rechtsfrage.

139 1340 212 1390 Ob
238 1342 301 1388 ein
321 1337 511 1395 guͤtlicher
532 1340 766 1396 Vergleich,
798 1343 891 1392 oder
915 1342 1145 1399 ſchiedsrich⸗

140 1395 314 1448 terlicher
355 1395 561 1451 Spruch,
602 1405 740 1452 wegen
780 1396 936 1449 ſtarcker
975 1394 1144 1450 Laͤſton,

138 1453 232 1499 oder
241 1456 330 1499 dem
342 1455 454 1502 einen
466 1454 586 1510 Theil
598 1450 832 1510 zugefuͤgten
847 1456 993 1513 groſſen
1007 1456 1144 1509 Scha⸗

170 1506 260 1552 den
279 1504 499 1555 wiederum
517 1507 765 1560 aufgehoben
785 1501 869 1556 und
892 1507 1097 1569 zernichtet

471 1572 631 1617 werden
662 1568 815 1618 koͤnne?

494 1633 783 1694 Rechtsfall.

130 1680 196 1786 P

204 1686 294 1727 Eter
328 1689 405 1733 und
442 1683 552 1733 Paul
584 1687 695 1735 haben
740 1694 986 1731 miteinander
1016 1688 1140 1734 einige

196 1737 508 1799 Differenzien,
508 1737 645 1796 laſſen
645 1737 752 1796 aber
752 1737 866 1795 ihren
866 1737 1042 1797 Handel
1042 1737 1156 1796 nicht

134 1798 228 1841 gern
265 1796 328 1841 fuͤr
363 1795 434 1838 den
473 1797 721 1843 ordentlichen
756 1799 912 1845 Richter
949 1799 1139 1844 kommen,

135 1837 338 1891 uͤbergeben
355 1842 554 1891 deshalben
575 1844 764 1892 denſelben
787 1842 933 1894 einigen
957 1846 1139 1891 Schieds⸗

136 1883 318 1935 richtern,
348 1887 474 1934 welche
493 1889 585 1935 dieſe
604 1890 714 1935 beyde
736 1890 807 1929 aus
820 1882 997 1932 einander
1022 1892 1137 1938 ſetzen,

137 1932 213 1976 und
234 1935 313 1985 ihre
340 1933 576 1985 Streitſache
610 1937 651 1976 in
681 1937 759 1980 eine
781 1937 1009 1988 Richtigkeit
1035 1938 1137 1979 brin⸗
