1328 2278
133 381 163 398 11.
177 376 226 400 Und
236 376 257 397 es
268 379 312 397 trat
320 374 374 398 einer
385 379 426 398 von
435 374 472 398 den
482 372 531 395 kna⸗

109 404 145 424 ben
164 407 224 431 Joab
240 409 304 430 neben
323 408 373 432 ihn,
389 408 432 431 und
446 405 532 432 ſprach:

110 429 187 462 Trotz,
206 433 249 455 und
276 432 343 456 mache
370 433 409 460 ſich
428 433 482 450 einer
503 436 532 455 an

109 452 176 487 Joab,
190 463 233 484 und
240 457 290 485 thue
302 455 339 486 ſich
348 460 384 487 bey
393 458 470 485 David
483 458 532 484 nach

108 482 175 510 Joab.

133 516 165 535 12.
182 511 261 539 Amaſa
276 512 324 535 aber
339 511 373 539 lag
389 513 417 536 im
434 511 481 534 blut
499 514 533 533 ge⸗

107 531 190 570 weltzet,
201 541 277 564 mitten
284 539 325 565 auf
332 542 366 563 der
372 536 464 567 ſtraſſen.
493 533 532 563 Da

107 570 153 590 aber
169 569 223 592 einer
240 569 300 594 ſahe,
322 568 361 594 daß
375 569 425 591 alles
437 567 492 588 volck
507 567 533 587 da

107 594 174 621 ſtehen
181 597 247 619 blieb:
264 597 356 619 wendete
371 600 390 617 er
401 594 480 620 Amaſa
488 597 532 616 von

107 623 140 645 der
157 623 241 650 ſtraſſen
249 623 290 647 auf
297 625 333 644 den
344 623 410 648 acker,
423 626 465 646 und
476 627 535 649 warf

106 645 179 672 kleider
197 649 237 674 auf
251 650 302 677 ihn;
320 649 367 673 weil
383 654 404 672 er
414 646 471 675 ſahe,
483 649 532 675 daß,

109 680 149 700 wer
159 681 186 701 an
197 678 232 701 ihn
243 677 295 701 kam,
305 677 373 701 ſtehen
385 675 445 698 blieb.

133 707 165 731 13.
179 702 219 728 Da
227 707 249 725 er
261 708 306 726 nun
313 704 354 726 aus
361 704 397 725 der
405 701 488 729 ſtraſſen
496 705 531 729 ge⸗

105 731 157 758 than
172 737 229 757 war:
243 733 322 762 folgete
337 734 456 759 iedermann
472 732 532 759 Joab

102 762 164 784 nach,
172 761 245 793 Seba,
253 764 298 785 dem
314 762 363 789 ſohn
377 758 462 788 Bichri,
473 762 533 788 nach⸗

107 791 206 812 zujagen.

132 818 169 840 14.
186 818 235 842 Und
243 817 272 837 er
279 816 317 841 zog
326 815 393 840 durch
402 816 442 842 alle
442 814 531 843 ſtaͤmme

106 839 188 868 Jſrael,
195 844 236 868 gen
245 841 309 867 Abel,
313 843 353 865 und
366 837 428 872 Beth
428 839 533 871 Maacha,

107 871 148 890 und
156 869 213 896 gantz
219 871 337 896 Haberim:
356 874 398 895 und
408 871 433 899 ſie
441 872 533 894 verſam⸗

108 893 160 922 leten
169 899 225 921 ſich,
234 898 283 920 und
283 897 388 920 folgeten
388 897 441 920 ihm
446 896 506 918 nach.

132 929 164 950 15.
171 927 223 950 Und
236 926 322 950 kamen,
328 926 374 948 und
385 926 478 949 belegten
492 929 532 948 ihn

104 951 135 975 zu
148 949 210 977 Abel
226 951 271 975 und
287 949 356 976 Beth
356 949 468 976 Maacha,
485 952 532 975 und

105 978 223 1007 ſchuͤtteten
230 977 270 1004 ein
280 976 349 1005 ſchutt
360 979 399 1007 um
416 976 450 1008 die
466 976 534 1007 ſtadt,

108 1009 151 1030 und
167 1009 242 1031 traten
254 1009 284 1032 an
296 1006 329 1031 die
342 1008 435 1029 mauer:
447 1009 489 1030 und
502 1008 533 1028 al⸗

107 1031 139 1061 les
145 1033 219 1061 volck,
234 1034 273 1063 das
285 1034 325 1061 mit
332 1036 391 1062 Joab
406 1037 464 1059 war,
474 1033 533 1060 ſtuͤr⸗

107 1063 159 1088 mete
176 1064 219 1088 und
233 1061 299 1087 wolte
317 1063 348 1087 die
362 1064 437 1087 mauer
452 1061 535 1087 nieder⸗

104 1088 197 1117 werfen.

129 1120 170 1143 16.
182 1119 226 1145 Da
236 1118 289 1143 rieff
300 1119 347 1142 eine
359 1119 421 1143 weiſe
433 1118 484 1146 frau
492 1118 535 1143 aus

106 1145 144 1172 der
156 1145 224 1171 ſtadt:
234 1145 313 1173 Hoͤret,
324 1145 396 1171 hoͤret,
408 1145 495 1171 ſprechet
504 1146 534 1173 zu

105 1172 179 1200 Joab,
185 1173 228 1199 daß
234 1174 261 1197 er
269 1172 303 1200 hie
318 1172 383 1198 herzu
392 1171 484 1198 komme;
501 1172 534 1200 ich

106 1202 150 1221 will
156 1204 195 1224 mit
200 1198 244 1227 ihm
252 1203 325 1228 reden.

131 1232 172 1256 17.
183 1231 230 1253 Und
241 1231 272 1253 da
283 1231 306 1253 er
318 1232 345 1255 zu
350 1229 387 1252 ihr
392 1227 454 1255 kam,
458 1227 533 1255 ſprach

105 1252 138 1278 die
144 1256 212 1282 frau:
218 1254 270 1280 Biſt
275 1256 305 1284 du
311 1254 396 1285 Joab?
407 1255 441 1284 Er
447 1254 535 1281 ſprach:

103 1282 147 1310 Ja.
172 1282 221 1307 Sie
236 1281 305 1313 ſprach
314 1283 349 1311 zu
353 1281 415 1308 ihm:
429 1282 488 1309 Hoͤre
495 1281 536 1308 die

101 1310 154 1335 rede
167 1312 238 1340 deiner
247 1313 320 1338 magd.
343 1309 380 1337 Er
389 1307 477 1341 ſprach:
487 1308 534 1340 Jch

102 1338 163 1361 hoͤre.

130 1367 170 1392 18.
182 1366 230 1389 Sie
233 1365 323 1395 ſprach:
333 1366 458 1394 Vorzeiten
460 1367 533 1390 ſprach

105 1395 171 1421 man,
173 1395 225 1416 wer
233 1394 314 1418 fragen
324 1394 381 1415 will,
387 1394 425 1419 der
434 1394 498 1418 frage
504 1391 536 1417 zu

103 1416 180 1446 Abel;
192 1421 236 1446 und
241 1420 263 1445 ſo
270 1416 340 1448 gings
347 1417 406 1449 wohl
409 1419 468 1448 aus.

132 1451 170 1475 19.
173 1447 219 1477 Jch
228 1446 271 1472 bin
283 1452 329 1470 eine
343 1451 388 1467 von
397 1451 438 1472 den
444 1447 536 1471 friedſa⸗

106 1478 153 1500 men
168 1478 208 1497 und
220 1479 296 1500 treuen
307 1475 391 1500 ſtaͤdten
401 1476 426 1501 in
439 1475 532 1498 Jſrael:

106 1505 149 1529 und
158 1505 188 1529 du
200 1505 244 1530 wilt
247 1503 282 1529 die
289 1504 343 1530 ſtadt
349 1502 437 1530 toͤdten
448 1504 492 1526 und
500 1504 535 1529 die

106 1531 185 1556 mutter
196 1529 223 1557 in
232 1531 325 1559 Jſrael?
339 1532 424 1556 warum
438 1533 487 1554 wilt
500 1532 532 1557 du

107 1559 146 1583 das
167 1559 257 1583 erbtheil
281 1561 322 1589 des
341 1559 459 1589 HERRN
482 1560 533 1586 ver⸗

107 1584 232 1611 ſchlingen?

130 1616 171 1640 20.
185 1616 244 1643 Joab
251 1618 386 1641 antwortete,
397 1615 439 1638 und
447 1616 531 1641 ſprach:

109 1640 155 1664 Das
170 1642 205 1667 ſey
217 1644 298 1666 ferne!
315 1643 356 1666 das
372 1643 404 1669 ſey
419 1643 472 1667 ferne
486 1644 531 1666 von

107 1668 161 1692 mir,
175 1670 215 1694 daß
231 1668 261 1692 ich
279 1673 426 1697 verſchlingen
433 1671 477 1692 und
485 1671 530 1692 ver⸗

106 1692 181 1723 derben
190 1694 269 1723 ſolte;
275 1699 299 1726 es
304 1697 342 1724 hat
346 1697 388 1722 ſich
399 1697 455 1720 nicht
466 1697 517 1721 alſo.

128 1729 164 1749 21.
177 1725 284 1747 Sondern
293 1729 326 1749 ein
332 1728 398 1750 mann
405 1728 456 1747 vom
463 1727 532 1749 gebir⸗

107 1751 129 1774 ge
138 1751 252 1778 Ephraim,
262 1754 306 1778 mit
315 1758 390 1775 namen
398 1750 482 1780 Seba,
494 1754 530 1777 der

104 1776 154 1802 ſohn
159 1779 248 1807 Bichri,
260 1779 300 1807 hat
308 1782 342 1808 ſich
351 1783 447 1806 empoͤret
453 1784 532 1805 wieder

105 1804 145 1829 den
150 1806 210 1832 koͤnig
221 1808 304 1831 David.
324 1807 393 1832 Gebet
401 1809 439 1834 den
439 1808 535 1834 ſelbigen

107 1832 140 1854 her
146 1834 223 1862 allein,
234 1834 260 1862 ſo
274 1836 322 1859 will
331 1835 362 1862 ich
366 1836 423 1860 von
430 1839 469 1859 der
475 1837 533 1865 ſtadt

107 1859 189 1888 ziehen.
209 1864 256 1886 Die
266 1864 318 1893 frau
332 1864 401 1890 ſprach
413 1867 441 1894 zu
448 1865 530 1890 Joab:

105 1888 187 1922 Siehe,
194 1890 236 1921 ſein
243 1890 314 1923 haupt
317 1891 357 1917 ſoll
364 1893 389 1920 zu
393 1891 430 1918 dir
439 1889 490 1921 uͤber
495 1891 532 1921 die

105 1916 177 1946 mauer
185 1924 295 1946 geworfen
300 1924 399 1945 werden.

132 1949 165 1965 22.
178 1949 228 1970 Und
234 1948 267 1971 die
275 1946 327 1971 frau
335 1947 381 1973 kam
384 1945 457 1973 hinein
458 1944 493 1976 zu
497 1947 534 1973 al⸗

109 1967 148 1993 lem
155 1969 219 2000 volck
230 1975 270 1997 mit
280 1970 342 2001 ihrer
345 1975 453 2002 weisheit.
477 1977 529 2003 Und

105 1994 133 2022 ſie
148 2000 220 2030 hieben
233 2001 312 2030 Seba,
321 2005 370 2033 dem
380 2003 431 2033 ſohn
443 2005 514 2030 Bichr

563 375 602 397 den
609 370 661 397 kopf
668 365 708 398 ab:
718 372 760 393 und
770 370 854 395 worfen
867 368 903 395 ihn
911 370 935 393 zu
944 367 989 395 Jo⸗

564 403 595 426 ab.
624 401 665 427 Da
669 396 681 425 *
686 401 742 426 blies
757 403 775 423 er
789 403 820 422 die
829 394 933 425 poſaune:
945 398 989 416 und

562 430 589 458 ſie
607 428 742 459 zerſtreueten
762 427 798 458 ſich
816 432 857 450 von
875 428 910 450 der
925 426 987 449 ſtadt,

562 461 594 479 ein
610 456 704 482 ieglicher
725 455 745 477 in
762 452 814 481 ſeine
828 451 903 478 huͤtte;
926 454 987 479 Joab

560 484 606 507 aber
618 482 662 506 kam
677 481 754 505 wieder
765 485 803 509 gen
812 474 931 509 Jeruſalem
940 477 991 505 zum

562 508 645 535 koͤnige.
793 510 888 529 *c.2,28.
898 506 989 528 c.18,16.

590 543 622 561 23.
637 535 694 559 Joab
704 535 715 544 *
722 535 766 553 aber
778 533 823 555 war
831 530 878 558 uͤber
891 535 928 552 das
936 535 990 552 gan⸗

562 570 586 595 tze
602 563 645 593 heer
656 563 736 593 Iſrael.
768 562 869 587 Benaja,
884 563 915 583 der
937 562 987 587 ſohn

561 596 658 621 Jojada,
668 594 715 613 war
731 589 783 617 uͤber
802 593 834 616 die
851 588 926 616 Crethi
942 590 985 608 und

561 613 644 644 Plethi.
890 618 987 643 *c.8,16.

587 652 624 675 24.
645 644 741 672 Adoram
755 647 767 659 *
781 648 826 668 war
847 644 988 669 rentmeiſter.

559 675 680 704 Joſaphat,
697 676 730 698 der
748 673 800 703 ſohn
814 672 912 699 Ahilud,
939 675 985 694 war

558 703 650 734 cantzler.
826 700 857 724 *1
875 694 928 723 Koͤn.
940 700 986 720 4,6.

589 736 620 757 25.
640 731 700 756 Seja
716 733 761 751 war
775 727 895 755 ſchreiber:
916 726 989 755 Zadok

559 764 602 786 und
611 757 728 787 AbJathar
741 762 811 782 waren
821 756 915 782 prieſter.

586 787 621 805 26.
638 785 702 812 Dazu
717 783 761 803 war
769 781 826 809 Jra,
837 781 872 803 der
880 778 986 807 Jairiter,

558 816 649 839 Davids
657 816 753 836 prieſter.

654 852 717 883 Das
731 861 759 881 21
770 846 891 882 Capitel.

586 894 665 917 David
687 890 776 919 wehret
795 892 830 914 der
852 890 986 917 theurung:

558 919 647 944 Erhaͤlt
652 919 711 947 ſiege
717 919 801 942 wieder
806 916 846 939 die
851 915 971 942 Philiſter.

553 951 579 975 1.
580 947 625 1000 E

625 948 650 966 S
662 950 709 969 war
721 947 771 966 auch
777 946 827 964 eine
835 946 946 970 theurung
954 946 986 969 zu

641 973 729 994 Davids
741 975 819 997 zeiten,
827 970 885 996 drey
896 969 949 993 jahr
955 970 990 995 an

562 1004 673 1027 einander;
683 1003 732 1021 und
739 1001 817 1024 David
820 1000 890 1021 ſuchte
897 998 938 1018 das
947 998 989 1018 an⸗

559 1033 639 1053 geſicht
647 1031 693 1051 des
709 1028 839 1051 HERRN.
875 1024 930 1052 Und
946 1025 986 1049 der

563 1061 653 1082 HERR
665 1056 757 1081 ſprach:
773 1058 812 1078 um
824 1053 909 1080 Sauls
915 1055 986 1078 willen

558 1092 604 1109 und
613 1092 644 1106 um
663 1088 700 1107 des
713 1083 835 1109 Bluthauſes
847 1082 926 1108 willen,
944 1082 984 1105 daß

558 1117 580 1137 er
586 1115 617 1136 die
628 1117 755 1131 Gibeoniter
765 1116 856 1129 getoͤdtet
874 1112 916 1131 hat.

586 1149 608 1166 2.
618 1143 660 1161 Da
668 1140 710 1164 ließ
720 1145 755 1164 der
764 1136 819 1164 koͤnig
831 1140 867 1159 den
879 1135 990 1160 Gibeoni⸗

560 1172 608 1194 tern
620 1170 709 1191 ruffen,
728 1171 771 1189 und
783 1165 855 1189 ſprach
869 1167 894 1188 zu
910 1162 984 1186 ihnen.

561 1199 614 1223 (Die
623 1199 752 1217 Gibeoniter
770 1195 816 1215 aber
836 1197 907 1214 waren
931 1189 986 1215 nicht

560 1230 605 1250 von
618 1225 660 1245 den
678 1221 770 1247 kindern
778 1221 869 1247 Jſrael,
893 1217 988 1243 ſondern

561 1254 621 1276 uͤbrig
628 1254 675 1269 von
685 1255 721 1274 den
731 1251 875 1277 Amoritern:
878 1245 930 1268 aber
930 1245 948 1268 *
953 1246 988 1268 die

555 1282 628 1303 kinder
631 1280 709 1302 Jſrael
721 1278 796 1300 hatten
807 1276 872 1298 ihnen
886 1275 985 1297 geſchwo⸗

560 1316 612 1334 ren,
617 1311 668 1331 und
669 1308 735 1332 Saul
742 1305 804 1331 ſuchte
820 1304 847 1329 ſie
851 1306 880 1329 zu
887 1300 983 1328 ſchlagen

558 1337 583 1356 in
594 1336 668 1357 ſeinem
676 1336 732 1354 eifer
744 1334 784 1353 fuͤr
790 1332 823 1358 die
833 1332 899 1351 kinder
913 1328 987 1352 Jſrael

558 1364 601 1383 und
612 1363 698 1385 Juda.)
813 1360 987 1383 *Joſ.9,15.19.

577 1390 605 1416 3.
619 1390 658 1412 So
670 1390 741 1414 ſprach
751 1388 804 1409 nun
814 1386 892 1407 David
903 1387 932 1411 zu
944 1383 986 1406 den

565 1415 727 1443 Gibeonitern:
753 1418 812 1439 Was
823 1411 865 1440 ſoll
880 1410 915 1434 ich
935 1410 990 1437 euch

559 1449 636 1469 thun?
645 1449 691 1463 und
707 1448 779 1467 womit
794 1440 834 1463 ſoll
843 1439 878 1464 ich
894 1438 986 1466 ſoͤhnen,

555 1471 600 1499 daß
613 1471 648 1503 ihr
660 1473 705 1496 dem
713 1472 805 1496 erbtheil
811 1469 858 1495 des
863 1465 986 1489 HERRN

558 1503 650 1525 ſegnet?

581 1537 609 1555 4.
624 1530 672 1551 Die
688 1528 814 1550 Gibeoniter
841 1521 938 1547 ſprachen
957 1521 986 1546 zu

561 1556 616 1579 ihm:
620 1557 660 1579 Es
673 1554 702 1582 iſt
708 1555 756 1582 uns
763 1552 819 1575 nicht
828 1551 866 1579 um
875 1550 925 1575 gold
934 1550 983 1570 noch

559 1587 620 1608 ſilber
630 1589 664 1612 zu
676 1586 728 1609 thun
741 1584 772 1606 an
781 1581 846 1604 Saul
851 1582 902 1603 und
908 1577 986 1600 ſeinem

554 1615 637 1638 hauſe,
645 1613 692 1635 und
700 1610 732 1634 iſt
734 1613 778 1632 uns
785 1606 843 1635 nicht
852 1608 877 1634 zu
882 1606 945 1631 thun
946 1606 982 1626 um

558 1641 640 1664 iemand
662 1644 688 1662 zu
710 1636 783 1662 toͤdten
800 1635 827 1659 in
841 1635 923 1661 Jſrael.
947 1630 990 1654 Er

556 1670 652 1690 ſprach:
678 1666 739 1689 Was
752 1662 847 1688 ſprechet
863 1662 906 1684 ihr
914 1658 987 1683 denn,

553 1695 595 1720 daß
602 1696 639 1716 ich
645 1699 695 1719 euch
705 1692 763 1714 thun
764 1691 822 1716 ſoll?

576 1729 604 1751 5.
616 1724 663 1746 Sie
670 1725 766 1748 ſprachen
774 1726 826 1746 zum
834 1716 922 1743 koͤnige:
925 1713 985 1739 Den

558 1755 640 1775 mann,
651 1751 693 1775 der
701 1753 751 1770 uns
767 1753 875 1768 verderbet
889 1749 933 1769 und
958 1747 987 1770 zu

558 1783 623 1800 nichte
634 1780 730 1803 gemacht
741 1778 795 1803 hat,
806 1775 874 1799 ſollen
885 1773 926 1798 wir
938 1771 989 1791 ver⸗

556 1809 648 1832 tilgen,
656 1805 695 1833 daß
707 1807 749 1828 ihm
755 1802 830 1824 nichts
837 1799 908 1830 bleibe
912 1796 945 1827 in
948 1794 989 1822 al⸗

553 1836 592 1859 len
603 1836 699 1855 grentzen
705 1832 793 1856 Jſrael.

585 1863 609 1886 6.
618 1861 696 1886 Gebet
708 1860 749 1882 uns
762 1858 830 1886 ſieben
839 1857 925 1878 maͤnner
935 1858 985 1875 aus

555 1888 632 1916 ſeinem
647 1889 725 1915 hauſe:
738 1885 774 1915 daß
790 1887 834 1911 wir
848 1883 877 1914 ſie
889 1883 988 1906 aufhen⸗

553 1923 594 1945 gen
599 1917 647 1945 dem
659 1918 770 1943 HERRN
780 1917 808 1943 zu
816 1914 883 1939 Gibea
897 1914 986 1933 Sauls,

560 1948 596 1969 des
603 1950 722 1970 erwehlten
729 1949 766 1970 des
781 1945 905 1963 HERRN.
933 1940 986 1963 Der

556 1974 624 2006 koͤnig
631 1971 716 1997 ſprach:
726 1972 772 2001 Jch
778 1970 826 1994 will
834 1970 865 1996 ſie
869 1971 945 1995 geben.
