<?xml version='1.0' encoding='utf-8'?>
<PcGts xmlns="http://schema.primaresearch.org/PAGE/gts/pagecontent/2019-07-15" xmlns:xsi="http://www.w3.org/2001/XMLSchema-instance" pcGtsId="PAGE_01" xsi:schemaLocation="http://schema.primaresearch.org/PAGE/gts/pagecontent/2019-07-15 http://schema.primaresearch.org/PAGE/gts/pagecontent/2019-07-15/pagecontent.xsd">
  <Metadata>
    <Creator>OCR-D DFG Phase III</Creator>
    <Created>2024-01-19T13:07:36Z</Created>
    <LastChange>2024-01-19T13:07:36Z</LastChange>
    <Comments>ODEM: OCR-D extension for mass digitization (2021-2024)</Comments>
  </Metadata>
  <Page imageFilename="urn+nbn+de+gbv+3+1-183459-p0014-4_ger.jpg" imageWidth="2134" imageHeight="2406" type="content" primaryLanguage="German">
    <Border>
      <Coords points="339,166 1899,166 1899,2187 339,2187"/>
    </Border>
    <ReadingOrder>
      <OrderedGroup id="ro_1669274579930" caption="Regions reading order">
        <RegionRefIndexed index="0" regionRef="region0000"/>
        <RegionRefIndexed index="1" regionRef="TextRegion_1657698879570_670"/>
        <RegionRefIndexed index="2" regionRef="TextRegion_1657698879569_669"/>
      </OrderedGroup>
    </ReadingOrder>
    <TextRegion orientation="0.42343202" readingDirection="left-to-right" id="region0000" custom="readingOrder {index:0;}">
      <Coords points="362,228 1901,228 1893,755 354,755"/>
      <TextLine id="region0000_line0002" custom="readingOrder {index:0;}">
        <Coords points="458,228 354,231 355,293 440,293 448,288 456,288 463,292 545,293 567,289 577,293 584,288 612,291 618,287 635,286 646,296 654,290 667,289 675,294 685,295 693,290 759,291 796,287 809,290 840,283 848,290 870,285 893,287 900,284 919,284 932,289 947,287 953,291 968,286 1004,290 1023,287 1032,291 1074,291 1090,298 1102,297 1117,290 1162,292 1187,288 1201,294 1214,289 1226,289 1233,294 1243,290 1255,295 1263,291 1277,291 1292,298 1301,298 1318,291 1342,292 1361,301 1373,300 1381,299 1384,289 1390,287 1398,293 1410,290 1424,294 1459,293 1488,296 1551,294 1587,289 1594,292 1648,289 1671,293 1798,294 1805,299 1830,297 1835,300 1893,297 1892,242 1840,237 1806,236 1741,246 1726,243 1688,243 1681,234 1656,239 1649,233 1638,234 1626,240 1617,240 1611,233 1597,233 1589,240 1567,240 1558,235 1550,235 1542,240 1509,240 1504,237 1492,240 1483,232 1473,233 1468,240 1379,239 1368,239 1361,229 1348,230 1339,236 1320,235 1308,229 1296,229 1283,235 1254,237 1243,233 1230,239 1175,239 1045,235 1037,234 1033,229 1025,227 1006,229 1000,234 972,232 966,229 920,229 823,236 816,228 802,228 792,234 771,234 765,228 753,228 744,233 734,233 730,230 694,233 686,228 675,228 666,232 651,229 641,234 622,235 608,235 601,229 592,229 586,235 573,235 569,232 556,236 525,236 518,229 508,229 503,233 487,229"/>
        <Baseline points="354,281 899,274 1893,285"/>
        <Word id="region0000_line0002_word0000" custom="readingOrder {index:0;}">
          <Coords points="548,292 547,243 410,244 411,293 440,292 448,288 456,288 463,292 494,292"/>
          <TextEquiv conf="0.9260838">
            <Unicode>Allein</Unicode>
          </TextEquiv>
        </Word>
        <Word id="region0000_line0002_word0001" custom="readingOrder {index:1;}">
          <Coords points="622,243 562,243 562,289 567,289 569,290 581,290 584,288 602,290 613,290 618,287 622,286"/>
          <TextEquiv conf="0.92543864">
            <Unicode>die</Unicode>
          </TextEquiv>
        </Word>
        <Word id="region0000_line0002_word0002" custom="readingOrder {index:2;}">
          <Coords points="871,236 638,238 638,289 646,296 654,290 667,289 675,294 685,295 693,290 759,291 796,287 809,290 840,283 848,290 870,285 871,285"/>
          <TextEquiv>
            <Unicode>ſchaͤdlichen</Unicode>
          </TextEquiv>
        </Word>
        <Word id="region0000_line0002_word0003" custom="readingOrder {index:3;}">
          <Coords points="886,239 886,286 893,287 900,284 919,284 932,289 947,287 953,291 968,286 1004,290 1023,287 1032,291 1074,291 1079,293 1109,293 1117,290 1162,292 1164,291 1164,238 1120,237"/>
          <TextEquiv conf="0.91920286">
            <Unicode>Wirckungen</Unicode>
          </TextEquiv>
        </Word>
        <Word id="region0000_line0002_word0004" custom="readingOrder {index:4;}">
          <Coords points="1177,240 1266,239 1267,285 1178,286"/>
          <TextEquiv conf="0.9301288">
            <Unicode>und</Unicode>
          </TextEquiv>
        </Word>
        <Word id="region0000_line0002_word0005" custom="readingOrder {index:5;}">
          <Coords points="1285,233 1283,235 1281,235 1281,293 1283,293 1311,293 1318,291 1342,292 1345,293 1382,293 1384,289 1390,287 1398,293 1410,290 1420,293 1436,293 1435,239 1379,239 1368,239 1364,233 1342,233 1339,236 1320,235 1317,233"/>
          <TextEquiv conf="0.9308832">
            <Unicode>Folgen</Unicode>
          </TextEquiv>
        </Word>
        <Word id="region0000_line0002_word0006" custom="readingOrder {index:6;}">
          <Coords points="1470,235 1468,240 1450,239 1451,282 1563,281 1562,237 1558,235 1549,235 1542,240 1509,240 1504,237 1492,240 1487,235"/>
          <TextEquiv conf="0.92010313">
            <Unicode>eines</Unicode>
          </TextEquiv>
        </Word>
        <Word id="region0000_line0002_word0007" custom="readingOrder {index:7;}">
          <Coords points="1594,234 1589,240 1574,240 1575,279 1781,277 1780,239 1741,246 1726,243 1688,243 1681,234 1656,239 1650,234 1637,234 1626,240 1617,240 1612,234"/>
          <TextEquiv conf="0.82397956">
            <Unicode>abſoluten</Unicode>
          </TextEquiv>
        </Word>
        <Word id="region0000_line0002_word0008" custom="readingOrder {index:8;}">
          <Coords points="1797,283 1878,283 1877,240 1840,237 1806,236 1796,237"/>
          <TextEquiv>
            <Unicode>Re⸗</Unicode>
          </TextEquiv>
        </Word>
        <TextEquiv>
          <Unicode>Allein die ſchaͤdlichen Wirckungen und Folgen eines abſoluten Re⸗</Unicode>
        </TextEquiv>
      </TextLine>
      <TextLine id="region0000_line0003" custom="readingOrder {index:1;}">
        <Coords points="836,284 809,291 793,288 786,292 744,294 723,292 678,296 667,290 646,297 635,287 618,288 609,294 589,289 581,290 577,294 567,290 557,291 551,295 464,295 456,289 448,289 439,295 426,293 359,297 355,298 354,344 401,346 411,359 424,358 444,349 451,349 457,344 478,342 490,348 524,347 540,350 562,344 585,347 608,343 616,353 622,352 627,345 638,342 650,346 672,345 676,348 685,348 689,345 723,346 754,342 760,345 783,346 811,346 822,343 833,348 842,348 849,343 880,346 890,350 903,350 916,343 924,348 960,346 971,351 989,344 993,344 994,347 1006,347 1014,341 1021,341 1028,345 1049,345 1053,348 1062,348 1070,343 1078,343 1085,348 1151,346 1161,342 1177,348 1209,343 1215,353 1228,346 1242,349 1251,346 1274,347 1282,343 1296,342 1300,345 1312,343 1355,350 1365,347 1371,349 1426,349 1438,356 1450,356 1460,351 1518,350 1528,347 1545,354 1553,354 1559,350 1596,349 1601,352 1609,351 1618,357 1640,357 1648,351 1700,352 1723,346 1735,353 1757,353 1773,348 1781,352 1794,347 1816,348 1828,358 1849,349 1858,355 1867,355 1875,346 1892,354 1893,302 1805,300 1798,295 1787,295 1783,298 1757,299 1753,296 1729,299 1686,298 1665,297 1662,293 1648,290 1627,291 1615,297 1596,297 1591,291 1573,290 1562,293 1559,297 1513,298 1500,295 1490,299 1468,298 1459,294 1422,296 1410,291 1398,294 1386,288 1381,300 1361,302 1349,296 1327,293 1292,299 1277,292 1255,296 1243,291 1233,295 1226,290 1214,290 1201,295 1187,289 1171,294 1126,294 1117,291 1102,298 1090,299 1073,294 1029,294 1023,288 1013,288 1005,293 991,293 986,288 968,287 954,293 947,288 932,290 919,285 900,285 893,288 870,286 858,291 848,291 842,285"/>
        <Baseline points="354,335 1342,334 1892,342"/>
        <Word id="region0000_line0003_word0000" custom="readingOrder {index:0;}">
          <Coords points="596,298 410,300 410,357 411,359 424,358 444,349 451,349 457,344 478,342 490,348 524,347 540,350 562,344 585,347 596,345"/>
          <TextEquiv conf="0.9215714">
            <Unicode>giments</Unicode>
          </TextEquiv>
        </Word>
        <Word id="region0000_line0003_word0001" custom="readingOrder {index:1;}">
          <Coords points="600,292 600,344 608,343 616,353 622,352 627,345 638,342 650,346 672,345 676,348 685,348 689,345 693,345 693,294 678,296 670,292 661,292 646,297 640,292 612,292 609,294 601,292"/>
          <TextEquiv conf="0.9288719">
            <Unicode>ſind</Unicode>
          </TextEquiv>
        </Word>
        <Word id="word_1657698921317_692" custom="readingOrder {index:2;}">
          <Coords points="697,298 989,296 1022,299 1022,341 971,351 890,350 723,346 697,345"/>
          <TextEquiv>
            <Unicode>unabhelfflich/</Unicode>
          </TextEquiv>
        </Word>
        <Word id="region0000_line0003_word0004" custom="readingOrder {index:3;}">
          <Coords points="1131,344 1131,301 1048,302 1048,345 1067,344 1070,343 1078,343 1080,344"/>
          <TextEquiv conf="0.92336273">
            <Unicode>und</Unicode>
          </TextEquiv>
        </Word>
        <Word id="region0000_line0003_word0005" custom="readingOrder {index:4;}">
          <Coords points="1258,296 1146,297 1146,346 1151,346 1161,342 1177,348 1209,343 1213,350 1219,350 1228,346 1242,349 1251,346 1258,346"/>
          <TextEquiv conf="0.9281908">
            <Unicode>nicht</Unicode>
          </TextEquiv>
        </Word>
        <Word id="region0000_line0003_word0006" custom="readingOrder {index:5;}">
          <Coords points="1385,290 1381,300 1361,302 1349,296 1327,293 1292,299 1277,292 1269,293 1269,342 1416,341 1416,293 1410,291 1398,294 1390,290"/>
          <TextEquiv conf="0.92826235">
            <Unicode>anders</Unicode>
          </TextEquiv>
        </Word>
        <Word id="region0000_line0003_word0007" custom="readingOrder {index:6;}">
          <Coords points="1436,300 1485,300 1485,350 1436,350"/>
          <TextEquiv conf="0.93223244">
            <Unicode>zu</Unicode>
          </TextEquiv>
        </Word>
        <Word id="region0000_line0003_word0008" custom="readingOrder {index:7;}">
          <Coords points="1564,292 1562,293 1559,297 1513,298 1500,295 1499,295 1499,349 1522,348 1528,347 1532,348 1717,347 1717,298 1686,298 1665,297 1662,293 1655,291 1625,291 1615,297 1596,297 1591,292"/>
          <TextEquiv conf="0.92496985">
            <Unicode>verbeſſern</Unicode>
          </TextEquiv>
        </Word>
        <Word id="region0000_line0003_word0009" custom="readingOrder {index:8;}">
          <Coords points="1786,295 1783,298 1757,299 1753,296 1731,298 1731,339 1813,338 1813,300 1805,300 1798,295"/>
          <TextEquiv conf="0.92490816">
            <Unicode>und</Unicode>
          </TextEquiv>
        </Word>
        <Word id="region0000_line0003_word0010" custom="readingOrder {index:9;}">
          <Coords points="1881,346 1881,301 1829,300 1829,346 1875,346"/>
          <TextEquiv conf="0.9320298">
            <Unicode>zu</Unicode>
          </TextEquiv>
        </Word>
        <TextEquiv>
          <Unicode>giments ſind unabhelfflich/ und nicht anders zu verbeſſern und zu</Unicode>
        </TextEquiv>
      </TextLine>
      <TextLine id="region0000_line0004" custom="readingOrder {index:2;}">
        <Coords points="467,343 424,359 411,360 399,350 354,349 354,397 409,398 415,389 423,388 426,391 433,389 440,397 457,397 472,402 486,400 490,403 511,403 524,397 536,399 543,406 550,408 559,406 564,399 596,400 600,403 637,403 642,400 658,402 708,398 712,401 721,401 753,397 779,398 795,402 822,399 831,401 848,395 935,402 945,398 958,402 997,400 1005,406 1018,405 1026,400 1063,399 1073,403 1080,399 1102,402 1136,397 1150,406 1162,408 1172,406 1176,402 1191,405 1305,404 1314,403 1322,398 1331,398 1335,402 1344,399 1356,401 1374,397 1381,403 1390,402 1398,405 1417,405 1421,402 1465,405 1486,413 1503,412 1506,408 1518,411 1526,405 1552,399 1565,401 1572,407 1587,404 1639,408 1661,403 1676,415 1695,415 1702,412 1704,407 1757,408 1760,412 1769,415 1780,413 1785,407 1809,405 1826,405 1835,413 1850,413 1856,407 1892,407 1892,357 1888,357 1879,347 1875,347 1867,356 1858,356 1849,350 1828,359 1816,349 1794,348 1781,353 1773,349 1758,354 1733,355 1730,350 1723,347 1709,349 1703,356 1646,354 1640,358 1618,358 1596,350 1545,355 1528,348 1521,349 1516,354 1458,353 1450,357 1438,357 1415,350 1355,351 1312,344 1300,346 1296,343 1282,344 1274,348 1242,350 1228,347 1215,354 1209,344 1194,345 1188,350 1177,350 1173,346 1161,343 1145,347 1143,350 1105,350 1086,350 1078,344 1070,344 1062,349 1029,348 1021,342 1014,342 1006,348 984,348 971,352 961,349 924,349 916,344 903,351 890,351 877,347 833,349 822,344 813,348 782,348 754,343 738,345 736,348 676,350 672,346 650,347 638,343 627,346 622,353 616,354 608,344 598,347 597,350 577,351 571,345 562,345 551,352 488,351 483,344"/>
        <Baseline points="354,386 1892,396"/>
        <Word id="word_1657698931043_699" custom="readingOrder {index:0;}">
          <Coords points="412,359 432,355 559,346 572,346 575,349 575,399 559,406 550,408 472,402 412,393"/>
          <TextEquiv>
            <Unicode>heben/</Unicode>
          </TextEquiv>
        </Word>
        <Word id="region0000_line0004_word0002" custom="readingOrder {index:1;}">
          <Coords points="669,356 600,356 600,402 638,402 642,400 658,402 669,401"/>
          <TextEquiv conf="0.91642606">
            <Unicode>als</Unicode>
          </TextEquiv>
        </Word>
        <Word id="region0000_line0004_word0003" custom="readingOrder {index:2;}">
          <Coords points="890,356 690,358 690,399 708,398 712,401 721,401 753,397 779,398 795,402 795,402 822,399 831,401 848,395 890,398"/>
          <TextEquiv conf="0.9249052">
            <Unicode>entweder</Unicode>
          </TextEquiv>
        </Word>
        <Word id="region0000_line0004_word0004" custom="readingOrder {index:3;}">
          <Coords points="1026,352 907,353 907,399 935,402 945,398 958,402 997,400 1005,406 1018,405 1026,400"/>
          <TextEquiv conf="0.9232296">
            <Unicode>durch</Unicode>
          </TextEquiv>
        </Word>
        <Word id="region0000_line0004_word0005" custom="readingOrder {index:4;}">
          <Coords points="1045,354 1129,353 1129,398 1045,399"/>
          <TextEquiv conf="0.9326326">
            <Unicode>eine</Unicode>
          </TextEquiv>
        </Word>
        <Word id="region0000_line0004_word0006" custom="readingOrder {index:5;}">
          <Coords points="1144,351 1144,402 1149,405 1172,405 1176,402 1191,405 1254,404 1254,350 1221,350 1215,354 1212,350"/>
          <TextEquiv conf="0.92886907">
            <Unicode>ſpaͤte</Unicode>
          </TextEquiv>
        </Word>
        <Word id="word_1657698940671_706" custom="readingOrder {index:6;}">
          <Coords points="1275,351 1351,350 1528,348 1531,349 1531,404 1520,409 1510,409 1275,404"/>
          <TextEquiv>
            <Unicode>Bereuung/</Unicode>
          </TextEquiv>
        </Word>
        <Word id="region0000_line0004_word0009" custom="readingOrder {index:7;}">
          <Coords points="1588,350 1562,353 1562,394 1656,393 1656,354 1646,354 1640,358 1618,358 1597,350"/>
          <TextEquiv conf="0.92485046">
            <Unicode>oder</Unicode>
          </TextEquiv>
        </Word>
        <Word id="region0000_line0004_word0010" custom="readingOrder {index:8;}">
          <Coords points="1671,404 1881,403 1881,349 1879,347 1875,347 1867,356 1858,356 1849,350 1828,359 1816,349 1794,348 1781,353 1773,349 1758,354 1733,355 1730,350 1723,347 1709,349 1703,356 1671,354"/>
          <TextEquiv conf="0.9253493">
            <Unicode>gaͤntzliche</Unicode>
          </TextEquiv>
        </Word>
        <TextEquiv>
          <Unicode>heben/ als entweder durch eine ſpaͤte Bereuung/ oder gaͤntzliche</Unicode>
        </TextEquiv>
      </TextLine>
      <TextLine id="region0000_line0005" custom="readingOrder {index:3;}">
        <Coords points="354,399 355,456 450,454 472,459 492,457 527,460 583,459 595,454 641,458 658,455 685,457 694,462 710,462 741,451 771,453 791,450 800,456 809,452 835,451 851,457 863,451 892,453 911,464 920,465 935,464 942,457 1009,457 1015,452 1033,452 1039,458 1051,459 1061,459 1065,456 1080,459 1084,456 1099,455 1120,463 1138,462 1147,457 1221,460 1238,458 1249,453 1264,455 1269,452 1298,451 1306,456 1328,459 1339,457 1347,460 1400,453 1412,458 1419,455 1452,456 1458,460 1465,458 1478,462 1484,458 1516,455 1527,457 1539,467 1564,461 1608,464 1677,460 1686,457 1725,460 1840,456 1866,460 1893,458 1893,413 1835,414 1826,406 1809,406 1804,412 1783,412 1777,415 1761,413 1701,413 1695,416 1676,416 1661,404 1639,409 1610,409 1605,406 1572,408 1565,402 1552,400 1518,412 1506,409 1504,413 1486,414 1467,407 1439,404 1381,404 1374,398 1356,402 1344,400 1337,403 1331,399 1322,399 1314,404 1273,406 1176,404 1162,409 1150,407 1136,398 1102,403 1080,400 1068,404 1063,400 1051,400 1046,404 1005,407 999,404 960,405 951,399 927,404 889,400 884,397 848,396 831,402 763,402 753,398 736,402 677,405 585,404 577,400 564,400 559,407 550,409 543,407 536,400 524,398 510,405 472,403 457,398 436,398 427,403 410,399"/>
        <Baseline points="355,442 827,439 938,446 1893,448"/>
        <Word id="region0000_line0005_word0000" custom="readingOrder {index:0;}">
          <Coords points="723,410 400,413 400,455 450,454 472,459 492,457 527,460 583,459 595,454 641,458 658,455 685,457 694,462 710,462 723,457"/>
          <TextEquiv conf="0.9141555">
            <Unicode>Veraͤnderung</Unicode>
          </TextEquiv>
        </Word>
        <Word id="region0000_line0005_word0001" custom="readingOrder {index:1;}">
          <Coords points="812,413 744,413 744,451 771,453 791,450 798,455 802,455 809,452 812,451"/>
          <TextEquiv conf="0.92275995">
            <Unicode>der</Unicode>
          </TextEquiv>
        </Word>
        <Word id="region0000_line0005_word0002" custom="readingOrder {index:2;}">
          <Coords points="1092,408 839,409 839,452 851,457 863,451 892,453 911,464 920,465 935,464 942,457 1009,457 1015,452 1033,452 1039,458 1051,459 1061,459 1065,456 1080,459 1084,456 1092,455"/>
          <TextEquiv conf="0.9238533">
            <Unicode>Regiments</Unicode>
          </TextEquiv>
        </Word>
        <Word id="region0000_line0005_word0003" custom="readingOrder {index:3;}">
          <Coords points="1111,408 1111,459 1117,461 1138,461 1147,457 1221,460 1238,458 1249,453 1253,453 1253,407 1165,407 1162,409 1154,407"/>
          <TextEquiv conf="0.93180084">
            <Unicode>Form.</Unicode>
          </TextEquiv>
        </Word>
        <Word id="region0000_line0005_word0004" custom="readingOrder {index:4;}">
          <Coords points="1318,405 1319,454 1399,453 1400,453 1400,453 1515,452 1514,411 1506,409 1504,413 1486,414 1467,407 1439,404 1416,404"/>
          <TextEquiv conf="0.9144345">
            <Unicode>Uberdem</Unicode>
          </TextEquiv>
        </Word>
        <Word id="region0000_line0005_word0005" custom="readingOrder {index:5;}">
          <Coords points="1540,404 1535,405 1536,460 1619,460 1618,409 1610,409 1605,406 1572,408 1567,404"/>
          <TextEquiv conf="0.9295215">
            <Unicode>ſind</Unicode>
          </TextEquiv>
        </Word>
        <Word id="region0000_line0005_word0006" custom="readingOrder {index:6;}">
          <Coords points="1652,405 1640,408 1641,447 1880,446 1879,413 1835,414 1826,406 1809,406 1804,412 1783,412 1777,415 1761,413 1701,413 1695,416 1676,416 1663,405"/>
          <TextEquiv conf="0.8348754">
            <Unicode>ſouveraine</Unicode>
          </TextEquiv>
        </Word>
        <TextEquiv conf="0.9102001">
          <Unicode>Veraͤnderung der Regiments Form. Uberdem ſind ſouveraine</Unicode>
        </TextEquiv>
      </TextLine>
      <TextLine id="region0000_line0006" custom="readingOrder {index:4;}">
        <Coords points="782,451 771,454 741,452 710,463 694,463 687,460 665,459 658,456 612,459 605,455 595,455 587,460 518,461 492,458 464,460 450,455 425,455 419,459 355,459 354,511 414,511 421,512 429,518 439,518 446,511 469,513 476,508 511,513 536,513 543,508 549,508 558,513 575,512 634,506 655,512 664,512 668,509 686,512 726,505 746,511 775,507 780,514 794,509 805,512 812,507 828,511 893,506 914,509 919,516 925,518 938,514 944,507 1015,506 1036,510 1105,507 1117,512 1121,509 1126,512 1178,509 1203,513 1233,508 1268,510 1282,506 1289,514 1302,506 1307,506 1313,512 1323,509 1330,512 1348,509 1363,513 1380,505 1399,510 1549,508 1556,512 1592,512 1607,517 1658,513 1667,517 1738,515 1750,518 1756,515 1765,518 1772,513 1781,512 1786,516 1798,514 1808,518 1819,511 1833,511 1838,521 1855,511 1860,511 1868,518 1878,514 1892,514 1892,465 1861,464 1858,459 1849,457 1829,459 1826,463 1820,458 1805,458 1794,464 1729,465 1720,459 1706,462 1701,458 1686,458 1666,466 1552,465 1539,468 1527,458 1516,456 1484,459 1478,463 1464,463 1452,457 1419,456 1412,459 1400,454 1381,459 1347,461 1307,458 1298,452 1285,452 1269,453 1264,456 1249,454 1241,459 1218,462 1192,462 1168,458 1162,462 1143,460 1133,464 1120,464 1099,456 1089,457 1085,462 1039,462 1033,453 1015,453 1009,462 938,463 920,466 911,465 892,454 863,452 851,458 831,453 821,458 800,457 791,451"/>
        <Baseline points="354,501 959,497 1892,503"/>
        <Word id="region0000_line0006_word0000" custom="readingOrder {index:0;}">
          <Coords points="577,465 411,467 411,511 414,511 421,512 429,518 439,518 446,511 469,513 476,508 511,513 536,513 543,508 549,508 558,513 575,512 577,511"/>
          <TextEquiv conf="0.92921674">
            <Unicode>Herren</Unicode>
          </TextEquiv>
        </Word>
        <Word id="region0000_line0006_word0001" custom="readingOrder {index:1;}">
          <Coords points="633,468 590,468 590,510 594,510 633,506"/>
          <TextEquiv conf="0.9316555">
            <Unicode>in</Unicode>
          </TextEquiv>
        </Word>
        <Word id="region0000_line0006_word0002" custom="readingOrder {index:2;}">
          <Coords points="716,469 648,470 648,510 651,510 665,510 668,509 677,510 695,510 716,506"/>
          <TextEquiv conf="0.9195105">
            <Unicode>der</Unicode>
          </TextEquiv>
        </Word>
        <Word id="region0000_line0006_word0003" custom="readingOrder {index:3;}">
          <Coords points="844,462 726,463 726,505 746,511 775,507 780,514 794,509 805,512 812,507 828,511 844,509"/>
          <TextEquiv conf="0.9317617">
            <Unicode>That</Unicode>
          </TextEquiv>
        </Word>
        <Word id="region0000_line0006_word0004" custom="readingOrder {index:4;}">
          <Coords points="860,461 860,508 893,506 914,509 919,516 923,517 926,517 938,514 944,507 1015,506 1036,510 1105,507 1117,512 1121,509 1126,512 1153,510 1153,461 1143,460 1133,464 1120,464 1107,459 1087,459 1085,462 1039,462 1037,459 1010,459 1009,462 938,463 920,466 911,465 903,460"/>
          <TextEquiv conf="0.9319826">
            <Unicode>Dependenten</Unicode>
          </TextEquiv>
        </Word>
        <Word id="region0000_line0006_word0005" custom="readingOrder {index:5;}">
          <Coords points="1168,463 1256,462 1256,506 1168,507"/>
          <TextEquiv conf="0.9303309">
            <Unicode>von</Unicode>
          </TextEquiv>
        </Word>
        <Word id="region0000_line0006_word0006" custom="readingOrder {index:6;}">
          <Coords points="1264,459 1264,509 1268,510 1282,506 1287,512 1291,512 1302,506 1307,506 1313,512 1323,509 1330,512 1348,509 1359,512 1364,512 1376,506 1376,459 1347,461 1314,458"/>
          <TextEquiv conf="0.92137027">
            <Unicode>ihren</Unicode>
          </TextEquiv>
        </Word>
        <Word id="region0000_line0006_word0007" custom="readingOrder {index:7;}">
          <Coords points="1390,461 1390,508 1395,509 1513,508 1549,508 1550,508 1626,508 1626,466 1552,465 1539,468 1530,460 1482,461 1478,463 1464,463 1459,461"/>
          <TextEquiv conf="0.92345273">
            <Unicode>Miniſtern,</Unicode>
          </TextEquiv>
        </Word>
        <Word id="region0000_line0006_word0008" custom="readingOrder {index:8;}">
          <Coords points="1655,502 1722,502 1722,460 1720,459 1706,462 1701,458 1686,458 1666,466 1655,465"/>
          <TextEquiv conf="0.9311449">
            <Unicode>als</Unicode>
          </TextEquiv>
        </Word>
        <Word id="region0000_line0006_word0009" custom="readingOrder {index:9;}">
          <Coords points="1737,509 1880,508 1880,464 1861,464 1858,459 1849,457 1829,459 1826,463 1820,458 1805,458 1794,464 1737,464"/>
          <TextEquiv conf="0.9220338">
            <Unicode>welche</Unicode>
          </TextEquiv>
        </Word>
        <TextEquiv conf="0.927246">
          <Unicode>Herren in der That Dependenten von ihren Miniſtern, als welche</Unicode>
        </TextEquiv>
      </TextLine>
      <TextLine id="region0000_line0007" custom="readingOrder {index:5;}">
        <Coords points="631,507 617,508 605,513 578,515 559,515 549,509 543,509 534,515 494,516 489,510 476,509 468,515 461,516 456,512 446,512 439,519 429,519 421,513 414,512 354,513 355,564 412,566 438,561 444,568 465,567 472,572 480,572 489,566 520,567 535,563 546,564 552,558 557,558 564,562 564,573 568,574 575,574 594,566 605,566 616,572 629,564 648,567 686,565 687,569 695,570 702,570 713,563 718,563 732,568 738,559 759,561 774,558 785,565 793,564 800,570 808,570 816,565 865,567 904,566 913,562 923,562 930,568 942,564 963,564 977,567 994,561 1010,569 1021,568 1028,562 1036,562 1049,568 1087,567 1098,571 1112,566 1183,568 1188,565 1215,565 1222,569 1245,569 1255,562 1265,562 1269,565 1282,563 1286,566 1299,567 1324,565 1328,568 1340,565 1355,568 1364,563 1389,566 1417,564 1426,570 1443,569 1449,563 1476,563 1480,568 1487,568 1493,564 1513,566 1526,564 1536,568 1555,563 1563,569 1597,563 1604,575 1617,569 1634,567 1644,566 1649,570 1670,570 1675,567 1697,568 1700,571 1723,566 1743,568 1752,573 1812,571 1826,577 1837,570 1856,573 1861,570 1893,569 1892,520 1872,520 1860,512 1855,512 1838,522 1833,512 1819,512 1808,519 1798,515 1786,517 1781,513 1772,514 1764,520 1721,520 1717,517 1667,518 1658,514 1607,518 1582,513 1577,516 1557,516 1549,509 1533,509 1523,515 1497,509 1480,511 1475,515 1389,513 1386,508 1380,506 1366,514 1348,510 1320,514 1313,513 1307,507 1302,507 1289,515 1282,507 1268,511 1233,509 1208,514 1185,513 1178,510 1164,510 1151,514 1118,514 1099,509 1086,510 1078,515 1064,515 1031,514 1025,508 1015,507 996,509 991,514 959,515 954,509 944,508 938,515 925,519 915,513 899,512 893,507 881,507 875,511 828,512 812,508 805,513 794,510 780,515 775,508 765,508 759,512 741,512 734,507 720,506 706,512 652,513 646,509"/>
        <Baseline points="355,554 786,550 1893,558"/>
        <Word id="region0000_line0007_word0000" custom="readingOrder {index:0;}">
          <Coords points="600,520 410,522 410,565 412,566 438,561 444,568 465,567 472,572 480,572 489,566 520,567 535,563 546,564 552,558 557,558 564,562 564,573 568,574 575,574 594,566 600,566"/>
          <TextEquiv conf="0.9233586">
            <Unicode>diejenige</Unicode>
          </TextEquiv>
        </Word>
        <Word id="word_1657698964255_712" custom="readingOrder {index:1;}">
          <Coords points="608,520 835,513 835,565 808,570 616,572 608,568"/>
          <TextEquiv>
            <Unicode>Freyheit/</Unicode>
          </TextEquiv>
        </Word>
        <Word id="region0000_line0007_word0003" custom="readingOrder {index:2;}">
          <Coords points="913,520 850,520 851,566 904,566 913,562 914,562"/>
          <TextEquiv conf="0.9279926">
            <Unicode>die</Unicode>
          </TextEquiv>
        </Word>
        <Word id="region0000_line0007_word0004" custom="readingOrder {index:3;}">
          <Coords points="1074,518 927,519 927,566 930,568 942,564 963,564 977,567 994,561 1010,569 1021,568 1028,562 1036,562 1049,568 1074,567"/>
          <TextEquiv conf="0.92128617">
            <Unicode>ſonſten</Unicode>
          </TextEquiv>
        </Word>
        <Word id="region0000_line0007_word0005" custom="readingOrder {index:4;}">
          <Coords points="1081,516 1082,567 1109,566 1112,566 1131,566 1186,566 1188,565 1215,565 1216,565 1250,565 1255,562 1265,562 1269,565 1282,563 1284,565 1361,564 1364,563 1375,564 1415,564 1414,513 1395,513 1367,513 1366,514 1363,513 1321,513 1320,514 1318,513 1290,514 1289,515 1288,514"/>
          <TextEquiv conf="0.5270274">
            <Unicode>Land⸗Staͤnden</Unicode>
          </TextEquiv>
        </Word>
        <Word id="word_1657698974287_719" custom="readingOrder {index:5;}">
          <Coords points="1426,514 1430,513 1582,513 1620,516 1623,517 1624,568 1607,574 1427,569"/>
          <TextEquiv>
            <Unicode>zuſtehet/</Unicode>
          </TextEquiv>
        </Word>
        <Word id="region0000_line0007_word0008" custom="readingOrder {index:6;}">
          <Coords points="1631,517 1632,560 1688,559 1687,517 1667,518 1663,516"/>
          <TextEquiv conf="0.6205125">
            <Unicode>in</Unicode>
          </TextEquiv>
        </Word>
        <Word id="region0000_line0007_word0009" custom="readingOrder {index:7;}">
          <Coords points="1770,515 1764,520 1721,520 1717,517 1701,517 1702,561 1801,560 1800,516 1798,515 1798,515 1786,517 1784,515"/>
          <TextEquiv conf="0.9179053">
            <Unicode>weit</Unicode>
          </TextEquiv>
        </Word>
        <Word id="region0000_line0007_word0010" custom="readingOrder {index:8;}">
          <Coords points="1815,565 1880,565 1879,520 1872,520 1860,512 1855,512 1838,522 1833,512 1819,512 1814,515"/>
          <TextEquiv conf="0.91467494">
            <Unicode>hoͤ⸗</Unicode>
          </TextEquiv>
        </Word>
        <TextEquiv>
          <Unicode>diejenige Freyheit/ die ſonſten Land⸗Staͤnden zuſtehet/ in weit hoͤ⸗</Unicode>
        </TextEquiv>
      </TextLine>
      <TextLine id="region0000_line0008" custom="readingOrder {index:6;}">
        <Coords points="552,559 546,565 535,564 523,566 518,570 497,569 480,573 472,573 466,569 444,570 438,562 406,569 355,565 354,621 407,621 422,626 438,619 447,623 509,623 549,618 642,618 647,622 677,619 687,622 746,614 755,618 762,616 769,620 789,616 808,621 823,621 835,615 853,615 862,621 881,624 939,626 984,622 992,628 1001,628 1009,620 1070,625 1085,620 1098,623 1102,618 1118,616 1126,621 1141,620 1147,623 1162,621 1212,624 1227,619 1237,618 1246,623 1285,620 1302,629 1321,628 1331,623 1366,622 1373,617 1393,617 1401,620 1414,616 1461,622 1510,616 1522,623 1535,621 1541,627 1552,627 1566,619 1577,619 1589,628 1601,628 1606,623 1641,626 1666,620 1672,625 1684,621 1704,621 1725,628 1754,626 1785,629 1806,623 1822,627 1836,624 1845,629 1872,629 1892,627 1893,609 1893,576 1852,575 1844,571 1837,571 1826,578 1818,575 1752,574 1743,569 1723,567 1716,567 1707,572 1674,568 1668,573 1661,569 1649,571 1644,567 1634,568 1628,572 1604,576 1597,564 1563,570 1555,564 1536,569 1496,565 1480,569 1476,564 1449,564 1443,570 1426,571 1418,566 1379,568 1369,564 1356,569 1288,569 1282,564 1269,566 1265,563 1255,563 1245,570 1132,571 1128,568 1098,572 1058,571 1045,569 1036,563 1028,563 1019,570 1010,570 994,562 977,568 944,565 930,569 923,563 913,563 904,567 814,568 800,571 786,567 774,559 759,562 738,560 732,569 713,564 702,571 685,569 643,571 641,565 629,565 616,573 581,572 568,575 563,573 563,562"/>
        <Baseline points="354,610 848,605 901,612 1418,607 1893,615"/>
        <Word id="region0000_line0008_word0000" custom="readingOrder {index:0;}">
          <Coords points="360,572 360,621 407,621 422,626 438,619 447,623 509,623 511,622 511,571 487,571 480,573 472,573 469,571"/>
          <TextEquiv conf="0.2449266">
            <Unicode>hern</Unicode>
          </TextEquiv>
        </Word>
        <Word id="region0000_line0008_word0001" custom="readingOrder {index:1;}">
          <Coords points="529,565 523,566 520,568 520,616 637,615 637,565 629,565 616,573 581,572 568,575 563,573 563,565 546,565 546,565 544,565"/>
          <TextEquiv conf="0.9158266">
            <Unicode>Grad</Unicode>
          </TextEquiv>
        </Word>
        <Word id="region0000_line0008_word0002" custom="readingOrder {index:2;}">
          <Coords points="668,570 647,571 647,619 714,618 746,614 755,618 755,618 762,616 765,618 781,618 789,616 795,618 831,617 835,615 850,615 850,568 812,568 800,571 792,569 704,569 702,571 690,570"/>
          <TextEquiv>
            <Unicode>ausuͤben.</Unicode>
          </TextEquiv>
        </Word>
        <Word id="region0000_line0008_word0003" custom="readingOrder {index:3;}">
          <Coords points="906,568 906,623 977,623 984,622 985,623 1007,622 1009,620 1036,622 1078,622 1078,572 1058,571 1045,569 1042,567 1022,567 1019,570 1010,570 1005,567 978,568 977,568 973,568 934,568 930,569 929,568"/>
          <TextEquiv conf="0.9239535">
            <Unicode>Dahero</Unicode>
          </TextEquiv>
        </Word>
        <Word id="region0000_line0008_word0004" custom="readingOrder {index:4;}">
          <Coords points="1088,577 1190,576 1190,614 1088,615"/>
          <TextEquiv conf="0.9271085">
            <Unicode>man</Unicode>
          </TextEquiv>
        </Word>
        <Word id="region0000_line0008_word0005" custom="readingOrder {index:5;}">
          <Coords points="1204,615 1285,614 1285,567 1248,567 1245,570 1204,570"/>
          <TextEquiv conf="0.9304194">
            <Unicode>mit</Unicode>
          </TextEquiv>
        </Word>
        <Word id="region0000_line0008_word0006" custom="readingOrder {index:6;}">
          <Coords points="1357,568 1356,569 1298,569 1298,623 1343,622 1366,622 1373,617 1393,617 1401,620 1414,616 1424,617 1424,569 1421,568"/>
          <TextEquiv conf="0.92786145">
            <Unicode>guten</Unicode>
          </TextEquiv>
        </Word>
        <Word id="region0000_line0008_word0007" custom="readingOrder {index:7;}">
          <Coords points="1447,566 1443,570 1441,570 1441,619 1445,620 1479,620 1510,616 1516,619 1566,619 1566,619 1577,619 1577,619 1879,617 1879,576 1852,575 1844,571 1837,571 1826,578 1818,575 1752,574 1743,569 1723,567 1716,567 1707,572 1674,568 1668,573 1661,569 1649,571 1644,567 1634,568 1628,572 1604,576 1598,565 1592,565 1563,570 1557,565 1550,565 1536,569 1502,566 1493,566 1480,569 1477,566"/>
          <TextEquiv>
            <Unicode>Wahrheits⸗Grunde</Unicode>
          </TextEquiv>
        </Word>
        <TextEquiv>
          <Unicode>hern Grad ausuͤben. Dahero man mit guten Wahrheits⸗Grunde</Unicode>
        </TextEquiv>
      </TextLine>
      <TextLine id="region0000_line0009" custom="readingOrder {index:7;}">
        <Coords points="734,615 719,621 702,622 683,623 677,620 647,623 642,619 630,619 625,623 598,624 570,623 564,618 549,619 525,625 452,627 438,620 422,627 354,627 354,680 406,680 408,685 416,687 424,685 430,680 446,679 449,683 464,687 474,686 498,676 550,681 556,678 569,679 588,673 602,676 617,672 624,680 636,670 644,670 648,673 662,671 680,676 691,675 729,680 748,675 768,677 813,672 875,673 881,667 888,667 898,673 939,671 965,675 970,672 995,671 1004,676 1094,677 1098,680 1108,673 1122,678 1152,674 1161,680 1216,682 1231,690 1238,689 1243,681 1363,683 1401,678 1522,677 1650,683 1725,683 1753,685 1753,696 1758,701 1768,700 1773,694 1774,686 1893,685 1892,631 1845,630 1836,625 1822,628 1818,625 1804,624 1785,630 1725,629 1704,622 1684,622 1672,626 1666,621 1657,621 1632,629 1589,629 1580,621 1566,620 1558,627 1541,628 1521,625 1518,620 1510,617 1471,620 1462,626 1445,624 1438,619 1411,617 1400,622 1393,618 1373,618 1365,624 1330,625 1321,629 1302,630 1285,621 1275,621 1267,625 1247,625 1237,619 1227,620 1211,626 1167,626 1147,625 1141,621 1126,622 1118,617 1102,619 1098,624 1085,621 1077,626 1041,628 1031,628 1025,621 1009,621 1001,629 992,629 866,624 860,623 853,616 835,616 821,623 804,622 802,619 789,617 769,621 762,617 755,619 746,615"/>
        <Baseline points="354,669 940,662 1221,671 1892,675"/>
        <Word id="region0000_line0009_word0000" custom="readingOrder {index:0;}">
          <Coords points="534,631 414,632 414,686 416,687 424,685 430,680 446,679 449,683 464,687 474,686 498,676 534,679"/>
          <TextEquiv conf="0.7593531">
            <Unicode>ſagen</Unicode>
          </TextEquiv>
        </Word>
        <Word id="word_1657699000569_734" custom="readingOrder {index:1;}">
          <Coords points="542,632 618,631 640,632 640,670 624,680 542,679"/>
          <TextEquiv>
            <Unicode>kan/</Unicode>
          </TextEquiv>
        </Word>
        <Word id="region0000_line0009_word0003" custom="readingOrder {index:2;}">
          <Coords points="749,627 668,628 668,673 680,676 691,675 729,680 748,675 749,675"/>
          <TextEquiv conf="0.920536">
            <Unicode>daß</Unicode>
          </TextEquiv>
        </Word>
        <Word id="region0000_line0009_word0004" custom="readingOrder {index:3;}">
          <Coords points="817,630 755,630 755,675 758,676 777,676 813,672 817,672"/>
          <TextEquiv conf="0.920536">
            <Unicode>die</Unicode>
          </TextEquiv>
        </Word>
        <Word id="region0000_line0009_word0005" custom="readingOrder {index:4;}">
          <Coords points="828,626 828,672 875,673 881,667 888,667 898,673 939,671 965,675 970,672 995,671 1003,675 1106,674 1108,673 1112,674 1144,674 1144,623 1098,623 1098,624 1096,623 1081,624 1077,626 1041,628 1031,628 1028,624 1006,624 1001,629 992,629 899,625"/>
          <TextEquiv conf="0.9076413">
            <Unicode>Souverainetaͤt</Unicode>
          </TextEquiv>
        </Word>
        <Word id="region0000_line0009_word0006" custom="readingOrder {index:5;}">
          <Coords points="1154,626 1154,675 1161,680 1216,682 1218,683 1241,683 1243,681 1268,681 1268,625 1212,625 1211,626 1167,626 1165,625"/>
          <TextEquiv conf="0.9226957">
            <Unicode>mehr</Unicode>
          </TextEquiv>
        </Word>
        <Word id="region0000_line0009_word0007" custom="readingOrder {index:6;}">
          <Coords points="1275,628 1275,676 1366,676 1366,628 1323,628 1321,629 1302,630 1298,628"/>
          <TextEquiv conf="0.92275137">
            <Unicode>dem</Unicode>
          </TextEquiv>
        </Word>
        <Word id="region0000_line0009_word0008" custom="readingOrder {index:7;}">
          <Coords points="1375,622 1375,669 1607,668 1607,629 1589,629 1580,621 1565,621 1558,627 1541,628 1521,625 1519,621 1469,622 1462,626 1445,624 1442,622 1400,622 1400,622 1400,622"/>
          <TextEquiv conf="0.92419696">
            <Unicode>Miniſterio</Unicode>
          </TextEquiv>
        </Word>
        <Word id="region0000_line0009_word0009" custom="readingOrder {index:8;}">
          <Coords points="1648,623 1632,629 1622,629 1622,672 1689,671 1689,623 1680,623 1672,626 1668,623"/>
          <TextEquiv conf="0.9323611">
            <Unicode>als</Unicode>
          </TextEquiv>
        </Word>
        <Word id="region0000_line0009_word0010" custom="readingOrder {index:9;}">
          <Coords points="1697,625 1698,683 1725,683 1753,685 1753,686 1774,686 1774,686 1788,686 1787,629 1785,630 1725,629 1712,625"/>
          <TextEquiv conf="0.67129487">
            <Unicode>dem</Unicode>
          </TextEquiv>
        </Word>
        <Word id="region0000_line0009_word0011" custom="readingOrder {index:10;}">
          <Coords points="1795,672 1879,672 1879,630 1845,630 1836,625 1822,628 1818,625 1804,624 1795,626"/>
          <TextEquiv conf="0.67129487">
            <Unicode>Re⸗</Unicode>
          </TextEquiv>
        </Word>
        <TextEquiv>
          <Unicode>ſagen kan/ daß die Souverainetaͤt mehr dem Miniſterio als dem Re⸗</Unicode>
        </TextEquiv>
      </TextLine>
      <TextLine id="region0000_line0010" custom="readingOrder {index:8;}">
        <Coords points="881,668 874,676 813,673 722,681 717,678 680,677 662,672 649,676 644,671 636,671 624,681 616,673 602,677 588,674 569,680 550,682 513,682 506,677 498,677 490,682 464,688 436,682 420,688 355,688 355,748 440,747 446,739 482,736 566,735 573,742 583,742 590,734 634,734 644,735 653,743 661,743 668,736 683,736 693,746 702,745 714,735 725,734 917,734 923,743 936,743 945,735 993,735 1003,736 1016,748 1035,746 1043,736 1126,734 1130,735 1137,745 1148,746 1157,735 1268,735 1273,730 1273,702 1270,698 1215,685 1161,681 1152,675 1137,675 1125,680 1110,674 1099,681 1035,681 1005,679 995,672 945,678 939,672 930,672 902,674 898,678 893,669"/>
        <Baseline points="355,734 553,725 1273,726"/>
        <Word id="region0000_line0010_word0000" custom="readingOrder {index:0;}">
          <Coords points="559,691 413,692 413,745 441,744 446,739 482,736 559,735"/>
          <TextEquiv conf="0.93126607">
            <Unicode>genten</Unicode>
          </TextEquiv>
        </Word>
        <Word id="region0000_line0010_word0001" custom="readingOrder {index:1;}">
          <Coords points="682,684 573,684 573,742 583,742 590,734 634,734 644,735 653,743 661,743 668,736 682,736"/>
          <TextEquiv conf="0.9243698">
            <Unicode>ſelbſt</Unicode>
          </TextEquiv>
        </Word>
        <Word id="region0000_line0010_word0002" custom="readingOrder {index:2;}">
          <Coords points="787,695 691,696 691,744 693,746 693,746 702,745 714,735 725,734 787,734"/>
          <TextEquiv conf="0.9243698">
            <Unicode>zum</Unicode>
          </TextEquiv>
        </Word>
        <Word id="region0000_line0010_word0003" custom="readingOrder {index:3;}">
          <Coords points="794,678 794,734 917,734 921,740 938,740 945,735 993,735 996,735 996,676 958,676 945,678 943,676 899,676 898,678 897,676"/>
          <TextEquiv conf="0.9312678">
            <Unicode>Vortheil</Unicode>
          </TextEquiv>
        </Word>
        <Word id="region0000_line0010_word0004" custom="readingOrder {index:4;}">
          <Coords points="1009,684 1009,742 1011,743 1036,743 1043,736 1126,734 1130,735 1135,743 1150,743 1157,735 1193,735 1193,683 1188,683"/>
          <TextEquiv conf="0.93097854">
            <Unicode>gereiche.</Unicode>
          </TextEquiv>
        </Word>
        <TextEquiv conf="0.9284504">
          <Unicode>genten ſelbſt zum Vortheil gereiche.</Unicode>
        </TextEquiv>
      </TextLine>
      <TextEquiv>
        <Unicode>Allein die ſchaͤdlichen Wirckungen und Folgen eines abſoluten Re⸗
giments ſind unabhelfflich/ und nicht anders zu verbeſſern und zu
heben/ als entweder durch eine ſpaͤte Bereuung/ oder gaͤntzliche
Veraͤnderung der Regiments Form. Uberdem ſind ſouveraine
Herren in der That Dependenten von ihren Miniſtern, als welche
diejenige Freyheit/ die ſonſten Land⸗Staͤnden zuſtehet/ in weit hoͤ⸗
hern Grad ausuͤben. Dahero man mit guten Wahrheits⸗Grunde
ſagen kan/ daß die Souverainetaͤt mehr dem Miniſterio als dem Re⸗
genten ſelbſt zum Vortheil gereiche.</Unicode>
      </TextEquiv>
    </TextRegion>
    <TextRegion orientation="0.42343202" type="heading" readingDirection="left-to-right" id="TextRegion_1657698879570_670" custom="readingOrder {index:1;} structure {type:heading;}">
      <Coords points="358,768 1893,768 1893,844 358,844"/>
      <TextLine id="region0001_line0001" custom="readingOrder {index:0;}">
        <Coords points="1099,769 1007,773 1004,777 1005,816 1010,821 1023,822 1024,843 1031,847 1053,849 1130,848 1137,840 1141,840 1152,850 1166,850 1174,848 1182,837 1191,837 1197,841 1247,840 1283,839 1288,834 1288,805 1283,798 1290,792 1290,780 1285,775 1275,775 1268,769 1256,770 1253,774 1257,798 1251,799 1249,785 1244,780 1167,779 1154,777 1150,768"/>
        <Baseline points="1023,831 1288,830"/>
        <Word id="word_1657699030096_747" custom="readingOrder {index:0;}">
          <Coords points="1090,788 1211,786 1211,840 1197,841 1191,837 1182,837 1174,848 1166,850 1152,850 1141,840 1137,840 1130,848 1090,848"/>
          <TextEquiv>
            <Unicode>§.9.</Unicode>
          </TextEquiv>
        </Word>
        <TextEquiv>
          <Unicode>§.9.</Unicode>
        </TextEquiv>
      </TextLine>
      <TextEquiv>
        <Unicode>§.9.</Unicode>
      </TextEquiv>
    </TextRegion>
    <TextRegion orientation="0.42343202" readingDirection="left-to-right" id="TextRegion_1657698879569_669" custom="readingOrder {index:2;}">
      <Coords points="358,844 1893,844 1893,2077 1889,2134 418,2134 358,2077"/>
      <TextLine id="region0001_line0002" custom="readingOrder {index:0;}">
        <Coords points="1667,813 1660,820 1660,841 1663,851 1658,855 1636,854 1629,848 1616,848 1612,851 1533,851 1476,860 1440,859 1428,852 1412,853 1404,858 1374,858 1367,853 1355,853 1340,859 1330,854 1318,854 1309,860 1273,862 1229,860 1229,848 1223,842 1213,843 1208,857 1196,857 1197,842 1191,838 1182,838 1175,851 1152,852 1145,842 1137,841 1131,850 1141,857 1128,860 1120,860 1108,850 1094,854 1087,848 1072,850 1072,860 1063,861 1022,855 1015,851 933,855 924,850 909,850 897,856 876,856 869,848 855,848 843,856 821,857 815,849 801,848 788,857 770,857 764,850 753,850 748,855 740,855 729,854 723,848 707,848 702,852 681,851 671,854 643,849 599,847 494,849 489,854 489,893 494,898 527,898 532,906 546,909 577,906 588,911 601,908 633,912 648,909 656,912 667,911 677,917 688,912 699,911 708,917 720,916 728,911 757,912 769,909 781,913 850,912 855,917 864,912 888,913 897,909 907,912 914,908 923,914 935,915 1031,914 1068,917 1088,915 1092,918 1136,914 1143,920 1161,920 1171,912 1189,911 1193,919 1209,920 1217,913 1235,914 1242,907 1250,907 1257,915 1291,914 1297,918 1312,914 1327,917 1349,911 1355,916 1430,919 1452,912 1462,912 1469,917 1489,918 1510,914 1607,912 1619,907 1635,907 1642,912 1650,908 1667,912 1679,908 1689,908 1695,912 1719,912 1739,908 1756,913 1788,914 1811,911 1825,920 1838,920 1866,911 1892,911 1893,860 1822,858 1817,853 1804,853 1799,858 1678,856 1674,852 1681,844 1683,818 1678,813"/>
        <Baseline points="489,886 593,898 1080,904 1893,899"/>
        <Word id="region0001_line0002_word0000" custom="readingOrder {index:0;}">
          <Coords points="580,887 665,887 665,852 643,849 599,847 580,847"/>
          <TextEquiv conf="0.93238664">
            <Unicode>Die</Unicode>
          </TextEquiv>
        </Word>
        <Word id="region0001_line0002_word0001" custom="readingOrder {index:1;}">
          <Coords points="674,894 951,892 951,854 933,855 924,850 909,850 897,856 876,856 869,848 855,848 843,856 821,857 815,849 801,848 788,857 770,857 764,850 753,850 748,855 740,855 729,854 723,848 707,848 702,852 681,851 674,853"/>
          <TextEquiv conf="0.9287417">
            <Unicode>ſcheinbahrſte</Unicode>
          </TextEquiv>
        </Word>
        <Word id="word_1657699040157_755" custom="readingOrder {index:2;}">
          <Coords points="954,866 1132,854 1177,851 1186,851 1220,857 1224,861 1230,873 1230,904 954,904"/>
          <TextEquiv>
            <Unicode>Einwuͤrffe/</Unicode>
          </TextEquiv>
        </Word>
        <Word id="region0001_line0002_word0004" custom="readingOrder {index:3;}">
          <Coords points="1242,899 1392,898 1392,868 1374,868 1367,863 1355,863 1340,869 1330,864 1318,864 1309,870 1273,872 1242,870"/>
          <TextEquiv conf="0.9284862">
            <Unicode>welche</Unicode>
          </TextEquiv>
        </Word>
        <Word id="word_1657698879618_674" custom="readingOrder {index:4;}">
          <Coords points="1405,865 1412,861 1428,860 1440,867 1476,868 1533,859 1612,859 1616,856 1629,856 1636,862 1658,863 1663,859 1660,852 1681,852 1674,860 1678,864 1736,864 1736,911 1405,913"/>
          <TextEquiv>
            <Unicode>Land⸗Staͤnden</Unicode>
          </TextEquiv>
        </Word>
        <Word id="region0001_line0002_word0006" custom="readingOrder {index:5;}">
          <Coords points="1751,887 1879,886 1879,859 1822,858 1817,853 1804,853 1799,858 1751,857"/>
          <TextEquiv conf="0.44947517">
            <Unicode>entge⸗</Unicode>
          </TextEquiv>
        </Word>
        <TextEquiv>
          <Unicode>Die ſcheinbahrſte Einwuͤrffe/ welche Land⸗Staͤnden entge⸗</Unicode>
        </TextEquiv>
      </TextLine>
      <TextLine id="region0001_line0003" custom="readingOrder {index:1;}">
        <Coords points="426,894 420,900 416,913 414,902 409,897 401,897 396,901 380,899 374,907 358,908 359,967 403,963 407,969 418,972 460,964 466,967 498,967 508,974 525,975 539,964 553,964 556,974 568,972 572,968 589,967 591,971 604,975 615,972 618,967 642,967 651,963 665,963 680,968 698,963 709,966 722,965 727,968 787,967 791,970 815,968 825,964 838,965 842,971 851,974 859,973 865,967 894,966 925,971 938,969 962,972 979,971 996,966 1037,970 1066,966 1075,972 1083,969 1104,968 1120,969 1124,972 1133,972 1137,969 1160,972 1169,967 1177,969 1184,966 1207,973 1246,972 1253,967 1269,971 1303,966 1310,973 1323,971 1340,978 1350,975 1352,971 1370,971 1374,973 1433,971 1446,977 1458,970 1487,966 1516,967 1526,972 1536,967 1594,968 1612,974 1628,972 1633,968 1728,969 1734,972 1754,969 1775,970 1780,966 1797,970 1893,967 1892,915 1881,912 1866,912 1838,921 1825,921 1811,912 1801,916 1769,916 1734,909 1710,915 1696,914 1689,909 1679,909 1673,913 1650,909 1642,913 1635,908 1619,908 1598,915 1555,914 1499,920 1469,920 1462,913 1452,913 1444,920 1371,920 1370,917 1355,917 1349,912 1332,919 1267,919 1258,917 1250,908 1240,909 1234,918 1215,918 1209,921 1193,920 1189,912 1171,913 1161,921 1143,921 1138,918 1109,916 1050,919 947,917 923,915 914,909 907,913 892,911 887,915 864,913 855,918 851,915 782,915 769,910 762,910 754,915 741,913 708,918 692,913 677,918 648,910 637,914 615,914 598,909 589,913 577,907 562,908 553,914 462,911 445,913 444,897 440,894"/>
        <Baseline points="359,954 1893,956"/>
        <Word id="region0001_line0003_word0000" custom="readingOrder {index:0;}">
          <Coords points="399,899 396,901 380,899 374,907 362,908 363,965 383,965 403,963 404,965 459,964 460,964 461,964 494,964 493,912 462,911 445,913 444,898 421,899 420,900 416,913 414,902 411,899"/>
          <TextEquiv>
            <Unicode>gen</Unicode>
          </TextEquiv>
        </Word>
        <Word id="region0001_line0003_word0001" custom="readingOrder {index:1;}">
          <Coords points="657,913 648,910 637,914 615,914 598,909 589,913 577,907 562,908 553,914 506,912 507,965 538,965 539,964 553,964 553,965 649,964 651,963 658,963"/>
          <TextEquiv conf="0.9306238">
            <Unicode>geſetzet</Unicode>
          </TextEquiv>
        </Word>
        <Word id="word_1657699074920_776" custom="readingOrder {index:2;}">
          <Coords points="676,918 692,913 762,910 769,910 893,911 893,966 872,966 677,962"/>
          <TextEquiv>
            <Unicode>werden/</Unicode>
          </TextEquiv>
        </Word>
        <Word id="region0001_line0003_word0004" custom="readingOrder {index:3;}">
          <Coords points="895,953 1081,952 1080,917 1050,919 947,917 923,915 914,909 907,913 894,911"/>
          <TextEquiv conf="0.9289844">
            <Unicode>kommen</Unicode>
          </TextEquiv>
        </Word>
        <Word id="region0001_line0003_word0005" custom="readingOrder {index:4;}">
          <Coords points="1101,952 1187,951 1186,912 1171,913 1161,921 1143,921 1138,918 1109,916 1100,916"/>
          <TextEquiv conf="0.93193144">
            <Unicode>wol</Unicode>
          </TextEquiv>
        </Word>
        <Word id="region0001_line0003_word0006" custom="readingOrder {index:5;}">
          <Coords points="1200,959 1363,958 1362,917 1355,917 1349,912 1332,919 1267,919 1258,917 1250,908 1240,909 1234,918 1215,918 1209,921 1199,920"/>
          <TextEquiv conf="0.91944665">
            <Unicode>darauf</Unicode>
          </TextEquiv>
        </Word>
        <Word id="word_1657699084028_782" custom="readingOrder {index:6;}">
          <Coords points="1372,920 1452,913 1460,913 1461,957 1413,964 1373,965"/>
          <TextEquiv>
            <Unicode>an/</Unicode>
          </TextEquiv>
        </Word>
        <Word id="region0001_line0003_word0009" custom="readingOrder {index:7;}">
          <Coords points="1499,950 1532,949 1531,917 1499,920 1498,920"/>
          <TextEquiv conf="0.9130917">
            <Unicode>1.</Unicode>
          </TextEquiv>
        </Word>
        <Word id="region0001_line0003_word0010" custom="readingOrder {index:8;}">
          <Coords points="1554,952 1635,952 1634,908 1619,908 1598,915 1555,914 1553,914"/>
          <TextEquiv conf="0.9302191">
            <Unicode>daß</Unicode>
          </TextEquiv>
        </Word>
        <Word id="region0001_line0003_word0011" custom="readingOrder {index:9;}">
          <Coords points="1649,946 1710,946 1709,914 1696,914 1689,909 1679,909 1673,913 1650,909 1648,909"/>
          <TextEquiv conf="0.9295536">
            <Unicode>die</Unicode>
          </TextEquiv>
        </Word>
        <Word id="region0001_line0003_word0012" custom="readingOrder {index:10;}">
          <Coords points="1723,950 1881,949 1880,912 1866,912 1838,921 1825,921 1811,912 1801,916 1769,916 1734,909 1722,911"/>
          <TextEquiv conf="0.9274913">
            <Unicode>Landes</Unicode>
          </TextEquiv>
        </Word>
        <TextEquiv>
          <Unicode>gen geſetzet werden/ kommen wol darauf an/ 1. daß die Landes</Unicode>
        </TextEquiv>
      </TextLine>
      <TextLine id="region0001_line0004" custom="readingOrder {index:2;}">
        <Coords points="448,965 440,970 418,973 405,968 359,969 359,1022 426,1021 444,1023 462,1019 475,1022 483,1028 501,1031 512,1028 518,1020 528,1020 536,1025 562,1022 574,1031 591,1030 601,1024 646,1024 652,1030 658,1031 672,1024 719,1025 760,1020 779,1020 797,1025 811,1023 820,1030 831,1030 839,1024 863,1025 868,1022 925,1026 941,1024 945,1027 998,1022 1005,1028 1035,1024 1060,1028 1127,1026 1131,1029 1154,1029 1163,1034 1173,1030 1191,1033 1206,1029 1218,1029 1227,1033 1250,1023 1254,1026 1284,1026 1288,1030 1304,1030 1309,1026 1358,1027 1364,1033 1378,1035 1393,1033 1402,1026 1497,1026 1505,1021 1517,1020 1523,1032 1533,1033 1545,1030 1548,1023 1580,1027 1590,1022 1611,1019 1709,1022 1739,1019 1752,1024 1765,1022 1771,1026 1780,1020 1798,1022 1811,1019 1821,1030 1841,1025 1893,1024 1893,973 1804,972 1782,967 1772,972 1745,973 1649,971 1612,975 1511,972 1506,968 1487,967 1479,968 1472,974 1455,974 1446,978 1419,972 1409,975 1353,974 1340,979 1331,975 1310,974 1303,967 1291,967 1275,974 1257,968 1245,974 1223,975 1201,973 1184,967 1177,970 1169,968 1160,973 1119,973 1104,969 1095,973 1075,973 1066,967 1047,971 996,967 979,972 962,973 925,972 894,967 887,971 864,971 851,975 840,971 838,966 825,965 807,969 805,972 771,972 730,971 722,966 709,967 698,964 690,971 673,971 672,967 665,964 651,964 637,971 617,971 604,976 590,971 556,975 553,965 539,965 525,976 508,975 499,970 465,969 460,965"/>
        <Baseline points="359,1006 1178,1017 1893,1012"/>
        <Word id="region0001_line0004_word0000" custom="readingOrder {index:0;}">
          <Coords points="775,976 414,979 414,1021 426,1021 444,1023 462,1019 475,1022 483,1028 501,1031 512,1028 518,1020 528,1020 536,1025 562,1022 574,1031 591,1030 601,1024 646,1024 652,1030 658,1031 672,1024 719,1025 760,1020 775,1020"/>
          <TextEquiv conf="0.9287731">
            <Unicode>Augelegenheiten</Unicode>
          </TextEquiv>
        </Word>
        <Word id="region0001_line0004_word0001" custom="readingOrder {index:1;}">
          <Coords points="889,975 789,976 789,1022 797,1025 811,1023 820,1030 831,1030 839,1024 863,1025 868,1022 889,1023"/>
          <TextEquiv conf="0.92770517">
            <Unicode>ohne</Unicode>
          </TextEquiv>
        </Word>
        <Word id="region0001_line0004_word0002" custom="readingOrder {index:2;}">
          <Coords points="964,1024 964,980 895,980 895,1023 896,1024 941,1024"/>
          <TextEquiv conf="0.93063956">
            <Unicode>der</Unicode>
          </TextEquiv>
        </Word>
        <Word id="region0001_line0004_word0003" custom="readingOrder {index:3;}">
          <Coords points="1148,1024 1148,975 973,976 973,1024 998,1022 1001,1024 1029,1024 1035,1024 1038,1024"/>
          <TextEquiv conf="0.931296">
            <Unicode>Staͤnde</Unicode>
          </TextEquiv>
        </Word>
        <Word id="region0001_line0004_word0004" custom="readingOrder {index:4;}">
          <Coords points="1161,971 1160,973 1157,973 1157,1030 1159,1031 1168,1031 1173,1030 1183,1031 1195,1031 1206,1029 1218,1029 1223,1031 1230,1031 1250,1023 1254,1026 1284,1026 1288,1030 1304,1030 1309,1026 1358,1027 1361,1030 1395,1030 1395,974 1353,974 1340,979 1331,975 1310,974 1306,970 1281,970 1275,974 1266,971 1250,971 1245,974 1223,975 1201,973 1197,971"/>
          <TextEquiv conf="0.9171219">
            <Unicode>Zuziehung</Unicode>
          </TextEquiv>
        </Word>
        <Word id="region0001_line0004_word0005" custom="readingOrder {index:5;}">
          <Coords points="1412,974 1412,974 1412,1018 1510,1017 1510,973 1473,973 1472,974 1455,974 1446,978 1427,974"/>
          <TextEquiv conf="0.9292363">
            <Unicode>weit</Unicode>
          </TextEquiv>
        </Word>
        <Word id="region0001_line0004_word0006" custom="readingOrder {index:6;}">
          <Coords points="1709,979 1525,980 1525,1028 1545,1027 1548,1023 1580,1027 1590,1022 1611,1019 1709,1022"/>
          <TextEquiv conf="0.91248727">
            <Unicode>promter</Unicode>
          </TextEquiv>
        </Word>
        <Word id="region0001_line0004_word0007" custom="readingOrder {index:7;}">
          <Coords points="1716,973 1716,1016 1804,1015 1804,972 1757,972 1745,973 1734,972"/>
          <TextEquiv conf="0.93158746">
            <Unicode>und</Unicode>
          </TextEquiv>
        </Word>
        <Word id="region0001_line0004_word0008" custom="readingOrder {index:8;}">
          <Coords points="1883,977 1818,977 1818,1025 1841,1025 1883,1024"/>
          <TextEquiv conf="0.50506896">
            <Unicode>ge⸗</Unicode>
          </TextEquiv>
        </Word>
        <TextEquiv conf="0.87932396">
          <Unicode>Augelegenheiten ohne der Staͤnde Zuziehung weit promter und ge⸗</Unicode>
        </TextEquiv>
      </TextLine>
      <TextLine id="region0001_line0005" custom="readingOrder {index:3;}">
        <Coords points="455,1020 444,1024 426,1022 413,1025 359,1025 359,1081 406,1081 408,1085 420,1088 431,1080 442,1080 444,1083 457,1086 469,1080 574,1081 603,1076 609,1079 621,1078 633,1084 655,1086 661,1082 672,1081 749,1079 762,1082 782,1077 800,1079 808,1076 830,1076 840,1081 915,1083 919,1087 931,1090 941,1089 948,1084 1014,1083 1025,1078 1034,1078 1044,1079 1050,1084 1068,1082 1083,1090 1102,1082 1117,1088 1123,1087 1128,1081 1134,1081 1141,1087 1151,1084 1161,1088 1172,1083 1200,1083 1204,1086 1213,1086 1232,1083 1240,1084 1248,1080 1406,1083 1428,1077 1444,1077 1456,1084 1475,1082 1479,1085 1488,1085 1497,1082 1506,1088 1524,1081 1540,1081 1549,1076 1575,1081 1603,1077 1620,1077 1636,1081 1653,1077 1667,1080 1671,1077 1700,1075 1713,1081 1730,1082 1741,1081 1749,1076 1761,1080 1768,1076 1773,1080 1798,1079 1800,1084 1808,1086 1816,1085 1824,1076 1838,1081 1893,1080 1893,1029 1841,1026 1821,1031 1811,1020 1798,1023 1780,1021 1771,1027 1765,1023 1751,1026 1739,1020 1721,1022 1715,1026 1691,1026 1657,1024 1645,1019 1611,1020 1580,1028 1548,1028 1533,1034 1523,1033 1517,1021 1505,1022 1492,1027 1489,1031 1444,1031 1425,1026 1416,1031 1400,1029 1393,1034 1378,1036 1360,1031 1288,1031 1267,1025 1254,1027 1250,1024 1227,1034 1220,1031 1201,1034 1173,1031 1163,1035 1147,1030 1057,1031 1044,1025 1031,1026 1027,1030 1005,1029 998,1023 975,1024 970,1029 950,1030 888,1027 884,1024 868,1023 862,1027 820,1031 811,1024 797,1026 779,1021 760,1021 731,1027 666,1029 658,1032 647,1027 600,1026 587,1032 574,1032 562,1023 536,1027 531,1022 518,1021 512,1029 500,1032"/>
        <Baseline points="359,1069 801,1066 1110,1072 1638,1064 1893,1069"/>
        <Word id="region0001_line0005_word0000" custom="readingOrder {index:0;}">
          <Coords points="626,1033 412,1035 412,1086 420,1088 431,1080 442,1080 444,1083 457,1086 469,1080 574,1081 603,1076 609,1079 621,1078 626,1080"/>
          <TextEquiv conf="0.9277944">
            <Unicode>ſchwinder</Unicode>
          </TextEquiv>
        </Word>
        <Word id="region0001_line0005_word0001" custom="readingOrder {index:1;}">
          <Coords points="729,1042 635,1043 635,1084 655,1086 661,1082 672,1081 729,1079"/>
          <TextEquiv conf="0.9272933">
            <Unicode>zum</Unicode>
          </TextEquiv>
        </Word>
        <Word id="region0001_line0005_word0002" custom="readingOrder {index:2;}">
          <Coords points="972,1031 740,1033 740,1079 749,1079 762,1082 782,1077 800,1079 808,1076 830,1076 840,1081 915,1083 919,1087 920,1087 943,1087 948,1084 972,1083"/>
          <TextEquiv conf="0.92564005">
            <Unicode>Stande</Unicode>
          </TextEquiv>
        </Word>
        <Word id="region0001_line0005_word0003" custom="readingOrder {index:3;}">
          <Coords points="964,1029 950,1030 919,1028 919,1087 931,1090 941,1089 948,1084 964,1083"/>
          <TextEquiv conf="0.8840316">
            <Unicode>zu</Unicode>
          </TextEquiv>
        </Word>
        <Word id="word_1657699102458_789" custom="readingOrder {index:4;}">
          <Coords points="980,1028 1003,1027 1049,1027 1147,1030 1176,1031 1187,1032 1187,1083 1165,1086 1076,1086 980,1083"/>
          <TextEquiv>
            <Unicode>bringen/</Unicode>
          </TextEquiv>
        </Word>
        <Word id="region0001_line0005_word0006" custom="readingOrder {index:5;}">
          <Coords points="1202,1078 1273,1077 1272,1029 1237,1029 1227,1034 1220,1031 1201,1033"/>
          <TextEquiv conf="0.92712957">
            <Unicode>als</Unicode>
          </TextEquiv>
        </Word>
        <Word id="region0001_line0005_word0007" custom="readingOrder {index:6;}">
          <Coords points="1286,1036 1287,1076 1408,1075 1407,1035 1384,1035 1378,1036 1375,1035"/>
          <TextEquiv conf="0.9273789">
            <Unicode>wenn</Unicode>
          </TextEquiv>
        </Word>
        <Word id="region0001_line0005_word0008" custom="readingOrder {index:7;}">
          <Coords points="1423,1026 1422,1027 1422,1078 1428,1077 1444,1077 1455,1083 1457,1083 1475,1082 1477,1083 1492,1083 1497,1082 1499,1083 1517,1083 1524,1081 1540,1081 1549,1076 1575,1081 1591,1078 1591,1026 1587,1026 1580,1028 1548,1028 1533,1034 1523,1033 1519,1026 1493,1026 1492,1027 1489,1031 1444,1031 1428,1026"/>
          <TextEquiv conf="0.92995924">
            <Unicode>vorhero</Unicode>
          </TextEquiv>
        </Word>
        <Word id="region0001_line0005_word0009" custom="readingOrder {index:8;}">
          <Coords points="1601,1027 1602,1077 1603,1077 1620,1077 1636,1081 1653,1077 1667,1080 1671,1077 1700,1075 1713,1081 1730,1082 1741,1081 1749,1076 1761,1080 1768,1076 1773,1080 1798,1079 1799,1082 1819,1081 1824,1076 1838,1081 1883,1080 1882,1028 1841,1026 1821,1031 1816,1025 1773,1026 1771,1027 1769,1026 1751,1026 1751,1026 1751,1026"/>
          <TextEquiv conf="0.51350677">
            <Unicode>Berahtſchla⸗</Unicode>
          </TextEquiv>
        </Word>
        <TextEquiv>
          <Unicode>ſchwinder zum Stande zu bringen/ als wenn vorhero Berahtſchla⸗</Unicode>
        </TextEquiv>
      </TextLine>
      <TextLine id="region0001_line0006" custom="readingOrder {index:4;}">
        <Coords points="597,1077 587,1083 506,1085 468,1082 456,1087 430,1082 420,1089 409,1086 359,1088 359,1139 404,1138 414,1143 429,1143 441,1141 450,1135 482,1134 510,1141 524,1137 531,1131 550,1134 556,1130 573,1131 580,1135 598,1135 617,1130 644,1136 666,1137 694,1137 707,1132 713,1132 717,1136 750,1133 763,1140 767,1140 774,1132 798,1138 810,1135 823,1137 828,1132 852,1131 861,1137 867,1137 872,1133 891,1132 899,1136 919,1133 929,1138 938,1138 943,1133 952,1132 960,1142 970,1146 984,1146 997,1139 1007,1138 1020,1143 1033,1139 1079,1141 1101,1136 1106,1139 1149,1136 1179,1138 1190,1132 1196,1132 1203,1139 1221,1135 1233,1140 1263,1132 1283,1135 1287,1130 1295,1129 1301,1134 1308,1132 1318,1136 1356,1133 1363,1139 1389,1136 1393,1139 1403,1139 1416,1135 1424,1140 1432,1137 1454,1138 1458,1135 1537,1138 1559,1135 1565,1130 1565,1121 1574,1120 1575,1127 1580,1132 1599,1141 1611,1139 1622,1142 1627,1139 1667,1136 1680,1140 1696,1133 1714,1131 1729,1131 1747,1138 1778,1132 1788,1132 1793,1137 1825,1134 1832,1143 1840,1144 1855,1142 1865,1137 1893,1136 1893,1084 1839,1084 1827,1077 1814,1087 1789,1084 1785,1078 1773,1081 1768,1077 1761,1081 1749,1077 1736,1083 1713,1083 1710,1079 1700,1076 1689,1076 1675,1082 1636,1082 1620,1078 1575,1082 1549,1077 1540,1082 1522,1083 1512,1088 1500,1085 1455,1086 1444,1078 1428,1078 1418,1081 1415,1085 1402,1086 1263,1085 1248,1081 1240,1085 1215,1087 1186,1087 1172,1084 1161,1089 1153,1086 1141,1088 1134,1082 1128,1082 1123,1088 1117,1089 1102,1083 1083,1091 1068,1083 1050,1085 1044,1080 1025,1079 1011,1085 963,1088 951,1085 938,1091 931,1091 916,1086 882,1083 840,1083 830,1077 808,1077 800,1080 782,1078 743,1084 661,1083 650,1087 633,1085 621,1079"/>
        <Baseline points="359,1127 627,1121 1415,1125 1577,1116 1623,1125 1893,1124"/>
        <Word id="region0001_line0006_word0000" custom="readingOrder {index:0;}">
          <Coords points="527,1099 413,1100 413,1142 414,1143 429,1143 441,1141 450,1135 482,1134 510,1141 524,1137 527,1134"/>
          <TextEquiv conf="0.9273237">
            <Unicode>gung</Unicode>
          </TextEquiv>
        </Word>
        <Word id="region0001_line0006_word0001" custom="readingOrder {index:1;}">
          <Coords points="624,1092 544,1093 544,1133 550,1134 556,1130 573,1131 580,1135 598,1135 617,1130 624,1131"/>
          <TextEquiv conf="0.92886484">
            <Unicode>mit</Unicode>
          </TextEquiv>
        </Word>
        <Word id="region0001_line0006_word0002" custom="readingOrder {index:2;}">
          <Coords points="887,1089 637,1091 637,1134 644,1136 666,1137 694,1137 707,1132 713,1132 717,1136 750,1133 763,1140 767,1140 774,1132 798,1138 810,1135 823,1137 828,1132 852,1131 861,1137 867,1137 872,1133 887,1132"/>
          <TextEquiv conf="0.927314">
            <Unicode>denenſelben</Unicode>
          </TextEquiv>
        </Word>
        <Word id="region0001_line0006_word0003" custom="readingOrder {index:3;}">
          <Coords points="908,1091 908,1135 919,1133 929,1138 938,1138 943,1133 952,1132 960,1142 970,1146 984,1146 997,1139 1007,1138 1020,1143 1033,1139 1079,1141 1101,1136 1106,1139 1142,1136 1142,1089 1087,1089 1083,1091 1080,1090 939,1091 938,1091 931,1091 930,1091"/>
          <TextEquiv>
            <Unicode>angeſtellet</Unicode>
          </TextEquiv>
        </Word>
        <Word id="region0001_line0006_word0004" custom="readingOrder {index:4;}">
          <Coords points="1323,1134 1323,1092 1160,1093 1160,1135 1184,1134 1190,1132 1196,1132 1198,1134 1253,1134 1263,1132 1278,1134 1283,1134 1287,1130 1295,1129 1301,1134 1308,1132 1313,1134"/>
          <TextEquiv conf="0.91438186">
            <Unicode>werden</Unicode>
          </TextEquiv>
        </Word>
        <Word id="region0001_line0006_word0005" custom="readingOrder {index:5;}">
          <Coords points="1457,1086 1344,1087 1344,1133 1356,1133 1363,1139 1389,1136 1393,1139 1403,1139 1416,1135 1422,1139 1425,1139 1432,1137 1454,1138 1457,1135"/>
          <TextEquiv conf="0.92722696">
            <Unicode>muß.</Unicode>
          </TextEquiv>
        </Word>
        <Word id="region0001_line0006_word0006" custom="readingOrder {index:6;}">
          <Coords points="1577,1084 1518,1084 1512,1088 1506,1086 1506,1134 1561,1133 1565,1130 1565,1121 1574,1120 1575,1127 1577,1129"/>
          <TextEquiv>
            <Unicode>2ᵈᵒ</Unicode>
          </TextEquiv>
        </Word>
        <Word id="region0001_line0006_word0007" custom="readingOrder {index:7;}">
          <Coords points="1704,1084 1599,1085 1599,1139 1631,1138 1667,1136 1674,1138 1684,1138 1696,1133 1704,1132"/>
          <TextEquiv conf="0.87690336">
            <Unicode>Daß</Unicode>
          </TextEquiv>
        </Word>
        <Word id="region0001_line0006_word0008" custom="readingOrder {index:8;}">
          <Coords points="1723,1084 1723,1131 1729,1131 1747,1138 1778,1132 1788,1132 1793,1137 1825,1134 1831,1141 1857,1141 1865,1137 1882,1136 1882,1084 1839,1084 1838,1083 1819,1083 1814,1087 1789,1084 1789,1084"/>
          <TextEquiv conf="0.90861434">
            <Unicode>Koͤnige</Unicode>
          </TextEquiv>
        </Word>
        <TextEquiv>
          <Unicode>gung mit denenſelben angeſtellet werden muß. 2ᵈᵒ Daß Koͤnige</Unicode>
        </TextEquiv>
      </TextLine>
      <TextLine id="region0001_line0007" custom="readingOrder {index:5;}">
        <Coords points="556,1131 550,1135 531,1132 524,1138 510,1142 482,1135 446,1139 429,1144 407,1141 359,1142 358,1187 432,1186 465,1192 507,1190 516,1196 525,1197 539,1196 546,1191 595,1189 604,1196 628,1190 654,1193 683,1191 695,1197 701,1195 708,1189 726,1189 733,1186 763,1188 768,1191 780,1186 804,1190 904,1189 920,1185 932,1190 991,1188 998,1192 1038,1194 1058,1202 1079,1202 1087,1197 1098,1195 1131,1195 1143,1189 1158,1189 1170,1196 1193,1192 1200,1198 1210,1198 1218,1191 1228,1188 1245,1187 1254,1193 1290,1192 1297,1197 1337,1191 1352,1194 1382,1191 1405,1196 1410,1191 1430,1190 1438,1193 1452,1187 1458,1188 1466,1195 1473,1188 1488,1190 1496,1194 1502,1190 1510,1192 1543,1190 1552,1185 1559,1190 1569,1188 1579,1192 1603,1194 1623,1194 1634,1190 1657,1194 1680,1192 1690,1198 1699,1198 1709,1192 1753,1193 1761,1202 1777,1202 1781,1198 1781,1193 1787,1189 1812,1189 1817,1192 1892,1191 1893,1140 1867,1138 1840,1145 1832,1144 1825,1135 1793,1138 1785,1132 1765,1135 1758,1139 1738,1139 1729,1132 1714,1132 1696,1134 1680,1141 1627,1140 1622,1143 1591,1140 1575,1128 1568,1129 1555,1140 1503,1141 1486,1140 1482,1137 1470,1137 1467,1140 1432,1138 1423,1141 1416,1136 1407,1140 1384,1141 1363,1140 1356,1134 1318,1137 1308,1133 1301,1135 1295,1130 1289,1130 1283,1136 1263,1133 1233,1141 1221,1136 1203,1141 1196,1133 1190,1133 1176,1141 1167,1141 1161,1137 1149,1137 1144,1141 1107,1141 1101,1137 1096,1140 1083,1140 1081,1143 1045,1140 1040,1143 1031,1141 1020,1144 1012,1141 970,1147 960,1143 952,1133 943,1134 937,1142 932,1142 919,1134 907,1134 898,1140 897,1136 891,1133 872,1134 865,1140 860,1140 859,1136 852,1132 828,1133 823,1140 792,1139 774,1133 767,1141 763,1141 750,1134 717,1137 713,1133 707,1133 695,1139 672,1139 635,1137 626,1131 580,1136 573,1132"/>
        <Baseline points="359,1178 1893,1179"/>
        <Word id="region0001_line0007_word0000" custom="readingOrder {index:0;}">
          <Coords points="499,1151 413,1152 413,1186 432,1186 465,1192 499,1190"/>
          <TextEquiv conf="0.9202412">
            <Unicode>und</Unicode>
          </TextEquiv>
        </Word>
        <Word id="word_1657699171778_809" custom="readingOrder {index:1;}">
          <Coords points="512,1145 680,1144 709,1147 709,1189 701,1195 695,1197 525,1197 516,1196 512,1193"/>
          <TextEquiv>
            <Unicode>Fuͤrſten/</Unicode>
          </TextEquiv>
        </Word>
        <Word id="region0001_line0007_word0003" custom="readingOrder {index:2;}">
          <Coords points="803,1146 725,1146 725,1189 726,1189 733,1186 763,1188 768,1191 780,1186 803,1189"/>
          <TextEquiv conf="0.8941779">
            <Unicode>die</Unicode>
          </TextEquiv>
        </Word>
        <Word id="region0001_line0007_word0004" custom="readingOrder {index:3;}">
          <Coords points="817,1141 817,1188 912,1186 920,1185 924,1186 996,1186 996,1143 970,1147 960,1143 957,1139 938,1139 937,1142 932,1142 928,1139"/>
          <TextEquiv conf="0.91598165">
            <Unicode>abſolute</Unicode>
          </TextEquiv>
        </Word>
        <Word id="word_1657699192799_816" custom="readingOrder {index:4;}">
          <Coords points="1013,1141 1101,1137 1184,1136 1219,1136 1221,1136 1226,1138 1226,1188 1210,1198 1082,1199 1052,1199 1013,1192"/>
          <TextEquiv>
            <Unicode>regieren/</Unicode>
          </TextEquiv>
        </Word>
        <Word id="region0001_line0007_word0007" custom="readingOrder {index:5;}">
          <Coords points="1252,1136 1248,1137 1249,1190 1254,1193 1290,1192 1294,1195 1313,1195 1337,1191 1352,1194 1382,1191 1396,1194 1407,1194 1410,1191 1430,1190 1438,1193 1452,1187 1458,1188 1464,1194 1467,1194 1473,1188 1488,1190 1495,1193 1497,1193 1502,1190 1510,1192 1543,1190 1552,1185 1551,1140 1503,1141 1486,1140 1482,1137 1470,1137 1467,1140 1432,1138 1423,1141 1416,1136 1407,1140 1384,1141 1363,1140 1357,1135 1338,1135 1318,1137 1314,1136 1283,1136 1283,1136 1282,1136"/>
          <TextEquiv conf="0.928013">
            <Unicode>ſich</Unicode>
          </TextEquiv>
        </Word>
        <Word id="region0001_line0007_word0008" custom="readingOrder {index:6;}">
          <Coords points="1421,1139 1416,1136 1407,1140 1384,1141 1363,1140 1356,1134 1354,1134 1354,1193 1382,1191 1405,1196 1410,1191 1421,1190"/>
          <TextEquiv conf="0.92026156">
            <Unicode>bey</Unicode>
          </TextEquiv>
        </Word>
        <Word id="region0001_line0007_word0009" custom="readingOrder {index:7;}">
          <Coords points="1551,1140 1503,1141 1486,1140 1482,1137 1470,1137 1467,1140 1444,1138 1444,1190 1452,1187 1458,1188 1464,1193 1467,1193 1473,1188 1488,1190 1495,1193 1496,1193 1502,1190 1510,1192 1543,1190 1551,1185"/>
          <TextEquiv conf="0.9219829">
            <Unicode>denen</Unicode>
          </TextEquiv>
        </Word>
        <Word id="region0001_line0007_word0010" custom="readingOrder {index:8;}">
          <Coords points="1564,1135 1564,1188 1569,1188 1579,1192 1603,1194 1623,1194 1634,1190 1657,1194 1680,1192 1690,1198 1699,1198 1709,1192 1753,1193 1759,1199 1779,1199 1781,1198 1781,1193 1787,1189 1812,1189 1817,1192 1883,1191 1883,1139 1867,1138 1840,1145 1832,1144 1825,1135 1793,1138 1787,1133 1773,1133 1765,1135 1758,1139 1738,1139 1731,1133 1695,1134 1680,1141 1627,1140 1622,1143 1591,1140 1584,1134"/>
          <TextEquiv conf="0.92655015">
            <Unicode>benachbahrten</Unicode>
          </TextEquiv>
        </Word>
        <TextEquiv>
          <Unicode>und Fuͤrſten/ die abſolute regieren/ ſich bey denen benachbahrten</Unicode>
        </TextEquiv>
      </TextLine>
      <TextLine id="region0001_line0008" custom="readingOrder {index:6;}">
        <Coords points="358,1188 359,1245 444,1242 451,1239 468,1242 490,1239 626,1241 633,1237 645,1237 652,1241 686,1240 692,1245 702,1239 713,1239 721,1244 746,1242 754,1245 763,1242 815,1242 829,1239 870,1242 962,1240 971,1242 1034,1239 1054,1247 1084,1249 1099,1248 1107,1242 1115,1243 1125,1245 1134,1255 1151,1253 1163,1244 1191,1248 1212,1242 1223,1242 1231,1247 1243,1244 1251,1247 1265,1240 1281,1241 1287,1247 1325,1244 1332,1248 1347,1246 1371,1248 1376,1250 1407,1243 1424,1246 1443,1241 1463,1245 1476,1242 1488,1244 1496,1241 1511,1243 1521,1240 1529,1245 1552,1245 1560,1251 1566,1250 1575,1241 1595,1242 1599,1246 1610,1244 1630,1247 1638,1239 1643,1238 1646,1241 1652,1242 1650,1248 1654,1253 1684,1241 1689,1241 1696,1247 1716,1245 1727,1249 1737,1241 1749,1240 1756,1233 1761,1233 1768,1240 1780,1243 1796,1241 1806,1245 1821,1240 1832,1245 1846,1242 1861,1244 1866,1241 1893,1241 1893,1193 1817,1193 1812,1190 1787,1190 1782,1193 1782,1198 1777,1203 1761,1203 1754,1195 1739,1193 1729,1193 1725,1196 1707,1194 1699,1199 1690,1199 1683,1195 1647,1196 1638,1191 1625,1192 1622,1196 1594,1193 1582,1196 1576,1191 1559,1191 1552,1186 1543,1191 1511,1193 1502,1191 1496,1195 1488,1191 1473,1189 1468,1196 1452,1188 1439,1194 1405,1197 1385,1193 1381,1196 1358,1197 1342,1192 1334,1193 1333,1196 1318,1194 1297,1198 1287,1194 1255,1194 1245,1188 1228,1189 1218,1192 1210,1199 1200,1199 1195,1195 1170,1197 1158,1190 1143,1190 1131,1196 1087,1198 1079,1203 1058,1203 1048,1197 1003,1196 991,1189 977,1189 971,1193 965,1189 950,1189 943,1191 941,1195 934,1195 929,1188 920,1186 909,1187 903,1193 896,1188 884,1188 876,1195 811,1194 801,1189 791,1190 785,1187 772,1192 733,1187 727,1192 712,1192 695,1198 681,1192 617,1194 611,1197 605,1197 596,1191 587,1194 549,1193 545,1196 526,1198 484,1192 453,1192 446,1188 432,1187"/>
        <Baseline points="359,1232 1628,1235 1893,1228"/>
        <Word id="region0001_line0008_word0000" custom="readingOrder {index:0;}">
          <Coords points="659,1201 415,1203 415,1243 444,1242 451,1239 468,1242 490,1239 626,1241 633,1237 645,1237 652,1241 659,1240"/>
          <TextEquiv conf="0.91996443">
            <Unicode>Potentaten</Unicode>
          </TextEquiv>
        </Word>
        <Word id="region0001_line0008_word0001" custom="readingOrder {index:1;}">
          <Coords points="766,1198 668,1199 668,1240 686,1240 690,1243 694,1243 702,1239 713,1239 720,1243 728,1243 746,1242 749,1243 759,1243 763,1242 766,1242"/>
          <TextEquiv conf="0.9252246">
            <Unicode>weit</Unicode>
          </TextEquiv>
        </Word>
        <Word id="region0001_line0008_word0002" custom="readingOrder {index:2;}">
          <Coords points="773,1196 773,1240 826,1240 829,1239 836,1240 1041,1238 1040,1197 1003,1196 1000,1194 941,1195 941,1195 934,1195 934,1195"/>
          <TextEquiv conf="0.82787097">
            <Unicode>formidabler</Unicode>
          </TextEquiv>
        </Word>
        <Word id="region0001_line0008_word0003" custom="readingOrder {index:3;}">
          <Coords points="1134,1194 1131,1196 1087,1198 1079,1203 1058,1203 1048,1197 1048,1245 1054,1247 1084,1249 1099,1248 1107,1242 1115,1243 1125,1245 1134,1254 1139,1254 1151,1253 1163,1244 1191,1248 1212,1242 1213,1242 1212,1197 1210,1199 1200,1199 1195,1195 1170,1197 1165,1194"/>
          <TextEquiv conf="0.919794">
            <Unicode>machen</Unicode>
          </TextEquiv>
        </Word>
        <Word id="word_1657699208430_822" custom="readingOrder {index:4;}">
          <Coords points="1222,1194 1338,1192 1343,1192 1390,1194 1397,1195 1397,1245 1379,1245 1223,1240"/>
          <TextEquiv>
            <Unicode>koͤnnen/</Unicode>
          </TextEquiv>
        </Word>
        <Word id="region0001_line0008_word0006" custom="readingOrder {index:5;}">
          <Coords points="1443,1192 1439,1194 1416,1196 1417,1237 1487,1237 1486,1192 1470,1192 1468,1196 1460,1192"/>
          <TextEquiv conf="0.92412615">
            <Unicode>als</Unicode>
          </TextEquiv>
        </Word>
        <Word id="word_1657699216102_828" custom="readingOrder {index:6;}">
          <Coords points="1499,1193 1502,1191 1551,1187 1553,1187 1707,1194 1717,1195 1737,1197 1737,1241 1718,1245 1651,1246 1554,1247 1529,1245 1500,1242"/>
          <TextEquiv>
            <Unicode>diejenigen/</Unicode>
          </TextEquiv>
        </Word>
        <Word id="region0001_line0008_word0009" custom="readingOrder {index:7;}">
          <Coords points="1793,1235 1793,1192 1783,1192 1782,1193 1782,1198 1777,1203 1761,1203 1754,1195 1754,1235 1756,1233 1761,1233 1763,1235"/>
          <TextEquiv>
            <Unicode>ſo</Unicode>
          </TextEquiv>
        </Word>
        <Word id="region0001_line0008_word0010" custom="readingOrder {index:8;}">
          <Coords points="1801,1193 1883,1193 1883,1235 1801,1235"/>
          <TextEquiv conf="0.32067025">
            <Unicode>der⸗</Unicode>
          </TextEquiv>
        </Word>
        <TextEquiv>
          <Unicode>Potentaten weit formidabler machen koͤnnen/ als diejenigen/ ſo der⸗</Unicode>
        </TextEquiv>
      </TextLine>
      <TextLine id="region0001_line0009" custom="readingOrder {index:7;}">
        <Coords points="633,1238 625,1242 624,1246 603,1247 540,1246 538,1242 531,1240 511,1241 505,1246 496,1240 490,1240 482,1241 477,1246 469,1246 467,1242 451,1240 437,1247 359,1252 358,1298 405,1300 409,1305 434,1309 461,1299 513,1296 525,1300 551,1299 575,1293 765,1292 808,1295 812,1301 826,1304 846,1294 861,1297 871,1294 880,1297 888,1291 894,1291 901,1294 910,1293 922,1301 947,1294 954,1303 988,1298 1002,1303 1020,1304 1032,1297 1060,1298 1072,1303 1084,1299 1131,1297 1139,1288 1151,1288 1161,1299 1185,1297 1197,1290 1204,1290 1212,1303 1227,1301 1230,1298 1240,1299 1259,1290 1281,1295 1298,1291 1305,1291 1308,1294 1320,1291 1328,1298 1333,1293 1350,1290 1358,1294 1382,1292 1387,1301 1403,1301 1407,1305 1417,1305 1433,1295 1452,1292 1498,1296 1502,1299 1559,1297 1569,1302 1584,1299 1595,1302 1606,1296 1624,1298 1635,1290 1654,1291 1660,1297 1698,1297 1713,1293 1742,1300 1779,1299 1801,1287 1807,1293 1815,1293 1824,1298 1836,1294 1848,1297 1875,1297 1892,1295 1893,1291 1893,1244 1832,1246 1821,1241 1806,1246 1768,1241 1764,1248 1758,1251 1748,1241 1737,1242 1727,1250 1716,1246 1696,1248 1691,1243 1684,1242 1654,1254 1649,1248 1651,1242 1646,1242 1643,1239 1638,1240 1629,1249 1575,1242 1563,1252 1552,1246 1529,1246 1521,1241 1511,1244 1498,1242 1488,1245 1476,1243 1470,1246 1443,1242 1424,1247 1407,1244 1376,1251 1371,1249 1332,1249 1325,1245 1287,1248 1281,1242 1265,1241 1251,1248 1231,1248 1223,1243 1212,1243 1191,1249 1163,1245 1151,1254 1134,1256 1125,1247 1115,1244 1107,1243 1099,1249 1084,1250 1054,1248 1034,1240 1012,1240 999,1245 974,1245 962,1241 924,1242 918,1245 852,1245 844,1240 829,1240 808,1246 763,1247 728,1246 713,1240 702,1240 696,1246 686,1241 666,1241 659,1246 653,1246 648,1239"/>
        <Baseline points="358,1289 1321,1284 1427,1274 1515,1284 1893,1283"/>
        <Word id="region0001_line0009_word0000" custom="readingOrder {index:0;}">
          <Coords points="589,1252 415,1254 415,1305 434,1309 461,1299 513,1296 525,1300 551,1299 575,1293 589,1292"/>
          <TextEquiv conf="0.9270798">
            <Unicode>gleichen</Unicode>
          </TextEquiv>
        </Word>
        <Word id="region0001_line0009_word0001" custom="readingOrder {index:1;}">
          <Coords points="788,1251 610,1252 610,1292 765,1292 788,1293"/>
          <TextEquiv conf="0.91924477">
            <Unicode>abſolute</Unicode>
          </TextEquiv>
        </Word>
        <Word id="region0001_line0009_word0002" custom="readingOrder {index:2;}">
          <Coords points="1053,1250 803,1252 803,1294 808,1295 812,1301 826,1304 846,1294 861,1297 871,1294 880,1297 888,1291 894,1291 901,1294 910,1293 922,1301 947,1294 954,1303 988,1298 1002,1303 1020,1304 1032,1297 1053,1297"/>
          <TextEquiv conf="0.9144677">
            <Unicode>Herrſchafft</Unicode>
          </TextEquiv>
        </Word>
        <Word id="region0001_line0009_word0003" custom="readingOrder {index:3;}">
          <Coords points="1062,1254 1062,1298 1067,1300 1078,1300 1084,1299 1131,1297 1139,1288 1151,1288 1161,1299 1179,1297 1179,1253 1152,1253 1151,1254 1134,1256 1131,1253"/>
          <TextEquiv conf="0.69408536">
            <Unicode>nicht</Unicode>
          </TextEquiv>
        </Word>
        <Word id="region0001_line0009_word0004" custom="readingOrder {index:4;}">
          <Coords points="1205,1248 1205,1292 1211,1301 1227,1301 1230,1298 1240,1299 1259,1290 1281,1295 1298,1291 1305,1291 1308,1294 1320,1291 1328,1298 1333,1293 1350,1290 1351,1290 1351,1249 1332,1249 1329,1247 1295,1247 1287,1248 1286,1247 1252,1248 1251,1248 1231,1248 1231,1248"/>
          <TextEquiv conf="0.9198664">
            <Unicode>haben.</Unicode>
          </TextEquiv>
        </Word>
        <Word id="region0001_line0009_word0005" custom="readingOrder {index:5;}">
          <Coords points="1468,1249 1396,1249 1396,1301 1403,1301 1406,1304 1418,1304 1433,1295 1452,1292 1468,1293"/>
          <TextEquiv>
            <Unicode>3ᵗⁱᵒ</Unicode>
          </TextEquiv>
        </Word>
        <Word id="region0001_line0009_word0006" custom="readingOrder {index:6;}">
          <Coords points="1592,1252 1552,1246 1529,1246 1521,1241 1511,1244 1498,1242 1498,1296 1502,1299 1559,1297 1592,1299"/>
          <TextEquiv conf="0.88858217">
            <Unicode>Daß</Unicode>
          </TextEquiv>
        </Word>
        <Word id="region0001_line0009_word0007" custom="readingOrder {index:7;}">
          <Coords points="1637,1240 1629,1249 1575,1242 1599,1252 1599,1299 1602,1297 1606,1296 1620,1297 1624,1297 1635,1290 1654,1291 1660,1297 1698,1297 1708,1294 1708,1246 1696,1248 1691,1243 1684,1242 1654,1254 1649,1248 1651,1242 1646,1242 1644,1240"/>
          <TextEquiv conf="0.91857857">
            <Unicode>viele</Unicode>
          </TextEquiv>
        </Word>
        <Word id="region0001_line0009_word0008" custom="readingOrder {index:8;}">
          <Coords points="1732,1246 1727,1250 1722,1248 1722,1295 1787,1295 1801,1287 1807,1293 1815,1293 1818,1294 1835,1294 1836,1294 1837,1294 1884,1294 1884,1245 1858,1245 1832,1246 1831,1245 1808,1245 1806,1246 1802,1246 1765,1246 1764,1248 1758,1251 1753,1246"/>
          <TextEquiv conf="0.92301583">
            <Unicode>Laͤnder</Unicode>
          </TextEquiv>
        </Word>
        <TextEquiv>
          <Unicode>gleichen abſolute Herrſchafft nicht haben. 3ᵗⁱᵒ Daß viele Laͤnder</Unicode>
        </TextEquiv>
      </TextLine>
      <TextLine id="region0001_line0010" custom="readingOrder {index:8;}">
        <Coords points="621,1293 611,1297 575,1294 551,1300 525,1301 513,1297 502,1302 448,1304 434,1310 409,1306 406,1303 358,1302 359,1356 419,1355 432,1358 438,1355 457,1358 471,1357 475,1354 512,1354 523,1357 534,1351 543,1351 568,1357 619,1353 621,1357 634,1359 643,1353 694,1353 711,1348 719,1352 733,1350 759,1354 795,1354 810,1349 822,1349 830,1354 844,1351 849,1354 864,1348 875,1348 917,1354 961,1354 969,1346 975,1344 981,1349 986,1360 994,1361 1001,1357 1014,1363 1030,1361 1038,1351 1060,1355 1072,1352 1085,1355 1180,1354 1202,1351 1214,1354 1234,1347 1240,1347 1248,1351 1260,1349 1264,1352 1273,1352 1277,1349 1295,1352 1308,1348 1318,1352 1328,1349 1346,1352 1370,1347 1381,1347 1388,1354 1399,1352 1404,1347 1420,1350 1433,1345 1446,1347 1450,1351 1483,1348 1493,1352 1513,1349 1559,1352 1568,1346 1579,1348 1584,1345 1598,1345 1607,1351 1626,1353 1634,1350 1711,1349 1724,1352 1749,1345 1761,1351 1776,1348 1798,1354 1810,1354 1815,1351 1893,1351 1892,1298 1856,1296 1824,1299 1815,1294 1807,1294 1803,1288 1779,1300 1742,1301 1713,1294 1698,1298 1674,1299 1660,1298 1654,1292 1635,1291 1624,1299 1595,1303 1587,1300 1569,1303 1559,1298 1502,1300 1498,1297 1452,1293 1430,1299 1417,1306 1407,1306 1403,1302 1392,1304 1377,1297 1359,1299 1357,1294 1350,1291 1333,1294 1328,1299 1320,1292 1310,1295 1298,1292 1285,1295 1283,1300 1280,1295 1269,1295 1265,1291 1259,1291 1240,1300 1212,1304 1206,1292 1197,1291 1182,1301 1175,1298 1163,1299 1139,1305 1117,1298 1075,1304 1060,1299 1029,1301 1020,1305 1002,1304 988,1299 954,1304 947,1295 922,1302 910,1294 901,1295 894,1292 888,1292 880,1298 846,1295 833,1304 819,1305 809,1299 779,1298 765,1293 755,1297 728,1294 722,1297 672,1300 645,1298 639,1293"/>
        <Baseline points="359,1344 1893,1339"/>
        <Word id="region0001_line0010_word0000" custom="readingOrder {index:0;}">
          <Coords points="414,1310 415,1355 419,1355 432,1358 438,1355 457,1358 471,1357 475,1354 512,1354 523,1357 534,1351 537,1351 536,1309 434,1310 434,1310 433,1310"/>
          <TextEquiv conf="0.92634004">
            <Unicode>durch</Unicode>
          </TextEquiv>
        </Word>
        <Word id="region0001_line0010_word0001" custom="readingOrder {index:1;}">
          <Coords points="774,1305 547,1307 547,1352 568,1357 619,1353 621,1357 634,1359 643,1353 694,1353 711,1348 719,1352 733,1350 759,1354 774,1354"/>
          <TextEquiv conf="0.926677">
            <Unicode>Schwerdt</Unicode>
          </TextEquiv>
        </Word>
        <Word id="region0001_line0010_word0002" custom="readingOrder {index:2;}">
          <Coords points="865,1309 781,1310 782,1354 795,1353 810,1349 822,1349 829,1353 832,1353 844,1351 847,1353 851,1353 864,1348 865,1348"/>
          <TextEquiv conf="0.92744875">
            <Unicode>und</Unicode>
          </TextEquiv>
        </Word>
        <Word id="region0001_line0010_word0003" custom="readingOrder {index:3;}">
          <Coords points="877,1304 878,1348 917,1354 961,1354 969,1346 975,1344 981,1349 986,1359 997,1359 999,1358 998,1303 959,1303 954,1304 954,1303"/>
          <TextEquiv conf="0.93087006">
            <Unicode>Krieg</Unicode>
          </TextEquiv>
        </Word>
        <Word id="region0001_line0010_word0004" custom="readingOrder {index:4;}">
          <Coords points="1190,1295 1182,1301 1175,1298 1163,1299 1139,1305 1117,1298 1075,1304 1060,1299 1029,1301 1020,1305 1007,1304 1007,1360 1009,1360 1030,1360 1038,1351 1060,1355 1072,1352 1085,1355 1180,1354 1202,1351 1214,1354 1232,1347 1232,1301 1212,1304 1207,1295"/>
          <TextEquiv conf="0.89062065">
            <Unicode>gewonnen</Unicode>
          </TextEquiv>
        </Word>
        <Word id="word_1657699340531_858" custom="readingOrder {index:5;}">
          <Coords points="1238,1300 1244,1298 1281,1297 1358,1296 1377,1297 1403,1306 1403,1347 1399,1352 1388,1353 1246,1350 1239,1347"/>
          <TextEquiv>
            <Unicode>waͤren/</Unicode>
          </TextEquiv>
        </Word>
        <Word id="region0001_line0010_word0007" custom="readingOrder {index:6;}">
          <Coords points="1426,1301 1419,1305 1420,1347 1428,1347 1433,1345 1445,1347 1568,1346 1568,1346 1569,1346 1582,1346 1584,1345 1597,1345 1596,1303 1595,1303 1587,1300 1587,1300 1569,1303 1563,1300"/>
          <TextEquiv conf="0.9309681">
            <Unicode>alsdann</Unicode>
          </TextEquiv>
        </Word>
        <Word id="region0001_line0010_word0008" custom="readingOrder {index:7;}">
          <Coords points="1628,1295 1624,1299 1605,1301 1606,1347 1703,1346 1702,1296 1698,1298 1674,1299 1660,1298 1657,1295"/>
          <TextEquiv conf="0.8843213">
            <Unicode>aber</Unicode>
          </TextEquiv>
        </Word>
        <Word id="region0001_line0010_word0009" custom="readingOrder {index:8;}">
          <Coords points="1777,1347 1776,1303 1708,1303 1709,1347 1741,1347 1749,1345 1753,1347"/>
          <TextEquiv conf="0.8843213">
            <Unicode>der</Unicode>
          </TextEquiv>
        </Word>
        <Word id="region0001_line0010_word0010" custom="readingOrder {index:9;}">
          <Coords points="1799,1290 1784,1297 1785,1347 1884,1347 1883,1297 1856,1296 1824,1299 1815,1294 1807,1294 1804,1290"/>
          <TextEquiv>
            <Unicode>Lan⸗</Unicode>
          </TextEquiv>
        </Word>
        <TextEquiv>
          <Unicode>durch Schwerdt und Krieg gewonnen waͤren/ alsdann aber der Lan⸗</Unicode>
        </TextEquiv>
      </TextLine>
      <TextLine id="region0001_line0011" custom="readingOrder {index:9;}">
        <Coords points="972,1345 957,1358 893,1356 890,1352 875,1349 860,1350 848,1356 830,1357 822,1350 810,1350 793,1357 758,1357 743,1356 733,1351 721,1355 711,1349 703,1349 688,1357 683,1357 679,1352 666,1352 659,1358 634,1360 608,1357 555,1358 543,1352 534,1352 523,1358 495,1358 490,1355 475,1355 470,1359 432,1359 419,1356 410,1359 359,1358 359,1410 440,1407 447,1413 458,1413 464,1409 474,1410 482,1406 493,1406 512,1408 518,1417 527,1418 545,1413 552,1408 595,1407 605,1411 646,1407 655,1412 692,1412 702,1417 718,1411 724,1414 733,1408 742,1408 747,1413 766,1414 784,1408 791,1412 800,1411 808,1418 818,1417 826,1411 859,1412 872,1409 879,1412 922,1408 933,1411 947,1408 958,1415 983,1412 988,1409 999,1417 1004,1417 1016,1406 1021,1406 1027,1413 1036,1414 1040,1412 1041,1407 1073,1407 1077,1410 1092,1409 1100,1413 1169,1410 1237,1414 1245,1410 1285,1410 1301,1405 1321,1408 1347,1404 1364,1407 1380,1403 1401,1408 1443,1405 1447,1408 1461,1409 1476,1404 1492,1404 1502,1408 1512,1407 1516,1404 1528,1406 1534,1403 1576,1405 1580,1410 1592,1411 1600,1409 1602,1405 1640,1407 1662,1400 1694,1408 1732,1406 1737,1412 1746,1414 1762,1407 1773,1408 1788,1403 1811,1405 1820,1398 1830,1397 1834,1402 1846,1398 1852,1404 1853,1410 1862,1410 1866,1407 1893,1407 1893,1355 1847,1355 1842,1365 1834,1365 1827,1355 1798,1355 1776,1349 1761,1352 1751,1346 1739,1350 1732,1349 1726,1353 1676,1354 1666,1350 1656,1353 1614,1353 1606,1352 1598,1346 1584,1346 1579,1349 1568,1347 1559,1353 1507,1354 1490,1353 1483,1349 1449,1352 1446,1348 1433,1346 1420,1351 1404,1348 1399,1353 1388,1355 1381,1348 1370,1348 1346,1353 1318,1353 1308,1349 1294,1354 1252,1354 1240,1348 1234,1348 1212,1356 1153,1357 1088,1357 1078,1353 1053,1357 1048,1353 1038,1352 1030,1362 1014,1364 1001,1358 994,1362 986,1361 980,1349"/>
        <Baseline points="359,1398 1893,1395"/>
        <Word id="word_1657699353277_869" custom="readingOrder {index:0;}">
          <Coords points="416,1369 534,1352 543,1352 625,1357 625,1407 527,1418 446,1412 416,1407"/>
          <TextEquiv>
            <Unicode>des⸗Herr</Unicode>
          </TextEquiv>
        </Word>
        <Word id="region0001_line0011_word0002" custom="readingOrder {index:1;}">
          <Coords points="739,1360 627,1361 627,1408 646,1407 655,1412 692,1412 698,1415 706,1415 718,1411 724,1414 733,1408 739,1408"/>
          <TextEquiv conf="0.92650557">
            <Unicode>nicht</Unicode>
          </TextEquiv>
        </Word>
        <Word id="region0001_line0011_word0003" custom="readingOrder {index:2;}">
          <Coords points="937,1358 758,1359 758,1413 766,1414 784,1408 791,1412 800,1411 807,1417 810,1417 818,1417 826,1411 859,1412 872,1409 879,1412 922,1408 933,1411 937,1410"/>
          <TextEquiv conf="0.92697614">
            <Unicode>gehalten</Unicode>
          </TextEquiv>
        </Word>
        <Word id="word_1657699365497_877" custom="readingOrder {index:3;}">
          <Coords points="965,1350 980,1350 1044,1352 1069,1354 1069,1407 1036,1414 1004,1417 999,1417 959,1414 959,1356"/>
          <TextEquiv>
            <Unicode>ſey/</Unicode>
          </TextEquiv>
        </Word>
        <Word id="region0001_line0011_word0006" custom="readingOrder {index:4;}">
          <Coords points="1196,1408 1196,1364 1072,1365 1072,1407 1073,1407 1075,1408"/>
          <TextEquiv conf="0.9286224">
            <Unicode>denen</Unicode>
          </TextEquiv>
        </Word>
        <Word id="region0001_line0011_word0007" custom="readingOrder {index:5;}">
          <Coords points="1547,1355 1216,1358 1216,1410 1287,1409 1301,1405 1321,1408 1347,1404 1364,1407 1380,1403 1401,1408 1443,1405 1446,1407 1464,1407 1476,1404 1492,1404 1500,1407 1508,1407 1512,1407 1516,1404 1528,1406 1534,1403 1547,1403"/>
          <TextEquiv conf="0.6733933">
            <Unicode>Land⸗Staͤnden</Unicode>
          </TextEquiv>
        </Word>
        <Word id="region0001_line0011_word0008" custom="readingOrder {index:6;}">
          <Coords points="1560,1354 1560,1404 1576,1405 1579,1409 1597,1409 1600,1409 1602,1405 1640,1407 1646,1405 1646,1353"/>
          <TextEquiv conf="0.9212549">
            <Unicode>ihre</Unicode>
          </TextEquiv>
        </Word>
        <Word id="region0001_line0011_word0009" custom="readingOrder {index:7;}">
          <Coords points="1660,1353 1660,1401 1662,1400 1694,1408 1732,1406 1736,1410 1754,1410 1762,1407 1773,1408 1788,1403 1805,1404 1805,1355 1798,1355 1787,1352 1727,1353 1726,1353 1676,1354 1673,1353"/>
          <TextEquiv conf="0.9227684">
            <Unicode>vorhin</Unicode>
          </TextEquiv>
        </Word>
        <Word id="region0001_line0011_word0010" custom="readingOrder {index:8;}">
          <Coords points="1821,1363 1821,1397 1830,1397 1834,1402 1846,1398 1850,1402 1883,1402 1883,1363 1843,1363 1842,1365 1834,1365 1832,1363"/>
          <TextEquiv>
            <Unicode>ge⸗</Unicode>
          </TextEquiv>
        </Word>
        <TextEquiv>
          <Unicode>des⸗Herr nicht gehalten ſey/ denen Land⸗Staͤnden ihre vorhin ge⸗</Unicode>
        </TextEquiv>
      </TextLine>
      <TextLine id="region0001_line0012" custom="readingOrder {index:10;}">
        <Coords points="482,1407 466,1411 463,1415 446,1415 440,1408 414,1411 410,1414 359,1413 358,1467 423,1468 438,1472 446,1468 469,1469 479,1464 494,1464 504,1470 512,1470 516,1466 523,1469 544,1463 556,1469 572,1470 587,1470 593,1464 603,1464 628,1473 638,1467 660,1468 662,1472 680,1480 702,1468 738,1467 749,1474 767,1474 774,1466 798,1468 803,1465 819,1469 844,1468 849,1464 888,1464 937,1472 998,1468 999,1472 1007,1476 1019,1465 1029,1465 1046,1469 1053,1476 1072,1477 1084,1472 1125,1469 1143,1477 1149,1473 1159,1474 1172,1469 1204,1470 1215,1466 1238,1474 1252,1463 1281,1463 1298,1467 1353,1466 1357,1472 1365,1472 1373,1467 1385,1464 1415,1464 1422,1469 1431,1469 1438,1463 1461,1461 1467,1468 1472,1469 1481,1461 1493,1464 1504,1462 1509,1465 1531,1464 1535,1461 1563,1463 1575,1457 1600,1460 1606,1464 1627,1458 1643,1458 1657,1467 1662,1462 1686,1465 1703,1463 1713,1470 1723,1469 1730,1464 1745,1466 1773,1463 1779,1468 1790,1470 1810,1464 1824,1466 1828,1461 1843,1462 1848,1465 1893,1463 1893,1412 1853,1412 1851,1404 1846,1399 1834,1403 1830,1398 1820,1399 1811,1406 1788,1404 1771,1411 1744,1415 1729,1410 1679,1409 1677,1405 1662,1401 1648,1403 1641,1410 1592,1412 1583,1412 1577,1408 1552,1409 1534,1404 1526,1409 1498,1410 1492,1405 1476,1405 1465,1411 1448,1411 1443,1406 1431,1406 1426,1411 1414,1412 1389,1411 1388,1407 1380,1404 1365,1408 1347,1405 1340,1407 1336,1412 1321,1412 1320,1409 1301,1406 1287,1413 1173,1416 1107,1415 1098,1415 1092,1410 1077,1411 1073,1408 1061,1408 1050,1414 1036,1415 1027,1414 1021,1407 1016,1407 1004,1418 999,1418 989,1413 976,1412 958,1416 947,1409 933,1412 922,1409 879,1413 866,1410 852,1414 808,1419 793,1417 792,1413 784,1409 769,1415 747,1414 742,1409 733,1409 724,1415 715,1414 702,1418 694,1416 658,1415 646,1408 605,1412 595,1408 583,1410 573,1407 552,1409 545,1414 524,1419 518,1418 512,1409 501,1412 493,1407"/>
        <Baseline points="359,1456 1893,1452"/>
        <Word id="region0001_line0012_word0000" custom="readingOrder {index:0;}">
          <Coords points="539,1423 418,1424 418,1467 423,1468 438,1472 446,1468 469,1469 479,1464 494,1464 504,1470 512,1470 516,1466 523,1469 539,1464"/>
          <TextEquiv conf="0.92747897">
            <Unicode>habte</Unicode>
          </TextEquiv>
        </Word>
        <Word id="region0001_line0012_word0001" custom="readingOrder {index:1;}">
          <Coords points="792,1421 548,1423 548,1465 556,1469 572,1470 587,1470 593,1464 603,1464 628,1473 638,1467 660,1468 662,1472 680,1480 702,1468 738,1467 749,1474 767,1474 774,1466 792,1467"/>
          <TextEquiv conf="0.92747897">
            <Unicode>Befugniſſe</Unicode>
          </TextEquiv>
        </Word>
        <Word id="region0001_line0012_word0002" custom="readingOrder {index:2;}">
          <Coords points="889,1424 807,1425 807,1466 819,1469 844,1468 849,1464 888,1464 889,1464"/>
          <TextEquiv conf="0.93145335">
            <Unicode>und</Unicode>
          </TextEquiv>
        </Word>
        <Word id="region0001_line0012_word0003" custom="readingOrder {index:3;}">
          <Coords points="1215,1418 905,1420 906,1467 937,1472 998,1468 999,1472 1007,1476 1019,1465 1029,1465 1046,1469 1053,1476 1071,1477 1072,1477 1084,1472 1125,1469 1142,1476 1144,1476 1149,1473 1159,1474 1172,1469 1204,1470 1215,1466 1216,1466"/>
          <TextEquiv conf="0.9272827">
            <Unicode>Verfaſſungen</Unicode>
          </TextEquiv>
        </Word>
        <Word id="region0001_line0012_word0004" custom="readingOrder {index:4;}">
          <Coords points="1280,1426 1231,1427 1231,1471 1238,1474 1252,1463 1280,1463"/>
          <TextEquiv conf="0.9325151">
            <Unicode>zu</Unicode>
          </TextEquiv>
        </Word>
        <Word id="word_1657699386020_889" custom="readingOrder {index:5;}">
          <Coords points="1296,1415 1431,1406 1443,1406 1452,1411 1453,1462 1431,1469 1365,1472 1357,1472 1298,1467 1296,1466"/>
          <TextEquiv>
            <Unicode>laſſen/</Unicode>
          </TextEquiv>
        </Word>
        <Word id="region0001_line0012_word0007" custom="readingOrder {index:6;}">
          <Coords points="1631,1417 1467,1418 1467,1468 1472,1469 1481,1461 1493,1464 1504,1462 1509,1465 1531,1464 1535,1461 1563,1463 1575,1457 1600,1460 1606,1464 1627,1458 1631,1458"/>
          <TextEquiv conf="0.93059903">
            <Unicode>ſondern</Unicode>
          </TextEquiv>
        </Word>
        <Word id="region0001_line0012_word0008" custom="readingOrder {index:7;}">
          <Coords points="1645,1415 1646,1460 1657,1467 1662,1462 1686,1465 1703,1463 1713,1470 1723,1469 1730,1464 1745,1466 1752,1465 1751,1414 1751,1414 1744,1415 1741,1414"/>
          <TextEquiv conf="0.77023023">
            <Unicode>freye</Unicode>
          </TextEquiv>
        </Word>
        <Word id="region0001_line0012_word0009" custom="readingOrder {index:8;}">
          <Coords points="1784,1406 1771,1411 1763,1412 1764,1464 1773,1463 1779,1468 1790,1470 1810,1464 1824,1466 1828,1461 1843,1462 1848,1465 1886,1463 1885,1412 1853,1412 1851,1405 1812,1406 1811,1406 1807,1406"/>
          <TextEquiv>
            <Unicode>Haͤn⸗</Unicode>
          </TextEquiv>
        </Word>
        <TextEquiv>
          <Unicode>habte Befugniſſe und Verfaſſungen zu laſſen/ ſondern freye Haͤn⸗</Unicode>
        </TextEquiv>
      </TextLine>
      <TextLine id="region0001_line0013" custom="readingOrder {index:11;}">
        <Coords points="538,1464 520,1471 503,1471 494,1465 479,1465 469,1470 443,1470 438,1473 424,1469 359,1469 359,1523 422,1522 433,1525 446,1519 481,1519 487,1522 514,1520 520,1524 544,1524 549,1521 568,1523 574,1520 576,1525 586,1528 598,1520 647,1520 651,1523 664,1517 676,1520 690,1518 697,1523 719,1523 829,1518 838,1521 880,1524 922,1524 935,1518 944,1518 987,1525 1011,1522 1019,1525 1095,1525 1099,1530 1108,1532 1129,1531 1139,1524 1174,1523 1184,1526 1195,1521 1205,1522 1211,1519 1238,1522 1248,1526 1260,1522 1284,1525 1297,1523 1308,1512 1315,1512 1318,1516 1332,1512 1339,1521 1351,1518 1360,1523 1429,1519 1477,1521 1490,1514 1507,1515 1516,1520 1526,1520 1533,1514 1538,1514 1569,1523 1578,1514 1590,1516 1594,1513 1613,1514 1622,1520 1634,1517 1661,1519 1674,1515 1686,1520 1745,1522 1793,1518 1893,1518 1893,1466 1848,1466 1833,1462 1828,1462 1824,1467 1804,1467 1790,1471 1783,1470 1774,1464 1756,1468 1728,1467 1720,1471 1695,1466 1662,1465 1657,1468 1643,1459 1627,1459 1612,1465 1600,1465 1597,1461 1575,1458 1562,1465 1548,1466 1498,1467 1481,1462 1472,1470 1467,1469 1461,1462 1454,1462 1431,1470 1406,1466 1373,1468 1365,1473 1357,1473 1353,1467 1336,1467 1326,1479 1321,1470 1288,1468 1281,1464 1252,1464 1238,1475 1215,1467 1204,1471 1149,1474 1143,1478 1129,1472 1053,1477 1046,1470 1030,1466 1020,1466 1007,1477 1000,1473 969,1474 956,1471 937,1473 888,1465 849,1465 844,1469 819,1470 803,1466 796,1471 775,1467 767,1475 749,1475 739,1470 701,1470 680,1481 661,1472 647,1471 643,1468 629,1474 610,1471 603,1465 593,1465 587,1471 559,1472 550,1466"/>
        <Baseline points="359,1510 847,1507 1054,1514 1893,1506"/>
        <Word id="region0001_line0013_word0000" custom="readingOrder {index:0;}">
          <Coords points="468,1483 420,1484 420,1522 422,1522 433,1525 446,1519 468,1519"/>
          <TextEquiv conf="0.9167335">
            <Unicode>de</Unicode>
          </TextEquiv>
        </Word>
        <Word id="word_1657699402267_903" custom="readingOrder {index:1;}">
          <Coords points="476,1477 598,1470 608,1470 620,1472 620,1520 586,1528 487,1522 476,1519"/>
          <TextEquiv>
            <Unicode>habe/</Unicode>
          </TextEquiv>
        </Word>
        <Word id="region0001_line0013_word0003" custom="readingOrder {index:2;}">
          <Coords points="709,1522 709,1483 629,1484 629,1520 647,1520 651,1523 652,1523 664,1517 676,1520 690,1518 696,1522"/>
          <TextEquiv conf="0.90794134">
            <Unicode>wie</Unicode>
          </TextEquiv>
        </Word>
        <Word id="region0001_line0013_word0004" custom="readingOrder {index:3;}">
          <Coords points="758,1485 716,1485 716,1522 741,1522 758,1521"/>
          <TextEquiv conf="0.92888314">
            <Unicode>er</Unicode>
          </TextEquiv>
        </Word>
        <Word id="region0001_line0013_word0005" custom="readingOrder {index:4;}">
          <Coords points="835,1477 772,1478 772,1520 829,1518 835,1520"/>
          <TextEquiv conf="0.92542976">
            <Unicode>die</Unicode>
          </TextEquiv>
        </Word>
        <Word id="region0001_line0013_word0006" custom="readingOrder {index:5;}">
          <Coords points="845,1473 845,1521 880,1524 922,1524 935,1518 944,1518 987,1525 1011,1522 1019,1525 1095,1525 1099,1530 1100,1530 1130,1530 1133,1528 1133,1473 1129,1472 1053,1477 1047,1471 1013,1471 1007,1477 1000,1473 969,1474 961,1472 943,1472 937,1473 933,1472"/>
          <TextEquiv conf="0.9206018">
            <Unicode>Verwaltung</Unicode>
          </TextEquiv>
        </Word>
        <Word id="region0001_line0013_word0007" custom="readingOrder {index:6;}">
          <Coords points="1222,1520 1222,1477 1155,1477 1155,1520 1209,1520 1211,1519 1220,1520"/>
          <TextEquiv conf="0.9269251">
            <Unicode>des</Unicode>
          </TextEquiv>
        </Word>
        <Word id="region0001_line0013_word0008" custom="readingOrder {index:7;}">
          <Coords points="1228,1474 1228,1521 1237,1522 1299,1521 1308,1512 1315,1512 1318,1516 1332,1512 1339,1521 1351,1518 1356,1521 1400,1521 1429,1519 1459,1520 1479,1520 1490,1514 1491,1514 1491,1472 1365,1473 1365,1473 1360,1473 1331,1473 1326,1479 1323,1473 1239,1474 1238,1475 1235,1474"/>
          <TextEquiv>
            <Unicode>Regiments</Unicode>
          </TextEquiv>
        </Word>
        <Word id="region0001_line0013_word0009" custom="readingOrder {index:8;}">
          <Coords points="1508,1469 1508,1515 1516,1520 1526,1520 1533,1514 1538,1514 1566,1522 1569,1522 1578,1514 1590,1516 1594,1513 1613,1514 1622,1520 1634,1517 1661,1519 1674,1515 1686,1520 1698,1520 1698,1467 1657,1467 1657,1468 1656,1467"/>
          <TextEquiv conf="0.9246232">
            <Unicode>anſtellen</Unicode>
          </TextEquiv>
        </Word>
        <Word id="region0001_line0013_word0010" custom="readingOrder {index:9;}">
          <Coords points="1712,1473 1796,1472 1796,1515 1712,1516"/>
          <TextEquiv conf="0.9322782">
            <Unicode>und</Unicode>
          </TextEquiv>
        </Word>
        <Word id="region0001_line0013_word0011" custom="readingOrder {index:10;}">
          <Coords points="1805,1469 1883,1469 1883,1513 1805,1513"/>
          <TextEquiv>
            <Unicode>ein⸗</Unicode>
          </TextEquiv>
        </Word>
        <TextEquiv>
          <Unicode>de habe/ wie er die Verwaltung des Regiments anſtellen und ein⸗</Unicode>
        </TextEquiv>
      </TextLine>
      <TextLine id="region0001_line0014" custom="readingOrder {index:12;}">
        <Coords points="664,1518 649,1525 596,1523 586,1529 575,1525 520,1525 514,1521 487,1523 481,1520 472,1520 467,1524 446,1520 433,1526 359,1526 358,1578 472,1578 479,1584 492,1583 498,1578 556,1578 569,1574 610,1578 646,1578 658,1574 671,1574 676,1578 700,1577 758,1572 770,1568 774,1561 780,1571 791,1577 808,1574 817,1578 838,1571 859,1572 864,1577 919,1573 928,1578 945,1579 954,1576 973,1576 979,1579 1005,1577 1013,1580 1028,1573 1050,1573 1060,1580 1067,1581 1078,1576 1105,1577 1117,1573 1128,1577 1149,1576 1160,1579 1169,1574 1185,1576 1193,1573 1202,1582 1210,1575 1221,1574 1227,1574 1231,1578 1242,1573 1262,1574 1270,1578 1280,1574 1299,1573 1320,1580 1336,1577 1365,1579 1378,1574 1388,1577 1415,1574 1440,1577 1446,1573 1457,1573 1462,1578 1474,1575 1479,1580 1490,1580 1502,1578 1514,1570 1521,1574 1529,1574 1538,1568 1561,1567 1587,1578 1602,1575 1607,1577 1637,1570 1644,1570 1652,1574 1660,1572 1664,1575 1674,1575 1678,1572 1682,1575 1691,1575 1699,1570 1709,1569 1713,1570 1717,1577 1726,1579 1742,1569 1755,1573 1807,1571 1818,1567 1833,1567 1840,1572 1892,1570 1893,1553 1893,1522 1860,1522 1856,1519 1845,1519 1840,1522 1733,1524 1686,1521 1674,1516 1661,1520 1647,1517 1622,1521 1613,1515 1594,1514 1590,1517 1578,1515 1569,1524 1559,1520 1549,1521 1538,1515 1533,1515 1526,1521 1516,1521 1507,1516 1490,1515 1477,1522 1361,1525 1351,1519 1339,1522 1332,1513 1325,1513 1322,1517 1308,1513 1295,1525 1248,1527 1230,1526 1224,1520 1211,1520 1193,1526 1145,1527 1125,1533 1108,1533 1096,1528 1075,1528 1062,1524 1047,1527 1019,1526 1014,1523 985,1526 971,1525 960,1520 944,1519 935,1519 919,1526 899,1526 838,1522 829,1519 792,1519 784,1523 701,1524 690,1519 676,1521"/>
        <Baseline points="358,1567 681,1565 784,1557 1103,1565 1893,1559"/>
        <Word id="region0001_line0014_word0000" custom="readingOrder {index:0;}">
          <Coords points="568,1531 419,1533 419,1578 472,1578 479,1584 492,1583 498,1578 556,1578 568,1574"/>
          <TextEquiv conf="0.9269813">
            <Unicode>richten</Unicode>
          </TextEquiv>
        </Word>
        <Word id="region0001_line0014_word0001" custom="readingOrder {index:1;}">
          <Coords points="721,1531 586,1532 586,1575 608,1577 647,1577 658,1574 671,1574 675,1577 695,1577 700,1577 721,1575"/>
          <TextEquiv conf="0.92832476">
            <Unicode>wolle.</Unicode>
          </TextEquiv>
        </Word>
        <Word id="region0001_line0014_word0002" custom="readingOrder {index:2;}">
          <Coords points="1028,1529 785,1531 785,1573 791,1577 808,1574 817,1578 838,1571 859,1572 864,1577 919,1573 928,1578 945,1579 954,1576 973,1576 979,1579 1005,1577 1013,1580 1028,1573"/>
          <TextEquiv conf="0.92861646">
            <Unicode>Betreffend</Unicode>
          </TextEquiv>
        </Word>
        <Word id="region0001_line0014_word0003" custom="readingOrder {index:3;}">
          <Coords points="1130,1575 1130,1533 1055,1534 1055,1576 1110,1575 1117,1573 1122,1575"/>
          <TextEquiv conf="0.9299218">
            <Unicode>den</Unicode>
          </TextEquiv>
        </Word>
        <Word id="region0001_line0014_word0004" custom="readingOrder {index:4;}">
          <Coords points="1276,1529 1152,1530 1152,1577 1160,1579 1169,1574 1185,1576 1193,1573 1202,1582 1202,1582 1210,1575 1221,1574 1227,1574 1231,1578 1242,1573 1262,1574 1270,1578 1276,1576"/>
          <TextEquiv conf="0.9264344">
            <Unicode>erſten</Unicode>
          </TextEquiv>
        </Word>
        <Word id="word_1657699423061_917" custom="readingOrder {index:5;}">
          <Coords points="1297,1523 1303,1518 1533,1515 1538,1515 1547,1519 1547,1567 1529,1574 1502,1578 1478,1579 1321,1580 1319,1580 1297,1573"/>
          <TextEquiv>
            <Unicode>Einwurff/</Unicode>
          </TextEquiv>
        </Word>
        <Word id="region0001_line0014_word0007" custom="readingOrder {index:6;}">
          <Coords points="1568,1524 1568,1569 1587,1578 1602,1575 1607,1577 1617,1574 1617,1524 1569,1524"/>
          <TextEquiv conf="0.92984015">
            <Unicode>iſt</Unicode>
          </TextEquiv>
        </Word>
        <Word id="region0001_line0014_word0008" custom="readingOrder {index:7;}">
          <Coords points="1699,1525 1637,1526 1637,1570 1644,1570 1647,1571 1697,1571 1699,1570"/>
          <TextEquiv conf="0.9259662">
            <Unicode>die</Unicode>
          </TextEquiv>
        </Word>
        <Word id="region0001_line0014_word0009" custom="readingOrder {index:8;}">
          <Coords points="1884,1529 1721,1530 1721,1578 1721,1578 1728,1578 1742,1569 1755,1573 1807,1571 1818,1567 1833,1567 1840,1572 1884,1570"/>
          <TextEquiv conf="0.92794263">
            <Unicode>promte</Unicode>
          </TextEquiv>
        </Word>
        <TextEquiv>
          <Unicode>richten wolle. Betreffend den erſten Einwurff/ iſt die promte</Unicode>
        </TextEquiv>
      </TextLine>
      <TextLine id="region0001_line0015" custom="readingOrder {index:13;}">
        <Coords points="835,1572 819,1579 808,1575 798,1578 758,1576 677,1580 671,1575 658,1575 651,1580 590,1581 583,1575 569,1575 557,1578 549,1583 358,1584 359,1629 440,1629 487,1624 493,1629 573,1628 581,1624 592,1624 598,1627 619,1625 623,1628 650,1628 663,1631 670,1626 687,1626 691,1629 702,1624 712,1637 746,1626 757,1629 810,1630 817,1637 829,1634 844,1634 865,1626 891,1627 898,1631 946,1626 962,1632 999,1632 1013,1636 1027,1632 1033,1637 1037,1637 1044,1629 1062,1627 1072,1638 1084,1633 1093,1637 1100,1630 1107,1629 1111,1637 1116,1638 1131,1631 1189,1633 1202,1630 1217,1634 1229,1628 1251,1628 1256,1632 1278,1631 1282,1637 1300,1635 1317,1629 1327,1629 1336,1635 1358,1628 1391,1632 1403,1629 1428,1631 1439,1625 1456,1627 1459,1631 1465,1632 1475,1628 1487,1631 1503,1627 1515,1630 1521,1625 1535,1625 1559,1633 1575,1628 1606,1628 1630,1633 1639,1625 1671,1629 1724,1628 1733,1633 1753,1629 1818,1628 1824,1633 1834,1634 1857,1626 1872,1630 1893,1628 1892,1576 1841,1576 1833,1568 1810,1570 1803,1576 1776,1576 1772,1572 1756,1575 1748,1570 1742,1570 1726,1580 1717,1578 1713,1571 1709,1570 1699,1571 1694,1576 1654,1576 1644,1571 1637,1571 1628,1577 1602,1576 1587,1579 1561,1568 1548,1570 1541,1576 1538,1572 1521,1575 1514,1571 1502,1579 1490,1581 1462,1579 1457,1574 1446,1574 1439,1579 1424,1575 1391,1579 1378,1575 1366,1580 1320,1581 1299,1574 1280,1575 1270,1579 1262,1575 1242,1574 1231,1579 1227,1575 1221,1575 1210,1576 1202,1583 1193,1574 1185,1577 1169,1575 1160,1580 1131,1579 1114,1574 1105,1578 1078,1577 1065,1582 1050,1574 1028,1574 1013,1581 995,1581 954,1577 945,1580 928,1579 919,1574 864,1578 859,1573"/>
        <Baseline points="359,1618 1893,1616"/>
        <Word id="region0001_line0015_word0000" custom="readingOrder {index:0;}">
          <Coords points="641,1590 419,1592 419,1629 440,1629 487,1624 493,1629 573,1628 581,1624 592,1624 598,1627 619,1625 623,1628 641,1628"/>
          <TextEquiv conf="0.7919208">
            <Unicode>execution</Unicode>
          </TextEquiv>
        </Word>
        <Word id="region0001_line0015_word0001" custom="readingOrder {index:1;}">
          <Coords points="699,1588 654,1589 654,1629 663,1631 670,1626 687,1626 691,1629 699,1624"/>
          <TextEquiv conf="0.9232462">
            <Unicode>in</Unicode>
          </TextEquiv>
        </Word>
        <Word id="region0001_line0015_word0002" custom="readingOrder {index:2;}">
          <Coords points="889,1586 706,1587 706,1630 712,1637 746,1626 757,1629 810,1630 817,1637 829,1634 844,1634 865,1626 889,1626"/>
          <TextEquiv conf="0.9212801">
            <Unicode>gewiſſer</Unicode>
          </TextEquiv>
        </Word>
        <Word id="region0001_line0015_word0003" custom="readingOrder {index:3;}">
          <Coords points="1063,1587 897,1588 898,1631 898,1631 946,1626 962,1632 999,1632 1013,1636 1027,1632 1033,1637 1037,1637 1044,1629 1062,1627 1064,1629"/>
          <TextEquiv conf="0.92872065">
            <Unicode>Maaſſe</Unicode>
          </TextEquiv>
        </Word>
        <Word id="region0001_line0015_word0004" custom="readingOrder {index:4;}">
          <Coords points="1153,1585 1071,1586 1072,1638 1072,1638 1084,1633 1093,1637 1100,1630 1107,1629 1111,1637 1116,1638 1131,1631 1154,1632"/>
          <TextEquiv conf="0.93047273">
            <Unicode>ſehr</Unicode>
          </TextEquiv>
        </Word>
        <Word id="region0001_line0015_word0005" custom="readingOrder {index:5;}">
          <Coords points="1306,1584 1166,1585 1166,1632 1189,1633 1202,1630 1217,1634 1229,1628 1251,1628 1256,1632 1278,1631 1282,1637 1300,1635 1306,1632"/>
          <TextEquiv conf="0.23190239">
            <Unicode>loͤblich</Unicode>
          </TextEquiv>
        </Word>
        <Word id="region0001_line0015_word0006" custom="readingOrder {index:6;}">
          <Coords points="1398,1586 1315,1587 1315,1629 1317,1629 1327,1629 1331,1631 1346,1631 1358,1628 1384,1631 1394,1631 1398,1630"/>
          <TextEquiv conf="0.92303705">
            <Unicode>und</Unicode>
          </TextEquiv>
        </Word>
        <Word id="word_1657699443074_923" custom="readingOrder {index:7;}">
          <Coords points="1414,1580 1472,1579 1620,1579 1645,1582 1645,1625 1630,1633 1559,1633 1465,1632 1428,1631 1414,1629"/>
          <TextEquiv>
            <Unicode>dienſahm/</Unicode>
          </TextEquiv>
        </Word>
        <Word id="region0001_line0015_word0009" custom="readingOrder {index:8;}">
          <Coords points="1668,1580 1668,1628 1671,1629 1724,1628 1731,1632 1738,1632 1753,1629 1774,1628 1774,1580 1726,1580"/>
          <TextEquiv conf="0.9277102">
            <Unicode>nicht</Unicode>
          </TextEquiv>
        </Word>
        <Word id="region0001_line0015_word0010" custom="readingOrder {index:9;}">
          <Coords points="1786,1576 1786,1628 1818,1628 1822,1632 1839,1632 1857,1626 1872,1630 1883,1628 1883,1576 1841,1576 1803,1576"/>
          <TextEquiv>
            <Unicode>aber</Unicode>
          </TextEquiv>
        </Word>
        <TextEquiv>
          <Unicode>execution in gewiſſer Maaſſe ſehr loͤblich und dienſahm/ nicht aber</Unicode>
        </TextEquiv>
      </TextLine>
      <TextLine id="region0001_line0016" custom="readingOrder {index:14;}">
        <Coords points="479,1625 475,1628 452,1627 441,1633 359,1639 358,1686 429,1686 444,1682 463,1682 488,1686 496,1682 509,1681 519,1687 530,1685 540,1688 551,1684 563,1688 576,1685 583,1690 593,1690 599,1685 634,1684 640,1681 650,1682 654,1686 690,1684 694,1687 705,1686 718,1681 723,1685 739,1682 748,1689 759,1688 765,1691 773,1691 795,1682 848,1684 869,1681 894,1685 908,1684 915,1689 928,1690 936,1690 943,1685 947,1688 956,1688 960,1685 975,1686 981,1681 986,1681 995,1686 1005,1684 1009,1687 1023,1684 1055,1687 1063,1683 1082,1686 1092,1683 1099,1686 1124,1686 1135,1692 1150,1694 1160,1694 1170,1687 1212,1687 1216,1692 1228,1693 1241,1688 1246,1683 1290,1685 1302,1681 1316,1687 1329,1685 1333,1688 1363,1682 1375,1687 1399,1681 1409,1685 1434,1684 1445,1691 1458,1685 1533,1686 1555,1684 1565,1680 1598,1683 1608,1678 1646,1679 1655,1682 1691,1681 1700,1685 1736,1677 1744,1679 1751,1689 1760,1687 1765,1690 1772,1689 1782,1680 1800,1682 1817,1679 1824,1683 1843,1679 1850,1685 1893,1683 1893,1631 1872,1631 1864,1627 1834,1635 1820,1631 1733,1634 1725,1630 1656,1630 1648,1625 1639,1626 1630,1634 1603,1629 1572,1630 1559,1634 1535,1626 1521,1626 1515,1631 1503,1628 1465,1633 1458,1632 1456,1628 1439,1626 1428,1632 1385,1634 1375,1635 1374,1632 1358,1629 1336,1636 1327,1630 1317,1630 1311,1635 1282,1638 1275,1635 1257,1635 1251,1629 1229,1629 1217,1635 1198,1631 1172,1636 1126,1635 1116,1639 1111,1638 1107,1630 1100,1631 1093,1638 1084,1634 1072,1639 1062,1628 1044,1630 1037,1638 1027,1633 1016,1637 1009,1634 965,1634 946,1627 918,1628 911,1632 865,1627 844,1635 829,1635 817,1638 812,1635 759,1633 754,1628 746,1627 712,1638 702,1625 691,1630 687,1627 670,1627 662,1633 652,1633 624,1631 619,1626 598,1628 581,1625 566,1632 520,1635 494,1633 489,1626"/>
        <Baseline points="358,1675 1893,1672"/>
        <Word id="region0001_line0016_word0000" custom="readingOrder {index:0;}">
          <Coords points="428,1633 420,1634 420,1686 429,1686 444,1682 463,1682 488,1686 496,1682 509,1681 519,1687 530,1685 540,1688 551,1684 563,1688 576,1685 583,1690 593,1690 599,1685 615,1684 615,1632 556,1632 520,1635 496,1633"/>
          <TextEquiv conf="0.9198766">
            <Unicode>allemahl</Unicode>
          </TextEquiv>
        </Word>
        <Word id="region0001_line0016_word0001" custom="readingOrder {index:1;}">
          <Coords points="637,1637 637,1682 640,1681 650,1682 654,1686 690,1684 694,1687 705,1686 718,1681 723,1685 739,1682 748,1689 759,1688 765,1691 773,1691 792,1683 792,1636 716,1636 712,1638 710,1636"/>
          <TextEquiv conf="0.9293249">
            <Unicode>noͤhtig.</Unicode>
          </TextEquiv>
        </Word>
        <Word id="region0001_line0016_word0002" custom="readingOrder {index:2;}">
          <Coords points="851,1636 851,1683 869,1681 894,1685 908,1684 915,1689 922,1689 936,1689 943,1685 947,1688 956,1688 960,1685 975,1686 981,1681 986,1681 995,1686 1005,1684 1009,1687 1023,1684 1030,1684 1030,1635 1021,1635 1016,1637 1011,1635"/>
          <TextEquiv conf="0.92170984">
            <Unicode>Oeffters</Unicode>
          </TextEquiv>
        </Word>
        <Word id="region0001_line0016_word0003" custom="readingOrder {index:3;}">
          <Coords points="1044,1635 1044,1685 1055,1687 1063,1683 1082,1686 1092,1683 1099,1686 1124,1686 1132,1690 1165,1690 1170,1687 1205,1687 1205,1634 1181,1634 1172,1636 1126,1635 1116,1639 1111,1638 1109,1634 1096,1634 1093,1638 1085,1634 1082,1634 1072,1639 1068,1634"/>
          <TextEquiv conf="0.92791045">
            <Unicode>bringet</Unicode>
          </TextEquiv>
        </Word>
        <Word id="region0001_line0016_word0004" custom="readingOrder {index:4;}">
          <Coords points="1221,1634 1221,1688 1241,1688 1246,1683 1283,1685 1283,1638 1282,1638 1275,1635 1257,1635 1255,1633"/>
          <TextEquiv conf="0.92901313">
            <Unicode>ſie</Unicode>
          </TextEquiv>
        </Word>
        <Word id="region0001_line0016_word0005" custom="readingOrder {index:5;}">
          <Coords points="1313,1632 1311,1635 1287,1637 1287,1684 1290,1685 1302,1681 1316,1687 1329,1685 1332,1687 1334,1687 1363,1682 1375,1687 1399,1681 1409,1685 1434,1684 1439,1687 1453,1687 1458,1685 1480,1685 1480,1632 1472,1632 1465,1633 1458,1632 1421,1632 1385,1634 1375,1635 1374,1632 1346,1632 1336,1636 1331,1632"/>
          <TextEquiv conf="0.8088614">
            <Unicode>vielmehr</Unicode>
          </TextEquiv>
        </Word>
        <Word id="region0001_line0016_word0006" custom="readingOrder {index:6;}">
          <Coords points="1495,1634 1495,1685 1533,1686 1555,1684 1565,1680 1598,1683 1608,1678 1646,1679 1655,1682 1691,1681 1700,1685 1736,1677 1744,1679 1750,1687 1759,1687 1760,1687 1760,1687 1774,1687 1777,1684 1777,1632 1733,1634 1730,1632 1631,1633 1630,1634 1625,1633 1561,1634 1559,1634 1558,1634"/>
          <TextEquiv conf="0.92518044">
            <Unicode>Verwirrung</Unicode>
          </TextEquiv>
        </Word>
        <Word id="region0001_line0016_word0007" custom="readingOrder {index:7;}">
          <Coords points="1798,1632 1798,1675 1882,1675 1882,1632 1845,1632 1834,1635 1823,1632"/>
          <TextEquiv conf="0.9297894">
            <Unicode>und</Unicode>
          </TextEquiv>
        </Word>
        <TextEquiv conf="0.91145825">
          <Unicode>allemahl noͤhtig. Oeffters bringet ſie vielmehr Verwirrung und</Unicode>
        </TextEquiv>
      </TextLine>
      <TextLine id="region0001_line0017" custom="readingOrder {index:15;}">
        <Coords points="503,1682 488,1687 444,1683 429,1687 358,1690 359,1739 432,1740 450,1744 462,1744 470,1740 492,1740 493,1743 510,1746 517,1741 597,1740 609,1736 616,1739 623,1737 634,1745 643,1736 649,1735 669,1737 680,1742 757,1737 767,1740 778,1736 801,1735 813,1739 833,1736 844,1741 853,1733 860,1733 871,1738 902,1736 941,1742 979,1740 1001,1749 1017,1748 1027,1741 1098,1744 1124,1738 1136,1742 1146,1741 1149,1745 1159,1748 1176,1737 1198,1742 1205,1748 1213,1748 1233,1744 1242,1745 1255,1739 1285,1735 1301,1740 1306,1737 1317,1738 1321,1734 1329,1734 1340,1741 1380,1739 1388,1746 1398,1745 1410,1738 1423,1735 1481,1741 1489,1737 1516,1740 1531,1735 1560,1735 1570,1744 1590,1736 1632,1742 1648,1737 1667,1739 1687,1733 1697,1733 1714,1739 1725,1738 1733,1743 1743,1742 1749,1734 1761,1736 1769,1743 1779,1740 1783,1733 1798,1735 1804,1743 1826,1738 1893,1738 1892,1689 1850,1686 1843,1680 1825,1684 1817,1680 1804,1683 1782,1681 1769,1691 1760,1688 1751,1690 1744,1680 1736,1678 1715,1685 1701,1686 1655,1683 1646,1680 1608,1679 1598,1684 1565,1681 1555,1685 1533,1687 1483,1688 1472,1685 1459,1686 1445,1692 1436,1687 1412,1688 1399,1682 1391,1682 1377,1688 1366,1683 1348,1686 1345,1689 1314,1689 1312,1685 1302,1682 1292,1684 1289,1689 1246,1684 1240,1691 1228,1694 1169,1690 1160,1695 1150,1695 1135,1693 1124,1687 1099,1687 1092,1684 1082,1687 1063,1684 1055,1688 1040,1686 999,1690 998,1687 981,1682 975,1689 942,1688 928,1691 915,1690 909,1686 894,1687 868,1682 857,1686 784,1687 773,1692 765,1692 759,1689 748,1690 739,1683 723,1686 718,1682 705,1687 656,1690 650,1683 640,1682 633,1685 632,1689 583,1691 551,1685 540,1689 519,1688 515,1684"/>
        <Baseline points="358,1729 1892,1727"/>
        <Word id="word_1657699466719_936" custom="readingOrder {index:0;}">
          <Coords points="420,1697 632,1688 646,1688 646,1695 646,1735 634,1745 510,1746 450,1744 420,1739"/>
          <TextEquiv>
            <Unicode>Schaden/</Unicode>
          </TextEquiv>
        </Word>
        <Word id="region0001_line0017_word0002" custom="readingOrder {index:1;}">
          <Coords points="741,1696 673,1697 673,1739 679,1741 681,1741 741,1737"/>
          <TextEquiv conf="0.92777">
            <Unicode>als</Unicode>
          </TextEquiv>
        </Word>
        <Word id="region0001_line0017_word0003" custom="readingOrder {index:2;}">
          <Coords points="824,1698 755,1698 755,1737 757,1737 767,1740 778,1736 801,1735 813,1739 824,1737"/>
          <TextEquiv conf="0.9250453">
            <Unicode>der</Unicode>
          </TextEquiv>
        </Word>
        <Word id="region0001_line0017_word0004" custom="readingOrder {index:3;}">
          <Coords points="1041,1691 839,1692 839,1739 844,1741 853,1733 860,1733 871,1738 902,1736 941,1742 979,1740 1001,1749 1017,1748 1027,1741 1041,1741"/>
          <TextEquiv conf="0.9175107">
            <Unicode>etwanige</Unicode>
          </TextEquiv>
        </Word>
        <Word id="word_1657699475813_942" custom="readingOrder {index:4;}">
          <Coords points="1056,1694 1256,1691 1256,1738 1255,1739 1247,1742 1222,1746 1153,1746 1098,1744 1056,1742"/>
          <TextEquiv>
            <Unicode>Verzug/</Unicode>
          </TextEquiv>
        </Word>
        <Word id="region0001_line0017_word0007" custom="readingOrder {index:5;}">
          <Coords points="1287,1689 1288,1736 1301,1740 1306,1737 1317,1738 1321,1734 1329,1734 1340,1741 1380,1739 1387,1745 1394,1745 1398,1745 1410,1738 1423,1735 1453,1738 1452,1689 1445,1692 1438,1688 1345,1689 1345,1689 1314,1689 1314,1689 1289,1689 1289,1689 1289,1689"/>
          <TextEquiv conf="0.9263019">
            <Unicode>welcher</Unicode>
          </TextEquiv>
        </Word>
        <Word id="region0001_line0017_word0008" custom="readingOrder {index:6;}">
          <Coords points="1584,1690 1465,1691 1465,1739 1481,1741 1489,1737 1516,1740 1531,1735 1560,1735 1567,1742 1574,1742 1584,1738"/>
          <TextEquiv conf="0.92922384">
            <Unicode>durch</Unicode>
          </TextEquiv>
        </Word>
        <Word id="region0001_line0017_word0009" custom="readingOrder {index:7;}">
          <Coords points="1600,1688 1600,1737 1632,1742 1648,1737 1667,1739 1687,1733 1697,1733 1714,1739 1725,1738 1733,1743 1743,1742 1749,1734 1761,1736 1769,1743 1779,1740 1783,1733 1798,1735 1804,1743 1826,1738 1882,1738 1882,1688 1852,1686 1774,1686 1769,1691 1760,1688 1751,1690 1748,1686"/>
          <TextEquiv>
            <Unicode>Berahtſchla⸗</Unicode>
          </TextEquiv>
        </Word>
        <TextEquiv>
          <Unicode>Schaden/ als der etwanige Verzug/ welcher durch Berahtſchla⸗</Unicode>
        </TextEquiv>
      </TextLine>
      <TextLine id="region0001_line0018" custom="readingOrder {index:16;}">
        <Coords points="649,1736 643,1737 634,1746 624,1738 616,1740 609,1737 585,1743 510,1747 495,1744 363,1748 359,1749 359,1803 411,1801 427,1808 445,1804 454,1798 498,1797 514,1808 529,1803 543,1792 568,1792 576,1797 583,1794 621,1795 633,1791 660,1796 668,1793 743,1795 773,1790 779,1795 792,1798 807,1798 815,1794 866,1795 870,1792 913,1794 924,1791 958,1793 963,1796 1031,1798 1050,1796 1064,1799 1083,1793 1097,1794 1103,1803 1112,1802 1130,1793 1145,1793 1158,1795 1162,1801 1169,1803 1179,1801 1185,1796 1191,1799 1203,1796 1209,1799 1219,1799 1223,1796 1305,1797 1309,1794 1327,1792 1347,1796 1368,1791 1415,1792 1431,1796 1449,1791 1479,1792 1483,1798 1491,1799 1499,1794 1527,1793 1540,1798 1546,1792 1555,1794 1562,1790 1582,1789 1605,1792 1609,1795 1627,1795 1637,1789 1667,1788 1679,1795 1691,1794 1698,1797 1706,1793 1720,1794 1738,1790 1752,1795 1775,1793 1781,1800 1796,1794 1808,1796 1814,1793 1830,1797 1849,1797 1867,1787 1879,1794 1893,1794 1893,1743 1815,1741 1804,1744 1798,1736 1787,1734 1783,1734 1773,1744 1754,1735 1749,1735 1741,1744 1733,1744 1726,1740 1710,1740 1698,1734 1688,1734 1674,1740 1632,1743 1606,1742 1600,1737 1590,1737 1570,1745 1560,1736 1531,1736 1514,1742 1499,1738 1489,1738 1481,1742 1423,1736 1410,1739 1398,1746 1388,1747 1378,1742 1340,1742 1329,1735 1321,1735 1317,1739 1306,1738 1302,1741 1286,1736 1278,1738 1275,1742 1263,1740 1242,1746 1233,1745 1213,1749 1190,1745 1180,1738 1159,1749 1136,1744 1129,1739 1107,1741 1102,1745 1044,1745 1029,1742 1017,1749 1001,1750 994,1749 985,1742 926,1742 903,1737 873,1740 860,1734 853,1734 844,1742 833,1737 813,1740 801,1736 778,1737 767,1741 728,1739 721,1742 680,1743 670,1738"/>
        <Baseline points="359,1790 779,1780 1893,1783"/>
        <Word id="region0001_line0018_word0000" custom="readingOrder {index:0;}">
          <Coords points="534,1757 420,1758 420,1804 427,1808 445,1804 454,1798 498,1797 514,1808 529,1803 534,1799"/>
          <TextEquiv conf="0.9268485">
            <Unicode>gung</Unicode>
          </TextEquiv>
        </Word>
        <Word id="region0001_line0018_word0001" custom="readingOrder {index:1;}">
          <Coords points="628,1752 554,1753 554,1792 568,1792 575,1796 576,1796 583,1794 621,1795 628,1792"/>
          <TextEquiv>
            <Unicode>mit</Unicode>
          </TextEquiv>
        </Word>
        <Word id="word_1657699495064_957" custom="readingOrder {index:2;}">
          <Coords points="654,1750 785,1743 965,1742 965,1796 807,1798 792,1798 660,1796 654,1794"/>
          <TextEquiv>
            <Unicode>Land⸗Staͤnden</Unicode>
          </TextEquiv>
        </Word>
        <Word id="word_1657699505098_968" custom="readingOrder {index:3;}">
          <Coords points="982,1745 988,1744 994,1749 1001,1750 1017,1749 1024,1744 1042,1744 1044,1745 1102,1745 1102,1744 1136,1744 1159,1749 1168,1743 1188,1743 1190,1745 1213,1749 1220,1747 1220,1798 1219,1799 1209,1799 1203,1796 1191,1799 1185,1796 1179,1801 1174,1801 1165,1802 1162,1801 1158,1795 1145,1793 1130,1793 1112,1802 1102,1802 1097,1794 1083,1793 1064,1799 1050,1796 1031,1798 982,1796"/>
          <TextEquiv conf="0.923066">
            <Unicode>verurſachet</Unicode>
          </TextEquiv>
        </Word>
        <Word id="region0001_line0018_word0005" custom="readingOrder {index:4;}">
          <Coords points="1246,1736 1244,1739 1232,1737 1231,1737 1231,1793 1274,1794 1278,1791 1296,1789 1316,1793 1337,1788 1348,1788 1348,1739 1347,1739 1309,1739 1303,1735 1286,1736 1281,1736 1274,1736 1271,1738 1264,1736"/>
          <TextEquiv conf="0.9193407">
            <Unicode>wird.</Unicode>
          </TextEquiv>
        </Word>
        <Word id="region0001_line0018_word0006" custom="readingOrder {index:5;}">
          <Coords points="1414,1738 1410,1739 1409,1739 1409,1791 1415,1792 1431,1796 1449,1791 1477,1793 1477,1740 1442,1738"/>
          <TextEquiv conf="0.50578934">
            <Unicode>Es</Unicode>
          </TextEquiv>
        </Word>
        <Word id="word_1657699522998_980" custom="readingOrder {index:6;}">
          <Coords points="1477,1745 1567,1742 1570,1745 1577,1742 1596,1742 1596,1790 1582,1789 1562,1790 1555,1794 1546,1792 1540,1798 1527,1793 1499,1794 1491,1799 1483,1798 1479,1792 1477,1793"/>
          <TextEquiv conf="0.8029612">
            <Unicode>fehlet</Unicode>
          </TextEquiv>
        </Word>
        <Word id="region0001_line0018_word0008" custom="readingOrder {index:7;}">
          <Coords points="1694,1736 1683,1736 1674,1740 1632,1743 1613,1742 1613,1795 1627,1795 1637,1789 1667,1788 1679,1795 1691,1794 1694,1795"/>
          <TextEquiv conf="0.92820716">
            <Unicode>auch</Unicode>
          </TextEquiv>
        </Word>
        <Word id="region0001_line0018_word0009" custom="readingOrder {index:8;}">
          <Coords points="1748,1735 1741,1744 1733,1744 1726,1740 1716,1740 1716,1793 1720,1794 1738,1790 1752,1795 1775,1793 1781,1800 1796,1794 1808,1796 1814,1793 1820,1794 1820,1741 1815,1741 1804,1744 1798,1736 1793,1735 1781,1735 1773,1744 1755,1735"/>
          <TextEquiv conf="0.9200603">
            <Unicode>nicht</Unicode>
          </TextEquiv>
        </Word>
        <Word id="region0001_line0018_word0010" custom="readingOrder {index:9;}">
          <Coords points="1888,1742 1842,1741 1842,1797 1849,1797 1867,1787 1879,1794 1888,1794"/>
          <TextEquiv conf="0.93159103">
            <Unicode>an</Unicode>
          </TextEquiv>
        </Word>
        <TextEquiv>
          <Unicode>gung mit Land⸗Staͤnden verurſachet wird. Es fehlet auch nicht an</Unicode>
        </TextEquiv>
      </TextLine>
      <TextLine id="region0001_line0019" custom="readingOrder {index:17;}">
        <Coords points="543,1793 529,1804 514,1809 500,1800 482,1798 455,1800 443,1805 440,1811 413,1804 361,1808 358,1816 358,1851 410,1851 418,1843 428,1842 433,1846 438,1841 445,1841 455,1853 464,1850 501,1851 512,1849 517,1840 523,1839 527,1844 524,1852 533,1856 542,1851 550,1853 573,1845 599,1851 610,1847 649,1845 667,1849 680,1846 698,1847 704,1850 733,1846 741,1850 757,1851 796,1851 807,1847 854,1849 868,1845 888,1845 897,1850 940,1853 949,1849 972,1848 978,1851 1011,1850 1025,1853 1052,1849 1071,1856 1095,1849 1165,1852 1190,1848 1199,1853 1209,1852 1212,1856 1222,1859 1239,1859 1250,1849 1259,1852 1289,1852 1295,1847 1305,1847 1313,1855 1326,1849 1375,1851 1382,1847 1390,1850 1398,1846 1411,1849 1427,1846 1441,1851 1464,1852 1471,1848 1531,1850 1536,1847 1557,1845 1567,1850 1623,1851 1631,1856 1649,1855 1659,1849 1672,1850 1678,1847 1689,1847 1702,1855 1735,1847 1743,1847 1748,1851 1779,1847 1786,1851 1793,1847 1803,1847 1821,1852 1827,1852 1832,1848 1843,1850 1852,1845 1860,1845 1870,1850 1892,1848 1893,1797 1879,1795 1870,1788 1849,1798 1830,1798 1814,1794 1808,1797 1796,1795 1783,1800 1775,1794 1753,1798 1745,1792 1738,1791 1698,1798 1691,1795 1679,1796 1667,1789 1637,1790 1625,1797 1601,1797 1600,1793 1587,1790 1562,1791 1555,1795 1546,1793 1540,1799 1527,1794 1499,1795 1491,1800 1483,1799 1479,1793 1449,1792 1431,1797 1407,1796 1402,1792 1387,1792 1383,1795 1360,1793 1347,1797 1327,1793 1295,1799 1182,1800 1169,1804 1162,1802 1158,1796 1145,1794 1130,1794 1112,1803 1103,1804 1097,1795 1083,1794 1065,1800 1019,1800 924,1792 913,1795 870,1793 866,1796 792,1799 779,1798 773,1791 762,1791 748,1797 695,1794 668,1794 660,1797 642,1792 621,1796 576,1798 568,1793"/>
        <Baseline points="358,1841 669,1834 954,1840 1892,1837"/>
        <Word id="region0001_line0019_word0000" custom="readingOrder {index:0;}">
          <Coords points="420,1810 420,1843 428,1842 433,1846 438,1841 445,1841 455,1853 464,1850 501,1851 512,1849 517,1840 523,1839 527,1844 524,1852 533,1856 542,1851 550,1853 573,1845 599,1851 607,1848 607,1808 514,1809 514,1809 514,1809 441,1810 440,1811 436,1810"/>
          <TextEquiv>
            <Unicode>gewiſſen</Unicode>
          </TextEquiv>
        </Word>
        <Word id="region0001_line0019_word0001" custom="readingOrder {index:1;}">
          <Coords points="798,1807 623,1808 623,1846 649,1845 667,1849 680,1846 698,1847 704,1850 733,1846 741,1850 757,1851 796,1851 798,1850"/>
          <TextEquiv conf="0.9130025">
            <Unicode>Mitteln</Unicode>
          </TextEquiv>
        </Word>
        <Word id="region0001_line0019_word0002" custom="readingOrder {index:2;}">
          <Coords points="896,1808 813,1809 813,1847 854,1849 868,1845 888,1845 896,1849"/>
          <TextEquiv conf="0.92757154">
            <Unicode>und</Unicode>
          </TextEquiv>
        </Word>
        <Word id="word_1657699537198_993" custom="readingOrder {index:3;}">
          <Coords points="912,1804 1175,1801 1296,1801 1329,1803 1329,1849 1319,1852 1241,1856 1071,1856 940,1853 912,1851"/>
          <TextEquiv>
            <Unicode>Veranſtaltungen/</Unicode>
          </TextEquiv>
        </Word>
        <Word id="region0001_line0019_word0005" custom="readingOrder {index:4;}">
          <Coords points="1421,1847 1421,1803 1358,1804 1358,1848 1380,1847 1382,1847 1383,1847 1395,1847 1398,1846 1403,1847"/>
          <TextEquiv conf="0.92725205">
            <Unicode>die</Unicode>
          </TextEquiv>
        </Word>
        <Word id="region0001_line0019_word0006" custom="readingOrder {index:5;}">
          <Coords points="1436,1799 1436,1849 1441,1851 1464,1852 1471,1848 1531,1850 1536,1847 1557,1845 1567,1850 1623,1851 1631,1856 1649,1855 1659,1849 1672,1850 1678,1847 1689,1847 1702,1855 1735,1847 1743,1847 1748,1851 1779,1847 1786,1851 1793,1847 1798,1847 1798,1796 1793,1796 1783,1800 1778,1796 1762,1796 1753,1798 1751,1796 1705,1797 1698,1798 1695,1797 1541,1798 1540,1799 1538,1798 1493,1799 1491,1800 1483,1799 1483,1799"/>
          <TextEquiv conf="0.9310063">
            <Unicode>Weitlaͤufftigkeit</Unicode>
          </TextEquiv>
        </Word>
        <Word id="region0001_line0019_word0007" custom="readingOrder {index:6;}">
          <Coords points="1863,1791 1849,1798 1830,1798 1814,1794 1812,1795 1812,1846 1850,1846 1852,1845 1860,1845 1862,1846 1886,1846 1886,1796 1879,1795 1873,1791"/>
          <TextEquiv conf="0.93098634">
            <Unicode>des</Unicode>
          </TextEquiv>
        </Word>
        <TextEquiv>
          <Unicode>gewiſſen Mitteln und Veranſtaltungen/ die Weitlaͤufftigkeit des</Unicode>
        </TextEquiv>
      </TextLine>
      <TextLine id="region0001_line0020" custom="readingOrder {index:18;}">
        <Coords points="426,1843 418,1844 410,1852 409,1857 358,1857 359,1910 434,1911 476,1908 483,1904 496,1906 516,1903 540,1913 547,1911 550,1905 565,1905 581,1909 591,1903 606,1902 624,1909 631,1905 640,1908 650,1903 681,1905 704,1898 728,1908 757,1900 764,1904 780,1905 799,1901 909,1901 925,1910 949,1902 986,1903 992,1900 1020,1900 1031,1905 1047,1901 1069,1906 1099,1903 1107,1907 1132,1907 1146,1902 1161,1901 1168,1907 1180,1901 1204,1907 1243,1906 1249,1903 1287,1900 1293,1905 1329,1902 1337,1913 1344,1912 1357,1901 1364,1905 1382,1901 1389,1911 1398,1909 1401,1905 1412,1905 1414,1909 1423,1912 1438,1906 1602,1906 1620,1899 1651,1896 1676,1905 1702,1900 1720,1908 1730,1905 1758,1905 1760,1909 1767,1910 1785,1904 1799,1905 1811,1900 1824,1900 1833,1905 1843,1904 1844,1909 1849,1912 1864,1911 1870,1904 1893,1904 1892,1853 1872,1853 1860,1846 1852,1846 1835,1853 1808,1852 1803,1848 1793,1848 1786,1852 1779,1848 1748,1852 1743,1848 1735,1848 1702,1856 1689,1848 1678,1848 1672,1851 1658,1851 1649,1856 1631,1857 1620,1853 1568,1852 1557,1846 1536,1848 1530,1852 1506,1854 1493,1854 1488,1849 1471,1849 1459,1853 1441,1852 1427,1847 1413,1850 1398,1847 1385,1852 1323,1852 1314,1856 1305,1848 1295,1848 1289,1853 1261,1854 1250,1850 1239,1860 1222,1860 1210,1855 1200,1855 1190,1849 1165,1853 1128,1849 1119,1851 1112,1848 1104,1852 1084,1852 1071,1857 1052,1850 1033,1854 981,1855 972,1849 949,1850 937,1856 900,1854 888,1846 868,1846 857,1850 807,1848 796,1852 748,1853 733,1847 704,1851 698,1848 680,1847 667,1850 631,1846 599,1852 573,1846 550,1854 542,1852 535,1857 515,1850 504,1850 500,1854 457,1855 450,1851 445,1842 438,1842 433,1847"/>
        <Baseline points="359,1898 724,1890 1893,1893"/>
        <Word id="region0001_line0020_word0000" custom="readingOrder {index:0;}">
          <Coords points="419,1850 419,1910 434,1911 476,1908 483,1904 496,1906 516,1903 540,1913 547,1911 550,1905 565,1905 581,1909 591,1903 606,1902 624,1909 631,1905 640,1908 650,1903 681,1905 704,1898 728,1908 757,1900 764,1904 780,1905 789,1902 789,1852 748,1853 734,1847 729,1847 704,1851 698,1848 693,1847 676,1847 667,1850 650,1848 618,1848 599,1852 584,1848 564,1848 550,1854 542,1852 535,1857 515,1850 504,1850 500,1854 457,1855 450,1851 449,1849"/>
          <TextEquiv conf="0.93043464">
            <Unicode>Landſchafftlichen</Unicode>
          </TextEquiv>
        </Word>
        <Word id="region0001_line0020_word0001" custom="readingOrder {index:1;}">
          <Coords points="799,1855 800,1901 909,1901 923,1909 929,1909 949,1902 975,1903 974,1853 942,1853 937,1856 900,1854 900,1854"/>
          <TextEquiv conf="0.90429527">
            <Unicode>Collegii</Unicode>
          </TextEquiv>
        </Word>
        <Word id="region0001_line0020_word0002" custom="readingOrder {index:2;}">
          <Coords points="1073,1901 1072,1859 991,1859 992,1900 992,1900 1020,1900 1022,1901 1047,1901"/>
          <TextEquiv conf="0.9282287">
            <Unicode>und</Unicode>
          </TextEquiv>
        </Word>
        <Word id="region0001_line0020_word0003" custom="readingOrder {index:3;}">
          <Coords points="1082,1855 1082,1904 1099,1903 1104,1905 1136,1905 1146,1902 1161,1901 1165,1905 1172,1904 1180,1901 1194,1904 1246,1904 1249,1903 1255,1902 1255,1853 1246,1853 1239,1860 1222,1860 1210,1855 1200,1855 1197,1853"/>
          <TextEquiv conf="0.91996324">
            <Unicode>Weſens</Unicode>
          </TextEquiv>
        </Word>
        <Word id="region0001_line0020_word0004" custom="readingOrder {index:4;}">
          <Coords points="1292,1849 1289,1853 1271,1853 1271,1901 1287,1900 1293,1905 1329,1902 1333,1908 1348,1908 1357,1901 1364,1905 1382,1901 1387,1908 1398,1908 1401,1905 1412,1905 1413,1908 1432,1908 1438,1906 1602,1906 1619,1899 1619,1852 1568,1852 1561,1848 1535,1848 1530,1852 1506,1854 1493,1854 1488,1849 1471,1849 1459,1853 1441,1852 1432,1849 1416,1849 1413,1850 1409,1849 1392,1849 1385,1852 1323,1852 1314,1856 1307,1849"/>
          <TextEquiv conf="0.9200682">
            <Unicode>einzuſchraͤncken.</Unicode>
          </TextEquiv>
        </Word>
        <Word id="region0001_line0020_word0005" custom="readingOrder {index:5;}">
          <Coords points="1676,1851 1677,1905 1702,1900 1715,1906 1728,1906 1730,1905 1758,1905 1758,1905 1781,1905 1785,1904 1799,1905 1807,1902 1806,1850 1806,1850 1789,1850 1786,1852 1783,1850 1761,1850 1748,1852 1746,1850 1724,1851 1702,1856 1694,1851"/>
          <TextEquiv conf="0.9200793">
            <Unicode>Nicht</Unicode>
          </TextEquiv>
        </Word>
        <Word id="region0001_line0020_word0006" custom="readingOrder {index:6;}">
          <Coords points="1844,1849 1835,1853 1820,1852 1820,1900 1824,1900 1829,1903 1883,1903 1882,1853 1872,1853 1865,1849"/>
          <TextEquiv>
            <Unicode>oh⸗</Unicode>
          </TextEquiv>
        </Word>
        <TextEquiv>
          <Unicode>Landſchafftlichen Collegii und Weſens einzuſchraͤncken. Nicht oh⸗</Unicode>
        </TextEquiv>
      </TextLine>
      <TextLine id="region0001_line0021" custom="readingOrder {index:19;}">
        <Coords points="699,1900 681,1907 640,1909 631,1906 624,1910 606,1903 591,1904 581,1910 563,1906 559,1910 549,1910 540,1914 516,1904 496,1907 483,1905 474,1911 359,1913 358,1962 419,1962 423,1965 432,1964 436,1961 462,1963 484,1961 489,1958 506,1962 512,1958 522,1962 539,1962 547,1957 557,1956 567,1960 578,1958 584,1965 589,1966 598,1963 600,1958 654,1959 686,1963 694,1958 734,1958 746,1953 760,1953 771,1957 793,1955 805,1963 829,1955 850,1954 860,1957 868,1953 880,1953 904,1964 914,1959 926,1959 937,1965 946,1964 954,1959 1003,1963 1013,1956 1033,1956 1078,1960 1087,1967 1099,1965 1106,1960 1158,1960 1161,1966 1169,1969 1188,1955 1195,1955 1207,1961 1256,1960 1277,1954 1288,1960 1305,1960 1311,1965 1322,1965 1327,1960 1338,1960 1350,1965 1366,1961 1397,1960 1413,1968 1429,1968 1443,1957 1488,1962 1496,1952 1502,1952 1512,1962 1521,1961 1526,1955 1543,1959 1626,1959 1629,1962 1646,1962 1654,1956 1663,1956 1669,1962 1689,1958 1696,1964 1704,1964 1710,1960 1747,1961 1766,1956 1780,1959 1821,1954 1850,1957 1892,1955 1893,1946 1893,1913 1849,1913 1845,1910 1836,1910 1824,1901 1811,1901 1798,1908 1784,1906 1771,1911 1711,1908 1702,1901 1686,1906 1651,1905 1647,1900 1620,1900 1602,1907 1440,1909 1423,1913 1404,1909 1389,1912 1382,1902 1364,1906 1357,1902 1344,1913 1337,1914 1329,1903 1320,1903 1312,1908 1307,1904 1292,1908 1287,1901 1269,1902 1257,1908 1226,1909 1191,1906 1182,1902 1168,1908 1163,1902 1146,1903 1132,1908 1107,1908 1099,1904 1079,1905 1073,1908 1050,1902 1031,1906 1020,1901 992,1901 981,1907 963,1909 949,1903 925,1911 909,1902 899,1906 881,1902 871,1902 865,1906 820,1907 809,1902 765,1906 757,1901 728,1909 714,1901"/>
        <Baseline points="358,1951 1893,1945"/>
        <Word id="region0001_line0021_word0000" custom="readingOrder {index:0;}">
          <Coords points="469,1926 420,1927 420,1962 421,1963 432,1963 436,1961 462,1963 469,1962"/>
          <TextEquiv conf="0.92106354">
            <Unicode>ne</Unicode>
          </TextEquiv>
        </Word>
        <Word id="region0001_line0021_word0001" custom="readingOrder {index:1;}">
          <Coords points="525,1917 478,1917 478,1961 484,1961 489,1958 506,1962 512,1958 522,1962 525,1962"/>
          <TextEquiv conf="0.56902623">
            <Unicode>iſt</Unicode>
          </TextEquiv>
        </Word>
        <Word id="word_1657699561277_1005" custom="readingOrder {index:2;}">
          <Coords points="534,1921 605,1917 606,1917 606,1958 534,1962"/>
          <TextEquiv>
            <Unicode>es/</Unicode>
          </TextEquiv>
        </Word>
        <Word id="region0001_line0021_word0004" custom="readingOrder {index:3;}">
          <Coords points="710,1912 630,1913 630,1958 654,1959 686,1963 694,1958 710,1958"/>
          <TextEquiv conf="0.92763054">
            <Unicode>daß</Unicode>
          </TextEquiv>
        </Word>
        <Word id="region0001_line0021_word0005" custom="readingOrder {index:4;}">
          <Coords points="779,1916 718,1916 718,1958 734,1958 746,1953 760,1953 771,1957 779,1956"/>
          <TextEquiv conf="0.92763054">
            <Unicode>die</Unicode>
          </TextEquiv>
        </Word>
        <Word id="region0001_line0021_word0006" custom="readingOrder {index:5;}">
          <Coords points="1127,1911 788,1914 788,1955 793,1955 805,1963 829,1955 850,1954 860,1957 868,1953 880,1953 904,1964 914,1959 926,1959 937,1965 946,1964 954,1959 1003,1963 1013,1956 1033,1956 1078,1960 1087,1967 1099,1965 1106,1960 1127,1960"/>
          <TextEquiv conf="0.8705111">
            <Unicode>Landſchafftliche</Unicode>
          </TextEquiv>
        </Word>
        <Word id="region0001_line0021_word0007" custom="readingOrder {index:6;}">
          <Coords points="1141,1909 1141,1960 1158,1960 1161,1966 1169,1969 1188,1955 1195,1955 1207,1961 1256,1960 1277,1954 1288,1960 1305,1960 1311,1965 1322,1965 1327,1960 1338,1960 1350,1965 1366,1961 1397,1960 1413,1968 1429,1968 1443,1957 1488,1962 1496,1952 1502,1952 1512,1962 1521,1961 1526,1955 1543,1959 1573,1959 1573,1907 1440,1909 1423,1913 1404,1909 1389,1912 1386,1907 1350,1908 1344,1913 1337,1914 1332,1908 1312,1908 1312,1908 1312,1908 1292,1908 1292,1908 1292,1908 1249,1908 1226,1909 1220,1908"/>
          <TextEquiv conf="0.92485267">
            <Unicode>Berahtſchlagungen</Unicode>
          </TextEquiv>
        </Word>
        <Word id="region0001_line0021_word0008" custom="readingOrder {index:7;}">
          <Coords points="1605,1905 1602,1907 1582,1907 1582,1959 1626,1959 1627,1960 1648,1960 1654,1956 1663,1956 1667,1960 1678,1960 1689,1958 1691,1959 1753,1959 1766,1956 1780,1959 1791,1957 1791,1907 1784,1906 1771,1911 1711,1908 1706,1904 1689,1904 1686,1906 1659,1905"/>
          <TextEquiv conf="0.92466974">
            <Unicode>allerhand</Unicode>
          </TextEquiv>
        </Word>
        <Word id="region0001_line0021_word0009" custom="readingOrder {index:8;}">
          <Coords points="1805,1904 1801,1906 1801,1948 1888,1948 1888,1913 1849,1913 1845,1910 1836,1910 1828,1904"/>
          <TextEquiv conf="0.817892">
            <Unicode>for-</Unicode>
          </TextEquiv>
        </Word>
        <TextEquiv>
          <Unicode>ne iſt es/ daß die Landſchafftliche Berahtſchlagungen allerhand for-</Unicode>
        </TextEquiv>
      </TextLine>
      <TextLine id="region0001_line0022" custom="readingOrder {index:20;}">
        <Coords points="746,1954 736,1957 732,1962 709,1957 706,1960 694,1959 686,1964 619,1962 587,1967 578,1959 567,1961 550,1957 538,1966 525,1966 512,1959 506,1963 489,1959 484,1962 483,1967 358,1968 359,2015 554,2013 570,2016 579,2012 618,2012 656,2016 673,2022 678,2016 686,2014 698,2018 732,2014 742,2018 751,2010 769,2009 788,2012 797,2017 809,2013 811,2018 819,2021 829,2013 848,2010 857,2015 863,2014 870,2020 885,2017 887,2014 937,2015 944,2012 952,2015 975,2012 1009,2016 1125,2018 1127,2021 1143,2024 1153,2024 1173,2014 1196,2019 1206,2013 1217,2015 1226,2011 1234,2012 1241,2017 1276,2016 1339,2009 1352,2014 1376,2016 1404,2011 1413,2015 1438,2016 1447,2021 1457,2020 1463,2016 1499,2017 1528,2011 1567,2016 1643,2015 1650,2017 1677,2016 1683,2013 1704,2016 1728,2010 1737,2010 1750,2016 1769,2014 1775,2018 1788,2014 1824,2016 1828,2012 1836,2011 1843,2011 1848,2015 1893,2014 1892,1961 1843,1960 1837,1955 1821,1955 1814,1960 1811,1957 1780,1960 1766,1957 1747,1962 1696,1965 1689,1959 1669,1963 1663,1957 1654,1957 1646,1963 1629,1963 1626,1960 1610,1963 1542,1963 1539,1958 1526,1956 1521,1962 1512,1963 1502,1953 1496,1953 1487,1965 1464,1964 1457,1958 1443,1958 1433,1968 1413,1969 1400,1962 1354,1966 1339,1963 1322,1966 1289,1964 1277,1955 1247,1964 1209,1965 1195,1956 1188,1956 1169,1970 1155,1964 1102,1964 1087,1968 1078,1961 1062,1958 1013,1957 1003,1964 974,1961 937,1966 925,1962 899,1964 887,1961 880,1954 868,1954 860,1958 850,1955 829,1956 803,1964 793,1956 780,1957 774,1961 768,1956"/>
        <Baseline points="358,2003 1892,2003"/>
        <Word id="region0001_line0022_word0000" custom="readingOrder {index:0;}">
          <Coords points="632,1968 421,1970 421,2014 554,2013 570,2016 579,2012 618,2012 632,2013"/>
          <TextEquiv conf="0.9251717">
            <Unicode>malitaͤten</Unicode>
          </TextEquiv>
        </Word>
        <Word id="region0001_line0022_word0001" custom="readingOrder {index:1;}">
          <Coords points="722,1969 641,1970 641,2014 656,2016 671,2021 673,2021 678,2016 686,2014 698,2018 722,2015"/>
          <TextEquiv conf="0.92536163">
            <Unicode>mit</Unicode>
          </TextEquiv>
        </Word>
        <Word id="region0001_line0022_word0002" custom="readingOrder {index:2;}">
          <Coords points="806,1968 736,1968 736,2015 742,2018 751,2010 769,2009 788,2012 797,2017 806,2013"/>
          <TextEquiv conf="0.7906276">
            <Unicode>ſich</Unicode>
          </TextEquiv>
        </Word>
        <Word id="region0001_line0022_word0003" custom="readingOrder {index:3;}">
          <Coords points="968,1967 814,1968 814,2019 819,2021 829,2013 848,2010 857,2015 863,2014 870,2020 885,2017 887,2014 937,2015 944,2012 952,2015 968,2012"/>
          <TextEquiv conf="0.7906276">
            <Unicode>fuͤhren.</Unicode>
          </TextEquiv>
        </Word>
        <Word id="word_1657699578719_1012" custom="readingOrder {index:4;}">
          <Coords points="1009,1963 1080,1962 1087,1968 1102,1964 1133,1964 1133,2021 1127,2021 1125,2018 1009,2016"/>
          <TextEquiv>
            <Unicode>Man</Unicode>
          </TextEquiv>
        </Word>
        <Word id="word_1657699578719_1011" custom="readingOrder {index:5;}">
          <Coords points="1133,1964 1155,1964 1169,1970 1179,1962 1204,1962 1209,1965 1229,1964 1229,2011 1226,2011 1217,2015 1206,2013 1196,2019 1173,2014 1158,2021 1133,2021"/>
          <TextEquiv>
            <Unicode>gehe</Unicode>
          </TextEquiv>
        </Word>
        <Word id="region0001_line0022_word0005" custom="readingOrder {index:6;}">
          <Coords points="1254,1961 1247,1964 1235,1964 1236,2011 1329,2010 1332,2009 1332,1964 1322,1966 1289,1964 1285,1961"/>
          <TextEquiv conf="0.5128546">
            <Unicode>aber</Unicode>
          </TextEquiv>
        </Word>
        <Word id="region0001_line0022_word0006" custom="readingOrder {index:7;}">
          <Coords points="1344,1965 1345,2011 1352,2014 1376,2016 1404,2011 1413,2015 1438,2016 1440,2017 1461,2017 1463,2016 1464,2016 1463,1964 1437,1964 1433,1968 1413,1969 1405,1964 1368,1965 1354,1966 1349,1965"/>
          <TextEquiv conf="0.9118747">
            <Unicode>durch</Unicode>
          </TextEquiv>
        </Word>
        <Word id="region0001_line0022_word0007" custom="readingOrder {index:8;}">
          <Coords points="1494,1954 1487,1965 1473,1964 1474,2011 1553,2010 1552,1963 1542,1963 1539,1958 1526,1956 1521,1962 1512,1963 1503,1954"/>
          <TextEquiv conf="0.9118747">
            <Unicode>alle</Unicode>
          </TextEquiv>
        </Word>
        <Word id="region0001_line0022_word0008" custom="readingOrder {index:9;}">
          <Coords points="1560,1967 1641,1967 1642,2009 1561,2009"/>
          <TextEquiv conf="0.92393774">
            <Unicode>und</Unicode>
          </TextEquiv>
        </Word>
        <Word id="region0001_line0022_word0009" custom="readingOrder {index:10;}">
          <Coords points="1651,1962 1652,2016 1677,2016 1683,2013 1704,2016 1728,2010 1732,2010 1732,1962 1696,1965 1692,1962 1674,1962 1669,1963 1668,1962"/>
          <TextEquiv conf="0.9244902">
            <Unicode>jede</Unicode>
          </TextEquiv>
        </Word>
        <Word id="region0001_line0022_word0010" custom="readingOrder {index:11;}">
          <Coords points="1751,1961 1747,1962 1739,1962 1740,2011 1741,2012 1833,2011 1836,2011 1843,2011 1843,2011 1889,2011 1888,1961 1854,1960"/>
          <TextEquiv>
            <Unicode>Staͤn⸗</Unicode>
          </TextEquiv>
        </Word>
        <TextEquiv>
          <Unicode>malitaͤten mit ſich fuͤhren. Man gehe aber durch alle und jede Staͤn⸗</Unicode>
        </TextEquiv>
      </TextLine>
      <TextLine id="region0001_line0023" custom="readingOrder {index:21;}">
        <Coords points="763,2010 751,2011 742,2019 725,2015 700,2021 686,2015 678,2017 673,2023 618,2013 606,2013 600,2017 590,2013 579,2013 570,2017 552,2014 533,2019 506,2020 497,2020 491,2014 480,2014 473,2020 437,2019 431,2015 416,2019 359,2018 359,2073 533,2073 604,2069 669,2071 674,2074 683,2074 687,2071 794,2069 948,2073 975,2069 1120,2069 1176,2071 1179,2076 1196,2077 1199,2072 1211,2072 1213,2077 1233,2077 1237,2073 1390,2073 1397,2070 1416,2070 1477,2076 1893,2069 1893,2017 1849,2017 1843,2012 1828,2013 1824,2017 1814,2018 1775,2019 1769,2015 1745,2017 1737,2011 1709,2017 1683,2014 1665,2018 1643,2017 1619,2020 1528,2012 1513,2017 1460,2019 1447,2022 1438,2017 1418,2018 1404,2012 1376,2017 1352,2015 1339,2010 1320,2014 1309,2012 1299,2016 1289,2014 1242,2019 1234,2013 1226,2012 1217,2016 1206,2014 1196,2020 1173,2015 1159,2023 1143,2025 1125,2021 960,2018 944,2013 934,2018 883,2018 870,2021 859,2019 848,2011 829,2014 819,2022 805,2016 797,2018 788,2013"/>
        <Baseline points="359,2063 1893,2059"/>
        <Word id="region0001_line0023_word0000" custom="readingOrder {index:0;}">
          <Coords points="423,2031 466,2030 466,2071 423,2072"/>
          <TextEquiv conf="0.88519144">
            <Unicode>de</Unicode>
          </TextEquiv>
        </Word>
        <Word id="region0001_line0023_word0001" custom="readingOrder {index:1;}">
          <Coords points="474,2028 535,2028 535,2072 474,2072"/>
          <TextEquiv conf="0.88519144">
            <Unicode>im</Unicode>
          </TextEquiv>
        </Word>
        <Word id="region0001_line0023_word0002" custom="readingOrder {index:2;}">
          <Coords points="866,2023 544,2026 544,2072 604,2069 669,2071 672,2072 684,2072 687,2071 794,2069 866,2070"/>
          <TextEquiv>
            <Unicode>Militair-Civil-</Unicode>
          </TextEquiv>
        </Word>
        <Word id="region0001_line0023_word0003" custom="readingOrder {index:3;}">
          <Coords points="882,2025 965,2025 965,2069 882,2069"/>
          <TextEquiv conf="0.9284195">
            <Unicode>und</Unicode>
          </TextEquiv>
        </Word>
        <Word id="region0001_line0023_word0004" custom="readingOrder {index:4;}">
          <Coords points="974,2021 974,2069 975,2069 1120,2069 1176,2071 1178,2075 1197,2075 1199,2072 1211,2072 1212,2074 1236,2074 1237,2073 1289,2073 1289,2019 1197,2020 1196,2020 1194,2020 1165,2020 1159,2023 1143,2025 1125,2021 1086,2020"/>
          <TextEquiv>
            <Unicode>œconomiſchen</Unicode>
          </TextEquiv>
        </Word>
        <Word id="region0001_line0023_word0005" custom="readingOrder {index:5;}">
          <Coords points="1296,2018 1296,2068 1454,2067 1454,2020 1447,2022 1438,2017 1435,2017 1418,2018 1416,2017"/>
          <TextEquiv conf="0.9281954">
            <Unicode>Weſen.</Unicode>
          </TextEquiv>
        </Word>
        <Word id="region0001_line0023_word0006" custom="readingOrder {index:6;}">
          <Coords points="1513,2018 1513,2066 1590,2065 1590,2017 1585,2017"/>
          <TextEquiv conf="0.9282388">
            <Unicode>Da</Unicode>
          </TextEquiv>
        </Word>
        <Word id="region0001_line0023_word0007" custom="readingOrder {index:7;}">
          <Coords points="1600,2019 1600,2065 1706,2064 1706,2018 1629,2018 1619,2020 1606,2018"/>
          <TextEquiv conf="0.91687757">
            <Unicode>wird</Unicode>
          </TextEquiv>
        </Word>
        <Word id="region0001_line0023_word0008" custom="readingOrder {index:8;}">
          <Coords points="1716,2016 1716,2063 1798,2062 1798,2018 1775,2019 1769,2015 1764,2015 1745,2017 1743,2015"/>
          <TextEquiv conf="0.84044206">
            <Unicode>kein</Unicode>
          </TextEquiv>
        </Word>
        <Word id="region0001_line0023_word0009" custom="readingOrder {index:9;}">
          <Coords points="1825,2016 1824,2017 1814,2018 1807,2018 1807,2061 1885,2061 1885,2017 1849,2017 1847,2016"/>
          <TextEquiv conf="0.5989449">
            <Unicode>ein⸗</Unicode>
          </TextEquiv>
        </Word>
        <TextEquiv>
          <Unicode>de im Militair-Civil- und œconomiſchen Weſen. Da wird kein ein⸗</Unicode>
        </TextEquiv>
      </TextLine>
      <TextLine id="region0002_line0001" custom="readingOrder {index:22;}">
        <Coords points="647,2066 641,2074 629,2076 546,2075 539,2069 526,2069 520,2075 477,2076 466,2069 455,2069 449,2074 429,2070 424,2074 418,2074 419,2132 423,2132 432,2144 442,2144 452,2132 457,2132 469,2146 491,2143 500,2131 629,2127 822,2130 851,2136 866,2136 871,2140 949,2130 1009,2130 1016,2139 1025,2139 1035,2129 1115,2131 1143,2133 1147,2139 1156,2143 1172,2141 1184,2132 1208,2131 1250,2131 1258,2141 1276,2140 1283,2131 1349,2130 1365,2131 1371,2137 1384,2139 1394,2139 1401,2131 1464,2130 1471,2138 1480,2138 1487,2131 1502,2131 1509,2140 1519,2140 1529,2131 1711,2129 1720,2138 1731,2138 1740,2129 1838,2127 1850,2130 1860,2123 1889,2124 1888,2067 1883,2066 1834,2067 1829,2070 1824,2067 1808,2067 1804,2072 1793,2073 1749,2072 1742,2071 1739,2066 1716,2066 1709,2071 1705,2066 1685,2067 1678,2073 1667,2074 1535,2075 1502,2073 1498,2067 1487,2066 1480,2066 1469,2073 1418,2072 1415,2067 1372,2067 1367,2072 1327,2072 1323,2069 1313,2069 1308,2073 1190,2076 1068,2073 1057,2072 1053,2066 1010,2067 1007,2070 993,2071 963,2068 958,2072 924,2072 907,2070 902,2066 874,2067 870,2070 808,2074 792,2073 787,2066 772,2066 768,2072 758,2072 753,2067 734,2067 718,2074 668,2076 661,2066"/>
        <Baseline points="419,2123 1534,2122 1889,2114"/>
        <Word id="region0002_line0001_word0000" custom="readingOrder {index:0;}">
          <Coords points="540,2083 423,2084 423,2133 431,2143 442,2143 452,2132 457,2132 466,2143 487,2143 491,2143 500,2131 540,2129"/>
          <TextEquiv conf="0.92974395">
            <Unicode>tziges</Unicode>
          </TextEquiv>
        </Word>
        <Word id="region0002_line0001_word0001" custom="readingOrder {index:1;}">
          <Coords points="710,2127 709,2082 561,2083 562,2128 606,2127 629,2127 653,2127"/>
          <TextEquiv conf="0.91886467">
            <Unicode>metier</Unicode>
          </TextEquiv>
        </Word>
        <Word id="region0002_line0001_word0002" custom="readingOrder {index:2;}">
          <Coords points="836,2131 835,2081 729,2082 729,2128 822,2130 827,2131"/>
          <TextEquiv conf="0.91640836">
            <Unicode>keine</Unicode>
          </TextEquiv>
        </Word>
        <Word id="region0002_line0001_word0003" custom="readingOrder {index:3;}">
          <Coords points="1179,2076 859,2079 859,2136 866,2136 869,2138 880,2138 949,2130 1009,2130 1014,2137 1026,2137 1035,2129 1115,2131 1143,2133 1145,2136 1178,2136 1179,2135"/>
          <TextEquiv conf="0.9205878">
            <Unicode>Handthierung</Unicode>
          </TextEquiv>
        </Word>
        <Word id="region0002_line0001_word0004" custom="readingOrder {index:4;}">
          <Coords points="1449,2074 1202,2076 1202,2131 1208,2131 1250,2131 1252,2134 1280,2134 1283,2131 1349,2130 1365,2131 1367,2133 1398,2133 1401,2131 1449,2130"/>
          <TextEquiv conf="0.92570734">
            <Unicode>anzutreffen</Unicode>
          </TextEquiv>
        </Word>
        <Word id="word_1657699637075_1047" custom="readingOrder {index:5;}">
          <Coords points="1472,2077 1581,2074 1604,2074 1604,2130 1526,2133 1473,2134"/>
          <TextEquiv>
            <Unicode>ſeyn/</Unicode>
          </TextEquiv>
        </Word>
        <Word id="region0002_line0001_word0007" custom="readingOrder {index:6;}">
          <Coords points="1762,2074 1620,2075 1620,2129 1711,2129 1714,2132 1736,2132 1740,2129 1762,2128"/>
          <TextEquiv conf="0.9202148">
            <Unicode>welche</Unicode>
          </TextEquiv>
        </Word>
        <Word id="region0002_line0001_word0008" custom="readingOrder {index:7;}">
          <Coords points="1884,2073 1778,2074 1779,2128 1797,2127 1838,2127 1839,2127 1853,2127 1860,2123 1884,2123"/>
          <TextEquiv conf="0.9253926">
            <Unicode>nicht</Unicode>
          </TextEquiv>
        </Word>
        <TextEquiv>
          <Unicode>tziges metier keine Handthierung anzutreffen ſeyn/ welche nicht</Unicode>
        </TextEquiv>
      </TextLine>
      <TextEquiv>
        <Unicode>Die ſcheinbahrſte Einwuͤrffe/ welche Land⸗Staͤnden entge⸗
gen geſetzet werden/ kommen wol darauf an/ 1. daß die Landes
Augelegenheiten ohne der Staͤnde Zuziehung weit promter und ge⸗
ſchwinder zum Stande zu bringen/ als wenn vorhero Berahtſchla⸗
gung mit denenſelben angeſtellet werden muß. 2ᵈᵒ Daß Koͤnige
und Fuͤrſten/ die abſolute regieren/ ſich bey denen benachbahrten
Potentaten weit formidabler machen koͤnnen/ als diejenigen/ ſo der⸗
gleichen abſolute Herrſchafft nicht haben. 3ᵗⁱᵒ Daß viele Laͤnder
durch Schwerdt und Krieg gewonnen waͤren/ alsdann aber der Lan⸗
des⸗Herr nicht gehalten ſey/ denen Land⸗Staͤnden ihre vorhin ge⸗
habte Befugniſſe und Verfaſſungen zu laſſen/ ſondern freye Haͤn⸗
de habe/ wie er die Verwaltung des Regiments anſtellen und ein⸗
richten wolle. Betreffend den erſten Einwurff/ iſt die promte
execution in gewiſſer Maaſſe ſehr loͤblich und dienſahm/ nicht aber
allemahl noͤhtig. Oeffters bringet ſie vielmehr Verwirrung und
Schaden/ als der etwanige Verzug/ welcher durch Berahtſchla⸗
gung mit Land⸗Staͤnden verurſachet wird. Es fehlet auch nicht an
gewiſſen Mitteln und Veranſtaltungen/ die Weitlaͤufftigkeit des
Landſchafftlichen Collegii und Weſens einzuſchraͤncken. Nicht oh⸗
ne iſt es/ daß die Landſchafftliche Berahtſchlagungen allerhand for-
malitaͤten mit ſich fuͤhren. Man gehe aber durch alle und jede Staͤn⸗
de im Militair-Civil- und œconomiſchen Weſen. Da wird kein ein⸗
tziges metier keine Handthierung anzutreffen ſeyn/ welche nicht</Unicode>
      </TextEquiv>
    </TextRegion>
  </Page>
</PcGts>
