1531 2230
153 383 292 433 Krieg
312 381 524 429 ankuͤndigen,
555 378 717 428 gefangen
734 378 889 426 nehmen,
912 380 978 417 und
1000 379 1041 426 ſie

186 440 220 479 in
240 441 292 479 die
315 438 411 486 ſieben
440 437 589 486 Thuͤrme
611 436 714 484 ſetzen.
778 435 850 476 Die
876 433 1042 473 Ankuͤndi⸗

184 496 273 535 gung
296 490 352 527 des
373 486 514 535 Krieges
536 483 708 534 geſchiehet
728 492 820 524 unter
844 481 1042 527 Trompeten

186 548 251 583 und
268 535 553 594 Pauken⸗Schall,
570 540 702 588 mittelſt
717 537 932 589 Ausſteckung
948 538 1041 578 eines

187 594 442 645 Roßſchweifes.

519 702 573 752 §.
627 705 713 750 164.

522 775 724 821 Juſtizweſen.

229 860 335 903 Die
369 855 591 904 Verwaltung
627 857 683 895 der
706 851 940 902 Gerechtigkeit
960 851 1044 902 ſteht

193 904 250 953 bey
270 911 342 945 dem
366 904 587 954 Großſultan,
616 902 717 952 ſeinen
739 899 881 950 Veziers
897 904 961 940 und
975 899 1046 942 Vi⸗

193 964 358 1010 ce ⸗ Rois,
373 970 428 1004 der
443 963 556 1010 Mufti
574 960 730 1012 hingegen
747 958 804 1008 hat
822 960 853 998 in
869 958 1045 1007 Rechtsſa⸗

193 1012 266 1056 chen
277 1017 336 1052 den
345 1013 448 1061 letzten
456 1009 653 1058 Ausſpruch,
663 1008 857 1057 unterdeſſen
872 1007 953 1047 wird
962 1006 1046 1055 ohne

191 1068 271 1115 ſeine
285 1065 381 1113 Fetfa
392 1070 464 1106 oder
478 1064 727 1112 Bekraͤftigung
745 1065 802 1101 des
812 1061 956 1111 Urtheils
972 1059 1045 1102 kein

194 1113 513 1163 Staatsverbrecher
535 1122 611 1160 zum
630 1111 720 1153 Tode
740 1113 940 1151 verdammt.

531 1227 567 1272 §.
623 1229 707 1273 165.

267 1301 364 1346 Nach
373 1304 447 1342 dem
457 1300 571 1346 Mufti
586 1298 692 1346 folgen
702 1297 753 1337 die
760 1294 960 1344 Oberrichter
970 1296 1044 1335 oder

193 1344 404 1393 Kadiliskier,
423 1346 574 1382 darunter
586 1345 635 1380 die
667 1344 706 1393 zu
697 1342 904 1387 Romanien,
919 1339 1048 1377 Anato⸗

193 1402 257 1442 lien
275 1406 340 1441 und
354 1399 536 1447 Aegypten,
559 1401 608 1437 die
631 1398 855 1447 vornehmſten
871 1400 948 1444 ſind.
974 1397 1047 1437 Die

195 1453 329 1498 Richter
349 1452 383 1490 in
399 1452 519 1500 großen
540 1448 690 1492 Staͤdten
704 1454 827 1489 werden
843 1449 956 1488 Molla
976 1448 1049 1485 Ka⸗

199 1509 222 1538 di
248 1512 407 1553 genannt,
438 1505 487 1543 die
503 1506 536 1544 in
555 1503 691 1543 kleinern
708 1502 763 1550 ſich
784 1500 942 1549 befinden,
982 1496 1050 1547 hei⸗

194 1558 244 1607 ſen
271 1558 396 1609 ſchlecht
396 1558 475 1607 weg
498 1555 603 1601 Kadi.
678 1557 760 1597 Von
779 1560 850 1595 dem
873 1554 986 1596 Molla
1010 1553 1049 1602 iſt

181 1612 248 1651 die
268 1604 401 1665 naͤchſte
428 1608 524 1657 Stufe
541 1619 578 1655 zu
600 1609 703 1647 einem
727 1606 940 1650 Kadiliskier.
976 1606 1051 1645 Sie

195 1662 262 1712 ſind
278 1665 308 1711 ſo
326 1662 412 1710 wohl
432 1660 571 1708 geiſtlich
589 1660 640 1700 als
657 1658 812 1707 weltlich,
845 1662 911 1696 und
928 1656 1051 1697 koͤnnen

195 1728 260 1757 von
276 1725 334 1759 den
367 1718 599 1762 Vice ⸗ Rois
622 1724 676 1757 der
699 1712 884 1766 Provinzen
906 1724 960 1763 zur
983 1713 1051 1753 Re⸗

194 1760 365 1812 chenſchaft
384 1762 526 1811 gefodert
548 1767 691 1807 werden,
718 1763 848 1807 welche,
870 1764 921 1798 die
936 1761 1052 1803 Sache

196 1823 255 1860 des
296 1815 529 1866 Kriegsvolkes
553 1823 833 1864 ausgenommen,
867 1818 926 1853 den
946 1814 1054 1862 letzten

194 1856 381 1920 Ausſpruch
404 1866 523 1916 haben.
