2521 2584
1078 328 1182 365 Boer.
1189 324 1295 366 deciſ.
1304 334 1385 368 322.
1392 334 1428 359 n.
1438 332 1473 365 9.

1081 375 1234 422 Fritſch.
1245 375 1279 412 d.
1289 375 1399 413 tract.
1423 371 1455 419 c.
1454 383 1502 412 15.
1512 382 1547 408 n.
1563 381 1596 415 3.

1081 423 1204 461 Zahn.
1213 426 1250 460 d.
1266 424 1345 470 Jur.
1354 422 1486 460 munic.
1495 432 1525 457 c.
1531 426 1595 459 68.

940 469 1114 509 Civiliter
1123 465 1199 507 aber
1206 459 1297 514 gehet
1307 467 1362 507 der
1378 465 1494 513 Weeg
1509 464 1586 505 oder
1606 454 1850 512 Land⸗Straſſe
1859 463 1939 504 ab/
1963 468 2065 502 wann
2077 463 2306 500 authoritate

940 525 1116 571 Principis
1128 524 1180 563 der
1190 525 1254 562 alte
1268 520 1403 568 Weeg/
1413 521 1484 561 weil
1492 516 1648 567 vielleicht
1650 514 1704 564 ein
1727 517 1949 558 commoderer
1965 516 2141 565 gemacht/
2150 516 2227 555 oder
2242 519 2306 556 aus

937 570 1023 612 einer
1032 573 1155 611 andern
1163 570 1282 618 Urſach
1292 570 1508 612 conſtituiret
1515 566 1670 615 worden/
1670 566 1872 615 aufgenoben
1880 567 1981 616 wird/
1985 565 2104 614 maſſen
2111 564 2143 611 ſo
2154 566 2243 605 dann
2252 568 2307 605 der

943 624 1006 662 alte
1018 623 1132 665 Weeg
1142 621 1201 664 ſein
1211 621 1387 661 Prædicat
1398 619 1479 660 einer
1488 616 1614 666 offenen
1623 610 1871 665 Land⸗Straſſe
1878 617 2033 658 verlieret/
2044 618 2110 656 und
2130 616 2188 656 mit
2206 615 2309 654 Con-

942 675 1019 710 ſens
1028 672 1090 715 deß
1098 669 1254 718 Fuͤrſtens
1263 674 1363 711 denen
1374 671 1526 708 Privatis
1535 667 1673 715 zufaͤllet.
1723 662 1840 714 Woraus
1859 662 1927 715 auch
1955 662 2074 714 flieſet/
2065 666 2135 712 daß
2145 666 2193 705 die
2202 665 2307 712 Fuhr⸗

944 719 1038 759 Leute
1044 716 1198 766 gleichwie
1208 718 1245 764 ſie
1253 720 1313 757 den
1325 718 1409 758 alten
1419 716 1537 763 Weeg
1543 715 1625 761 nicht
1636 712 1746 761 haͤtten
1758 713 1952 762 verfahren/
1951 715 2019 753 und
2029 713 2118 753 einen
2128 720 2245 752 neuern
2253 711 2308 751 ob⸗

943 764 1034 813 ſchon
1045 767 1276 806 commodern
1286 762 1456 809 betretten/
1463 763 1529 810 alſo
1540 770 1608 804 nun
1617 762 1696 811 auch
1704 761 1787 811 nicht
1795 761 1914 803 wieder
1923 769 1960 810 zu
1968 762 2029 800 den
2036 761 2123 803 alten
2136 759 2197 802 mit
2215 758 2311 805 Ver⸗

945 814 1071 852 laſſung
1079 816 1140 852 deß
1154 824 1255 852 neuen
1265 819 1377 852 tretten
1388 815 1511 852 koͤnnen

1098 868 1128 900 P.
1137 863 1278 901 Frider.
1287 861 1334 897 de
1339 859 1473 900 Interd.
1479 870 1507 895 c.
1519 868 1549 901 5.
1559 868 1594 895 n.
1603 867 1659 900 23.

943 911 1012 951 und
1022 907 1074 956 diß
1084 908 1133 957 ſey
1139 915 1248 955 genug
1255 913 1317 948 von
1327 907 1383 951 der
1399 905 1555 946 Materia
1575 907 1642 944 viæ
1651 904 1828 951 publicæ,
1851 908 1969 946 wovon
1976 901 2056 948 noch
2069 900 2316 954 weitleufftiger/

945 962 1115 1008 beſonders
1124 970 1187 1000 von
1198 964 1252 1001 der
1261 961 1491 1007 Jurisdiction
1504 956 1583 1001 uͤber
1594 957 1761 1007 derſelben/
1788 954 1841 1007 von
1839 957 1933 999 deren
1943 955 2132 1002 Sicherheit
2152 957 2205 1008 und
2218 958 2314 997 ande⸗

943 1013 1000 1048 res
1007 1008 1094 1053 mehr
1104 1003 1217 1049 koͤnnte
1225 1005 1396 1056 gehandelt
1403 1005 1553 1052 werden;
1563 1006 1634 1046 weil
1642 1006 1685 1051 ich
1693 1004 1771 1045 aber
1787 1013 1822 1052 zu
1831 1006 1908 1046 weit
1923 1011 1986 1043 von
1998 1005 2070 1042 dem
2080 1005 2202 1050 Scopo
2214 1003 2311 1051 dieſes

946 1062 1153 1104 Werckleins
1161 1062 1321 1107 evagiren
1329 1057 1467 1111 wuͤrde/
1494 1064 1596 1099 wann
1606 1058 1648 1103 ich
1658 1056 1735 1103 mich
1745 1056 1866 1105 hierinn
1878 1053 2097 1103 weitlaͤuffiger
2106 1053 2258 1102 einlieſſe/
2279 1053 2310 1101 ſo

948 1112 1014 1152 will
1025 1116 1060 1150 es
1068 1113 1125 1156 bey
1135 1104 1236 1153 dem/
1237 1111 1312 1152 was
1321 1106 1522 1156 beygerucket
1538 1104 1682 1153 worden/
1697 1105 1873 1152 verbleiben
1887 1104 2006 1157 laſſen/
2000 1111 2100 1147 wann
2109 1102 2154 1150 ich
2169 1102 2248 1151 noch
2263 1103 2311 1144 ein

947 1166 1031 1206 paar
1041 1156 1267 1208 Quæſtiones
1275 1157 1382 1200 werde
1393 1147 1592 1209 beygerucket
1606 1144 1716 1208 haben.

1573 1217 1602 1242 §.
1630 1218 1691 1242 28.

1063 1252 1120 1299 Es
1120 1252 1212 1300 fragt
1221 1252 1279 1298 ſich
1289 1250 1468 1297 demnach:
1468 1249 1583 1294 Wem
1590 1250 1639 1291 die
1644 1248 1830 1298 fruchtbarn
1840 1247 1918 1291 oder
1926 1250 2042 1289 andere
2050 1243 2206 1296 Baͤume/
2216 1241 2264 1297 die
2265 1252 2311 1288 an

948 1301 1005 1340 der
1015 1299 1259 1347 Land⸗Straſſe
1269 1298 1394 1351 ſtehen/
1393 1294 1575 1345 zugehoͤrn?
1601 1309 1643 1343 Ɍ.
1653 1297 1746 1338 Dem
1742 1293 1851 1349 erſten
1866 1292 2006 1348 Anſehen
2023 1295 2115 1342 nach,
2130 1294 2239 1342 ſollten
2255 1295 2310 1342 ſol⸗

947 1354 999 1398 che
1011 1355 1082 1394 dem
1092 1354 1324 1399 Lands⸗Herrn
1332 1347 1490 1402 gehoͤren/
1494 1348 1623 1398 welcher
1631 1348 1711 1396 auch
1719 1347 1801 1398 einig
1807 1348 1875 1390 und
1883 1347 1977 1392 allein
1988 1347 2055 1390 eine
2063 1339 2309 1402 Land⸗Straſſe

948 1399 1178 1438 conſtituiren
1188 1396 1246 1438 kan

1092 1446 1125 1480 L
1144 1453 1213 1491 quo
1221 1443 1336 1479 minus
1347 1458 1376 1482 2.
1385 1442 1428 1480 de
1425 1437 1574 1494 flumin.

1090 1498 1127 1530 L.
1132 1502 1262 1543 prætor
1269 1501 1340 1529 art.
1349 1504 1383 1533 2.
1392 1493 1529 1539 nequid
1531 1495 1576 1531 in
1591 1490 1656 1529 loc.
1656 1491 1757 1541 publ.

951 1543 1043 1585 allein
1054 1541 1125 1590 ſeyn
1135 1541 1282 1590 diejenige
1290 1540 1383 1588 beſſer
1393 1542 1521 1591 daran/
1517 1541 1628 1587 welche
1637 1541 1685 1580 die
1694 1536 1835 1592 Baͤume
1854 1538 1910 1581 und
1919 1538 2013 1578 deren
2032 1535 2161 1586 Genuß
2175 1536 2311 1587 denjeni⸗

947 1603 1009 1638 gen
1018 1593 1227 1641 zuſchreiben/
1252 1587 1350 1640 welche
1370 1586 1441 1639 ihre
1435 1593 1581 1630 Fundos
1589 1599 1632 1633 an
1643 1592 1696 1633 der
1705 1590 1950 1640 Land⸗Straſſe
1959 1589 2080 1637 liegend
2097 1589 2228 1635 haben/
2244 1588 2311 1629 weil

950 1640 1140 1690 dergleichen
1155 1639 1301 1691 Anſtoͤſſer
1323 1639 1358 1689 im
1355 1645 1428 1692 Fall
1449 1645 1499 1685 die
1510 1641 1731 1690 Land⸗Straſſe
1738 1639 1892 1690 geaͤndert
1900 1643 1977 1681 oder
1985 1639 2209 1686 unbrauchbar
2218 1639 2315 1686 wird/

947 1696 1029 1738 auch
1036 1703 1099 1735 von
1109 1696 1183 1734 dem
1192 1695 1362 1740 Seinigen
1369 1695 1400 1739 ſo
1409 1694 1468 1734 viel
1477 1693 1568 1741 Platz
1578 1693 1630 1732 als
1636 1701 1689 1739 zur
1703 1690 1947 1739 Land⸗Straſſe
1959 1686 2099 1741 noͤthig/
2107 1690 2168 1729 wie
2177 1689 2221 1728 im
2233 1687 2313 1728 vori⸗

951 1750 1013 1785 gen
1023 1747 1052 1786 §.
1060 1743 1214 1789 gemeldet
1235 1743 1349 1783 worden
1363 1739 1529 1789 hergeben
1539 1734 1637 1783 muß/
1641 1737 1761 1790 dahero
1770 1739 1840 1779 weil
1847 1746 1879 1779 er
1889 1736 1942 1785 diß
1951 1736 2234 1776 lncommodum
2243 1733 2316 1786 hat/

954 1789 1053 1836 billich
1063 1792 1143 1835 auch
1154 1790 1214 1830 den
1223 1790 1353 1836 Nutzen
1362 1788 1468 1828 davon
1476 1785 1578 1836 ziehen
1586 1787 1639 1834 ſoll

1098 1839 1136 1872 L.
1147 1847 1191 1877 14
1208 1836 1248 1879 §.
1256 1846 1336 1871 cum
1342 1835 1423 1874 via.
1430 1832 1597 1884 quemad.
1605 1839 1708 1871 Serv.
1722 1844 1796 1870 am.

1099 1890 1142 1923 L.
1163 1888 1196 1926 10
1214 1885 1298 1925 de
1277 1882 1313 1928 R.
1332 1882 1368 1931 J.
1381 1888 1412 1924 in
1432 1891 1464 1925 6.

949 1936 1026 1975 oder
1041 1933 1232 1981 wenigſtens
1253 1930 1390 1982 gehoͤren
1412 1932 1453 1980 ſie
1476 1935 1528 1975 der
1549 1931 1732 1975 Gemeinde
1751 1931 1812 1977 deß
1826 1929 1918 1976 Orts
1925 1927 1980 1981 zu/
2002 1931 2030 1980 wo
2050 1927 2144 1978 dieſer
2154 1927 2311 1980 Anſtoͤſſer

951 1981 1102 2031 wohnet/
1110 1985 1227 2033 maſſen
1237 1986 1314 2028 auch
1324 1985 1433 2031 hiebey
1443 1986 1505 2025 das
1513 1985 1634 2032 Meiſte
1643 1982 1705 2030 auf
1709 1984 1757 2023 die
1773 1980 1993 2032 Gewohnheit
2006 1980 2220 2025 ankommet/
2246 1979 2310 2021 und

950 2040 1020 2074 wer
1034 2033 1222 2081 dergleichen
1232 2023 1498 2080 Land⸗Straſſen
1508 2033 1681 2080 repariren
1689 2027 1798 2080 muͤſſe.

1095 2076 1264 2120 Pecchius
1272 2080 1314 2118 de
1323 2078 1460 2117 Servit.
1500 2087 1568 2115 Tom.
1592 2086 1600 2118 3
1621 2075 1740 2127 quæſt.
1756 2087 1806 2112 II.

1573 2139 1602 2176 §.
1626 2145 1688 2172 29.

1066 2174 1171 2222 Was
1187 2175 1222 2225 iſt
1238 2177 1314 2220 aber
1322 2182 1386 2217 von
1403 2172 1515 2225 dieſem
1523 2172 1617 2212 Calu
1625 2182 1662 2224 zu
1670 2172 1806 2222 halten:
1838 2172 1955 2211 Titius
1965 2170 2022 2220 hat
2031 2172 2080 2212 ein
2088 2179 2131 2214 an
2141 2170 2196 2212 der
2211 2172 2311 2214 Land⸗
