<?xml version='1.0' encoding='utf-8'?>
<PcGts xmlns="http://schema.primaresearch.org/PAGE/gts/pagecontent/2019-07-15" xmlns:xsi="http://www.w3.org/2001/XMLSchema-instance" pcGtsId="PAGE_01" xsi:schemaLocation="http://schema.primaresearch.org/PAGE/gts/pagecontent/2019-07-15 http://schema.primaresearch.org/PAGE/gts/pagecontent/2019-07-15/pagecontent.xsd">
  <Metadata>
    <Creator>OCR-D DFG Phase III</Creator>
    <Created>2024-01-19T13:09:24Z</Created>
    <LastChange>2024-01-19T13:09:24Z</LastChange>
    <Comments>ODEM: OCR-D extension for mass digitization (2021-2024)</Comments>
  </Metadata>
  <Page imageFilename="MAX/urn+nbn+de+gbv+3+1-710724-p0068-0_ger.png" imageWidth="1629" imageHeight="2538" type="content" primaryLanguage="German">
    <Border>
      <Coords points="170,141 157,2459 1534,2441 1526,142"/>
    </Border>
    <ReadingOrder>
      <OrderedGroup id="ro_1671096977209" caption="Regions reading order">
        <RegionRefIndexed index="0" regionRef="region_1671090106612_102"/>
        <RegionRefIndexed index="2" regionRef="TextRegion_1671090038068_55"/>
        <RegionRefIndexed index="3" regionRef="TextRegion_1671090056032_75"/>
        <RegionRefIndexed index="4" regionRef="TextRegion_1671090056032_74"/>
        <RegionRefIndexed index="5" regionRef="TextRegion_1671090085575_95"/>
      </OrderedGroup>
    </ReadingOrder>
    <TextRegion type="marginalia" id="region_1671090106612_102" custom="readingOrder {index:0;} structure {type:marginalia;}">
      <Coords points="340,1795 340,1850 471,1850 471,1795"/>
      <TextLine id="line_1671090106711_105" custom="readingOrder {index:0;}">
        <Coords points="340,1795 340,1850 471,1850 471,1795"/>
        <Word id="word_1671090269371_146" custom="readingOrder {index:0;}">
          <Coords points="340,1795 429,1795 429,1850 340,1850"/>
          <TextEquiv>
            <Unicode>Fig.</Unicode>
          </TextEquiv>
        </Word>
        <Word id="word_1671090269370_145" custom="readingOrder {index:1;}">
          <Coords points="429,1795 471,1795 471,1850 429,1850"/>
          <TextEquiv>
            <Unicode>9</Unicode>
          </TextEquiv>
        </Word>
        <TextEquiv>
          <Unicode>Fig. 9</Unicode>
        </TextEquiv>
      </TextLine>
      <TextEquiv>
        <Unicode>Fig. 9</Unicode>
      </TextEquiv>
    </TextRegion>
    <GraphicRegion id="Graphic_1671090050024_66" custom="readingOrder {index:1;}">
      <Coords points="848,366 1076,366 1076,412 848,412"/>
    </GraphicRegion>
    <TextRegion orientation="-0.4772337" type="page-number" readingDirection="left-to-right" id="TextRegion_1671090038068_55" custom="readingOrder {index:2;} structure {type:page-number;}">
      <Coords points="496,358 602,358 602,426 496,426"/>
      <TextLine id="line_1671090038091_58" custom="readingOrder {index:0;}">
        <Coords points="497,368 553,359 602,358 602,413 551,414 531,424 496,425"/>
        <Baseline points="497,409 602,404"/>
        <Word id="word_1671090038106_60" custom="readingOrder {index:0;}">
          <Coords points="502,375 541,369 590,368 590,408 505,416"/>
          <TextEquiv>
            <Unicode>56</Unicode>
          </TextEquiv>
        </Word>
        <TextEquiv>
          <Unicode>56</Unicode>
        </TextEquiv>
      </TextLine>
      <TextEquiv>
        <Unicode>56</Unicode>
      </TextEquiv>
    </TextRegion>
    <TextRegion orientation="-0.4772337" readingDirection="left-to-right" id="TextRegion_1671090056032_75" custom="readingOrder {index:3;}">
      <Coords points="496,426 1464,426 1464,1039 496,1039"/>
      <TextLine id="region0002_line0002" custom="readingOrder {index:0;}">
        <Coords points="1020,438 1011,449 1005,444 991,444 984,448 977,442 966,442 961,446 936,450 906,445 899,449 838,455 816,455 807,447 794,446 782,454 744,453 731,445 720,445 714,451 687,445 627,444 596,450 578,447 572,451 558,451 553,451 547,446 533,447 528,444 496,447 497,504 525,508 535,501 588,497 778,498 900,502 907,508 922,508 929,502 998,499 1019,500 1024,507 1032,510 1045,510 1055,502 1078,504 1084,510 1093,510 1099,505 1127,505 1135,512 1143,512 1152,504 1168,504 1187,504 1193,511 1204,511 1210,503 1250,502 1256,510 1267,511 1274,502 1464,505 1463,448 1457,444 1445,447 1444,461 1394,458 1384,451 1371,451 1363,457 1339,457 1337,448 1332,444 1321,444 1316,449 1241,443 1220,446 1198,444 1160,456 1156,456 1148,447 1137,447 1129,458 1107,459 1090,456 1088,449 1082,445 1074,445 1060,456 1036,454 1033,452 1032,441"/>
        <Baseline points="497,491 1464,495"/>
        <Word id="region0002_line0002_word0000" custom="readingOrder {index:0;}">
          <Coords points="512,449 512,496 620,497 620,450 597,449 596,450 594,449 574,449 572,451 558,451 553,451 551,449"/>
          <TextEquiv conf="0.9311626">
            <Unicode>hinter</Unicode>
          </TextEquiv>
        </Word>
        <Word id="region0002_line0002_word0001" custom="readingOrder {index:1;}">
          <Coords points="639,450 697,451 697,486 639,485"/>
          <TextEquiv conf="0.91435724">
            <Unicode>BA</Unicode>
          </TextEquiv>
        </Word>
        <Word id="region0002_line0002_word0002" custom="readingOrder {index:2;}">
          <Coords points="720,451 720,488 756,488 756,453 744,453 740,451"/>
          <TextEquiv conf="0.9275935">
            <Unicode>in</Unicode>
          </TextEquiv>
        </Word>
        <Word id="region0002_line0002_word0003" custom="readingOrder {index:3;}">
          <Coords points="784,452 782,454 778,453 778,489 864,490 864,453 858,452 838,455 816,455 813,452"/>
          <TextEquiv conf="0.9236136">
            <Unicode>einer</Unicode>
          </TextEquiv>
        </Word>
        <Word id="region0002_line0002_word0004" custom="readingOrder {index:4;}">
          <Coords points="964,444 961,446 936,450 906,445 899,449 893,450 893,498 998,499 998,499 998,499 1101,500 1101,458 1090,456 1088,449 1082,445 1074,445 1060,456 1036,454 1033,452 1032,444 1015,444 1011,449 1005,444 997,444 991,444 984,448 979,444"/>
          <TextEquiv conf="0.9270009">
            <Unicode>Halbkugel,</Unicode>
          </TextEquiv>
        </Word>
        <Word id="region0002_line0002_word0005" custom="readingOrder {index:5;}">
          <Coords points="1136,453 1136,501 1171,502 1171,454 1166,453 1160,456 1156,456 1153,453"/>
          <TextEquiv conf="0.92974013">
            <Unicode>ja</Unicode>
          </TextEquiv>
        </Word>
        <Word id="region0002_line0002_word0006" custom="readingOrder {index:6;}">
          <Coords points="1192,451 1283,451 1283,502 1192,502"/>
          <TextEquiv conf="0.9183393">
            <Unicode>ſelbſt</Unicode>
          </TextEquiv>
        </Word>
        <Word id="region0002_line0002_word0007" custom="readingOrder {index:7;}">
          <Coords points="1349,451 1342,457 1318,457 1316,448 1311,444 1303,444 1303,502 1349,503"/>
          <TextEquiv conf="0.9280055">
            <Unicode>in</Unicode>
          </TextEquiv>
        </Word>
        <Word id="region0002_line0002_word0008" custom="readingOrder {index:8;}">
          <Coords points="1369,495 1460,496 1460,450 1444,449 1444,461 1394,458 1384,451 1371,451 1369,452"/>
          <TextEquiv conf="0.9259797">
            <Unicode>der</Unicode>
          </TextEquiv>
        </Word>
        <TextEquiv conf="0.92508805">
          <Unicode>hinter BA in einer Halbkugel, ja ſelbſt in der</Unicode>
        </TextEquiv>
      </TextLine>
      <TextLine id="region0002_line0003" custom="readingOrder {index:1;}">
        <Coords points="1306,510 1292,521 1280,520 1271,514 1263,514 1257,519 1252,515 1241,515 1233,519 1228,514 1203,514 1196,521 1184,522 1121,519 1116,516 1107,516 1103,519 1076,519 1067,518 1059,511 1042,510 1035,513 1020,513 1016,510 1007,510 1003,513 963,512 932,518 898,518 874,517 869,508 855,507 842,517 816,519 769,518 759,511 748,511 741,515 736,511 706,515 700,509 692,509 681,515 663,517 627,510 622,506 602,509 597,505 588,505 548,512 529,507 517,511 497,510 496,565 518,565 526,572 534,572 546,564 553,563 621,563 638,564 645,571 658,573 667,571 673,565 690,566 696,571 706,571 712,566 805,563 848,565 854,573 869,574 879,565 885,564 1047,564 1071,567 1083,574 1114,571 1121,576 1129,576 1135,571 1181,567 1294,568 1301,575 1309,575 1315,568 1319,568 1328,577 1343,577 1351,568 1402,569 1463,566 1464,526 1402,524 1390,515 1382,515 1373,522 1346,521 1344,514 1339,510"/>
        <Baseline points="496,555 1463,557"/>
        <Word id="region0002_line0003_word0000" custom="readingOrder {index:0;}">
          <Coords points="511,513 510,564 545,564 546,564 553,563 621,563 638,564 639,565 672,566 673,565 686,566 710,566 711,515 706,515 706,515 706,515 682,515 681,515 663,517 650,514"/>
          <TextEquiv conf="0.92467904">
            <Unicode>Halbkugel,</Unicode>
          </TextEquiv>
        </Word>
        <Word id="region0002_line0003_word0001" custom="readingOrder {index:1;}">
          <Coords points="725,520 777,520 776,556 724,556"/>
          <TextEquiv conf="0.9323497">
            <Unicode>die</Unicode>
          </TextEquiv>
        </Word>
        <Word id="region0002_line0003_word0002" custom="readingOrder {index:2;}">
          <Coords points="872,566 873,516 844,516 842,517 816,519 794,519 793,563 805,563 848,565 849,566"/>
          <TextEquiv conf="0.9195507">
            <Unicode>noch</Unicode>
          </TextEquiv>
        </Word>
        <Word id="region0002_line0003_word0003" custom="readingOrder {index:3;}">
          <Coords points="889,527 951,528 950,557 888,556"/>
          <TextEquiv conf="0.9323084">
            <Unicode>vor</Unicode>
          </TextEquiv>
        </Word>
        <Word id="region0002_line0003_word0004" custom="readingOrder {index:4;}">
          <Coords points="967,520 1025,520 1024,555 966,555"/>
          <TextEquiv conf="0.8967399">
            <Unicode>BA</Unicode>
          </TextEquiv>
        </Word>
        <Word id="region0002_line0003_word0005" custom="readingOrder {index:5;}">
          <Coords points="1135,568 1136,521 1037,520 1036,564 1047,564 1071,567 1072,567"/>
          <TextEquiv conf="0.92581254">
            <Unicode>liegt,</Unicode>
          </TextEquiv>
        </Word>
        <Word id="region0002_line0003_word0006" custom="readingOrder {index:6;}">
          <Coords points="1153,522 1226,523 1225,559 1152,558"/>
          <TextEquiv conf="0.92581254">
            <Unicode>weil</Unicode>
          </TextEquiv>
        </Word>
        <Word id="region0002_line0003_word0007" custom="readingOrder {index:7;}">
          <Coords points="1240,524 1291,525 1290,561 1239,560"/>
          <TextEquiv conf="0.9276846">
            <Unicode>die</Unicode>
          </TextEquiv>
        </Word>
        <Word id="region0002_line0003_word0008" custom="readingOrder {index:8;}">
          <Coords points="1300,520 1299,570 1313,570 1315,568 1319,568 1321,570 1349,570 1351,568 1402,569 1428,568 1429,525 1402,524 1398,521 1375,521 1373,522 1346,521 1346,520"/>
          <TextEquiv conf="0.9198575">
            <Unicode>ſchwin⸗</Unicode>
          </TextEquiv>
        </Word>
        <TextEquiv conf="0.922755">
          <Unicode>Halbkugel, die noch vor BA liegt, weil die ſchwin⸗</Unicode>
        </TextEquiv>
      </TextLine>
      <TextLine id="region0002_line0004" custom="readingOrder {index:2;}">
        <Coords points="1012,571 1001,579 996,575 984,575 977,582 968,574 959,574 949,582 930,583 911,580 903,572 893,571 880,578 855,574 849,578 800,582 702,582 671,574 632,572 590,580 584,576 574,576 568,581 558,581 498,582 497,637 520,640 544,628 593,626 655,629 714,626 733,628 743,637 760,636 769,628 792,629 802,637 829,637 837,633 861,635 868,631 885,631 892,637 927,633 933,637 948,639 958,631 967,630 1005,630 1012,637 1024,638 1032,634 1043,636 1049,630 1096,628 1227,632 1282,636 1288,643 1303,643 1310,636 1331,634 1359,634 1368,643 1382,641 1389,634 1464,633 1463,588 1385,585 1379,576 1364,576 1357,581 1342,579 1324,582 1304,577 1258,576 1239,578 1214,586 1188,587 1154,583 1146,578 1107,579 1078,573 1067,578 1059,578 1052,572 1039,571 1031,578 1024,571"/>
        <Baseline points="497,622 660,616 1464,623"/>
        <Word id="region0002_line0004_word0000" custom="readingOrder {index:0;}">
          <Coords points="612,585 509,584 509,630 539,630 544,628 593,626 612,626"/>
          <TextEquiv conf="0.92868257">
            <Unicode>gende</Unicode>
          </TextEquiv>
        </Word>
        <Word id="region0002_line0004_word0001" custom="readingOrder {index:1;}">
          <Coords points="628,581 628,628 636,628 667,628 714,626 733,628 734,629 767,629 769,628 792,629 793,630 835,630 835,583 732,582 702,582 701,582"/>
          <TextEquiv conf="0.9216469">
            <Unicode>Bewegung</Unicode>
          </TextEquiv>
        </Word>
        <Word id="region0002_line0004_word0002" custom="readingOrder {index:2;}">
          <Coords points="851,580 910,580 910,629 851,629"/>
          <TextEquiv conf="0.9307811">
            <Unicode>ſich</Unicode>
          </TextEquiv>
        </Word>
        <Word id="region0002_line0004_word0003" custom="readingOrder {index:3;}">
          <Coords points="1112,583 947,582 933,582 933,633 955,633 958,631 967,630 1005,630 1008,633 1045,633 1049,630 1096,628 1112,628"/>
          <TextEquiv conf="0.9231268">
            <Unicode>gleichfalls</Unicode>
          </TextEquiv>
        </Word>
        <Word id="region0002_line0004_word0004" custom="readingOrder {index:4;}">
          <Coords points="1132,589 1238,590 1238,626 1132,625"/>
          <TextEquiv conf="0.9297688">
            <Unicode>denen</Unicode>
          </TextEquiv>
        </Word>
        <Word id="region0002_line0004_word0005" custom="readingOrder {index:5;}">
          <Coords points="1428,587 1255,585 1255,634 1270,635 1313,635 1331,634 1359,634 1361,636 1386,636 1389,634 1428,633"/>
          <TextEquiv conf="0.9306339">
            <Unicode>Theilchen</Unicode>
          </TextEquiv>
        </Word>
        <TextEquiv conf="0.92744005">
          <Unicode>gende Bewegung ſich gleichfalls denen Theilchen</Unicode>
        </TextEquiv>
      </TextLine>
      <TextLine id="region0002_line0005" custom="readingOrder {index:3;}">
        <Coords points="1065,636 1052,639 1001,639 987,647 966,649 951,648 947,641 936,638 926,639 916,647 897,648 895,641 888,636 875,638 868,648 840,647 832,639 821,639 815,644 810,639 801,638 793,645 767,645 757,638 749,638 743,644 737,640 725,640 721,643 662,644 656,638 646,638 630,639 624,645 613,645 606,637 595,638 583,645 564,645 559,640 548,640 542,646 497,646 496,692 585,694 592,702 605,702 614,694 683,694 689,700 698,700 704,694 760,690 915,693 923,701 931,701 942,694 982,693 1014,695 1026,702 1037,702 1048,696 1069,694 1090,695 1095,702 1113,704 1121,695 1173,693 1184,686 1200,696 1273,699 1282,706 1296,707 1306,700 1317,699 1463,696 1464,658 1427,655 1418,643 1408,643 1403,646 1389,645 1383,641 1369,643 1362,649 1340,650 1334,645 1324,645 1311,652 1290,652 1263,646 1255,641 1193,648 1172,647 1166,641 1158,640 1149,646 1116,647 1109,637 1097,637 1085,645 1077,637"/>
        <Baseline points="496,682 1463,687"/>
        <Word id="region0002_line0005_word0000" custom="readingOrder {index:0;}">
          <Coords points="544,643 542,646 510,646 510,691 704,693 705,645 624,644 624,645 613,645 612,644 585,643 583,645 564,645 562,643"/>
          <TextEquiv conf="0.9253349">
            <Unicode>mittheilet,</Unicode>
          </TextEquiv>
        </Word>
        <Word id="region0002_line0005_word0001" custom="readingOrder {index:1;}">
          <Coords points="728,647 778,647 777,682 727,682"/>
          <TextEquiv conf="0.9319344">
            <Unicode>die</Unicode>
          </TextEquiv>
        </Word>
        <Word id="region0002_line0005_word0002" custom="readingOrder {index:2;}">
          <Coords points="800,647 850,648 849,684 799,683"/>
          <TextEquiv conf="0.9289382">
            <Unicode>die</Unicode>
          </TextEquiv>
        </Word>
        <Word id="region0002_line0005_word0003" custom="readingOrder {index:3;}">
          <Coords points="874,645 873,692 996,693 997,646 988,645 987,647 966,649 951,648 949,645 918,645 916,647 897,648 896,645"/>
          <TextEquiv conf="0.89132965">
            <Unicode>aͤußere</Unicode>
          </TextEquiv>
        </Word>
        <Word id="region0002_line0005_word0004" custom="readingOrder {index:4;}">
          <Coords points="1018,645 1017,696 1048,696 1048,696 1069,694 1090,695 1091,697 1119,697 1121,695 1135,694 1136,646 1116,647 1115,646"/>
          <TextEquiv conf="0.87306356">
            <Unicode>Flaͤche</Unicode>
          </TextEquiv>
        </Word>
        <Word id="region0002_line0005_word0005" custom="readingOrder {index:5;}">
          <Coords points="1212,687 1213,651 1155,650 1154,686 1183,687 1184,686 1185,687"/>
          <TextEquiv conf="0.9297349">
            <Unicode>des</Unicode>
          </TextEquiv>
        </Word>
        <Word id="region0002_line0005_word0006" custom="readingOrder {index:6;}">
          <Coords points="1228,649 1227,697 1353,698 1354,650 1342,650 1340,650 1340,650 1315,650 1311,652 1290,652 1278,649"/>
          <TextEquiv conf="0.927384">
            <Unicode>Kegels</Unicode>
          </TextEquiv>
        </Word>
        <Word id="region0002_line0005_word0007" custom="readingOrder {index:7;}">
          <Coords points="1370,649 1369,689 1428,690 1428,655 1427,655 1423,649"/>
          <TextEquiv>
            <Unicode>bil⸗</Unicode>
          </TextEquiv>
        </Word>
        <TextEquiv>
          <Unicode>mittheilet, die die aͤußere Flaͤche des Kegels bil⸗</Unicode>
        </TextEquiv>
      </TextLine>
      <TextLine id="region0002_line0006" custom="readingOrder {index:4;}">
        <Coords points="1181,687 1173,694 1174,705 1141,702 1111,707 1092,703 1083,712 1075,712 1069,705 1059,705 1052,711 1046,705 1038,704 1031,709 1007,709 1001,703 979,703 967,710 966,701 961,696 947,698 942,713 863,710 857,704 848,704 840,710 825,711 736,710 731,706 713,709 666,699 615,701 584,712 535,710 509,705 496,708 497,756 737,756 760,757 767,765 773,767 788,765 795,757 813,757 1082,759 1087,767 1098,768 1105,759 1140,758 1159,761 1172,758 1229,758 1287,763 1296,771 1309,771 1317,763 1464,765 1463,719 1369,717 1361,710 1353,710 1345,717 1302,717 1257,713 1250,707 1241,707 1234,713 1221,713 1213,701 1196,702 1195,696"/>
        <Baseline points="497,745 1464,755"/>
        <Word id="region0002_line0006_word0000" custom="readingOrder {index:0;}">
          <Coords points="509,731 585,732 585,711 584,712 535,710 509,705"/>
          <TextEquiv conf="0.9208688">
            <Unicode>den.</Unicode>
          </TextEquiv>
        </Word>
        <Word id="region0002_line0006_word0001" custom="readingOrder {index:1;}">
          <Coords points="638,732 702,733 702,706 666,699 638,700"/>
          <TextEquiv conf="0.9142215">
            <Unicode>So</Unicode>
          </TextEquiv>
        </Word>
        <Word id="region0002_line0006_word0002" custom="readingOrder {index:2;}">
          <Coords points="716,743 830,744 830,710 825,711 736,710 731,706 716,708"/>
          <TextEquiv conf="0.9142215">
            <Unicode>tragen</Unicode>
          </TextEquiv>
        </Word>
        <Word id="region0002_line0006_word0003" custom="readingOrder {index:3;}">
          <Coords points="847,734 937,735 937,712 863,710 857,704 848,704 847,704"/>
          <TextEquiv conf="0.93024164">
            <Unicode>dann</Unicode>
          </TextEquiv>
        </Word>
        <Word id="region0002_line0006_word0004" custom="readingOrder {index:4;}">
          <Coords points="953,735 1015,735 1015,709 1007,709 1001,703 979,703 967,710 966,701 961,696 953,697"/>
          <TextEquiv conf="0.93024164">
            <Unicode>alle</Unicode>
          </TextEquiv>
        </Word>
        <Word id="region0002_line0006_word0005" custom="readingOrder {index:5;}">
          <Coords points="1035,745 1117,746 1117,706 1111,707 1092,703 1083,712 1075,712 1069,705 1059,705 1052,711 1046,705 1038,704 1035,706"/>
          <TextEquiv conf="0.93108267">
            <Unicode>dieſe</Unicode>
          </TextEquiv>
        </Word>
        <Word id="region0002_line0006_word0006" custom="readingOrder {index:6;}">
          <Coords points="1173,694 1174,705 1141,702 1134,703 1134,739 1279,740 1279,714 1257,713 1250,707 1241,707 1234,713 1221,713 1213,701 1196,702 1195,696 1192,694"/>
          <TextEquiv conf="0.92711633">
            <Unicode>Gruͤnde</Unicode>
          </TextEquiv>
        </Word>
        <Word id="region0002_line0006_word0007" custom="readingOrder {index:7;}">
          <Coords points="1297,747 1337,747 1337,717 1302,717 1297,716"/>
          <TextEquiv conf="0.9217494">
            <Unicode>zu</Unicode>
          </TextEquiv>
        </Word>
        <Word id="region0002_line0006_word0008" custom="readingOrder {index:8;}">
          <Coords points="1351,738 1427,739 1427,718 1369,717 1361,710 1353,710 1351,711"/>
          <TextEquiv conf="0.927871">
            <Unicode>dem</Unicode>
          </TextEquiv>
        </Word>
        <TextEquiv conf="0.9241794">
          <Unicode>den. So tragen dann alle dieſe Gruͤnde zu dem</Unicode>
        </TextEquiv>
      </TextLine>
      <TextLine id="region0002_line0007" custom="readingOrder {index:5;}">
        <Coords points="1074,765 1061,771 1056,778 1043,779 1015,778 978,768 940,770 914,777 907,777 899,769 887,769 880,778 854,776 844,767 831,767 821,775 796,774 790,769 782,769 776,774 748,775 735,767 727,767 719,776 709,775 707,767 701,763 690,764 682,767 678,773 660,773 655,765 643,764 634,769 621,767 615,775 577,774 543,766 497,765 496,822 549,822 581,818 628,820 635,827 643,827 650,820 687,820 736,824 742,830 752,830 758,824 818,824 825,832 835,832 844,824 895,823 900,828 908,828 914,823 987,826 991,829 1000,829 1010,825 1061,824 1070,832 1081,832 1091,824 1101,825 1108,817 1116,817 1132,833 1145,833 1153,825 1180,829 1184,826 1221,823 1281,822 1342,828 1355,838 1367,838 1376,829 1422,830 1442,827 1463,829 1463,783 1371,781 1365,772 1350,772 1342,777 1338,774 1328,774 1320,779 1236,777 1230,771 1220,771 1213,777 1154,777 1147,768 1134,768 1121,777 1089,778 1085,766"/>
        <Baseline points="496,811 1463,819"/>
        <Word id="region0002_line0007_word0000" custom="readingOrder {index:0;}">
          <Coords points="510,771 509,817 662,818 662,773 660,773 659,771 617,771 615,775 577,774 565,771"/>
          <TextEquiv conf="0.9249658">
            <Unicode>Beweiſe</Unicode>
          </TextEquiv>
        </Word>
        <Word id="region0002_line0007_word0001" custom="readingOrder {index:1;}">
          <Coords points="688,771 687,820 757,820 757,774 748,775 741,771 723,771 719,776 709,775 708,771"/>
          <TextEquiv conf="0.92910063">
            <Unicode>bei,</Unicode>
          </TextEquiv>
        </Word>
        <Word id="region0002_line0007_word0002" custom="readingOrder {index:2;}">
          <Coords points="782,773 781,821 845,822 846,774 822,773 821,775 796,774 795,773"/>
          <TextEquiv conf="0.92960596">
            <Unicode>daß</Unicode>
          </TextEquiv>
        </Word>
        <Word id="region0002_line0007_word0003" custom="readingOrder {index:3;}">
          <Coords points="881,776 880,778 872,777 871,818 924,819 925,777 915,777 914,777 907,777 907,777"/>
          <TextEquiv conf="0.9254794">
            <Unicode>ein</Unicode>
          </TextEquiv>
        </Word>
        <Word id="region0002_line0007_word0004" custom="readingOrder {index:4;}">
          <Coords points="946,771 945,822 1102,823 1108,817 1116,817 1122,823 1188,824 1188,777 1154,777 1150,772 1127,772 1121,777 1089,778 1087,772 1060,771 1056,778 1043,779 1015,778 990,771"/>
          <TextEquiv conf="0.92618364">
            <Unicode>Sprachrohr,</Unicode>
          </TextEquiv>
        </Word>
        <Word id="region0002_line0007_word0005" custom="readingOrder {index:5;}">
          <Coords points="1211,778 1255,778 1254,813 1210,813"/>
          <TextEquiv conf="0.9260382">
            <Unicode>in</Unicode>
          </TextEquiv>
        </Word>
        <Word id="region0002_line0007_word0006" custom="readingOrder {index:6;}">
          <Coords points="1322,777 1320,779 1276,777 1276,822 1281,822 1328,826 1426,828 1426,782 1371,781 1369,778"/>
          <TextEquiv conf="0.9229191">
            <Unicode>welchem</Unicode>
          </TextEquiv>
        </Word>
        <TextEquiv conf="0.9263275">
          <Unicode>Beweiſe bei, daß ein Sprachrohr, in welchem</Unicode>
        </TextEquiv>
      </TextLine>
      <TextLine id="region0002_line0008" custom="readingOrder {index:6;}">
        <Coords points="1108,818 1101,826 1104,834 1102,839 1095,834 1086,834 1079,842 918,842 852,832 810,840 801,835 790,835 784,840 777,841 710,842 702,833 690,834 684,840 657,839 647,828 638,828 632,832 616,831 608,837 597,838 587,838 579,830 567,830 557,840 548,839 542,833 532,833 527,837 510,833 504,837 496,837 497,885 555,884 562,893 571,893 577,886 605,887 611,893 620,893 626,887 632,887 638,894 651,894 659,886 695,886 718,887 728,897 743,897 749,895 755,887 874,890 944,887 954,897 964,898 974,895 980,887 1014,887 1022,897 1037,898 1050,889 1070,888 1106,889 1115,898 1131,897 1138,889 1225,888 1279,889 1289,898 1299,898 1307,891 1318,891 1338,893 1344,899 1355,899 1362,893 1464,889 1464,853 1457,850 1459,837 1455,830 1450,828 1442,828 1436,832 1436,840 1441,850 1420,850 1413,840 1398,839 1391,848 1388,848 1373,844 1347,843 1341,839 1329,842 1310,841 1303,832 1289,832 1277,839 1232,839 1192,829 1131,838 1118,819"/>
        <Baseline points="496,875 1464,880"/>
        <Word id="region0002_line0008_word0000" custom="readingOrder {index:0;}">
          <Coords points="507,871 591,872 591,838 587,838 579,830 567,830 557,840 548,839 542,833 532,833 527,837 510,833 507,835"/>
          <TextEquiv conf="0.9063783">
            <Unicode>dieſe</Unicode>
          </TextEquiv>
        </Word>
        <Word id="region0002_line0008_word0001" custom="readingOrder {index:1;}">
          <Coords points="610,874 829,876 829,836 810,840 801,835 790,835 784,840 777,841 710,842 702,833 690,834 684,840 657,839 647,828 638,828 632,832 616,831 610,835"/>
          <TextEquiv conf="0.91748536">
            <Unicode>ſchwingende</Unicode>
          </TextEquiv>
        </Word>
        <Word id="region0002_line0008_word0002" custom="readingOrder {index:2;}">
          <Coords points="844,876 1044,878 1044,842 918,842 852,832 844,833"/>
          <TextEquiv conf="0.92769486">
            <Unicode>Bewegung</Unicode>
          </TextEquiv>
        </Word>
        <Word id="region0002_line0008_word0003" custom="readingOrder {index:3;}">
          <Coords points="1062,879 1148,879 1148,835 1131,838 1118,819 1108,818 1101,826 1104,834 1102,839 1095,834 1086,834 1079,842 1062,842"/>
          <TextEquiv conf="0.92972296">
            <Unicode>nicht</Unicode>
          </TextEquiv>
        </Word>
        <Word id="region0002_line0008_word0004" custom="readingOrder {index:4;}">
          <Coords points="1164,871 1271,871 1271,839 1232,839 1192,829 1164,833"/>
          <TextEquiv conf="0.93101317">
            <Unicode>Statt</Unicode>
          </TextEquiv>
        </Word>
        <Word id="region0002_line0008_word0005" custom="readingOrder {index:5;}">
          <Coords points="1285,879 1361,879 1361,843 1347,843 1341,839 1329,842 1310,841 1303,832 1289,832 1285,834"/>
          <TextEquiv conf="0.9321188">
            <Unicode>hat,</Unicode>
          </TextEquiv>
        </Word>
        <Word id="region0002_line0008_word0006" custom="readingOrder {index:6;}">
          <Coords points="1381,873 1451,874 1451,828 1450,828 1442,828 1436,832 1436,840 1441,850 1420,850 1413,840 1398,839 1391,848 1388,848 1381,846"/>
          <TextEquiv conf="0.47018299">
            <Unicode>ei⸗</Unicode>
          </TextEquiv>
        </Word>
        <TextEquiv conf="0.8592281">
          <Unicode>dieſe ſchwingende Bewegung nicht Statt hat, ei⸗</Unicode>
        </TextEquiv>
      </TextLine>
      <TextLine id="region0002_line0009" custom="readingOrder {index:7;}">
        <Coords points="1302,897 1286,907 1276,899 1266,899 1258,907 1250,908 1068,905 1063,898 1043,898 1032,904 1018,905 1012,897 1001,897 983,907 957,907 948,900 939,900 931,907 927,907 920,899 911,899 902,907 849,906 845,903 836,903 832,906 808,905 793,900 730,906 667,905 661,899 651,899 644,905 501,905 496,906 496,950 685,952 721,955 733,961 741,961 748,956 808,953 980,953 989,954 1001,967 1010,967 1020,954 1043,954 1090,958 1096,964 1107,964 1114,958 1139,958 1168,954 1197,955 1212,967 1223,966 1231,956 1241,956 1249,964 1264,963 1271,956 1291,957 1297,966 1310,968 1321,956 1393,956 1402,965 1410,965 1418,957 1463,957 1464,900 1405,900 1356,908 1318,907 1314,898"/>
        <Baseline points="496,940 1463,947"/>
        <Word id="region0002_line0009_word0000" custom="readingOrder {index:0;}">
          <Coords points="508,910 584,911 584,940 508,939"/>
          <TextEquiv conf="0.9309087">
            <Unicode>nem</Unicode>
          </TextEquiv>
        </Word>
        <Word id="region0002_line0009_word0001" custom="readingOrder {index:1;}">
          <Coords points="645,904 644,905 606,905 606,949 748,950 748,905 741,905 730,906 667,905 666,904"/>
          <TextEquiv conf="0.926897">
            <Unicode>andern,</Unicode>
          </TextEquiv>
        </Word>
        <Word id="region0002_line0009_word0002" custom="readingOrder {index:2;}">
          <Coords points="782,906 848,907 848,943 782,942"/>
          <TextEquiv conf="0.9315293">
            <Unicode>das</Unicode>
          </TextEquiv>
        </Word>
        <Word id="region0002_line0009_word0003" custom="readingOrder {index:3;}">
          <Coords points="907,902 902,907 878,906 878,953 980,953 989,954 990,955 1018,956 1020,954 1043,954 1074,956 1114,957 1114,905 1068,905 1067,903 1033,903 1032,904 1018,905 1016,903 990,902 983,907 957,907 951,902 936,902 931,907 927,907 922,902"/>
          <TextEquiv conf="0.9294479">
            <Unicode>wiederhallet,</Unicode>
          </TextEquiv>
        </Word>
        <Word id="region0002_line0009_word0004" custom="readingOrder {index:4;}">
          <Coords points="1262,903 1258,907 1250,908 1146,906 1146,956 1153,956 1168,954 1197,955 1199,956 1230,957 1231,956 1241,956 1242,957 1270,957 1271,956 1291,957 1291,957 1320,958 1321,956 1359,956 1359,908 1356,908 1318,907 1316,904 1292,903 1286,907 1281,903"/>
          <TextEquiv conf="0.93171394">
            <Unicode>vorzuziehen</Unicode>
          </TextEquiv>
        </Word>
        <Word id="region0002_line0009_word0005" custom="readingOrder {index:5;}">
          <Coords points="1427,909 1385,908 1385,956 1393,956 1393,956 1427,957"/>
          <TextEquiv conf="0.92683274">
            <Unicode>iſt</Unicode>
          </TextEquiv>
        </Word>
        <TextEquiv conf="0.92955494">
          <Unicode>nem andern, das wiederhallet, vorzuziehen iſt</Unicode>
        </TextEquiv>
      </TextLine>
      <TextLine id="region0002_line0010" custom="readingOrder {index:8;}">
        <Coords points="558,949 554,951 551,963 496,963 496,1023 558,1022 594,1017 624,1020 629,1024 701,1023 707,1018 707,1008 714,1004 959,1008 984,1007 989,1002 989,974 986,970 977,968 713,966 701,963 630,960 583,967 574,965 573,952"/>
        <Baseline points="496,1012 707,1013 754,1004 805,996 989,999"/>
        <Word id="region0002_line0010_word0000" custom="readingOrder {index:0;}">
          <Coords points="508,1012 566,1013 566,952 553,951 551,963 508,963"/>
          <TextEquiv>
            <Unicode>(§.</Unicode>
          </TextEquiv>
        </Word>
        <Word id="region0002_line0010_word0001" custom="readingOrder {index:1;}">
          <Coords points="584,1012 660,1012 660,965 596,965 584,966"/>
          <TextEquiv conf="0.89516854">
            <Unicode>16).</Unicode>
          </TextEquiv>
        </Word>
        <TextEquiv>
          <Unicode>(§. 16).</Unicode>
        </TextEquiv>
      </TextLine>
      <TextEquiv>
        <Unicode>hinter BA in einer Halbkugel, ja ſelbſt in der
Halbkugel, die noch vor BA liegt, weil die ſchwin⸗
gende Bewegung ſich gleichfalls denen Theilchen
mittheilet, die die aͤußere Flaͤche des Kegels bil⸗
den. So tragen dann alle dieſe Gruͤnde zu dem
Beweiſe bei, daß ein Sprachrohr, in welchem
dieſe ſchwingende Bewegung nicht Statt hat, ei⸗
nem andern, das wiederhallet, vorzuziehen iſt
(§. 16).</Unicode>
      </TextEquiv>
    </TextRegion>
    <TextRegion orientation="-0.4772337" type="heading" readingDirection="left-to-right" id="TextRegion_1671090056032_74" custom="readingOrder {index:4;} structure {type:heading;}">
      <Coords points="496,1039 1464,1039 1464,1136 496,1136"/>
      <TextLine id="region0002_line0011" custom="readingOrder {index:0;}">
        <Coords points="911,1060 835,1064 832,1068 833,1102 845,1107 845,1117 850,1122 913,1122 961,1115 980,1118 988,1125 1001,1125 1014,1119 1091,1118 1096,1113 1096,1087 1091,1082 1054,1081 1048,1073 1041,1070 993,1064 989,1061"/>
        <Baseline points="845,1109 1096,1110"/>
        <Word id="region0002_line0011_word0000" custom="readingOrder {index:0;}">
          <Coords points="932,1077 903,1076 903,1121 916,1121 932,1119"/>
          <TextEquiv>
            <Unicode>§.</Unicode>
          </TextEquiv>
        </Word>
        <Word id="region0002_line0011_word0001" custom="readingOrder {index:1;}">
          <Coords points="1026,1077 964,1077 964,1115 980,1118 986,1124 1003,1124 1014,1119 1026,1118"/>
          <TextEquiv>
            <Unicode>63.</Unicode>
          </TextEquiv>
        </Word>
        <TextEquiv>
          <Unicode>§. 63.</Unicode>
        </TextEquiv>
      </TextLine>
      <TextEquiv>
        <Unicode>§. 63.</Unicode>
      </TextEquiv>
    </TextRegion>
    <TextRegion orientation="-0.4772337" readingDirection="left-to-right" id="TextRegion_1671090085575_95" custom="readingOrder {index:5;}">
      <Coords points="496,1136 1464,1136 1464,1595 1461,1664 1423,2185 491,2185 471,1853 471,1784 471,1664 471,1590"/>
      <TextLine id="region0002_line0012" custom="readingOrder {index:0;}">
        <Coords points="796,1139 782,1148 775,1144 766,1144 759,1152 699,1150 692,1142 682,1142 678,1144 671,1139 660,1139 650,1144 622,1140 510,1139 505,1144 505,1177 508,1181 517,1183 517,1194 522,1199 654,1198 662,1205 678,1204 685,1198 712,1197 719,1192 728,1192 737,1197 789,1199 796,1205 811,1206 821,1199 850,1197 889,1199 898,1207 913,1207 919,1201 933,1202 940,1207 950,1207 963,1200 1022,1197 1092,1200 1101,1207 1109,1208 1121,1208 1130,1201 1283,1203 1342,1208 1350,1215 1362,1215 1370,1208 1378,1207 1463,1202 1463,1163 1394,1160 1364,1148 1322,1147 1291,1152 1275,1148 1270,1153 1265,1149 1253,1149 1247,1155 1210,1155 1204,1154 1197,1144 1189,1144 1182,1148 1175,1144 1163,1144 1153,1153 1106,1156 1096,1143 1084,1144 1076,1152 1055,1147 1050,1143 1041,1143 1003,1146 975,1153 915,1151 909,1143 895,1143 884,1150 877,1145 867,1145 861,1152 813,1152 808,1142"/>
        <Baseline points="517,1188 1463,1193"/>
        <Word id="region0002_line0012_word0000" custom="readingOrder {index:0;}">
          <Coords points="580,1150 580,1198 654,1198 655,1199 683,1199 685,1198 712,1197 719,1192 728,1192 737,1197 754,1197 754,1151 723,1150"/>
          <TextEquiv conf="0.91454446">
            <Unicode>Nachdem</Unicode>
          </TextEquiv>
        </Word>
        <Word id="region0002_line0012_word0001" custom="readingOrder {index:1;}">
          <Coords points="767,1149 767,1198 814,1199 814,1152 813,1152 811,1149"/>
          <TextEquiv conf="0.9317655">
            <Unicode>ich</Unicode>
          </TextEquiv>
        </Word>
        <Word id="region0002_line0012_word0002" custom="readingOrder {index:2;}">
          <Coords points="916,1201 916,1153 834,1153 834,1198 850,1197 889,1199 891,1201"/>
          <TextEquiv conf="0.9273842">
            <Unicode>mich</Unicode>
          </TextEquiv>
        </Word>
        <Word id="region0002_line0012_word0003" custom="readingOrder {index:3;}">
          <Coords points="998,1164 940,1164 940,1201 961,1201 963,1200 998,1198"/>
          <TextEquiv conf="0.9305517">
            <Unicode>zur</Unicode>
          </TextEquiv>
        </Word>
        <Word id="region0002_line0012_word0004" custom="readingOrder {index:4;}">
          <Coords points="1015,1153 1015,1197 1022,1197 1092,1200 1095,1202 1127,1202 1130,1201 1144,1201 1144,1154 1138,1153 1106,1156 1104,1153"/>
          <TextEquiv conf="0.9256628">
            <Unicode>Gnuͤge</Unicode>
          </TextEquiv>
        </Word>
        <Word id="region0002_line0012_word0005" custom="readingOrder {index:5;}">
          <Coords points="1157,1153 1157,1195 1240,1196 1240,1155 1210,1155 1204,1154 1204,1154"/>
          <TextEquiv conf="0.93136704">
            <Unicode>uͤber</Unicode>
          </TextEquiv>
        </Word>
        <Word id="region0002_line0012_word0006" custom="readingOrder {index:6;}">
          <Coords points="1254,1158 1303,1159 1303,1196 1254,1195"/>
          <TextEquiv conf="0.92940986">
            <Unicode>die</Unicode>
          </TextEquiv>
        </Word>
        <Word id="region0002_line0012_word0007" custom="readingOrder {index:7;}">
          <Coords points="1317,1156 1317,1205 1331,1207 1373,1207 1378,1207 1423,1204 1423,1161 1394,1160 1385,1156"/>
          <TextEquiv conf="0.92880195">
            <Unicode>Theo⸗</Unicode>
          </TextEquiv>
        </Word>
        <TextEquiv conf="0.92743593">
          <Unicode>Nachdem ich mich zur Gnuͤge uͤber die Theo⸗</Unicode>
        </TextEquiv>
      </TextLine>
      <TextLine id="region0002_line0013" custom="readingOrder {index:1;}">
        <Coords points="719,1193 711,1199 713,1214 688,1211 682,1206 675,1205 661,1210 619,1214 593,1213 588,1208 576,1208 570,1213 542,1214 534,1207 523,1207 516,1215 496,1215 496,1259 689,1263 702,1271 714,1271 723,1263 742,1263 748,1270 758,1270 764,1262 806,1263 839,1265 850,1273 863,1273 874,1265 905,1264 978,1267 983,1271 993,1271 998,1266 1053,1266 1063,1275 1074,1275 1083,1266 1115,1265 1122,1274 1137,1274 1144,1265 1183,1264 1272,1266 1278,1267 1285,1275 1305,1274 1311,1268 1353,1269 1359,1277 1380,1277 1387,1269 1463,1270 1464,1225 1402,1225 1387,1214 1365,1215 1357,1221 1346,1221 1339,1214 1330,1214 1318,1222 1290,1222 1285,1218 1276,1217 1271,1221 1214,1221 1145,1219 1143,1212 1138,1208 1127,1208 1122,1211 1101,1208 1096,1218 1081,1218 1077,1208 1062,1206 1054,1210 1049,1218 1041,1219 1003,1218 992,1216 984,1210 955,1207 948,1211 934,1211 909,1217 865,1218 855,1217 848,1210 837,1210 830,1217 793,1216 788,1215 781,1205 768,1205 742,1207 731,1215 725,1215 733,1197 728,1193"/>
        <Baseline points="496,1249 1464,1260"/>
        <Word id="region0002_line0013_word0000" custom="readingOrder {index:0;}">
          <Coords points="506,1241 553,1241 553,1213 542,1214 534,1207 523,1207 516,1215 506,1215"/>
          <TextEquiv conf="0.9295996">
            <Unicode>rie</Unicode>
          </TextEquiv>
        </Word>
        <Word id="region0002_line0013_word0001" custom="readingOrder {index:1;}">
          <Coords points="576,1242 633,1242 633,1212 619,1214 593,1213 588,1208 576,1208"/>
          <TextEquiv conf="0.92552507">
            <Unicode>der</Unicode>
          </TextEquiv>
        </Word>
        <Word id="region0002_line0013_word0002" custom="readingOrder {index:2;}">
          <Coords points="663,1252 910,1254 910,1216 909,1217 865,1218 855,1217 848,1210 837,1210 830,1217 793,1216 788,1215 781,1205 768,1205 742,1207 731,1215 725,1215 733,1197 728,1193 719,1193 711,1199 713,1214 688,1211 682,1206 675,1205 663,1209"/>
          <TextEquiv conf="0.927496">
            <Unicode>kegelfoͤrmigen</Unicode>
          </TextEquiv>
        </Word>
        <Word id="region0002_line0013_word0003" custom="readingOrder {index:3;}">
          <Coords points="940,1255 1179,1257 1179,1219 1145,1219 1143,1212 1138,1208 1127,1208 1122,1211 1101,1208 1096,1218 1081,1218 1077,1208 1062,1206 1054,1210 1049,1218 1041,1219 1003,1218 992,1216 984,1210 955,1207 948,1211 940,1211"/>
          <TextEquiv conf="0.92581725">
            <Unicode>Sprachroͤhre</Unicode>
          </TextEquiv>
        </Word>
        <Word id="region0002_line0013_word0004" custom="readingOrder {index:4;}">
          <Coords points="1200,1256 1424,1258 1424,1225 1402,1225 1387,1214 1365,1215 1357,1221 1346,1221 1339,1214 1330,1214 1318,1222 1290,1222 1285,1218 1276,1217 1271,1221 1214,1221 1200,1220"/>
          <TextEquiv conf="0.9264015">
            <Unicode>ausgelaſſen</Unicode>
          </TextEquiv>
        </Word>
        <TextEquiv conf="0.9269679">
          <Unicode>rie der kegelfoͤrmigen Sprachroͤhre ausgelaſſen</Unicode>
        </TextEquiv>
      </TextLine>
      <TextLine id="region0002_line0014" custom="readingOrder {index:2;}">
        <Coords points="557,1267 543,1277 529,1276 522,1269 511,1269 496,1274 496,1331 517,1335 524,1333 530,1326 562,1325 587,1327 591,1334 603,1335 610,1327 683,1325 772,1329 780,1337 793,1338 804,1330 850,1326 1008,1329 1025,1331 1033,1338 1048,1339 1057,1332 1067,1332 1073,1338 1084,1338 1091,1330 1463,1332 1463,1287 1381,1286 1374,1280 1366,1280 1359,1285 1330,1286 1325,1278 1312,1277 1306,1285 1252,1285 1196,1284 1182,1280 1160,1283 1141,1280 1135,1275 1126,1275 1117,1281 1106,1281 1100,1275 1081,1274 1074,1276 1069,1282 1037,1283 1014,1280 958,1282 952,1276 944,1276 934,1282 925,1283 826,1283 798,1281 794,1273 780,1272 769,1278 752,1275 746,1281 707,1280 702,1275 692,1275 678,1280 592,1280 572,1279 567,1269"/>
        <Baseline points="496,1317 1463,1321"/>
        <Word id="region0002_line0014_word0000" custom="readingOrder {index:0;}">
          <Coords points="505,1273 505,1324 607,1325 607,1279 572,1279 569,1273 547,1273 543,1277 529,1276 526,1273"/>
          <TextEquiv conf="0.9265365">
            <Unicode>habe,</Unicode>
          </TextEquiv>
        </Word>
        <Word id="region0002_line0014_word0001" custom="readingOrder {index:1;}">
          <Coords points="625,1280 730,1281 730,1315 625,1314"/>
          <TextEquiv conf="0.9310913">
            <Unicode>werde</Unicode>
          </TextEquiv>
        </Word>
        <Word id="region0002_line0014_word0002" custom="readingOrder {index:2;}">
          <Coords points="751,1278 751,1327 798,1327 798,1281 796,1278 769,1278"/>
          <TextEquiv conf="0.9324688">
            <Unicode>ich</Unicode>
          </TextEquiv>
        </Word>
        <Word id="region0002_line0014_word0003" custom="readingOrder {index:3;}">
          <Coords points="813,1287 880,1287 880,1317 813,1317"/>
          <TextEquiv conf="0.9276292">
            <Unicode>von</Unicode>
          </TextEquiv>
        </Word>
        <Word id="region0002_line0014_word0004" custom="readingOrder {index:4;}">
          <Coords points="935,1281 934,1282 925,1283 896,1283 896,1318 1017,1319 1017,1282 969,1282 958,1282 958,1282"/>
          <TextEquiv conf="0.9271159">
            <Unicode>anders</Unicode>
          </TextEquiv>
        </Word>
        <Word id="region0002_line0014_word0005" custom="readingOrder {index:5;}">
          <Coords points="1070,1280 1069,1282 1037,1283 1033,1282 1033,1327 1220,1329 1220,1284 1196,1284 1188,1282 1171,1281 1160,1283 1149,1281 1117,1281 1117,1281 1106,1281 1106,1281"/>
          <TextEquiv conf="0.9223722">
            <Unicode>geſtalteten</Unicode>
          </TextEquiv>
        </Word>
        <Word id="region0002_line0014_word0006" custom="readingOrder {index:6;}">
          <Coords points="1235,1292 1299,1293 1299,1321 1235,1320"/>
          <TextEquiv conf="0.9309339">
            <Unicode>nur</Unicode>
          </TextEquiv>
        </Word>
        <Word id="region0002_line0014_word0007" custom="readingOrder {index:7;}">
          <Coords points="1312,1284 1312,1321 1347,1321 1347,1285 1330,1286 1328,1284"/>
          <TextEquiv conf="0.9276321">
            <Unicode>in</Unicode>
          </TextEquiv>
        </Word>
        <Word id="region0002_line0014_word0008" custom="readingOrder {index:8;}">
          <Coords points="1366,1287 1423,1288 1423,1322 1366,1321"/>
          <TextEquiv conf="0.9259036">
            <Unicode>der</Unicode>
          </TextEquiv>
        </Word>
        <TextEquiv conf="0.9279648">
          <Unicode>habe, werde ich von anders geſtalteten nur in der</Unicode>
        </TextEquiv>
      </TextLine>
      <TextLine id="region0002_line0015" custom="readingOrder {index:3;}">
        <Coords points="548,1332 543,1336 496,1336 496,1392 543,1390 556,1385 569,1391 572,1403 582,1404 601,1392 632,1392 641,1399 649,1399 661,1392 716,1389 903,1392 985,1390 997,1393 1002,1390 1020,1390 1030,1391 1036,1396 1045,1397 1051,1392 1203,1393 1208,1396 1223,1393 1301,1395 1307,1401 1317,1401 1323,1395 1463,1397 1464,1353 1388,1350 1368,1342 1344,1346 1328,1339 1313,1339 1307,1343 1289,1342 1285,1339 1255,1339 1197,1349 1158,1348 1151,1341 1142,1341 1133,1348 1106,1349 1060,1347 1051,1340 1040,1340 1033,1345 1026,1345 1019,1339 1008,1339 1003,1343 998,1339 986,1339 980,1344 926,1346 890,1336 812,1337 798,1341 793,1346 774,1345 770,1338 762,1336 753,1336 740,1345 725,1345 718,1338 709,1338 701,1345 668,1344 662,1343 655,1334 646,1334 630,1343 591,1344 570,1340 561,1333"/>
        <Baseline points="496,1381 1463,1387"/>
        <Word id="region0002_line0015_word0000" custom="readingOrder {index:0;}">
          <Coords points="505,1336 504,1391 543,1390 556,1385 569,1391 570,1396 593,1396 601,1392 628,1392 628,1343 591,1344 570,1340 565,1336"/>
          <TextEquiv conf="0.8977208">
            <Unicode>Kuͤrze</Unicode>
          </TextEquiv>
        </Word>
        <Word id="region0002_line0015_word0001" custom="readingOrder {index:1;}">
          <Coords points="651,1337 650,1397 652,1397 661,1392 716,1389 810,1390 811,1339 805,1338 798,1341 793,1346 774,1345 770,1338 749,1338 740,1345 725,1345 718,1338 709,1338 701,1345 668,1344 662,1343 657,1337"/>
          <TextEquiv conf="0.8977208">
            <Unicode>handeln.</Unicode>
          </TextEquiv>
        </Word>
        <Word id="region0002_line0015_word0002" custom="readingOrder {index:2;}">
          <Coords points="845,1346 964,1347 963,1386 844,1385"/>
          <TextEquiv conf="0.9282346">
            <Unicode>Wenn</Unicode>
          </TextEquiv>
        </Word>
        <Word id="region0002_line0015_word0003" custom="readingOrder {index:3;}">
          <Coords points="984,1349 1064,1350 1063,1390 983,1389"/>
          <TextEquiv conf="0.92312765">
            <Unicode>dieſe</Unicode>
          </TextEquiv>
        </Word>
        <Word id="region0002_line0015_word0004" custom="readingOrder {index:4;}">
          <Coords points="1094,1351 1219,1352 1218,1389 1093,1388"/>
          <TextEquiv conf="0.9241183">
            <Unicode>andern</Unicode>
          </TextEquiv>
        </Word>
        <Word id="region0002_line0015_word0005" custom="readingOrder {index:5;}">
          <Coords points="1249,1348 1248,1393 1422,1395 1422,1351 1388,1350 1386,1349"/>
          <TextEquiv conf="0.9239102">
            <Unicode>Geſtalten</Unicode>
          </TextEquiv>
        </Word>
        <TextEquiv conf="0.9158054">
          <Unicode>Kuͤrze handeln. Wenn dieſe andern Geſtalten</Unicode>
        </TextEquiv>
      </TextLine>
      <TextLine id="region0002_line0016" custom="readingOrder {index:4;}">
        <Coords points="551,1386 543,1391 544,1399 551,1406 530,1401 525,1397 496,1399 496,1452 537,1453 549,1449 561,1450 565,1453 656,1453 661,1461 669,1464 680,1465 691,1455 816,1457 821,1466 832,1467 838,1462 848,1461 851,1457 885,1458 895,1465 904,1465 911,1459 936,1460 943,1466 951,1466 963,1458 1005,1456 1082,1457 1089,1466 1100,1465 1105,1457 1133,1458 1142,1468 1154,1468 1159,1466 1164,1459 1206,1457 1369,1461 1375,1462 1379,1471 1391,1472 1400,1463 1463,1459 1463,1420 1415,1416 1408,1407 1389,1407 1379,1415 1362,1414 1353,1403 1340,1403 1334,1407 1322,1402 1308,1404 1300,1410 1273,1412 1249,1411 1243,1403 1234,1403 1225,1410 1212,1408 1208,1411 1180,1411 1176,1408 1167,1408 1159,1410 1152,1401 1139,1401 1132,1404 1128,1410 1114,1410 1107,1401 1094,1401 1085,1411 989,1409 985,1412 972,1412 967,1410 962,1400 950,1399 943,1403 937,1412 885,1408 879,1403 867,1403 862,1408 857,1408 840,1400 827,1400 819,1407 788,1405 774,1403 769,1399 741,1399 732,1403 681,1409 670,1408 663,1400 652,1400 646,1408 634,1408 627,1401 606,1399 596,1408 569,1408 571,1402 568,1391"/>
        <Baseline points="496,1442 1463,1451"/>
        <Word id="region0002_line0016_word0000" custom="readingOrder {index:0;}">
          <Coords points="550,1386 543,1391 544,1399 551,1406 530,1401 525,1397 505,1398 505,1447 721,1449 721,1404 681,1409 670,1408 663,1400 652,1400 646,1408 634,1408 627,1401 606,1399 596,1408 569,1408 571,1402 568,1391 552,1386"/>
          <TextEquiv conf="0.9201477">
            <Unicode>krumliniger</Unicode>
          </TextEquiv>
        </Word>
        <Word id="region0002_line0016_word0001" custom="readingOrder {index:1;}">
          <Coords points="738,1400 736,1401 736,1440 800,1441 800,1405 788,1405 774,1403 770,1400"/>
          <TextEquiv conf="0.92773294">
            <Unicode>Art</Unicode>
          </TextEquiv>
        </Word>
        <Word id="region0002_line0016_word0002" custom="readingOrder {index:2;}">
          <Coords points="825,1401 823,1403 823,1451 912,1451 912,1410 885,1408 879,1403 867,1403 862,1408 857,1408 842,1401"/>
          <TextEquiv conf="0.9280692">
            <Unicode>ſind,</Unicode>
          </TextEquiv>
        </Word>
        <Word id="region0002_line0016_word0003" custom="readingOrder {index:3;}">
          <Coords points="948,1400 943,1403 943,1450 974,1450 974,1412 972,1412 967,1410 962,1400"/>
          <TextEquiv conf="0.93194497">
            <Unicode>ſo</Unicode>
          </TextEquiv>
        </Word>
        <Word id="region0002_line0016_word0004" custom="readingOrder {index:4;}">
          <Coords points="1092,1402 1085,1411 989,1409 989,1451 1175,1453 1175,1408 1167,1408 1159,1410 1153,1402 1135,1402 1132,1404 1128,1410 1114,1410 1107,1402"/>
          <TextEquiv conf="0.9287429">
            <Unicode>verurſacht</Unicode>
          </TextEquiv>
        </Word>
        <Word id="region0002_line0016_word0005" custom="readingOrder {index:5;}">
          <Coords points="1210,1409 1208,1411 1191,1411 1191,1442 1224,1442 1224,1409 1218,1409"/>
          <TextEquiv conf="0.53431517">
            <Unicode>es</Unicode>
          </TextEquiv>
        </Word>
        <Word id="region0002_line0016_word0006" custom="readingOrder {index:6;}">
          <Coords points="1242,1405 1242,1444 1291,1445 1291,1410 1273,1412 1249,1411 1244,1405"/>
          <TextEquiv conf="0.93178093">
            <Unicode>den</Unicode>
          </TextEquiv>
        </Word>
        <Word id="region0002_line0016_word0007" custom="readingOrder {index:7;}">
          <Coords points="1314,1403 1308,1404 1300,1410 1298,1410 1298,1456 1424,1457 1424,1416 1415,1416 1408,1407 1389,1407 1379,1415 1362,1414 1353,1403 1339,1403 1334,1407 1324,1403"/>
          <TextEquiv>
            <Unicode>Kuͤnſt⸗</Unicode>
          </TextEquiv>
        </Word>
        <TextEquiv>
          <Unicode>krumliniger Art ſind, ſo verurſacht es den Kuͤnſt⸗</Unicode>
        </TextEquiv>
      </TextLine>
      <TextLine id="region0002_line0017" custom="readingOrder {index:5;}">
        <Coords points="1123,1463 1118,1468 1116,1479 1025,1477 991,1469 935,1474 919,1473 914,1469 905,1469 900,1473 894,1473 888,1466 874,1466 857,1474 850,1474 843,1468 832,1468 826,1476 803,1477 797,1470 784,1470 778,1476 762,1476 750,1475 744,1466 702,1466 687,1463 683,1466 653,1467 633,1475 626,1469 618,1469 609,1477 559,1476 526,1474 519,1467 509,1467 497,1472 496,1521 724,1523 732,1531 747,1531 754,1523 774,1521 836,1522 846,1531 861,1531 871,1523 881,1522 928,1526 934,1531 944,1531 949,1527 968,1527 974,1532 983,1532 990,1525 1006,1524 1021,1525 1028,1533 1041,1535 1055,1526 1064,1525 1087,1524 1092,1528 1101,1528 1106,1524 1146,1525 1152,1532 1167,1533 1175,1526 1253,1523 1260,1524 1266,1531 1275,1531 1280,1527 1290,1526 1336,1528 1346,1536 1360,1536 1370,1529 1396,1529 1404,1536 1416,1536 1421,1532 1463,1533 1464,1492 1451,1485 1351,1481 1341,1473 1331,1473 1319,1480 1293,1480 1291,1473 1283,1468 1270,1469 1261,1479 1145,1478 1142,1470 1136,1465"/>
        <Baseline points="496,1511 1276,1513 1463,1523"/>
        <Word id="region0002_line0017_word0000" custom="readingOrder {index:0;}">
          <Coords points="505,1471 504,1508 572,1509 572,1476 559,1476 526,1474 523,1471"/>
          <TextEquiv conf="0.9309606">
            <Unicode>lern</Unicode>
          </TextEquiv>
        </Word>
        <Word id="region0002_line0017_word0001" custom="readingOrder {index:1;}">
          <Coords points="613,1473 609,1477 591,1476 591,1511 656,1511 657,1473 638,1473 633,1475 630,1473"/>
          <TextEquiv conf="0.9279532">
            <Unicode>viel</Unicode>
          </TextEquiv>
        </Word>
        <Word id="region0002_line0017_word0002" custom="readingOrder {index:2;}">
          <Coords points="672,1467 671,1519 949,1522 949,1472 935,1474 919,1473 914,1469 904,1469 900,1473 894,1473 890,1469 867,1469 857,1474 850,1474 843,1468 831,1468 826,1476 803,1477 797,1470 784,1470 778,1476 762,1476 750,1475 745,1467"/>
          <TextEquiv conf="0.926767">
            <Unicode>Schwierigkeit,</Unicode>
          </TextEquiv>
        </Word>
        <Word id="region0002_line0017_word0003" custom="readingOrder {index:3;}">
          <Coords points="973,1473 972,1519 1013,1519 1013,1474 1008,1473"/>
          <TextEquiv conf="0.92624754">
            <Unicode>ſie</Unicode>
          </TextEquiv>
        </Word>
        <Word id="region0002_line0017_word0004" custom="readingOrder {index:4;}">
          <Coords points="1028,1521 1137,1522 1138,1467 1119,1466 1118,1468 1116,1479 1028,1477"/>
          <TextEquiv conf="0.9302606">
            <Unicode>genau</Unicode>
          </TextEquiv>
        </Word>
        <Word id="region0002_line0017_word0005" custom="readingOrder {index:5;}">
          <Coords points="1155,1482 1195,1483 1194,1520 1154,1519"/>
          <TextEquiv conf="0.93161166">
            <Unicode>zu</Unicode>
          </TextEquiv>
        </Word>
        <Word id="region0002_line0017_word0006" custom="readingOrder {index:6;}">
          <Coords points="1267,1473 1261,1479 1207,1479 1206,1522 1421,1524 1422,1484 1351,1481 1341,1473 1331,1473 1319,1480 1293,1480 1291,1473 1291,1473"/>
          <TextEquiv conf="0.9244319">
            <Unicode>verfertigen,</Unicode>
          </TextEquiv>
        </Word>
        <TextEquiv conf="0.9283189">
          <Unicode>lern viel Schwierigkeit, ſie genau zu verfertigen,</Unicode>
        </TextEquiv>
      </TextLine>
      <TextLine id="region0002_line0018" custom="readingOrder {index:6;}">
        <Coords points="1277,1530 1273,1533 1249,1534 1239,1541 1197,1539 1189,1532 1177,1532 1165,1539 1140,1539 1134,1535 1125,1535 1120,1539 1102,1536 1098,1539 1035,1541 1029,1535 1017,1535 1011,1541 986,1542 946,1540 942,1537 923,1540 915,1529 901,1531 893,1539 886,1540 855,1540 851,1537 837,1538 809,1532 778,1531 759,1533 742,1540 716,1542 714,1534 708,1529 692,1532 685,1542 679,1542 673,1536 663,1536 657,1541 651,1536 641,1536 634,1541 607,1542 601,1535 589,1535 583,1541 569,1541 562,1534 554,1533 545,1541 496,1542 496,1587 568,1587 573,1591 583,1591 588,1587 686,1588 692,1594 702,1594 708,1587 741,1587 745,1590 755,1590 759,1587 801,1589 837,1586 899,1587 904,1594 923,1595 930,1588 983,1586 987,1589 1007,1591 1014,1585 1197,1589 1202,1595 1221,1595 1232,1589 1249,1588 1253,1594 1268,1594 1272,1587 1332,1589 1350,1591 1353,1594 1381,1594 1384,1591 1463,1592 1463,1546 1363,1544 1357,1537 1345,1537 1339,1543 1296,1543 1289,1532"/>
        <Baseline points="496,1577 1463,1582"/>
        <Word id="region0002_line0018_word0000" custom="readingOrder {index:0;}">
          <Coords points="561,1533 554,1533 545,1541 502,1541 502,1586 561,1587"/>
          <TextEquiv conf="0.9296038">
            <Unicode>und</Unicode>
          </TextEquiv>
        </Word>
        <Word id="region0002_line0018_word0001" custom="readingOrder {index:1;}">
          <Coords points="587,1537 583,1541 579,1541 579,1577 620,1577 620,1541 607,1542 602,1537"/>
          <TextEquiv conf="0.9296038">
            <Unicode>in</Unicode>
          </TextEquiv>
        </Word>
        <Word id="region0002_line0018_word0002" custom="readingOrder {index:2;}">
          <Coords points="691,1533 685,1542 679,1542 673,1536 663,1536 657,1541 651,1536 641,1536 641,1580 757,1581 757,1534 757,1534 742,1540 716,1542 714,1534 714,1534"/>
          <TextEquiv conf="0.9267368">
            <Unicode>dieſem</Unicode>
          </TextEquiv>
        </Word>
        <Word id="region0002_line0018_word0003" custom="readingOrder {index:3;}">
          <Coords points="775,1534 775,1584 941,1586 941,1537 923,1540 919,1535 896,1535 893,1539 886,1540 855,1540 851,1537 837,1538 820,1534"/>
          <TextEquiv conf="0.9291714">
            <Unicode>Betracht</Unicode>
          </TextEquiv>
        </Word>
        <Word id="region0002_line0018_word0004" custom="readingOrder {index:4;}">
          <Coords points="953,1542 1080,1543 1080,1582 953,1581"/>
          <TextEquiv conf="0.91468775">
            <Unicode>werden</Unicode>
          </TextEquiv>
        </Word>
        <Word id="region0002_line0018_word0005" custom="readingOrder {index:5;}">
          <Coords points="1094,1542 1155,1542 1155,1579 1094,1579"/>
          <TextEquiv conf="0.92557627">
            <Unicode>die</Unicode>
          </TextEquiv>
        </Word>
        <Word id="region0002_line0018_word0006" custom="readingOrder {index:6;}">
          <Coords points="1168,1537 1165,1539 1165,1588 1239,1589 1249,1588 1249,1589 1271,1589 1272,1587 1332,1589 1335,1589 1421,1590 1421,1545 1363,1544 1358,1539 1344,1538 1339,1543 1296,1543 1293,1538 1244,1538 1239,1541 1197,1539 1195,1537"/>
          <TextEquiv conf="0.92839384">
            <Unicode>kegelfoͤrmigen</Unicode>
          </TextEquiv>
        </Word>
        <TextEquiv conf="0.9262534">
          <Unicode>und in dieſem Betracht werden die kegelfoͤrmigen</Unicode>
        </TextEquiv>
      </TextLine>
      <TextLine id="region0003_line0001" custom="readingOrder {index:7;}">
        <Coords points="1278,1590 1272,1600 1258,1601 1247,1607 1208,1606 1198,1597 1190,1597 1183,1604 1176,1595 1163,1596 1153,1604 1088,1604 1083,1595 1071,1594 1059,1599 1055,1604 1047,1597 1035,1596 1028,1604 789,1603 784,1598 773,1597 765,1604 751,1605 710,1605 708,1599 702,1595 693,1595 687,1599 681,1595 670,1594 663,1598 660,1605 643,1606 639,1598 624,1596 614,1606 597,1607 564,1606 546,1596 474,1596 471,1652 540,1654 545,1658 555,1658 560,1654 569,1653 618,1653 623,1661 634,1662 643,1660 648,1653 680,1653 684,1660 698,1662 705,1660 710,1653 760,1649 964,1651 967,1656 977,1660 989,1660 1000,1652 1012,1652 1018,1659 1029,1659 1041,1651 1059,1652 1065,1660 1079,1660 1089,1651 1139,1649 1151,1649 1158,1658 1170,1657 1175,1650 1183,1656 1191,1656 1199,1651 1233,1651 1266,1654 1375,1655 1379,1658 1461,1652 1461,1613 1415,1612 1413,1606 1407,1602 1396,1601 1387,1609 1383,1609 1377,1607 1377,1602 1372,1597 1360,1597 1349,1603 1298,1601 1296,1591"/>
        <Baseline points="472,1642 1461,1644"/>
        <Word id="region0003_line0001_word0000" custom="readingOrder {index:0;}">
          <Coords points="669,1594 663,1598 660,1605 643,1606 639,1598 624,1596 614,1606 597,1607 564,1606 546,1596 479,1596 479,1644 743,1646 743,1605 710,1605 708,1599 702,1595 693,1595 687,1599 681,1595 675,1594"/>
          <TextEquiv>
            <Unicode>Sprachroͤhre</Unicode>
          </TextEquiv>
        </Word>
        <Word id="region0003_line0001_word0001" custom="readingOrder {index:1;}">
          <Coords points="771,1599 771,1635 888,1636 888,1603 789,1603 785,1599"/>
          <TextEquiv conf="0.9279806">
            <Unicode>immer</Unicode>
          </TextEquiv>
        </Word>
        <Word id="region0003_line0001_word0002" custom="readingOrder {index:2;}">
          <Coords points="1034,1597 1028,1604 917,1603 917,1645 1128,1647 1128,1604 1088,1604 1084,1597 1062,1597 1059,1599 1055,1604 1047,1597"/>
          <TextEquiv conf="0.9285028">
            <Unicode>vorzuziehen</Unicode>
          </TextEquiv>
        </Word>
        <Word id="region0003_line0001_word0003" custom="readingOrder {index:3;}">
          <Coords points="1160,1598 1158,1600 1158,1645 1238,1646 1238,1606 1208,1606 1199,1598 1188,1598 1183,1604 1178,1598"/>
          <TextEquiv conf="0.9299509">
            <Unicode>ſein.</Unicode>
          </TextEquiv>
        </Word>
        <Word id="region0003_line0001_word0004" custom="readingOrder {index:4;}">
          <Coords points="1277,1590 1272,1600 1260,1600 1260,1645 1457,1647 1457,1612 1415,1612 1413,1606 1407,1602 1396,1601 1387,1609 1383,1609 1377,1607 1377,1602 1372,1597 1360,1597 1349,1603 1298,1601 1296,1591 1282,1590"/>
          <TextEquiv>
            <Unicode>Uebri⸗</Unicode>
          </TextEquiv>
        </Word>
        <TextEquiv>
          <Unicode>Sprachroͤhre immer vorzuziehen ſein. Uebri⸗</Unicode>
        </TextEquiv>
      </TextLine>
      <TextLine id="region0004_line0001" custom="readingOrder {index:8;}">
        <Coords points="1113,1653 1111,1657 1100,1656 1090,1661 1085,1668 1068,1669 1061,1662 1049,1662 1044,1666 1039,1661 1030,1661 1020,1669 990,1671 882,1670 877,1663 869,1660 821,1659 800,1662 779,1659 765,1668 722,1672 705,1672 694,1660 672,1661 665,1666 658,1660 647,1660 639,1671 540,1671 538,1658 534,1655 525,1654 519,1660 518,1670 494,1671 493,1725 527,1725 538,1717 551,1715 659,1717 665,1724 686,1725 692,1717 793,1716 839,1725 869,1723 888,1728 900,1719 929,1716 976,1718 981,1724 989,1725 999,1718 1104,1713 1166,1717 1174,1725 1189,1725 1196,1717 1211,1716 1251,1720 1400,1721 1425,1718 1426,1677 1398,1675 1393,1671 1380,1671 1376,1668 1365,1667 1359,1674 1314,1672 1306,1661 1281,1659 1251,1661 1240,1667 1228,1669 1198,1668 1193,1659 1178,1658 1160,1660 1153,1668 1145,1660 1135,1661 1133,1654"/>
        <Baseline points="494,1710 1094,1703 1426,1709"/>
        <Word id="region0004_line0001_word0000" custom="readingOrder {index:0;}">
          <Coords points="499,1707 583,1708 583,1671 540,1671 538,1658 534,1655 525,1654 519,1660 518,1670 499,1670"/>
          <TextEquiv conf="0.9325678">
            <Unicode>gens</Unicode>
          </TextEquiv>
        </Word>
        <Word id="region0004_line0001_word0001" custom="readingOrder {index:1;}">
          <Coords points="646,1660 639,1671 606,1671 606,1708 730,1709 730,1671 722,1672 705,1672 694,1660 680,1660 672,1661 665,1666 658,1660"/>
          <TextEquiv conf="0.9267351">
            <Unicode>muͤſſen</Unicode>
          </TextEquiv>
        </Word>
        <Word id="region0004_line0001_word0002" custom="readingOrder {index:2;}">
          <Coords points="776,1660 765,1668 750,1669 750,1700 812,1701 812,1661 807,1660 800,1662 790,1660"/>
          <TextEquiv conf="0.92644507">
            <Unicode>alle</Unicode>
          </TextEquiv>
        </Word>
        <Word id="region0004_line0001_word0003" custom="readingOrder {index:3;}">
          <Coords points="833,1661 833,1712 998,1713 998,1670 990,1671 882,1670 877,1663 872,1661"/>
          <TextEquiv conf="0.9262894">
            <Unicode>Figuren,</Unicode>
          </TextEquiv>
        </Word>
        <Word id="region0004_line0001_word0004" custom="readingOrder {index:4;}">
          <Coords points="1023,1666 1022,1667 1022,1706 1079,1706 1079,1668 1068,1669 1065,1666 1044,1666"/>
          <TextEquiv conf="0.9296445">
            <Unicode>die</Unicode>
          </TextEquiv>
        </Word>
        <Word id="region0004_line0001_word0005" custom="readingOrder {index:5;}">
          <Coords points="1100,1656 1095,1658 1095,1705 1145,1706 1145,1660 1135,1661 1134,1657 1111,1656 1111,1657 1101,1656"/>
          <TextEquiv conf="0.92485297">
            <Unicode>bei</Unicode>
          </TextEquiv>
        </Word>
        <Word id="region0004_line0001_word0006" custom="readingOrder {index:6;}">
          <Coords points="1160,1665 1160,1715 1247,1716 1247,1666 1241,1665 1240,1667 1228,1669 1198,1668 1196,1665"/>
          <TextEquiv conf="0.9241391">
            <Unicode>ihrer</Unicode>
          </TextEquiv>
        </Word>
        <Word id="region0004_line0001_word0007" custom="readingOrder {index:7;}">
          <Coords points="1261,1665 1261,1709 1421,1710 1421,1676 1398,1675 1393,1671 1380,1671 1376,1668 1365,1667 1359,1674 1314,1672 1309,1665"/>
          <TextEquiv conf="0.7682299">
            <Unicode>Erweite⸗</Unicode>
          </TextEquiv>
        </Word>
        <TextEquiv conf="0.907363">
          <Unicode>gens muͤſſen alle Figuren, die bei ihrer Erweite⸗</Unicode>
        </TextEquiv>
      </TextLine>
      <TextLine id="region0004_line0002" custom="readingOrder {index:9;}">
        <Coords points="1158,1724 1146,1731 1141,1731 1136,1726 1124,1724 1111,1730 1071,1735 1041,1733 1018,1726 990,1725 946,1733 928,1733 921,1728 911,1728 905,1733 861,1733 848,1732 843,1727 833,1727 825,1735 773,1734 744,1736 736,1727 713,1725 687,1727 675,1735 668,1736 647,1737 642,1727 630,1726 624,1730 610,1729 604,1736 493,1735 493,1780 544,1781 557,1783 567,1790 584,1790 591,1784 621,1784 628,1789 636,1789 642,1783 652,1783 720,1784 782,1780 802,1780 809,1787 818,1787 825,1780 953,1779 987,1783 1003,1781 1013,1789 1022,1789 1029,1782 1048,1782 1068,1783 1078,1790 1086,1790 1097,1782 1110,1781 1147,1782 1152,1789 1158,1791 1170,1791 1176,1782 1232,1784 1236,1790 1250,1791 1256,1785 1292,1783 1335,1786 1338,1790 1362,1790 1364,1786 1378,1786 1425,1785 1425,1739 1321,1739 1314,1731 1302,1731 1295,1739 1201,1736 1177,1734 1172,1725"/>
        <Baseline points="493,1770 1425,1776"/>
        <Word id="region0004_line0002_word0000" custom="readingOrder {index:0;}">
          <Coords points="500,1736 586,1737 586,1775 500,1774"/>
          <TextEquiv conf="0.9275069">
            <Unicode>rung</Unicode>
          </TextEquiv>
        </Word>
        <Word id="region0004_line0002_word0001" custom="readingOrder {index:1;}">
          <Coords points="625,1729 624,1730 611,1729 611,1775 678,1776 678,1733 675,1735 668,1736 647,1737 643,1729"/>
          <TextEquiv conf="0.91820014">
            <Unicode>ihre</Unicode>
          </TextEquiv>
        </Word>
        <Word id="region0004_line0002_word0002" custom="readingOrder {index:2;}">
          <Coords points="695,1729 695,1775 889,1777 889,1733 861,1733 848,1732 846,1730 829,1730 825,1735 773,1734 744,1736 738,1729"/>
          <TextEquiv>
            <Unicode>Convexitet</Unicode>
          </TextEquiv>
        </Word>
        <Word id="region0004_line0002_word0003" custom="readingOrder {index:3;}">
          <Coords points="911,1735 967,1735 967,1770 911,1770"/>
          <TextEquiv conf="0.928969">
            <Unicode>der</Unicode>
          </TextEquiv>
        </Word>
        <Word id="region0004_line0002_word0004" custom="readingOrder {index:4;}">
          <Coords points="984,1732 984,1778 1053,1779 1053,1734 1041,1733 1040,1733"/>
          <TextEquiv>
            <Unicode>Axe</Unicode>
          </TextEquiv>
        </Word>
        <Word id="region0004_line0002_word0005" custom="readingOrder {index:5;}">
          <Coords points="1108,1730 1075,1734 1075,1781 1106,1781 1110,1781 1135,1782 1176,1782 1176,1782 1182,1782 1253,1783 1253,1738 1201,1736 1177,1734 1175,1731 1146,1731 1146,1731 1141,1731 1141,1731"/>
          <TextEquiv conf="0.91681826">
            <Unicode>zukehren,</Unicode>
          </TextEquiv>
        </Word>
        <Word id="region0004_line0002_word0006" custom="readingOrder {index:6;}">
          <Coords points="1297,1736 1295,1739 1269,1738 1269,1772 1331,1772 1331,1739 1321,1739 1318,1736"/>
          <TextEquiv conf="0.9309818">
            <Unicode>wie</Unicode>
          </TextEquiv>
        </Word>
        <Word id="region0004_line0002_word0007" custom="readingOrder {index:7;}">
          <Coords points="1344,1742 1421,1743 1421,1783 1344,1782"/>
          <TextEquiv conf="0.9274115">
            <Unicode>zum</Unicode>
          </TextEquiv>
        </Word>
        <TextEquiv>
          <Unicode>rung ihre Convexitet der Axe zukehren, wie zum</Unicode>
        </TextEquiv>
      </TextLine>
      <TextLine id="region0005_line0001" custom="readingOrder {index:10;}">
        <Coords points="1312,1784 1309,1793 1245,1794 1238,1801 1231,1802 1091,1799 1085,1792 1073,1793 1066,1799 996,1799 989,1784 975,1784 972,1788 973,1800 944,1800 942,1793 936,1788 919,1791 913,1800 878,1800 799,1800 766,1795 689,1794 662,1797 656,1791 647,1791 634,1799 630,1799 622,1792 612,1792 603,1800 601,1794 594,1789 584,1789 576,1793 569,1793 564,1788 556,1788 551,1792 529,1789 472,1788 471,1845 571,1845 577,1850 598,1851 604,1845 738,1846 744,1852 756,1852 763,1846 788,1844 912,1845 917,1852 926,1852 934,1845 1035,1845 1046,1848 1056,1845 1106,1845 1142,1850 1145,1853 1161,1853 1164,1850 1185,1853 1196,1848 1222,1845 1289,1847 1291,1853 1310,1852 1313,1847 1423,1848 1424,1803 1374,1801 1368,1796 1357,1795 1347,1799 1333,1796 1330,1784"/>
        <Baseline points="472,1835 1424,1838"/>
        <Word id="region0005_line0001_word0000" custom="readingOrder {index:0;}">
          <Coords points="477,1833 653,1835 653,1791 647,1791 634,1799 630,1799 622,1792 612,1792 603,1800 601,1794 594,1789 584,1789 576,1793 569,1793 564,1788 556,1788 551,1792 529,1789 477,1788"/>
          <TextEquiv conf="0.9101453">
            <Unicode>Beiſpiel</Unicode>
          </TextEquiv>
        </Word>
        <Word id="region0005_line0001_word0001" custom="readingOrder {index:1;}">
          <Coords points="677,1834 758,1834 758,1794 689,1794 677,1795"/>
          <TextEquiv>
            <Unicode>AB,</Unicode>
          </TextEquiv>
        </Word>
        <Word id="region0005_line0001_word0002" custom="readingOrder {index:2;}">
          <Coords points="788,1835 987,1836 987,1784 975,1784 972,1788 973,1800 944,1800 942,1793 936,1788 919,1791 913,1800 878,1800 799,1800 788,1798"/>
          <TextEquiv conf="0.92561364">
            <Unicode>verworfen</Unicode>
          </TextEquiv>
        </Word>
        <Word id="region0005_line0001_word0003" custom="readingOrder {index:3;}">
          <Coords points="1072,1793 1066,1799 1007,1799 1007,1832 1161,1845 1161,1811 1091,1799 1086,1793"/>
          <TextEquiv conf="0.92554784">
            <Unicode>werden,</Unicode>
          </TextEquiv>
        </Word>
        <Word id="region0005_line0001_word0004" custom="readingOrder {index:4;}">
          <Coords points="1196,1840 1269,1842 1269,1796 1243,1795 1238,1801 1231,1802 1196,1799"/>
          <TextEquiv conf="0.92888117">
            <Unicode>weil</Unicode>
          </TextEquiv>
        </Word>
        <Word id="region0005_line0001_word0005" custom="readingOrder {index:5;}">
          <Coords points="1312,1784 1309,1793 1296,1793 1296,1842 1337,1842 1337,1796 1333,1796 1330,1784"/>
          <TextEquiv conf="0.932942">
            <Unicode>ſie</Unicode>
          </TextEquiv>
        </Word>
        <Word id="region0005_line0001_word0006" custom="readingOrder {index:6;}">
          <Coords points="1355,1798 1355,1833 1420,1834 1420,1802 1374,1801 1370,1798"/>
          <TextEquiv conf="0.9327518">
            <Unicode>den</Unicode>
          </TextEquiv>
        </Word>
        <TextEquiv>
          <Unicode>Beiſpiel AB, verworfen werden, weil ſie den</Unicode>
        </TextEquiv>
      </TextLine>
      <TextLine id="region0006_line0001" custom="readingOrder {index:11;}">
        <Coords points="1299,1858 1290,1864 1239,1866 1190,1866 1186,1863 1176,1863 1171,1859 1159,1859 1152,1866 1123,1866 1119,1857 1103,1857 1094,1865 1032,1865 1027,1858 1012,1858 1004,1865 987,1864 955,1858 895,1858 871,1861 865,1857 845,1857 839,1862 788,1865 781,1858 769,1858 762,1865 737,1865 735,1857 711,1858 707,1865 660,1863 650,1858 641,1857 637,1860 624,1857 590,1860 491,1857 492,1912 554,1913 558,1918 571,1919 585,1911 671,1909 712,1912 718,1919 728,1920 737,1918 742,1912 801,1910 843,1913 848,1919 862,1920 871,1913 877,1912 929,1911 964,1912 972,1920 987,1921 999,1913 1060,1911 1305,1910 1322,1911 1330,1919 1342,1920 1352,1911 1423,1912 1423,1867 1315,1864 1309,1858"/>
        <Baseline points="491,1901 1423,1902"/>
        <Word id="region0006_line0001_word0000" custom="readingOrder {index:0;}">
          <Coords points="624,1863 500,1862 500,1910 595,1910 624,1910"/>
          <TextEquiv conf="0.92642856">
            <Unicode>Schall</Unicode>
          </TextEquiv>
        </Word>
        <Word id="region0006_line0001_word0001" custom="readingOrder {index:1;}">
          <Coords points="640,1861 640,1909 671,1909 707,1911 737,1912 737,1865 736,1861 708,1861 707,1865 660,1863 656,1861"/>
          <TextEquiv conf="0.9319294">
            <Unicode>durch</Unicode>
          </TextEquiv>
        </Word>
        <Word id="region0006_line0001_word0002" custom="readingOrder {index:2;}">
          <Coords points="753,1866 822,1867 822,1903 753,1902"/>
          <TextEquiv conf="0.9264137">
            <Unicode>eine</Unicode>
          </TextEquiv>
        </Word>
        <Word id="region0006_line0001_word0003" custom="readingOrder {index:3;}">
          <Coords points="839,1862 836,1862 836,1912 843,1913 843,1913 871,1913 871,1913 877,1912 929,1911 964,1912 966,1914 996,1915 999,1913 1023,1912 1023,1864 1005,1864 1004,1865 987,1864 985,1864"/>
          <TextEquiv conf="0.927532">
            <Unicode>Halbkugel</Unicode>
          </TextEquiv>
        </Word>
        <Word id="region0006_line0001_word0004" custom="readingOrder {index:4;}">
          <Coords points="1044,1867 1226,1868 1226,1907 1044,1906"/>
          <TextEquiv conf="0.9285009">
            <Unicode>verbreiten</Unicode>
          </TextEquiv>
        </Word>
        <Word id="region0006_line0001_word0005" custom="readingOrder {index:5;}">
          <Coords points="1249,1870 1318,1870 1318,1906 1249,1906"/>
          <TextEquiv conf="0.92883813">
            <Unicode>und</Unicode>
          </TextEquiv>
        </Word>
        <Word id="region0006_line0001_word0006" custom="readingOrder {index:6;}">
          <Coords points="1419,1878 1331,1877 1331,1915 1347,1915 1352,1911 1419,1911"/>
          <TextEquiv conf="0.92007416">
            <Unicode>zwar</Unicode>
          </TextEquiv>
        </Word>
        <TextEquiv conf="0.9271024">
          <Unicode>Schall durch eine Halbkugel verbreiten und zwar</Unicode>
        </TextEquiv>
      </TextLine>
      <TextLine id="region0006_line0002" custom="readingOrder {index:12;}">
        <Coords points="1264,1918 1256,1921 1242,1919 1235,1923 1222,1922 1202,1930 1154,1931 1150,1928 1139,1928 1135,1931 1127,1924 1118,1923 1111,1929 1100,1931 1058,1930 1051,1923 1039,1924 1032,1930 1006,1930 1001,1924 993,1924 987,1930 964,1929 954,1928 948,1919 935,1919 930,1922 913,1920 907,1924 894,1923 888,1929 871,1928 865,1922 853,1923 848,1928 836,1928 830,1922 811,1921 799,1929 754,1928 742,1927 738,1921 729,1920 717,1924 714,1928 694,1929 670,1929 665,1920 653,1919 638,1929 609,1930 576,1929 572,1920 557,1919 552,1921 547,1929 491,1930 491,1966 492,1973 554,1976 563,1984 576,1984 583,1976 597,1975 640,1975 645,1983 661,1985 671,1976 756,1973 782,1975 788,1981 798,1981 806,1975 885,1975 903,1976 909,1981 931,1978 939,1985 952,1985 960,1978 977,1981 982,1977 1015,1976 1072,1976 1078,1984 1088,1985 1095,1976 1231,1976 1237,1982 1246,1983 1252,1977 1257,1977 1264,1984 1279,1983 1289,1978 1314,1981 1321,1985 1351,1981 1355,1986 1374,1989 1384,1980 1423,1976 1421,1934 1363,1932 1354,1923 1341,1923 1327,1918 1311,1923 1281,1926 1276,1918"/>
        <Baseline points="491,1964 1423,1968"/>
        <Word id="region0006_line0002_word0000" custom="readingOrder {index:0;}">
          <Coords points="553,1921 552,1921 547,1929 498,1930 498,1969 578,1970 578,1929 576,1929 572,1921"/>
          <TextEquiv conf="0.92790914">
            <Unicode>noch</Unicode>
          </TextEquiv>
        </Word>
        <Word id="region0006_line0002_word0001" custom="readingOrder {index:1;}">
          <Coords points="649,1921 638,1929 609,1930 594,1929 594,1971 686,1972 686,1929 670,1929 665,1921"/>
          <TextEquiv conf="0.92419297">
            <Unicode>mehr</Unicode>
          </TextEquiv>
        </Word>
        <Word id="region0006_line0002_word0002" custom="readingOrder {index:2;}">
          <Coords points="716,1925 714,1928 700,1928 700,1962 753,1962 753,1927 742,1927 740,1925"/>
          <TextEquiv conf="0.9309016">
            <Unicode>als</Unicode>
          </TextEquiv>
        </Word>
        <Word id="region0006_line0002_word0003" custom="readingOrder {index:3;}">
          <Coords points="806,1924 799,1929 769,1928 769,1973 975,1974 975,1929 964,1929 954,1928 951,1924 892,1924 888,1929 871,1928 867,1924 851,1924 848,1928 836,1928 832,1924"/>
          <TextEquiv conf="0.88601303">
            <Unicode>cylindriſche</Unicode>
          </TextEquiv>
        </Word>
        <Word id="region0006_line0002_word0004" custom="readingOrder {index:4;}">
          <Coords points="991,1928 991,1965 1060,1966 1060,1930 1058,1930 1056,1928 1033,1928 1032,1930 1006,1930 1004,1928"/>
          <TextEquiv conf="0.9260441">
            <Unicode>und</Unicode>
          </TextEquiv>
        </Word>
        <Word id="region0006_line0002_word0005" custom="readingOrder {index:5;}">
          <Coords points="1116,1924 1111,1929 1100,1931 1078,1930 1078,1974 1299,1976 1299,1926 1282,1926 1281,1926 1281,1926 1214,1925 1202,1930 1154,1931 1150,1928 1139,1928 1135,1931 1128,1924"/>
          <TextEquiv conf="0.9275196">
            <Unicode>prismatiſche</Unicode>
          </TextEquiv>
        </Word>
        <Word id="region0006_line0002_word0006" custom="readingOrder {index:6;}">
          <Coords points="1314,1926 1314,1979 1386,1979 1417,1976 1417,1933 1363,1932 1357,1926"/>
          <TextEquiv>
            <Unicode>Figu⸗</Unicode>
          </TextEquiv>
        </Word>
        <TextEquiv>
          <Unicode>noch mehr als cylindriſche und prismatiſche Figu⸗</Unicode>
        </TextEquiv>
      </TextLine>
      <TextLine id="region0006_line0003" custom="readingOrder {index:13;}">
        <Coords points="1295,1985 1288,1988 1268,1986 1230,1993 1169,1995 1166,1995 1159,1985 1134,1985 1121,1993 1099,1993 1094,1989 1064,1992 1051,1987 1039,1987 1031,1992 995,1995 923,1994 904,1987 880,1983 844,1985 816,1994 795,1994 787,1983 776,1983 766,1992 760,1986 750,1986 743,1993 734,1984 726,1984 712,1993 694,1992 668,1985 583,1983 558,1994 493,1993 491,2038 688,2040 705,2049 714,2048 723,2040 769,2041 776,2049 791,2050 800,2041 814,2040 861,2045 866,2048 899,2046 906,2050 914,2050 933,2042 966,2040 1027,2042 1034,2050 1044,2050 1051,2042 1119,2042 1125,2049 1134,2049 1141,2042 1197,2039 1257,2041 1264,2050 1273,2050 1280,2042 1345,2043 1351,2050 1361,2050 1368,2044 1374,2044 1381,2051 1391,2051 1397,2050 1402,2044 1422,2043 1423,1997 1398,1995 1391,1986 1379,1986 1374,1990 1355,1987 1351,1990"/>
        <Baseline points="492,2028 1423,2034"/>
        <Word id="region0006_line0003_word0000" custom="readingOrder {index:0;}">
          <Coords points="498,2001 567,2002 567,2031 498,2030"/>
          <TextEquiv conf="0.9276095">
            <Unicode>ren.</Unicode>
          </TextEquiv>
        </Word>
        <Word id="region0006_line0003_word0001" custom="readingOrder {index:1;}">
          <Coords points="622,1990 621,2039 688,2040 689,2041 722,2041 723,2040 769,2041 769,2041 799,2042 800,2041 814,2040 832,2042 836,2042 837,1992 823,1992 816,1994 795,1994 793,1992 767,1991 766,1992 765,1991 745,1991 743,1993 741,1991 715,1991 712,1993 694,1992 689,1991"/>
          <TextEquiv conf="0.92105776">
            <Unicode>Dergleichen</Unicode>
          </TextEquiv>
        </Word>
        <Word id="region0006_line0003_word0002" custom="readingOrder {index:2;}">
          <Coords points="862,1992 861,2041 933,2042 966,2040 1007,2041 1008,1994 1007,1994 995,1995 923,1994 920,1993"/>
          <TextEquiv conf="0.92864525">
            <Unicode>Figuren</Unicode>
          </TextEquiv>
        </Word>
        <Word id="region0006_line0003_word0003" custom="readingOrder {index:3;}">
          <Coords points="1103,1997 1035,1997 1034,2043 1050,2043 1051,2042 1102,2042"/>
          <TextEquiv conf="0.9288729">
            <Unicode>ſind</Unicode>
          </TextEquiv>
        </Word>
        <Word id="region0006_line0003_word0004" custom="readingOrder {index:4;}">
          <Coords points="1182,1997 1126,1997 1125,2044 1139,2044 1141,2042 1181,2039"/>
          <TextEquiv conf="0.9302195">
            <Unicode>fuͤr</Unicode>
          </TextEquiv>
        </Word>
        <Word id="region0006_line0003_word0005" custom="readingOrder {index:5;}">
          <Coords points="1418,1999 1204,1997 1203,2039 1257,2041 1260,2045 1276,2045 1280,2042 1345,2043 1347,2046 1365,2046 1368,2044 1374,2044 1376,2046 1399,2046 1402,2044 1417,2043"/>
          <TextEquiv conf="0.9285011">
            <Unicode>muſikaliſche</Unicode>
          </TextEquiv>
        </Word>
        <TextEquiv conf="0.92748433">
          <Unicode>ren. Dergleichen Figuren ſind fuͤr muſikaliſche</Unicode>
        </TextEquiv>
      </TextLine>
      <TextLine id="region0006_line0004" custom="readingOrder {index:14;}">
        <Coords points="688,2042 684,2058 591,2056 581,2049 572,2047 561,2047 554,2053 491,2048 492,2114 537,2114 554,2109 566,2111 573,2104 600,2102 753,2105 766,2114 774,2114 785,2106 817,2106 824,2113 833,2113 841,2106 891,2104 903,2100 914,2100 918,2104 981,2104 987,2109 996,2109 1002,2105 1085,2104 1092,2113 1103,2112 1108,2104 1158,2103 1190,2103 1209,2109 1221,2109 1227,2113 1248,2114 1276,2106 1313,2103 1335,2107 1372,2109 1378,2113 1393,2110 1398,2115 1423,2110 1422,2053 1402,2051 1361,2054 1344,2054 1328,2050 1316,2056 1281,2059 1259,2055 1247,2049 1238,2048 1226,2053 1188,2057 1121,2059 1117,2059 1114,2053 1107,2049 1093,2050 1085,2059 1078,2059 1071,2052 1059,2052 1053,2058 1048,2053 1037,2053 1030,2059 1018,2059 1012,2053 1000,2051 993,2058 985,2058 974,2047 966,2047 951,2056 943,2056 937,2048 927,2047 922,2052 909,2053 905,2059 825,2058 821,2055 812,2055 808,2058 722,2058 717,2054 706,2056 703,2048"/>
        <Baseline points="492,2103 595,2092 1423,2100"/>
        <Word id="region0006_line0004_word0000" custom="readingOrder {index:0;}">
          <Coords points="687,2045 684,2058 591,2056 581,2049 572,2047 561,2047 554,2053 496,2048 496,2101 735,2103 735,2058 722,2058 717,2054 706,2056 703,2048 697,2045"/>
          <TextEquiv conf="0.848198">
            <Unicode>Jnſtrumente</Unicode>
          </TextEquiv>
        </Word>
        <Word id="region0006_line0004_word0001" custom="readingOrder {index:1;}">
          <Coords points="760,2059 839,2060 839,2102 760,2101"/>
          <TextEquiv conf="0.9312836">
            <Unicode>gut,</Unicode>
          </TextEquiv>
        </Word>
        <Word id="region0006_line0004_word0002" custom="readingOrder {index:2;}">
          <Coords points="862,2093 934,2094 934,2054 908,2053 905,2059 862,2058"/>
          <TextEquiv conf="0.93143487">
            <Unicode>weil</Unicode>
          </TextEquiv>
        </Word>
        <Word id="region0006_line0004_word0003" custom="readingOrder {index:3;}">
          <Coords points="960,2055 960,2100 1013,2101 1013,2056 995,2055 993,2058 985,2058 982,2055"/>
          <TextEquiv conf="0.93102366">
            <Unicode>bei</Unicode>
          </TextEquiv>
        </Word>
        <Word id="region0006_line0004_word0004" custom="readingOrder {index:4;}">
          <Coords points="1037,2057 1037,2104 1064,2104 1085,2104 1085,2104 1108,2105 1108,2104 1144,2103 1144,2058 1121,2059 1117,2059 1116,2058 1086,2057 1085,2059 1078,2059 1076,2057 1054,2057 1053,2058 1052,2057"/>
          <TextEquiv conf="0.92857987">
            <Unicode>dieſen</Unicode>
          </TextEquiv>
        </Word>
        <Word id="region0006_line0004_word0005" custom="readingOrder {index:5;}">
          <Coords points="1168,2064 1205,2064 1205,2096 1168,2096"/>
          <TextEquiv conf="0.92857987">
            <Unicode>es</Unicode>
          </TextEquiv>
        </Word>
        <Word id="region0006_line0004_word0006" custom="readingOrder {index:6;}">
          <Coords points="1228,2057 1228,2105 1282,2105 1313,2103 1329,2105 1337,2106 1337,2058 1296,2057 1281,2059 1272,2057"/>
          <TextEquiv conf="0.9169426">
            <Unicode>Zweck</Unicode>
          </TextEquiv>
        </Word>
        <Word id="region0006_line0004_word0007" custom="readingOrder {index:7;}">
          <Coords points="1362,2060 1417,2060 1417,2107 1362,2107"/>
          <TextEquiv conf="0.9314419">
            <Unicode>iſt,</Unicode>
          </TextEquiv>
        </Word>
        <TextEquiv conf="0.9184355">
          <Unicode>Jnſtrumente gut, weil bei dieſen es Zweck iſt,</Unicode>
        </TextEquiv>
      </TextLine>
      <TextLine id="region0006_line0005" custom="readingOrder {index:15;}">
        <Coords points="903,2101 894,2105 894,2116 899,2121 890,2124 868,2123 862,2114 841,2114 830,2123 798,2122 796,2115 791,2111 780,2111 772,2115 767,2123 711,2120 706,2115 696,2114 685,2114 676,2120 658,2121 651,2112 640,2111 635,2114 578,2114 557,2121 539,2117 533,2122 501,2116 492,2120 491,2168 632,2172 641,2181 654,2181 663,2172 684,2170 772,2172 780,2180 790,2180 799,2177 803,2172 846,2169 930,2174 1061,2172 1070,2179 1081,2179 1086,2175 1118,2175 1124,2181 1137,2182 1149,2175 1171,2172 1199,2173 1209,2181 1218,2181 1236,2180 1246,2173 1274,2174 1278,2171 1317,2174 1337,2184 1354,2184 1356,2175 1422,2172 1423,2123 1404,2123 1398,2117 1389,2117 1381,2121 1379,2114 1374,2111 1364,2112 1359,2117 1358,2125 1335,2125 1329,2117 1329,2107 1313,2104 1308,2106 1311,2120 1309,2124 1267,2123 1263,2116 1257,2114 1232,2114 1225,2119 1219,2111 1208,2110 1195,2121 1188,2115 1178,2115 1171,2123 1164,2115 1154,2114 1141,2123 1096,2123 1092,2115 1077,2112 1066,2124 1017,2124 1012,2120 1000,2120 995,2116 987,2116 979,2110 969,2110 963,2116 953,2113 917,2116 918,2105 914,2101"/>
        <Baseline points="491,2158 1422,2162"/>
        <Word id="region0006_line0005_word0000" custom="readingOrder {index:0;}">
          <Coords points="500,2151 563,2152 563,2119 557,2121 539,2117 533,2122 501,2116 500,2116"/>
          <TextEquiv conf="0.92600614">
            <Unicode>den</Unicode>
          </TextEquiv>
        </Word>
        <Word id="region0006_line0005_word0001" custom="readingOrder {index:1;}">
          <Coords points="580,2162 702,2163 702,2114 696,2114 685,2114 676,2120 658,2121 651,2112 640,2111 635,2114 580,2114"/>
          <TextEquiv conf="0.9287714">
            <Unicode>Schall</Unicode>
          </TextEquiv>
        </Word>
        <Word id="region0006_line0005_word0002" custom="readingOrder {index:2;}">
          <Coords points="716,2162 798,2163 799,2122 798,2122 796,2115 791,2111 780,2111 772,2115 767,2123 717,2120"/>
          <TextEquiv conf="0.9186927">
            <Unicode>nach</Unicode>
          </TextEquiv>
        </Word>
        <Word id="region0006_line0005_word0003" custom="readingOrder {index:3;}">
          <Coords points="814,2154 909,2155 909,2101 903,2101 894,2105 894,2116 899,2121 890,2124 868,2123 862,2114 841,2114 830,2123 814,2122"/>
          <TextEquiv conf="0.92578256">
            <Unicode>allen</Unicode>
          </TextEquiv>
        </Word>
        <Word id="region0006_line0005_word0004" custom="readingOrder {index:4;}">
          <Coords points="967,2111 963,2116 953,2113 923,2115 923,2158 1050,2159 1050,2124 1017,2124 1012,2120 1000,2120 995,2116 987,2116 980,2111"/>
          <TextEquiv conf="0.6233302">
            <Unicode>Seiten</Unicode>
          </TextEquiv>
        </Word>
        <Word id="region0006_line0005_word0005" custom="readingOrder {index:5;}">
          <Coords points="1076,2113 1071,2117 1071,2163 1104,2163 1104,2123 1096,2123 1092,2115 1082,2113"/>
          <TextEquiv conf="0.92818624">
            <Unicode>ſo</Unicode>
          </TextEquiv>
        </Word>
        <Word id="region0006_line0005_word0006" custom="readingOrder {index:6;}">
          <Coords points="1348,2172 1348,2125 1335,2125 1329,2117 1329,2107 1313,2104 1308,2106 1311,2120 1309,2124 1267,2123 1263,2116 1257,2114 1232,2114 1225,2119 1219,2111 1208,2110 1195,2121 1188,2115 1178,2115 1171,2123 1164,2115 1154,2114 1141,2123 1124,2123 1124,2171 1277,2171 1278,2171 1287,2171"/>
          <TextEquiv conf="0.87738365">
            <Unicode>gleichfoͤrmig</Unicode>
          </TextEquiv>
        </Word>
        <Word id="region0006_line0005_word0007" custom="readingOrder {index:7;}">
          <Coords points="1364,2112 1363,2113 1363,2157 1418,2157 1418,2123 1404,2123 1398,2117 1389,2117 1381,2121 1379,2114 1375,2112"/>
          <TextEquiv conf="0.93154025">
            <Unicode>als</Unicode>
          </TextEquiv>
        </Word>
        <TextEquiv conf="0.8824616">
          <Unicode>den Schall nach allen Seiten ſo gleichfoͤrmig als</Unicode>
        </TextEquiv>
      </TextLine>
      <TextEquiv>
        <Unicode>Nachdem ich mich zur Gnuͤge uͤber die Theo⸗
rie der kegelfoͤrmigen Sprachroͤhre ausgelaſſen
habe, werde ich von anders geſtalteten nur in der
Kuͤrze handeln. Wenn dieſe andern Geſtalten
krumliniger Art ſind, ſo verurſacht es den Kuͤnſt⸗
lern viel Schwierigkeit, ſie genau zu verfertigen,
und in dieſem Betracht werden die kegelfoͤrmigen
Sprachroͤhre immer vorzuziehen ſein. Uebri⸗
gens muͤſſen alle Figuren, die bei ihrer Erweite⸗
rung ihre Convexitet der Axe zukehren, wie zum
Beiſpiel AB, verworfen werden, weil ſie den
Schall durch eine Halbkugel verbreiten und zwar
noch mehr als cylindriſche und prismatiſche Figu⸗
ren. Dergleichen Figuren ſind fuͤr muſikaliſche
Jnſtrumente gut, weil bei dieſen es Zweck iſt,
den Schall nach allen Seiten ſo gleichfoͤrmig als</Unicode>
      </TextEquiv>
    </TextRegion>
  </Page>
</PcGts>
