1515 2195
447 447 528 488 was
545 445 605 492 hat
626 448 678 490 ein
700 448 796 492 Dieb
813 449 869 497 fuͤr
886 448 976 493 Ehre
994 450 1128 500 davon,
1151 456 1251 493 wenn
1267 451 1338 501 ihm

446 499 514 539 das
529 497 631 540 Leben
648 504 746 538 unter
763 499 838 540 dem
854 499 993 549 Galgen
1011 499 1211 550 geſchencket
1227 504 1340 555 wird?

448 547 508 596 Ja
530 548 560 595 je
576 548 755 598 reichlicher
778 551 828 592 ein
844 561 955 593 armer
971 551 1127 597 Suͤnder
1149 554 1184 594 in
1202 552 1339 603 Chriſto

446 597 647 648 begnadiget
662 600 766 647 wird,
792 601 822 649 je
838 600 1063 650 demuͤthiger,
1085 602 1249 653 niedriger
1265 606 1338 645 und

446 648 600 698 geringer
614 652 700 690 wird
713 661 747 691 er
760 652 795 693 in
811 653 873 701 ſich
887 654 989 704 ſelbſt.
1039 654 1096 697 Es
1110 647 1201 705 fragt
1214 655 1290 705 ſich:

502 689 539 744 4.
566 697 725 740 Womit
748 697 818 747 hat
842 709 884 737 es
906 698 1003 750 dieſe
1025 700 1270 753 Erkenntniß
1291 710 1340 748 zu

447 748 578 791 thun?
618 748 802 792 Antwort:
836 749 915 796 Sie
935 750 997 798 hat
1023 755 1060 791 es
1083 749 1250 803 eigentlich
1274 752 1339 793 mit

443 801 585 847 Chriſto
608 800 739 845 unſerm
762 802 896 849 Erloͤſer
937 799 983 851 zu
977 802 1077 852 thun.
1140 803 1339 854 Johannes

446 856 522 888 war
550 846 787 897 hauptſaͤchlich
811 850 968 898 geſandt,
1002 858 1072 891 von
1093 850 1275 900 demſelben
1298 859 1340 899 zu

447 902 583 942 zeugen.
634 897 725 938 Das
741 899 818 941 that
835 907 868 937 er
885 898 967 946 auch
983 900 1118 949 treulich
1126 903 1198 943 und
1212 900 1339 949 fleißig.

448 945 603 992 Siehe,
629 947 703 987 das
722 946 769 1003 iſt
787 949 956 991 GOttes
972 949 1134 995 Lamm,
1158 949 1338 1002 welches

445 997 517 1037 der
539 996 658 1039 Welt
680 997 828 1040 Sunde
850 995 999 1048 traͤget,
1024 1006 1100 1040 war
1119 998 1171 1040 die
1196 1000 1337 1048 Haupt⸗

445 1047 635 1097 Summa,
661 1047 756 1091 Kern
777 1050 848 1092 und
870 1050 997 1096 Marck
1018 1050 1119 1100 ſeiner
1135 1052 1337 1101 Predigten.

446 1101 544 1149 Joh.
559 1105 586 1143 I.
605 1113 664 1149 29.
677 1107 735 1149 36.
785 1104 952 1155 JEſum,
979 1107 1043 1148 den
1058 1105 1203 1151 Erloͤſer,
1229 1108 1337 1154 mach⸗

445 1148 479 1185 te
494 1152 528 1183 er
545 1144 613 1184 den
628 1153 745 1186 armen
759 1132 945 1192 Suͤndern
962 1144 1120 1190 bekannt.
1171 1145 1250 1190 Und
1272 1156 1337 1196 gar

446 1202 585 1248 manche
609 1203 725 1246 kamen
743 1205 899 1252 wircklich
914 1207 1014 1257 durch
1035 1207 1087 1249 die
1100 1206 1249 1257 Predigt
1262 1206 1337 1259 Jo⸗

446 1250 577 1297 hannis
591 1261 629 1298 zu
639 1253 743 1296 deſſen
754 1247 980 1304 Erkenntniß.
1027 1254 1107 1306 Und
1121 1258 1187 1296 das
1203 1257 1241 1304 iſt
1250 1254 1336 1303 auch

446 1305 500 1343 die
518 1304 784 1349 Haupt⸗Sache
800 1307 883 1348 aller
897 1307 1045 1361 Knechte
1059 1308 1186 1355 Chriſti
1202 1311 1256 1352 bis
1270 1308 1342 1358 auf

448 1354 531 1398 dieſe
546 1355 722 1396 Stunde.
762 1356 839 1398 Sie
854 1356 968 1402 halten
982 1356 1043 1407 ſich
1059 1357 1147 1404 nicht
1161 1358 1273 1404 dafuͤr,
1288 1363 1335 1400 et⸗

447 1406 527 1439 was
544 1398 685 1449 hoͤheres
701 1404 771 1444 und
797 1403 935 1451 beſſeres
951 1412 990 1453 zu
1005 1404 1137 1455 wiſſen,
1160 1403 1216 1444 als
1231 1405 1335 1448 allein

445 1450 593 1496 JEſum
602 1452 798 1501 Chriſtum,
805 1452 869 1493 den
882 1445 1183 1503 Gecreutzigten.
1192 1455 1336 1497 Davon

443 1502 558 1548 flieſſet
573 1505 632 1548 bey
649 1500 727 1549 aller
756 1504 948 1554 Gelegenheit
966 1506 1011 1555 ihr
1040 1502 1136 1555 Hertz
1128 1508 1199 1549 und
1206 1510 1336 1551 Mund

444 1541 538 1590 uͤber.
588 1550 717 1599 Dieſen
738 1549 861 1601 preiſen
883 1550 925 1600 ſie
940 1555 1003 1595 den
1019 1561 1136 1595 armen
1152 1552 1334 1597 Suͤndern

444 1608 483 1646 zu
509 1598 612 1647 ihrem
631 1602 712 1650 Heil
729 1613 795 1651 an,
819 1602 890 1642 und
904 1605 1019 1654 ſuchen
1034 1603 1077 1652 ſie
1095 1611 1135 1651 zu
1155 1602 1256 1652 ſeiner
1270 1606 1334 1657 ſee⸗

445 1652 691 1701 ligmachenden
714 1646 922 1703 Erkenntniß
944 1666 982 1704 zu
992 1653 1147 1705 bringen.
1197 1656 1272 1700 Die
1290 1660 1333 1700 le⸗

444 1701 582 1747 bendige
601 1702 808 1752 Erkenntniß
828 1705 924 1754 unſer
941 1706 1033 1755 ſelbſt
1053 1705 1124 1746 und
1141 1706 1259 1755 unſers
1273 1706 1333 1749 tie⸗

444 1750 501 1797 fen
518 1741 844 1796 Suͤnden⸗Elendes
860 1751 997 1800 gehoͤret
1012 1762 1068 1800 zur
1083 1751 1272 1803 Ordnung,
1288 1753 1333 1801 ſe⸗

442 1802 490 1850 lig
513 1811 551 1848 zu
569 1806 716 1846 werden.
766 1807 841 1849 Die
857 1807 1037 1857 Seligkeit
1059 1805 1150 1851 ſelbſt
1167 1809 1246 1852 aber
1261 1809 1332 1852 kan

443 1852 514 1889 uns
535 1842 670 1898 daraus
686 1850 772 1897 nicht
793 1852 962 1902 zuflieſſen.
1022 1854 1100 1898 Die
1120 1851 1332 1899 Erkenntniß

442 1902 560 1946 unſers
575 1904 726 1952 Erloͤſers
743 1905 780 1946 iſt
798 1911 834 1945 es
850 1906 972 1952 allein,
995 1906 1045 1946 die
1060 1903 1152 1955 Heyl
1170 1911 1240 1948 und
1249 1908 1331 1946 Se⸗

441 1952 554 2001 ligkeit
567 1951 689 2002 giebet.
739 1955 847 2003 Dieſe
863 1951 1091 2005 Erkenntniß,
1110 1954 1165 1997 ſo
1168 1957 1330 2001 GOTT

441 2009 507 2047 aus
523 2003 675 2049 Gnaden
692 2004 841 2053 wircket,
866 2005 1016 2056 beweiſet
1027 2008 1088 2059 fich
1103 2007 1250 2055 lebendig
1258 2008 1330 2049 und
