1677 2665
167 469 353 532 Bildhauern
370 470 562 519 aushoͤhlen,
586 472 676 504 denen
695 466 740 501 die
762 462 881 499 Dichter
896 459 954 501 ihre
974 452 1084 498 Jdeale
1101 460 1159 482 an⸗

171 541 286 581 gaben.
317 536 430 580 Julius
450 523 589 574 Pollux,
589 522 656 568 der
670 525 729 564 ſein
756 514 932 567 Woͤrterbuch
951 514 1001 552 fuͤr
1015 513 1066 544 den
1083 513 1157 541 Kai⸗

175 597 217 636 ſer
230 590 420 630 Commodus
437 579 618 629 verfertigte,
638 575 839 621 unterſcheidet
850 574 909 604 drei
926 563 1108 607 Gattungen
1109 563 1164 607 der

176 647 304 694 Larven,
328 645 373 679 die
400 636 589 685 tragiſchen,
624 631 792 669 komiſchen
838 630 898 658 und
926 623 1102 664 ſatyriſchen
1126 617 1161 655 c)

179 704 228 741 Es
242 700 343 744 hatten
364 699 431 734 aber
450 694 507 729 alle
529 693 555 726 in
577 689 655 732 ihrer
682 686 738 718 Art
763 679 955 717 uͤbertriebene
981 672 1082 715 Zuͤge,
1115 672 1162 703 ein

181 751 341 798 graͤßliches
353 751 420 786 oder
437 736 625 792 laͤcherliches
647 736 766 777 Anſehen
791 734 853 765 und
871 732 953 763 einen
970 732 1078 766 großen
1092 729 1165 761 auf⸗

182 807 342 852 geſperrten
359 803 478 844 Mund,
503 799 553 833 als
572 802 657 837 wenn
683 791 717 831 ſie
737 792 781 824 die
803 787 961 828 Zuſchauer
980 784 1168 820 verſchlingen

185 864 320 900 wollten.
360 856 467 898 Daher
476 852 581 895 ſpottet
598 846 700 883 Lucian
723 843 808 883 dieſer
824 838 972 881 grotesken
987 836 1101 873 Geſtalt
1119 840 1169 863 der

187 917 312 954 Larven,
335 916 420 942 wenn
437 913 467 940 er
482 897 567 946 ſagt:
597 900 627 934 in
647 899 695 934 der
713 888 857 938 Tragoͤdie
879 889 967 932 gehen
987 888 1031 918 die
1049 885 1173 918 Schau⸗

187 969 289 1017 ſpieler
306 971 341 1005 in
354 965 447 1008 hohen
460 956 528 998 und
538 957 676 1003 ſchweren
690 950 833 993 Schuhen
851 946 963 986 einher,
995 943 1056 974 und
1072 944 1174 975 tragen

192 1027 320 1070 Larven,
335 1022 379 1058 die
397 1021 480 1056 einen
498 1009 669 1061 uͤbermaͤßig
683 1009 752 1044 weit
774 1001 988 1049 aufgeſperrten
1008 997 1112 1034 Mund
1124 995 1176 1028 ha⸗

194 1082 265 1122 ben,
286 1084 346 1115 aus
357 1076 448 1112 denen
460 1073 498 1112 ſie
516 1068 567 1116 ein
584 1066 685 1109 großes
695 1063 828 1105 Geſchrei
828 1057 963 1100 machen.
1001 1051 1047 1093 Jn
1058 1051 1105 1084 der
1114 1052 1178 1083 Ko⸗

196 1130 293 1173 moͤdie
312 1132 413 1174 tragen
433 1125 479 1161 die
495 1118 704 1165 Schauſpieler
729 1121 806 1156 zwar
834 1111 907 1144 keine
925 1103 1181 1143 ungewoͤhnlichen

196 1189 317 1229 Kleider
331 1189 400 1222 und
409 1181 551 1223 Schuhe,
576 1178 648 1217 auch
666 1173 785 1214 ſchreien
810 1169 846 1207 ſie
871 1170 1012 1203 weniger,
1040 1160 1106 1192 aber
1121 1158 1181 1192 ihre

200 1243 306 1285 Larven
306 1239 382 1281 ſind
408 1231 473 1280 noch
489 1228 553 1278 viel
568 1224 752 1271 laͤcherlicher.
786 1217 821 1267 d)
845 1220 907 1255 Die
919 1214 1098 1257 laͤcherlichen
1116 1210 1184 1244 Lar⸗

201 1297 258 1331 ven
272 1291 401 1330 wurden
418 1283 564 1330 gebraucht
577 1278 630 1325 bei
638 1281 693 1314 den
711 1274 861 1318 Perſonen
878 1272 925 1303 der
943 1266 1117 1308 Bedienten,
1136 1264 1185 1296 der

203 1333 500 1393 Sklavenhaͤndler,
515 1332 570 1381 der
578 1329 817 1378 Schmarotzer,
840 1318 1072 1366 ungeſchliffener
1093 1311 1189 1357 Leute,

205 1405 285 1441 einer
301 1397 468 1443 Buhldirne
481 1393 544 1431 und
569 1389 646 1426 einer
665 1383 816 1426 Sclavin,
844 1380 907 1414 und
934 1378 992 1416 jede
1010 1372 1089 1413 hatte
1106 1371 1191 1410 ihren

206 1447 465 1502 eigenthuͤmlichen
478 1441 648 1489 Charakter.
686 1434 736 1488 Die
757 1438 843 1474 Larve
852 1432 931 1467 eines
945 1425 1082 1471 ehrlichen
1093 1423 1194 1461 Man⸗

207 1514 263 1561 nes
272 1509 340 1555 ſah
345 1505 483 1553 niemals
500 1506 549 1541 der
572 1501 666 1537 Larve
677 1497 756 1532 eines
775 1490 937 1534 Schelmen
950 1481 1081 1528 aͤhnlich.
1132 1479 1195 1522 Jm

208 1562 294 1599 alten
316 1559 474 1601 Luſtſpiel,
492 1559 540 1586 wo
562 1556 598 1583 es
616 1547 687 1587 noch
707 1542 824 1577 erlaubt
842 1544 924 1576 war,
953 1530 1069 1567 lebende
1089 1526 1197 1569 Perſo⸗

214 1628 272 1656 nen
283 1626 317 1659 zu
331 1615 465 1657 kopiren,
482 1609 540 1653 gab
552 1613 585 1643 es
601 1605 676 1641 keine
689 1605 718 1645 ſo
727 1597 886 1642 ungeſtalte
900 1592 1052 1634 Masken,
1074 1586 1197 1629 ſondern

210 1677 271 1712 die
279 1669 486 1717 Schauſpieler
499 1665 633 1704 richteten
645 1660 687 1702 ſie
704 1659 773 1696 nach
787 1656 836 1689 der
852 1646 1042 1695 Aehnlichkeit
1064 1648 1111 1679 der
1127 1642 1203 1686 Per⸗

214 1730 309 1769 ſonen
326 1725 392 1767 ein,
411 1722 458 1755 die
475 1719 512 1759 ſie
531 1714 715 1758 nachahmen
736 1710 865 1744 wollten.
932 1700 1020 1743 Erſt,
1048 1698 1096 1733 als
1116 1694 1204 1736 dieſer

213 1780 375 1822 Gebrauch
387 1773 557 1817 abgeſchafft
573 1771 695 1811 wurde,
725 1760 858 1808 verfielen
875 1756 919 1798 ſie
940 1756 1002 1796 auf
1024 1761 1085 1791 jene
1106 1751 1204 1791 Unge⸗

222 1837 328 1880 heuer,
348 1831 447 1874 damit
447 1828 527 1870 man
532 1822 581 1871 ſie
598 1822 681 1869 deſto
684 1825 809 1862 weniger
828 1815 902 1849 einer
924 1807 1141 1852 Nachahmung
1160 1804 1209 1835 be⸗

218 1884 389 1934 ſchuldigen
404 1880 527 1924 konnte.
570 1871 612 1924 Jm
638 1871 823 1916 Trauerſpiel
844 1869 907 1901 kam
920 1873 958 1905 zu
972 1861 1057 1901 dieſer
1072 1853 1214 1892 uͤbertrie⸗

224 1942 321 1980 benen
334 1930 436 1986 Groͤße
450 1929 503 1978 der
517 1926 635 1975 Larven
646 1926 707 1972 noch
728 1925 774 1956 die
788 1913 1052 1963 auſſerordentliche
1068 1907 1156 1952 Hoͤhe
1168 1907 1213 1944 ih⸗

1169 1972 1214 1997 rer

228 2082 304 2123 c)
333 2087 445 2113 Pollux
457 2084 492 2107 in
506 2063 667 2108 Onomaſt.
687 2067 754 2099 Lib.
772 2068 823 2097 IV.
847 2066 919 2099 Cap.
931 2067 980 2092 18.

275 2149 313 2188 d)
315 2144 488 2181 Lucianus
497 2140 541 2174 de
557 2130 738 2173 Saltatione.
