1755 2621
212 401 283 436 dem
305 396 457 443 Miniſter
481 399 580 431 etwas
604 393 691 439 mehr
709 387 980 438 Bequemlichkeit
997 389 1042 427 im
1059 385 1186 435 Schiffe
1199 393 1267 423 ver⸗

213 453 339 500 langte,
377 456 440 489 und
463 460 499 489 es
523 451 593 499 ihm
614 449 834 496 abgeſchlagen
854 449 980 493 wurde,
992 446 1033 498 ſo
1067 443 1194 484 erklaͤrte
1222 453 1269 487 er,

212 515 304 564 zehen
321 513 412 560 Tage
428 523 485 552 vor
500 517 553 551 der
572 511 714 560 Abreiſe,
744 522 777 548 er
791 510 862 555 reiſe
881 509 962 554 nicht
978 510 1048 547 mit.
1108 507 1181 548 Der
1191 507 1268 546 Mi⸗

214 578 306 622 niſter
338 586 405 613 war
436 572 568 612 daruͤber
597 572 661 621 ſehr
680 567 881 617 aufgebracht
900 572 962 607 und
989 567 1104 614 foderte
1126 566 1268 613 Johann

215 636 395 688 Rheinhold
417 635 562 682 Forſter,
599 636 648 672 als
664 630 903 680 Naturforſcher
919 627 991 674 auf,
1028 641 1082 666 um
1099 630 1157 665 mit
1172 625 1269 671 Capi⸗

218 700 284 736 tain
307 695 394 736 Cook
422 696 498 742 dieſe
513 694 606 741 Reiſe
648 699 689 744 zu
682 690 820 736 machen.
890 689 972 729 Das
990 690 1135 734 engliſche
1149 690 1269 731 Parla⸗

217 767 304 798 ment
340 760 467 805 geſtand
490 758 557 806 ihm
587 761 651 795 und
674 756 785 802 ſeinem
813 752 953 803 Sohne,
997 750 1110 798 Georg
1135 749 1273 796 Forſter,

212 829 338 863 4000
360 820 473 867 Pfund
498 816 653 863 Sterling
674 822 733 862 zu,
775 816 837 851 und
864 816 932 861 that
948 814 1040 861 ihnen
1056 811 1199 849 uͤberdies
1215 821 1271 846 an⸗

219 881 363 930 ſehnliche
381 877 668 926 Verſprechungen.
729 873 798 915 Sie
818 881 917 914 traten
937 876 999 919 alſo
1018 874 1093 917 dieſe
1105 873 1196 916 Reiſe
1211 872 1272 906 mit

221 942 307 985 Cook
330 945 374 980 im
391 941 435 988 J.
453 947 569 983 1775
599 949 654 977 an.
722 936 790 977 Die
810 934 1045 985 Beſchreibung
1067 935 1158 983 dieſer
1180 932 1274 978 Reiſe

219 1002 259 1047 iſt
272 996 335 1039 von
350 998 464 1044 Georg
478 995 619 1043 Forſter,
654 997 725 1033 dem
740 993 882 1043 Sohne,
918 996 1089 1039 abgefaßt,
1126 1000 1189 1026 und
1206 995 1274 1035 her⸗

222 1061 302 1106 nach
320 1062 374 1103 ins
396 1059 551 1106 Deutſche
575 1046 714 1106 uͤberſetzt
739 1061 885 1102 worden,
922 1060 1035 1103 dahero
1057 1057 1102 1096 ich
1115 1063 1169 1099 zur
1186 1055 1276 1092 Ver⸗

198 1109 371 1163 meidung
386 1116 462 1153 aller
477 1113 801 1161 Weitlaͤuſtigkeiten,
840 1119 958 1157 darauf
978 1119 1129 1155 verweiſe.
1199 1116 1274 1153 16)

225 1184 358 1229 Endlich
390 1179 593 1229 Capitain
630 1177 760 1226 Cook,
806 1178 891 1224 nebſt
922 1179 1069 1216 Clerke
1101 1183 1165 1212 und
1198 1180 1276 1211 Go⸗

224 1254 281 1290 re,
310 1246 354 1283 im
389 1238 440 1298 J.
440 1254 548 1288 1777
565 1258 617 1267 —
633 1248 758 1284 1780.
827 1239 924 1287 Dieſe
945 1241 1039 1287 Reiſe
1058 1241 1095 1284 iſt
1108 1241 1213 1287 bisher
1227 1242 1278 1273 die

201 1306 306 1352 letzte
322 1308 390 1346 und
401 1302 519 1350 neueſte
535 1313 590 1342 um
606 1302 656 1340 die
673 1301 768 1342 Welt
786 1302 934 1347 geweſen.

698 1406 729 1439 §.
771 1413 803 1439 7.

316 1443 408 1483 Man
426 1443 515 1492 ſiehet
527 1438 610 1487 nicht
627 1441 744 1478 immer
759 1440 809 1477 die
838 1438 981 1478 Sonne
1011 1442 1045 1473 in
1058 1444 1189 1481 einerley
1209 1439 1278 1478 Ge⸗

227 1510 307 1553 gend
326 1518 379 1543 am
395 1504 539 1553 Himmel
561 1503 684 1552 ſtehen,
701 1500 847 1557 ſondern
853 1489 911 1551 ſie
928 1493 1014 1540 wird
1032 1501 1210 1547 anfaͤnglich
1223 1500 1278 1537 an

228 1567 328 1605 einem
348 1564 489 1612 gewiſſen
513 1560 613 1608 Orte,
643 1572 684 1598 an
699 1560 798 1597 einem
821 1563 962 1607 gewiſſen
981 1564 1203 1604 Graͤnzpuncte
1224 1579 1278 1591 am

228 1622 397 1678 Horizonte
430 1622 577 1672 ſichtbar,
608 1617 652 1669 ſie
663 1616 771 1668 ſcheint
785 1623 914 1669 hernach
932 1623 1006 1655 uͤber
1020 1631 1090 1654 dem
1108 1628 1280 1662 Horizonte

231 1682 343 1735 herauf
355 1695 392 1731 zu
403 1683 522 1731 gehen,
551 1687 592 1720 da
608 1688 643 1720 es
654 1683 698 1718 im
709 1684 870 1726 gemeinen
884 1684 1188 1724 Sprachgebrauche
1196 1692 1283 1725 heißt

229 1746 322 1791 „die
349 1744 493 1786 Sonne
509 1743 606 1792 geht
623 1743 721 1790 auf“
752 1747 837 1778 dann
855 1747 911 1786 ſich
926 1748 1127 1788 immermehr
1141 1762 1179 1782 zu
1199 1753 1283 1782 erhe⸗

232 1804 308 1852 ben,
346 1808 456 1848 gerade
474 1802 547 1841 uͤber
566 1811 628 1839 uns
646 1811 684 1847 zu
705 1805 837 1846 ſteigen,
879 1810 995 1844 endlich
1012 1811 1066 1846 ſich
1092 1822 1185 1863 unter
1210 1818 1282 1860 dem

236 1862 406 1913 Horizonte
417 1861 478 1907 auf
486 1866 537 1899 der
548 1866 836 1909 entgegengeſetzten
859 1867 958 1901 Seite
967 1880 1004 1905 zu
1018 1872 1150 1905 ſenken,
1188 1880 1227 1920 da
1246 1883 1284 1921 es

233 1922 313 1956 denn
330 1921 497 1957 wiederum
512 1923 615 1964 heißt:
644 1927 745 1959 „die
775 1926 925 1972 Sonne
954 1933 1051 1984 geht
1072 1935 1282 1993 unter“*);

233 1990 381 2035 demnach
391 1991 464 2039 geht
476 1991 524 2026 die
532 1987 653 2028 Sonne
673 1985 752 2033 auf,
786 1988 825 2033 ſie
844 1989 934 2030 ſteigt
957 2001 1011 2020 am
1028 1994 1192 2033 Himmel,
1230 1999 1284 2019 bis

204 2046 278 2094 ſie
301 2046 445 2093 ſenkrecht
467 2043 541 2082 uͤber
568 2045 620 2096 uns
626 2039 723 2093 ſteht,
752 2065 816 2090 und
831 2066 914 2089 dann
924 2065 996 2099 geht
1005 2070 1042 2099 ſie
1050 2056 1162 2105 wieder
1178 2066 1283 2105 unter.

235 2108 303 2148 Sie
333 2107 409 2151 muß
433 2107 494 2150 alſo
497 2107 563 2158 ein
573 2107 662 2152 mahl
701 2118 765 2140 am
806 2124 979 2163 hoͤchſten
1019 2130 1169 2161 ſtehen,
1213 2124 1285 2168 oder

235 2171 485 2212 culminiren
517 2172 581 2208 und
611 2171 671 2208 den
692 2166 840 2217 kuͤrzeſten
861 2172 1023 2213 Schatten
1045 2186 1220 2226 geben**).
