1676 2304
528 364 608 411 494

830 370 1004 419 Hiſtoria
1024 382 1088 416 am
1117 373 1241 418 ſtillen

754 436 914 491 Eſſig/
940 443 1027 486 und
1057 440 1186 494 ſtecket
1212 444 1286 496 ihn
1317 442 1400 497 auf
1423 445 1488 490 ein

518 493 638 528 ⸗ ⸗
638 496 746 530 v.49.
756 484 913 545 Rohr/
938 495 1010 542 und
1051 492 1231 545 traͤncket
1258 499 1341 554 ihn.
1399 500 1485 548 Die

756 554 917 597 andern
934 553 1032 600 aber
1050 553 1261 608 ſprachen:
1295 558 1403 611 Halt
1420 556 1492 610 laß

750 601 904 659 ſehen/
907 604 950 653 ob
960 608 1085 656 Elias
1094 610 1286 663 komme/
1296 616 1383 659 und
1394 614 1481 666 ihm

526 669 610 699 ⸗ ⸗
658 662 752 717 v.50.
752 662 877 716 helffe.
922 663 1031 708 Aber
1048 660 1204 721 JEſus
1210 671 1347 726 ſchrey
1367 671 1489 723 aber⸗

522 732 630 772 ⸗ ⸗
630 719 749 773 v.51.
749 719 868 773 mahl
886 723 980 769 laut
1006 724 1095 769 und
1120 724 1326 780 verſchied.
1380 728 1482 774 Und

749 777 845 829 ſiehe
869 783 937 826 der
964 778 1182 831 Vorhang
1215 787 1274 829 im
1303 783 1478 839 Tempel

744 831 895 884 zerreiß
908 836 952 878 in
973 840 1085 885 zwey
1097 830 1277 885 Stuͤck/
1280 845 1363 883 von
1374 840 1478 885 oben

593 886 628 927 ⸗
628 884 741 928 v.52.
741 884 804 929 bis
819 889 952 931 unten
979 888 1063 932 aus.
1087 883 1160 936 Und
1177 892 1235 936 die
1243 885 1352 939 Erde
1364 892 1477 938 erbe⸗

731 937 848 986 bete/
855 946 940 988 und
953 945 1011 992 die
1029 942 1165 998 Felſen
1184 941 1377 1003 zuriſſen/
1387 948 1481 999 und

742 1003 804 1047 die
822 995 999 1050 Graͤber
1022 996 1168 1053 thaͤten
1184 1001 1254 1058 ſich
1271 1000 1376 1059 auf/
1386 1008 1473 1052 und

741 1053 916 1110 ſtunden
925 1058 1007 1111 auf
1015 1061 1096 1108 viel
1106 1059 1249 1110 Leiber
1265 1066 1337 1110 der
1345 1057 1477 1120 Heili⸗

520 1104 627 1144 ⸗ ⸗
627 1103 738 1142 v.53.
746 1117 835 1165 gen/
851 1116 899 1160 die
919 1117 954 1161 da
970 1107 1174 1172 ſchlieffen/
1175 1110 1387 1175 u.giengen
1400 1120 1477 1164 aus

743 1173 820 1219 den
830 1167 1038 1222 Graͤbern
1055 1175 1151 1224 nach
1161 1172 1288 1228 ſeiner
1304 1177 1472 1229 Auffer⸗

738 1226 936 1284 ſtehung/
934 1232 1024 1277 und
1035 1231 1181 1279 kamen
1198 1236 1242 1283 in
1251 1237 1311 1283 die
1328 1235 1468 1288 heilige

738 1284 913 1334 Stadt/
950 1286 1039 1332 und
1064 1286 1286 1338 erſchienen
1321 1290 1464 1336 vielen.

504 1336 627 1372 ⸗ ⸗
627 1333 737 1374 v.54̇
753 1331 851 1384 Aber
874 1338 947 1381 der
973 1334 1270 1389 Hauptmann
1288 1343 1376 1387 und
1397 1342 1461 1387 die

734 1384 807 1437 bey
825 1385 913 1432 ihm
932 1381 1117 1443 waren/
1126 1389 1234 1434 und
1253 1378 1463 1443 bewahre⸗

729 1451 803 1495 ten
825 1445 1026 1504 JEſum/
1062 1456 1115 1498 da
1145 1450 1194 1506 ſie
1227 1453 1348 1511 ſahen
1378 1458 1458 1504 das

731 1503 954 1553 Erdbeben
977 1504 1065 1552 und
1081 1510 1179 1554 was
1180 1493 1231 1560 da
1275 1505 1462 1565 geſchach/

730 1560 974 1611 erſchracken
984 1562 1033 1617 ſie
1044 1564 1132 1618 ſehr
1142 1568 1230 1612 und
1246 1565 1457 1622 ſprachen:

731 1620 918 1670 Warlich
935 1624 1054 1668 dieſer
1071 1625 1116 1676 iſt
1127 1625 1312 1674 GOttes
1320 1627 1455 1676 Sohn

504 1677 629 1712 ⸗ ⸗
629 1679 673 1713 v.
686 1688 723 1716 55.
730 1671 920 1720 geweſen.
964 1675 1065 1722 Und
1099 1679 1146 1722 es
1186 1684 1336 1724 waren
1378 1678 1461 1726 viel

726 1719 903 1780 Weiber
906 1718 983 1774 da/
986 1723 1044 1782 die
1054 1728 1126 1781 von
1144 1721 1258 1786 ferne
1263 1724 1458 1792 zuſahen/

728 1789 787 1834 die
817 1788 869 1832 da
899 1783 1032 1839 JEſu
1057 1796 1204 1837 waren
1238 1781 1458 1844 nachgefol⸗

728 1849 795 1895 get
804 1849 889 1890 aus
897 1842 1108 1896 Galilaͤa/
1105 1849 1194 1896 und
1208 1848 1353 1904 hatten
1363 1852 1453 1901 ihm

502 1895 628 1936 ⸗ ⸗
628 1895 720 1936 v.56.
726 1896 918 1946 gedienet.
989 1897 1128 1946 Unter
1158 1899 1325 1953 welchen
1357 1894 1451 1954 war

723 1951 879 2001 Maria
888 1951 1180 2001 Magdalena/
1202 1960 1290 2001 und
1309 1960 1367 2001 die
1378 1958 1452 1998 an⸗

1491 558 1542 611 57

1488 672 1538 724 58

1488 792 1532 839 59

1480 949 1525 997 60

1477 1070 1527 1109 61

1476 1347 1522 1384 62

1466 1630 1515 1673 63

1460 1679 1514 1727 64

1456 1894 1510 1956 65

1407 2011 1503 2060 dere
