1585 2351
420 269 453 306 in
479 268 527 304 die
554 264 733 306 Geſchichte.

1005 275 1028 305 9

125 362 311 413 ſchiedenen
329 358 445 408 Zeiten
474 359 543 397 und
571 353 759 404 Gegenden
787 351 1027 400 zuſammenge⸗

127 416 254 464 hoͤren,
293 416 360 452 und
387 422 452 450 nur
467 410 557 451 Eine
583 409 684 457 große
711 392 1029 453 Veraͤnderung
984 399 1031 450 in

128 472 188 510 der
202 469 300 510 Welt
316 463 479 505 bewirken
503 463 572 501 und
588 458 804 514 ausmachen.

182 533 257 570 XV.
292 524 442 574 Freylich
473 522 533 570 hat
558 530 637 560 man
666 520 746 562 auch
771 519 947 566 deswegen
972 513 1036 560 auf

133 584 206 623 eine
226 580 352 629 gewiſſe
368 573 691 627 Vollſtaͤndigkeit
711 576 747 610 in
772 574 828 609 der
845 567 1036 616 Geſchichte

135 640 174 678 zu
192 628 300 678 ſehen.
352 628 470 670 Wenn
488 627 552 663 wir
575 625 670 664 einen
690 618 886 670 beruͤhmten
902 617 1036 662 Mann,

138 684 216 724 oder
232 685 303 721 eine
320 677 558 730 merkwuͤrdige
573 673 811 724 Begebenheit
827 674 949 711 kennen
970 671 1039 708 und

138 733 344 784 beurtheilen
363 732 503 773 wollen:
539 732 572 778 ſo
591 729 672 776 darf
686 736 753 766 uns
771 726 878 771 nichis
896 723 1041 771 Wichti⸗

139 796 200 838 ges
218 787 342 837 fehlen,
368 792 443 824 was
471 786 512 832 ſie
538 781 667 827 betrift.
720 780 812 820 Aber
841 786 878 819 es
904 778 943 822 iſt
963 776 1041 822 doch

138 840 225 885 nicht
242 835 398 884 noͤthig,
412 835 474 874 alle
493 835 595 872 kleine
615 830 792 878 Umſtaͤnde
809 838 846 875 zu
869 825 1043 873 ſammeln,

137 894 191 931 die
207 892 289 938 dazu
299 886 465 939 gehoͤren.
504 883 723 931 Ueberhaupt
739 881 818 926 muß
835 890 913 917 man
916 874 970 923 in
949 872 1043 917 der

140 939 332 989 Geſchichte
347 939 420 979 eine
433 934 639 984 verſtaͤndige
656 933 777 978 Wahl
801 935 866 970 der
884 927 1044 972 Sachen

140 989 361 1038 beobachten,
396 986 506 1035 zumal
525 993 622 1023 wenn
642 992 720 1021 man
736 982 778 1028 ſie
796 981 857 1027 erſt
874 990 911 1026 zu
929 979 1044 1017 lernen

141 1028 299 1089 anfaͤngt.
353 1035 449 1077 Man
465 1034 572 1084 waͤhlt
588 1033 689 1081 ſolche
706 1030 947 1078 Nachrichten,
975 1034 1044 1063 von

141 1095 248 1135 denen
258 1103 338 1133 man
355 1092 433 1131 bald
448 1090 540 1138 ſieht,
560 1088 624 1134 daß
641 1097 718 1125 man
738 1087 779 1133 ſie
789 1084 844 1131 fuͤr
858 1086 920 1122 das
931 1081 1044 1127 Nach⸗

144 1147 267 1187 denken
293 1140 498 1193 gebrauchen
519 1136 637 1181 koͤnne.
692 1138 769 1176 Und
787 1138 852 1174 wie
871 1134 974 1183 dieſes
992 1141 1044 1180 ge⸗

145 1194 273 1250 ſchehe,
299 1180 342 1239 iſt
354 1190 449 1239 ſchon
472 1187 550 1227 oben
566 1186 691 1236 gezeigt
707 1185 856 1225 worden.

1063 516 1204 553 Vollſtaͤn⸗

1047 560 1149 587 digkeit

1049 598 1111 622 und

1050 617 1148 659 Wahl.

222 1263 312 1300 XVI.
341 1258 431 1302 Will
454 1265 536 1298 man
560 1253 684 1299 endlich
712 1254 748 1290 in
774 1251 831 1289 der
851 1246 1047 1295 Erlernung

146 1311 205 1351 der
229 1306 420 1356 Geſchichte
446 1306 479 1353 ſo
507 1306 586 1342 weit
612 1303 781 1347 kommen,
817 1299 883 1345 daß
909 1297 952 1343 ſie
975 1299 1047 1338 eine

144 1347 413 1407 Wiſſenſchaft
425 1347 492 1398 bey
514 1356 587 1401 uns
610 1350 741 1394 werde,
783 1350 836 1384 die
862 1352 931 1382 uns
950 1354 1047 1386 ganz

146 1417 256 1465 eigen
268 1416 331 1461 iſt;
373 1410 437 1456 das
452 1410 554 1460 heißt,
583 1410 648 1456 daß
675 1410 739 1445 wir
755 1406 843 1452 nicht
865 1404 948 1452 mehr
966 1397 1045 1445 blos

149 1458 294 1514 glauben
316 1457 456 1508 duͤrfen,
484 1462 559 1497 was
579 1456 642 1498 wir
659 1463 725 1492 von
747 1451 913 1500 derſelben
931 1450 1052 1497 gehoͤrt

151 1518 230 1556 oder
245 1516 369 1566 geleſen
390 1513 510 1563 haben,
540 1511 679 1560 ſondern
695 1510 758 1555 daß
778 1510 840 1547 wir
858 1508 940 1545 alles
958 1505 1054 1552 ſelbſt

150 1563 383 1615 unterſuchen,
405 1573 474 1604 uns
495 1561 693 1611 Gewißheit
715 1561 826 1599 davon
841 1553 1052 1603 verſchaffen,

151 1627 191 1658 es
218 1629 255 1664 zu
283 1617 415 1662 unſerm
436 1608 627 1664 Gebrauche
654 1610 813 1660 ſammeln
840 1610 989 1651 koͤnnen:
1017 1606 1052 1651 ſo

151 1673 191 1718 iſt
208 1671 279 1719 ſehr
297 1658 423 1715 viel
386 1655 424 1719 zu
443 1657 518 1717 thun
532 1659 655 1716 uͤbrig.
700 1662 794 1704 Aber
809 1658 951 1702 dadurch
967 1658 1053 1695 wird

153 1726 232 1758 man
250 1717 329 1762 auch
346 1717 397 1751 ein
411 1705 597 1764 gelehrter
605 1713 764 1753 Kenner
778 1709 834 1746 der
842 1705 1054 1754 Geſchichte;

154 1756 238 1811 ſonſt
256 1763 359 1808 bleibt
380 1769 458 1805 man
472 1769 537 1801 nur
554 1764 606 1799 ein
625 1760 804 1806 Liebhaber
822 1757 1003 1803 derſelben.

605 1828 685 1871 A5

945 1824 1054 1863 XVII.

1091 1250 1156 1282 Wie
1170 1250 1215 1279 die

1064 1294 1217 1331 Geſchichte

1060 1342 1119 1364 eine
1130 1334 1204 1366 Wiſ⸗

1063 1360 1190 1384 ſenſchaft

1065 1405 1152 1438 wird?

157 1924 223 1953 XV.
232 1920 301 1953 Wie
313 1915 470 1955 vollſtaͤndig
485 1916 546 1950 muß
570 1915 610 1945 die
626 1911 783 1948 Erzaͤhlung
803 1911 830 1939 in
844 1910 891 1938 der
906 1910 1058 1943 Geſchichte

229 1957 312 1990 ſeyn?
332 1973 366 1980 —
384 1955 456 1987 Was
470 1954 542 1990 muß
542 1958 609 1988 man
622 1958 649 1978 in
664 1952 801 1985 derſelben
815 1949 943 1980 waͤhlen?

158 1992 231 2020 XVI.
249 1989 319 2023 Eine
333 1986 417 2021 ſolche
430 1989 571 2019 Kenntniß
585 1989 630 2011 der
641 1987 793 2012 Geſchichte
808 1985 835 2008 iſt
850 1985 924 2008 ſchon
942 1975 1057 2008 ziemlich

229 2029 390 2061 brauchbar;
410 2028 475 2059 aber
489 2025 557 2058 kann
572 2029 633 2055 man
647 2023 717 2058 nicht
732 2021 794 2055 noch
810 2024 902 2051 weiter
919 2025 946 2048 in
962 2017 1059 2052 derſel⸗

230 2066 281 2096 ben
296 2064 404 2099 gehen?
