1536 2317
446 311 515 354 334

796 313 860 357 Die
860 313 905 357 I.
905 313 1038 357 Epiſtel

1176 321 1250 365 Cap.
1250 321 1328 365 7.8.

452 367 507 403 wie
533 375 562 403 er
577 370 638 404 dem
658 371 770 409 HErrn
785 370 893 409 gefalle.

559 415 703 452 *1Tim.
721 424 745 452 5,
763 423 787 450 5.

493 459 526 487 33
552 451 625 486 Wer
635 451 702 486 aber
722 453 821 491 freyet,
845 453 894 485 der

451 486 550 526 ſorget,
562 491 625 521 was
634 488 677 523 die
691 489 757 521 welt
771 488 894 525 angehoͤ⸗

451 536 505 568 ret,
531 531 585 565 wie
607 542 637 567 er
660 535 721 565 dem
743 534 828 567 weibe
851 540 894 571 ge⸗

452 576 528 607 falle.
551 579 594 609 Es
611 575 640 611 iſt
667 583 712 609 ein
726 576 894 614 unterſcheid

449 613 578 650 zwiſchen
608 612 697 646 einem
721 612 805 648 weibe
836 616 893 649 und

451 652 529 687 einer
541 653 721 691 jungfrauen.

492 705 530 728 34
557 697 668 733 Welche
696 696 769 735 nicht
794 697 893 736 freyet,

449 731 494 766 die
511 730 609 772 ſorget,
625 732 687 764 was
700 733 761 765 dem
781 733 893 770 HErrn

449 775 613 813 angehoͤret,
627 778 681 815 daß
694 776 727 816 ſie
742 776 826 817 heilig
841 777 893 816 ſey,

449 814 535 854 beyde
550 821 597 847 am
612 814 680 849 leibe
694 817 752 848 und
767 814 834 853 auch
846 822 892 847 am

449 857 545 892 geiſte:
567 859 611 890 die
644 856 711 890 aber
723 857 823 895 freyet,
849 855 893 890 die

448 887 555 932 ſorget,
576 894 640 926 was
660 895 704 928 die
724 894 790 927 welt
809 900 893 932 ange⸗

447 936 540 975 hoͤret,
554 936 606 972 wie
615 935 648 977 ſie
657 939 718 973 dem
733 944 836 974 manne
849 944 892 977 ge⸗

446 980 523 1013 falle.

490 1029 528 1055 35
550 1022 675 1058 Solches
686 1021 754 1056 aber
768 1020 830 1061 ſage
853 1020 891 1064 ich

448 1064 480 1093 zu
491 1066 585 1094 eurem
602 1064 675 1098 nutz;
698 1059 769 1099 nicht
784 1062 839 1099 daß
853 1060 891 1094 ich

449 1097 513 1133 euch
528 1099 608 1132 einen
621 1099 694 1135 ſtrick
705 1107 743 1132 an
756 1102 810 1132 den
824 1099 890 1135 hals

447 1137 543 1172 werfe,
564 1136 680 1174 ſondern
695 1139 774 1174 dazu,
789 1137 843 1174 daß
861 1138 891 1169 es

446 1174 505 1212 fein
517 1175 554 1212 iſt,
573 1179 629 1210 und
642 1177 686 1213 ihr
700 1178 765 1214 ſtets
788 1178 832 1211 und
848 1184 891 1210 un⸗

447 1218 612 1252 verhindert
628 1221 689 1253 dem
703 1220 816 1258 HErrn
836 1218 892 1254 die⸗

447 1263 502 1290 nen
517 1257 627 1291 koͤnnet.

488 1298 525 1329 36
549 1297 601 1331 So
621 1294 688 1330 aber
706 1294 818 1330 iemand
841 1294 890 1335 ſich

446 1329 525 1373 laͤſſet
550 1332 677 1371 duͤncken,
700 1335 729 1366 es
751 1335 832 1367 wolle
842 1332 891 1372 ſich

447 1375 519 1410 nicht
532 1377 639 1414 ſchicken
652 1377 704 1412 mit
716 1377 801 1416 ſeiner
810 1378 892 1415 jung⸗

445 1416 559 1453 frauen,
597 1417 661 1452 weil
688 1416 722 1456 ſie
746 1418 813 1451 eben
835 1418 891 1451 wol

447 1456 590 1491 mannbar
620 1456 664 1492 iſt;
700 1458 758 1490 und
778 1459 809 1490 es
832 1457 890 1490 will

446 1496 520 1530 nicht
537 1498 641 1530 anders
667 1496 753 1534 ſeyn:
775 1496 801 1533 ſo
824 1496 892 1533 thue

447 1542 488 1571 er,
503 1539 566 1569 was
581 1544 611 1569 er
625 1535 702 1572 will;
725 1545 755 1570 er
766 1535 893 1576 ſuͤndiget

446 1575 530 1612 nicht,
544 1585 574 1607 er
587 1577 651 1614 laſſe
659 1576 695 1614 ſie
704 1578 812 1615 freyen.

488 1624 524 1654 37
548 1615 645 1652 Wenn
663 1614 738 1650 einer
753 1614 820 1650 aber
835 1614 892 1655 ihm

446 1658 516 1694 veſte
527 1657 662 1697 vornimt,
684 1656 750 1692 weil
766 1665 796 1693 er
809 1664 893 1697 unge⸗

446 1705 582 1734 zwungen
593 1699 623 1735 iſt
642 1703 701 1734 und
714 1699 803 1737 ſeinen
817 1699 893 1738 frey⸗

447 1746 482 1772 en
493 1739 586 1774 willen
597 1740 663 1778 hat;
677 1743 736 1775 und
744 1739 893 1780 beſchleußt

447 1778 548 1816 ſolches
566 1780 595 1814 in
606 1779 704 1818 ſeinem
719 1779 832 1821 hertzen,
847 1778 893 1818 ſei⸗

447 1828 483 1850 ne
503 1822 642 1859 jungfrau
663 1824 721 1860 alſo
741 1822 848 1859 bleiben
860 1830 893 1861 zu

448 1860 550 1899 laſſen:
572 1863 622 1895 der
636 1861 702 1899 thut
719 1861 806 1901 wohl.

489 1910 524 1936 38
548 1902 674 1940 Endlich,
697 1903 810 1941 welcher
831 1909 893 1937 ver⸗

447 1935 607 1975 heirathet,
643 1938 693 1970 der
717 1937 783 1974 thut
800 1936 894 1974 wohl:

449 1982 564 2017 welcher
590 1980 656 2016 aber
686 1982 760 2020 nicht
787 1980 894 2022 verhei⸗

448 2021 555 2057 rathet,
570 2022 619 2055 der
635 2022 702 2058 thut
721 2022 813 2059 beſſer.

489 2071 529 2101 39
550 2063 609 2101 Ein
619 2054 729 2101 *weib
744 2058 775 2101 iſt
791 2063 895 2101 gebun⸗

935 379 988 411 den
999 386 1037 412 an
1052 379 1105 412 das
1116 377 1202 427 geſetz,
1216 377 1242 418 ſo
1254 380 1319 420 lang
1332 378 1378 418 ihr

936 426 1022 455 mann
1052 417 1138 457 lebet:
1173 428 1200 455 ſo
1233 418 1308 456 aber
1332 421 1378 461 ihr

934 470 1021 495 mann
1035 460 1197 502 entſchlaͤfft,
1218 465 1249 503 iſt
1265 464 1300 503 ſie
1314 466 1377 502 frey

934 497 981 537 ſich
992 507 1023 536 zu
1033 498 1241 538 verheirathen,
1250 499 1376 534 welchem

934 537 968 573 ſie
980 540 1056 575 will;
1078 539 1171 577 allein,
1195 539 1282 579 †daß
1304 542 1333 574 es
1348 545 1378 574 in

934 586 995 611 dem
1012 585 1125 618 HErrn
1144 583 1276 621 geſchehe.

932 620 1123 660 *Roͤm.7,2.
1145 621 1277 660 †1Tim.
1290 631 1319 661 2,
1331 630 1375 660 15.

973 672 1011 698 40
1034 662 1154 700 Seliger
1165 663 1194 703 iſt
1202 662 1236 702 ſie
1245 664 1320 703 aber,
1330 669 1376 699 wo

934 697 968 738 ſie
984 700 1041 741 alſo
1058 700 1166 736 bleibet,
1183 701 1250 738 nach
1271 700 1376 734 meiner

934 745 1078 782 meinung.
1110 740 1167 786 Jch
1194 746 1272 782 halte
1300 745 1376 782 aber,

934 785 972 818 ich
1002 786 1074 819 habe
1112 786 1181 825 auch
1211 788 1265 821 den
1297 784 1377 826 Geiſt

934 827 1069 856 GOttes.

999 884 1090 923 Das
1097 878 1121 923 8
1157 882 1301 928 Capitel.

970 932 1056 967 Vom
1089 927 1281 970 goͤtzenopfer
1314 935 1378 964 und

931 975 1081 1013 gebrauch
1099 969 1276 1013 chriſtlicher
1300 977 1379 1019 frey⸗

930 1015 994 1054 heit
1017 1017 1079 1054 ohn
1093 1012 1250 1056 aͤrgerniß.

934 1080 945 1100 1
968 1067 1036 1121 V

1036 1067 1094 1103 On
1117 1066 1180 1098 dem
1204 1061 1376 1105 goͤtzenopfer

1054 1098 1122 1128 aber
1121 1098 1212 1134 wiſſen
1231 1101 1294 1134 wir,
1302 1104 1376 1124 denn

933 1138 987 1172 wir
1012 1138 1104 1177 haben
1124 1140 1177 1172 alle
1198 1140 1251 1172 das
1274 1140 1378 1180 wiſſen.

932 1184 1003 1216 Das
1031 1181 1136 1220 wiſſen
1161 1180 1253 1220 blaͤſet
1273 1183 1376 1221 *auf,

931 1220 1001 1255 aber
1003 1216 1050 1256 die
1064 1220 1139 1255 liebe
1150 1222 1267 1261 beſſert.
1282 1222 1315 1256 *c.
1322 1229 1379 1261 5,2.

974 1276 989 1295 2
1019 1265 1072 1299 So
1096 1264 1163 1300 aber
1189 1265 1238 1304 ſich
1263 1265 1376 1300 iemand

932 1301 1051 1339 duͤncken
1061 1299 1145 1342 laͤſſet,
1154 1312 1184 1339 er
1191 1304 1264 1344 wiſſe
1273 1306 1379 1339 etwas:

932 1346 981 1378 der
995 1342 1065 1380 weiß
1079 1343 1145 1383 noch
1161 1343 1260 1382 nichts,
1276 1343 1329 1378 wie
1347 1350 1377 1379 er

932 1386 1025 1421 wiſſen
1041 1387 1097 1419 ſoll.

977 1432 989 1459 3
1015 1422 1068 1456 So
1082 1420 1149 1455 aber
1163 1421 1273 1457 iemand
1284 1423 1379 1459 GOtt

933 1460 1022 1499 liebet,
1062 1460 1209 1502 derſelbige
1230 1461 1261 1498 iſt
1294 1463 1377 1497 *von

931 1502 991 1541 ihm
1004 1501 1113 1537 erkant.
1193 1501 1335 1539 *Gal.4,
1348 1510 1377 1540 9.

971 1550 991 1577 4
1013 1541 1066 1574 So
1074 1541 1168 1579 wiſſen
1181 1540 1236 1574 wir
1246 1547 1305 1575 nun
1320 1547 1377 1574 von

932 1580 981 1613 der
1002 1578 1081 1617 ſpeiſe
1105 1580 1155 1612 des
1177 1575 1376 1623 goͤtzenopfers,

932 1616 1016 1658 daß*
1028 1620 1073 1655 ein
1088 1617 1158 1660 goͤtze
1174 1616 1262 1659 nichts
1283 1630 1311 1657 in
1326 1624 1376 1656 der

933 1661 1000 1695 welt
1015 1659 1067 1700 ſey,
1080 1664 1139 1697 und
1153 1661 1208 1701 daß
1218 1660 1277 1696 kein
1288 1663 1378 1698 ander

934 1707 1026 1740 GOtt
1038 1705 1080 1745 ſey
1092 1707 1193 1744 †ohne
1201 1709 1250 1741 der
1258 1704 1357 1747 einige.

932 1749 984 1782 *c.
1001 1755 1046 1782 10,
1062 1753 1107 1784 19.
1149 1747 1173 1785 †
1189 1756 1202 1777 1
1217 1746 1336 1784 Tim.2,
1353 1754 1379 1782 5.

977 1798 992 1823 5
1014 1789 1078 1822 Und
1087 1786 1200 1823 wiewol
1207 1791 1237 1823 es
1251 1787 1319 1828 ſind,
1332 1788 1378 1823 die

933 1818 1027 1869 goͤtter
1041 1826 1177 1860 genennet
1197 1824 1320 1862 werden,
1345 1825 1377 1858 es

935 1874 979 1904 ſey
1002 1865 1041 1900 im
1055 1866 1169 1904 himmel
1191 1869 1259 1900 oder
1272 1868 1327 1907 auf
1338 1875 1380 1902 er⸗

932 1910 1001 1942 den;
1036 1907 1165 1942 ſintemal
1186 1909 1216 1941 es
1242 1906 1302 1946 ſind
1323 1907 1380 1946 viel

932 1945 1026 1987 goͤtter
1037 1949 1096 1975 und
1110 1946 1165 1981 viel
1178 1947 1295 1984 herren:

972 1989 992 2018 6
1014 1987 1067 2021 So
1081 1985 1200 2021 *haben
1219 1987 1287 2021 wir
1310 1985 1377 2025 doch

933 2033 990 2059 nur
996 2026 1263 2065 EinenGOtt,
1213 2022 1261 2064 den
1271 2028 1380 2064 Vater,

928 2071 991 2102 von
1014 2061 1034 2108 †
1073 2066 1201 2106 welchem
1220 2067 1274 2102 alle
1294 2065 1379 2104 dinge

1316 2110 1379 2144 ſind
