2480 3416
165 494 224 524 (2.)

168 530 251 558 Wohl

166 574 227 599 ge⸗

165 603 196 634 en
210 603 254 637 de⸗

163 640 203 669 er/

167 676 235 707 elche

169 709 228 737 icht

167 744 252 772 ndere

167 769 243 812 oͤtter

167 815 243 854 hren.

166 1092 229 1122 (3.)

163 1128 230 1157 Ver⸗

167 1163 222 1192 rei⸗

165 1194 223 1229 ung

166 1233 220 1259 erer

164 1267 243 1292 Eana⸗

165 1298 232 1333 iter.

271 385 424 435 Hethiter,
435 384 632 436 Phereſiter,
641 384 846 434 Cananiter,
856 378 998 438 Heviter

270 449 327 485 und
338 445 521 493 Jebuſiter,
531 447 594 486 und
605 446 653 492 ich
664 447 705 492 ſie
717 447 870 493 vertilge,

315 505 374 541 24.
392 492 450 536 So
460 496 517 537 ſolt
533 498 575 535 du
587 495 657 541 ihre
669 493 777 542 goͤtter
793 493 882 541 nicht
898 497 1001 540 anbe⸗

270 542 339 590 then,
370 540 447 589 noch
455 543 547 589 ihnen
555 541 688 591 dienen,
708 543 776 583 und
793 544 882 593 nicht
900 541 1001 592 thun,

270 598 325 635 wie
335 597 376 642 ſie
393 594 487 641 thun,
505 595 639 639 ſondern
656 597 701 635 du
721 596 782 641 ſolt
801 597 871 646 ihre
887 595 999 657 goͤtzen

269 641 428 689 umreiſſen
443 642 505 681 und
514 640 710 691 zerbrechen.

313 702 372 738 25.
396 690 480 733 Aber
494 693 568 734 dem
582 690 715 741 HErrn
735 701 848 736 eurem
858 695 1000 740 GOTT

269 741 329 790 ſolt
333 731 382 788 ihr
396 735 520 787 dienen,
545 744 671 784 (Matth.
686 752 714 778 6.
736 747 795 786 33.)
821 744 853 789 ſo
865 745 948 785 wird
958 742 999 796 er

268 793 334 831 dein
350 792 420 831 brot
437 793 501 831 und
516 792 590 832 dein
605 792 722 839 waſſer
746 791 872 840 ſegnen.
919 794 992 836 Und

269 842 312 891 ich
321 843 374 883 wil
383 840 443 883 alle
456 841 637 889 kranckheit
653 854 720 883 von
737 844 791 885 dir
800 846 945 893 wenden,

312 893 368 926 26.
394 888 463 929 Und
473 888 518 934 ſol
529 887 638 936 nichts
654 883 903 938 untraͤchtiges,
915 886 995 936 noch

268 929 506 986 unfruchtbares
540 930 617 986 ſeyn
659 937 767 980 [unter
793 945 919 978 meunſchen
943 947 992 972 und

267 991 341 1034 vieh]
359 990 393 1029 in
407 989 534 1030 deinem
550 989 668 1035 lande,
684 995 825 1034 (Deut.7.
835 995 902 1036 14.)
926 994 994 1032 und

267 1042 320 1083 wil
335 1040 402 1087 dich
411 1042 508 1087 laſſen
519 1042 569 1083 alt
584 1045 727 1083 werden.

309 1100 357 1136 27.
392 1089 457 1136 Jch
468 1089 527 1129 wil
536 1090 625 1130 mein
638 1090 794 1138 ſchrecken
803 1102 866 1132 vor
874 1092 927 1132 dir
935 1093 993 1139 her

266 1138 387 1183 ſenden,
402 1140 468 1179 und
486 1139 573 1180 alles
589 1140 679 1181 volck
691 1144 831 1187 verzagt
844 1141 992 1188 machen,

266 1190 355 1235 dahin
374 1192 416 1229 du
426 1189 580 1237 koͤmmſt,
600 1194 667 1231 und
685 1193 745 1232 wil
760 1192 813 1233 dir
821 1193 921 1241 geben
929 1192 993 1233 alle

266 1240 348 1280 deine
364 1239 466 1283 feinde
478 1242 512 1280 in
523 1241 576 1280 die
597 1239 706 1289 flucht.

301 1291 357 1328 28.
383 1285 451 1334 Jch
462 1287 521 1327 wil
538 1286 681 1335 horniſſe
700 1297 763 1329 vor
780 1289 833 1328 dir
849 1288 908 1336 her
926 1289 993 1335 ſen⸗

265 1342 326 1380 den,
335 1339 430 1378 (Deut.
440 1353 463 1379 7.
475 1341 533 1377 20.)
549 1337 600 1376 die
610 1346 672 1378 vor
689 1338 743 1377 dir
751 1336 877 1384 heraus
894 1337 994 1386 jagen

265 1387 305 1429 die
312 1387 459 1437 Heviter,
474 1388 662 1430 Cananiter
678 1390 744 1430 und
755 1389 918 1438 Hethiter.

302 1444 372 1479 29.
385 1430 453 1481 Jch
463 1435 523 1475 wil
531 1433 574 1483 ſie
592 1435 680 1481 nicht
688 1434 753 1482 auf
764 1436 817 1475 ein
828 1435 905 1484 jahr
914 1436 994 1477 aus⸗

264 1483 364 1531 ſtoſſen
375 1494 437 1525 vor
444 1486 509 1532 dir,
518 1484 583 1531 auf
587 1486 656 1531 daß
670 1478 752 1534 nicht
773 1486 825 1526 das
834 1487 915 1527 land
922 1484 994 1527 wuͤ⸗

265 1535 297 1576 ſte
307 1537 423 1583 werde,
434 1538 500 1577 und
510 1536 572 1585 ſich
582 1538 679 1578 wilde
689 1538 793 1587 thiere
810 1539 914 1579 wider
922 1539 994 1587 dich

264 1584 397 1632 mehren.

304 1640 362 1674 30.
389 1629 553 1678 Eintzelen
567 1629 650 1678 nach
656 1632 813 1673 einander
821 1634 882 1674 wil
894 1633 943 1682 ich
950 1634 995 1682 ſie

264 1690 317 1719 vor
325 1682 378 1720 dir
389 1681 447 1727 her
455 1681 652 1730 ausſtoſſen,
672 1683 727 1722 bis
747 1682 814 1730 daß
831 1675 876 1725 du
887 1680 994 1733 waͤch⸗

263 1733 320 1779 ſeſt,
334 1736 400 1773 und
408 1734 474 1774 das
482 1735 560 1775 land
569 1734 712 1783 beſitzeſt.

302 1789 359 1825 31.
383 1779 456 1820 Und
472 1775 537 1822 wil
549 1781 640 1820 deine
656 1775 785 1828 graͤntze
801 1780 911 1829 ſetzen,
929 1782 994 1822 das

263 1827 477 1875 ſchilff⸗meer,
487 1830 555 1868 und
565 1830 629 1871 das
638 1828 918 1879 Philiſter⸗meer,
927 1832 994 1869 und

262 1881 305 1920 die
313 1877 411 1927 wuͤſte
421 1880 475 1921 bis
485 1891 529 1922 an
538 1881 603 1922 das
612 1884 738 1929 waſſer.
762 1881 869 1922 Denn
879 1883 927 1930 ich
936 1878 993 1924 wil

262 1927 304 1967 dir
313 1929 347 1968 in
363 1928 454 1970 deine
465 1930 572 1976 hand
594 1931 666 1972 [und
688 1931 805 1974 gewalt]
824 1930 933 1978 geben,
944 1932 993 1970 die

261 1977 440 2027 einwohner
447 1981 508 2020 des
518 1981 659 2021 landes,
662 1981 730 2029 daß
737 1982 782 2021 du
790 1982 833 2029 ſie
844 1982 904 2028 ſolt
913 1982 994 2023 aus⸗

262 2024 365 2072 ſtoſſen
376 2035 439 2066 vor
447 2027 500 2066 dir
510 2026 577 2073 her.
606 2032 707 2067 (Num.
718 2040 761 2068 34.
772 2027 813 2064 2.)

303 2083 365 2118 32.
390 2072 455 2115 Du
467 2075 527 2120 ſolt
541 2075 606 2114 mit
614 2074 712 2122 ihnen,
740 2076 817 2115 oder
827 2076 890 2115 mit
900 2074 992 2123 ihren

260 2118 401 2171 goͤttern,
410 2122 520 2164 keinen
537 2123 624 2164 bund
633 2121 779 2172 machen.
791 2129 889 2166 (Exod.
900 2137 945 2165 34.
957 2139 982 2157 12.

261 2180 334 2211 Deut.
355 2191 379 2217 7.
387 2176 432 2214 2.)

303 2232 359 2270 33.
386 2223 551 2266 Sondern
569 2225 628 2273 laß
644 2226 687 2273 ſie
696 2226 783 2273 nicht
796 2227 934 2273 wohnen
955 2228 989 2266 in

260 2270 377 2310 deinem
393 2271 510 2318 lande,
525 2272 593 2319 daß
608 2273 652 2321 ſie
667 2272 739 2320 dich
755 2273 844 2320 nicht
858 2270 998 2320 verfuͤh⸗

260 2322 310 2352 ren
327 2316 429 2355 wider
449 2316 552 2364 mich,
576 2317 660 2356 denn
677 2326 730 2356 wo
747 2317 791 2355 du
807 2317 901 2362 ihren
919 2309 996 2366 goͤt-

260 2378 325 2407 tern
342 2369 475 2419 dieneſt,
496 2373 581 2412 wird
608 2372 682 2412 dirs
699 2381 788 2418 zum
805 2371 996 2422 ärgerniß

260 2411 328 2452 [Ebr.
345 2425 398 2450 zum
406 2418 492 2451 ſtrick,
511 2420 556 2453 daß
576 2423 608 2447 du
627 2426 655 2448 in
670 2417 744 2452 ſuͤnde
762 2420 844 2456 falleſt
861 2424 910 2450 und
930 2412 995 2451 ver⸗

259 2463 377 2506 derbeſt,]
395 2461 560 2508 gerathen.
581 2467 677 2504 (Deut.
688 2480 712 2505 7.
723 2471 762 2498 16.
772 2470 892 2505 Judic.2.
902 2457 994 2513 3.)

454 2555 544 2594 Das
555 2563 615 2595 24.
627 2553 795 2599 Capitel.

288 2595 393 2633 Moſes
420 2596 442 2625 I.
456 2595 595 2633 nachdem
617 2602 650 2629 er
676 2593 770 2637 befehl
799 2595 984 2635 empfangen/

259 2633 305 2673 daß
321 2637 417 2670 Aaron
434 2640 492 2671 und
510 2638 581 2678 ſeine
599 2634 698 2678 ſoͤhne,
717 2638 792 2678 ſamt
807 2640 896 2673 denen
913 2638 1001 2675 aͤlte⸗

259 2671 334 2715 ſten/
346 2673 432 2713 ſollen
441 2673 497 2708 mit
511 2674 563 2713 auf
577 2675 630 2707 den
647 2676 713 2714 berg
731 2669 855 2714 ſteigen/
859 2670 992 2715 koͤmmet

258 2715 352 2752 wieder
361 2724 425 2756 zum
433 2719 538 2754 volcke/
541 2719 598 2755 und
606 2721 728 2760 erzehlet
736 2718 823 2755 ihnen
832 2721 887 2755 alle
896 2724 986 2754 worte

258 2756 387 2792 GOttes.
406 2769 428 2789 1.
469 2761 505 2791 lI.
518 2758 677 2798 Schreibet
693 2766 726 2793 er
744 2759 828 2798 ſolche
849 2762 939 2792 worte
955 2768 985 2792 m

258 2793 299 2826 ein
308 2795 397 2833 buch
399 2796 413 2834 /
413 2797 473 2830 und
490 2796 601 2833 machet
617 2792 739 2833 daruͤber
755 2798 810 2831 mit
825 2801 887 2832 dem
897 2797 984 2833 volcke

258 2833 333 2870 einen
348 2836 456 2874 bund/
476 2837 646 2875 vermittelſt
662 2842 712 2873 des
735 2838 832 2872 blutes
856 2846 911 2871 von
927 2842 998 2872 den

258 2874 353 2912 opffern
373 2885 399 2913 4.
421 2878 466 2906 lII.
481 2874 604 2914 Steiget
620 2883 651 2909 er
668 2877 724 2910 mit
735 2876 833 2911 Aaron
852 2879 911 2910 und
928 2878 998 2909 den

257 2905 364 2944 aͤlteſten
373 2911 428 2950 auf
438 2911 494 2943 den
505 2913 593 2952 berg/
600 2912 684 2944 allwo
694 2911 731 2948 ſie
747 2911 794 2946 die
807 2905 998 2955 herrlichkeit

257 2945 364 2994 GOttes
381 2963 474 2988 ſehen.
474 2963 513 2989 9.
548 2955 600 2982 IV.
621 2951 756 2996 Hernach
775 2954 856 2992 gehet
876 2960 905 2985 er
925 2948 996 2988 mit

1022 388 1102 439 Joſua
1116 389 1210 436 allein
1219 400 1273 440 auf
1285 403 1330 433 den
1341 392 1435 443 berg/
1447 402 1499 433 das
1510 400 1585 442 geſetz
1597 403 1653 436 und
1662 403 1703 436 die
1712 407 1755 442 ge⸗

1022 444 1105 483 bothe
1116 443 1242 478 GOttes
1259 450 1292 482 zu
1308 442 1481 482 empfangen
1505 453 1545 476 12.

1028 498 1054 533 1.
1054 492 1128 583 U

1130 496 1186 536 Nd
1203 510 1240 543 zu
1248 499 1345 538 Moſe
1363 500 1474 546 ſprach
1491 511 1544 541 er:
1570 502 1676 549 Steig
1686 504 1760 550 her⸗

1128 543 1202 585 auf
1215 554 1287 591 zum
1306 543 1461 585 HErrn,
1486 548 1529 585 du
1557 550 1620 585 und
1632 547 1754 585 Aaron,

1022 590 1159 635 Nadab,
1172 592 1237 630 und
1246 590 1384 638 Abihu,
1386 594 1453 632 und
1474 592 1524 633 die
1539 592 1698 642 ſiebentzig
1709 592 1755 632 aͤl⸗

1019 643 1118 692 teſten
1125 642 1260 689 Jſrael,
1271 647 1336 683 und
1347 645 1453 692 bethet
1463 656 1506 684 an
1525 656 1589 686 von
1607 648 1705 693 ferne.

1071 710 1102 733 2.
1129 696 1217 736 Aber
1236 697 1333 737 Moſe
1358 697 1459 736 allein
1489 698 1570 744 nahe
1606 698 1666 745 fich
1684 707 1750 746 zum

1018 741 1165 788 HErrn,
1184 743 1249 780 und
1260 741 1317 789 laß
1326 741 1396 789 jene
1408 743 1468 790 ſich
1486 743 1570 791 nicht
1588 744 1681 791 herzu
1698 754 1751 784 na⸗

1018 793 1098 840 hen,
1108 794 1174 832 und
1182 795 1248 834 das
1258 794 1346 836 volck
1364 795 1491 835 komme
1507 794 1588 844 auch
1599 797 1685 843 nicht
1693 799 1752 837 mit

1020 842 1087 888 ihm
1103 842 1230 886 herauf.

1072 907 1102 936 3.
1130 893 1224 937 Moſe
1235 893 1309 933 kam,
1341 894 1406 933 und
1417 893 1569 943 erzehlete
1586 897 1658 934 dem
1669 896 1754 935 volck

1020 935 1083 975 alle
1092 942 1195 977 worte
1203 938 1262 976 des
1271 937 1410 985 HErrn,
1421 940 1486 977 und
1498 938 1561 977 alle
1575 938 1694 984 rechte.
1697 937 1758 992 Da

1019 992 1216 1026 antwortete
1233 982 1315 1027 alles
1325 989 1413 1029 volck
1433 989 1496 1029 mit
1512 992 1601 1029 einer
1617 990 1752 1039 ſtimme,

1021 1043 1086 1080 und
1098 1042 1265 1088 ſprachen:
1284 1042 1354 1083 Alle
1364 1050 1478 1089 worte,
1488 1046 1537 1084 die
1549 1047 1604 1085 der
1613 1046 1753 1095 HERR

1020 1085 1131 1133 geſagt
1141 1086 1209 1134 hat,
1225 1088 1340 1127 wollen
1352 1091 1415 1128 wir
1429 1090 1522 1136 thun.
1534 1092 1707 1132 (Exod.19.8.)

1065 1148 1100 1184 4.
1123 1138 1187 1179 Da
1210 1140 1326 1189 ſchrieb
1345 1141 1440 1187 Moſe
1466 1140 1517 1188 [in
1538 1157 1576 1178 ein
1594 1144 1674 1185 buch]
1690 1141 1753 1180 alle

1021 1190 1150 1223 worte
1164 1185 1220 1228 [der
1239 1195 1277 1221 itzt
1294 1192 1414 1225 erzehlten
1433 1192 1548 1227 gebothe,
1561 1195 1683 1227 ſatzungen
1702 1197 1750 1220 und

1021 1239 1123 1283 rechte]
1141 1238 1200 1277 des
1215 1239 1360 1285 HErrn,
1385 1241 1450 1278 und
1470 1240 1596 1287 machte
1614 1242 1674 1289 ſich
1692 1244 1750 1281 des

1021 1284 1180 1330 morgens
1195 1283 1289 1332 fruͤhe
1308 1286 1383 1333 auf,
1394 1288 1459 1325 und
1469 1288 1580 1326 bauete
1591 1289 1683 1326 einen
1703 1293 1750 1326 al⸗

1020 1340 1075 1375 tar
1084 1341 1185 1375 unten
1194 1347 1251 1374 am
1260 1333 1354 1385 berge,
1372 1334 1426 1379 mit
1438 1339 1551 1386 zwoͤlff
1561 1341 1667 1386 ſeulen,
1687 1340 1750 1386 nach

1020 1385 1081 1425 den
1100 1385 1213 1434 zwolff
1226 1384 1384 1434 ſtaͤmmen
1400 1388 1525 1434 Jſrael.

1074 1442 1105 1478 5.
1132 1432 1204 1472 Und
1218 1432 1324 1479 ſandte
1336 1431 1392 1479 hin
1402 1433 1637 1481 jünglinge,[
1648 1446 1683 1472 die
1695 1446 1756 1479 erſt⸗

1021 1472 1193 1511 gebohrnen/
1205 1477 1295 1508 welche
1313 1476 1364 1504 das
1378 1478 1552 1510 prieſter⸗amt
1568 1480 1754 1515 verwalteten/

1022 1518 1065 1550 ehe
1077 1519 1117 1546 die
1126 1518 1230 1549 Leviten
1240 1519 1304 1551 dazu
1314 1518 1486 1552 abſonderlich
1496 1521 1605 1553 beſtellet
1616 1517 1753 1554 wurden/]

1023 1553 1089 1592 aus
1107 1555 1167 1593 den
1192 1553 1323 1594 kindern
1342 1555 1475 1603 Jſtael,
1493 1555 1560 1601 daß
1576 1558 1617 1605 ſie
1633 1558 1751 1596 brand⸗

1021 1604 1128 1651 opffer
1142 1604 1247 1647 drauf
1259 1605 1438 1653 opfferten,
1467 1607 1533 1645 und
1550 1606 1748 1655 danckopffer

1019 1656 1092 1695 dem
1103 1654 1280 1700 HERRN
1300 1665 1364 1695 von
1374 1657 1496 1701 farren.

1068 1717 1102 1753 6.
1131 1715 1204 1754 Und
1229 1715 1325 1760 Moſe
1352 1715 1452 1761 nahm
1476 1715 1526 1755 die
1558 1716 1668 1760 helffte
1693 1719 1752 1757 des

1022 1761 1132 1800 bluts
1148 1760 1220 1802 [von
1231 1770 1282 1794 dem
1293 1768 1378 1798 viehe,
1390 1770 1433 1795 das
1453 1774 1506 1797 zum
1527 1770 1606 1802 opffer
1627 1769 1750 1804 geſchlach⸗

1018 1819 1056 1843 tet
1064 1809 1152 1851 war,]
1162 1809 1227 1848 und
1243 1805 1338 1856 thaͤts
1345 1811 1380 1849 in
1389 1812 1440 1849 ein
1451 1810 1560 1850 becken,
1589 1812 1639 1849 die
1656 1812 1751 1851 ande⸗

1018 1870 1053 1900 re
1061 1860 1172 1909 helffte
1183 1861 1345 1909 ſprengete
1364 1870 1399 1900 er
1413 1861 1477 1906 auf
1490 1863 1549 1900 den
1559 1864 1658 1901 altar.

1064 1926 1100 1963 7.
1124 1915 1198 1954 Und
1223 1915 1325 1962 nahm
1352 1916 1417 1955 das
1442 1916 1521 1963 buch
1539 1918 1599 1957 des
1614 1917 1749 1963 bundes,

1017 1969 1105 2009 (v.4.)
1113 1968 1178 2006 und
1187 1967 1251 2012 laſe
1260 1968 1298 2007 es
1309 1976 1370 2007 vor
1379 1970 1439 2007 den
1454 1968 1555 2012 ohren
1563 1970 1621 2009 des
1631 1970 1752 2011 volcks:

1016 2021 1088 2058 Und
1118 2020 1162 2057 da
1178 2018 1220 2064 ſie
1239 2018 1409 2067 ſprachen:
1453 2020 1564 2066 Alles,
1592 2021 1667 2060 was
1694 2024 1749 2060 der

1016 2065 1121 2115 HErr
1140 2065 1252 2112 geſagt
1267 2066 1346 2115 hat,
1370 2066 1488 2107 wollen
1504 2068 1568 2108 wir
1581 2070 1665 2116 thun
1683 2071 1749 2108 und

1015 2113 1210 2163 gehorchen,
1228 2119 1321 2158 (Exod.
1333 2132 1371 2157 19.
1384 2131 1405 2150 8.
1423 2124 1484 2153 Tob.
1497 2136 1515 2152 5.
1529 2121 1561 2156 1.)

1066 2168 1098 2204 8.
1127 2160 1191 2202 Da
1205 2163 1305 2207 nahm
1316 2163 1410 2208 Moſe
1419 2165 1482 2202 das
1494 2163 1579 2208 blut,
1606 2165 1622 2207 [
1630 2174 1675 2201 aus
1695 2175 1745 2199 dem

1015 2211 1134 2254 becken,]
1152 2213 1219 2250 und
1245 2211 1408 2261 ſprengete
1428 2214 1492 2252 das
1519 2215 1604 2253 volck
1631 2215 1746 2260 damit,

1013 2264 1079 2301 und
1087 2260 1211 2311 ſprach:
1233 2257 1342 2314 Sehet,
1357 2267 1412 2301 das
1429 2265 1473 2311 iſt
1483 2265 1567 2302 blut
1574 2266 1642 2302 des
1651 2267 1746 2302 bun⸗

1015 2313 1099 2346 des,
1120 2308 1211 2346 [durch
1233 2310 1333 2339 welches
1361 2314 1400 2338 der
1424 2311 1486 2338 bund
1506 2309 1631 2344 beſtaͤtiget
1650 2305 1745 2347 wird,]

1012 2359 1073 2396 den
1084 2360 1141 2397 der
1151 2356 1257 2405 HErr
1268 2363 1330 2395 mit
1339 2356 1414 2403 euch
1430 2358 1555 2406 macht,
1569 2354 1648 2397 uͤber
1657 2358 1745 2399 allen

1009 2410 1113 2456 dieſen
1131 2414 1267 2448 worten.
1285 2414 1358 2450 (Ebr.
1370 2427 1397 2450 9.
1410 2412 1468 2448 20.)

1063 2470 1095 2503 9.
1124 2458 1189 2498 Da
1207 2459 1324 2507 ſtiegen
1334 2459 1448 2504 Moſe,
1466 2459 1598 2504 Aaron,
1609 2459 1744 2502 Nadab,

1009 2508 1076 2546 und
1084 2506 1194 2552 Abihu,
1220 2509 1286 2544 und
1296 2507 1347 2546 die
1364 2507 1526 2553 ſiebentzig
1535 2504 1669 2556 aͤlteſten
1685 2510 1743 2555 Jſ⸗

1008 2560 1080 2599 rael
1098 2559 1227 2607 hinauf,

1058 2622 1116 2650 10.
1140 2613 1212 2651 Und
1224 2611 1319 2655 ſahen
1334 2613 1396 2653 den
1413 2613 1586 2658 GOTT
1596 2615 1739 2660 Jſrael.

1008 2660 1073 2690 [den
1083 2657 1171 2690 Sohn
1184 2658 1304 2690 GOttes
1313 2660 1365 2688 und
1378 2662 1481 2688 mittter
1498 2661 1545 2689 des
1553 2654 1676 2697 bundes/
1677 2662 1741 2692 Ebr.

1007 2709 1031 2731 9.
1043 2709 1072 2728 15.
1091 2709 1118 2726 in
1138 2700 1266 2728 ſichtbarer
1283 2703 1330 2727 und
1343 2700 1512 2729 menſchlicher
1520 2697 1650 2741 geſtalt.]
1675 2694 1740 2742 Un⸗

986 2740 1054 2779 ter
1064 2727 1169 2785 ſeinen
1179 2734 1279 2784 fuͤſſen
1287 2747 1363 2777 war
1371 2739 1417 2784 es,
1428 2737 1464 2788 wie
1493 2740 1544 2779 ein
1555 2739 1682 2786 ſchoͤner
1693 2742 1739 2785 ſa⸗

1004 2793 1098 2842 phir,
1125 2795 1189 2833 und
1206 2796 1269 2833 wie
1294 2795 1345 2833 die
1362 2795 1477 2844 geſtalt
1493 2796 1552 2835 des
1572 2797 1738 2844 himmels,

1005 2843 1121 2882 wenns
1138 2841 1207 2881 klar
1227 2841 1275 2889 iſt.
1296 2848 1367 2884 (Eſa.
1381 2853 1406 2878 6.
1419 2861 1437 2878 1.
1451 2851 1496 2882 Ez.
1501 2843 1523 2882 1.
1539 2847 1592 2882 26.)

1059 2900 1112 2924 11.
1139 2885 1213 2924 Und
1209 2885 1246 2934 er
1281 2886 1346 2934 ließ
1357 2889 1437 2932 ſeine
1454 2885 1541 2925 hand
1559 2888 1645 2933 nicht
1661 2884 1739 2927 uͤber

1003 2942 1157 2986 dieſelben
1173 2940 1317 2990 oberſten
1337 2954 1371 2981 in
1388 2942 1522 2990 Jſrael,
1543 2942 1615 2985 [und
1639 2952 1739 2981 erſchre⸗

1108 3014 1139 3050 G
1172 3029 1192 3050 2

1631 3022 1690 3052 ckete

1812 524 1833 541 I.

1776 551 1856 585 Moſe

1776 585 1854 619 erzeh⸗

1777 627 1809 650 let
1818 627 1871 652 dem

1777 656 1873 688 volcke/

1775 693 1820 724 daß
1835 690 1866 724 er

1779 725 1820 760 auf
1830 728 1872 757 den

1776 768 1835 795 berg

1776 798 1858 827 kom̃en

1781 835 1841 865 ſolle/

1803 1158 1838 1178 II.

1770 1181 1857 1214 ſchrei⸗

1770 1224 1811 1251 bet
1821 1226 1862 1252 die

1771 1260 1852 1285 worte

1772 1291 1816 1315 des

1777 1327 1869 1359 HErrn

1772 1364 1798 1385 in
1811 1366 1852 1387 ein

1771 1392 1849 1427 buch/

1770 1431 1824 1459 und

1771 1464 1868 1496 machet

1771 1506 1843 1528 einen

1772 1534 1853 1565 bund/

1771 1574 1866 1599 vermit

1773 1606 1825 1634 telſt

1769 1639 1862 1674 opffer⸗

1772 1674 1855 1706 bluts.

1792 2484 1841 2508 III.

1765 2509 1848 2541 Stei⸗

1758 2552 1804 2578 get
1813 2549 1867 2585 auf

1763 2584 1807 2609 den

1760 2618 1824 2647 berg

1756 2653 1828 2687 nebſt

1759 2690 1856 2716 andeꝛn
