<?xml version="1.0"?>
<PcGts xmlns="http://schema.primaresearch.org/PAGE/gts/pagecontent/2019-07-15" xmlns:xsi="http://www.w3.org/2001/XMLSchema-instance" pcGtsId="PAGE_01" xsi:schemaLocation="http://schema.primaresearch.org/PAGE/gts/pagecontent/2019-07-15 http://schema.primaresearch.org/PAGE/gts/pagecontent/2019-07-15/pagecontent.xsd">
  <Metadata>
    <Creator>OCR-D DFG Phase III</Creator>
    <Created>2024-01-19T13:08:02Z</Created>
    <LastChange>2024-01-19T13:08:02Z</LastChange>
    <Comments>ODEM: OCR-D extension for mass digitization (2021-2024)</Comments>
  </Metadata>
  <Page imageFilename="https://opendata.uni-halle.de/retrieve/76f6bd81-9423-45f4-84eb-f810ac3980fa/00001080.jpg" imageWidth="2540" imageHeight="3241" type="content" primaryLanguage="German">
    <Border>
      <Coords points="273,337 247,3143 2430,3104 2420,356"/>
    </Border>
    <ReadingOrder>
      <OrderedGroup id="ro_1652180722565" caption="Regions reading order">
        <RegionRefIndexed index="0" regionRef="TextRegion_1650442899647_597"/>
        <RegionRefIndexed index="1" regionRef="TextRegion_1650442933137_617"/>
        <RegionRefIndexed index="2" regionRef="TextRegion_1650442972828_635"/>
        <RegionRefIndexed index="3" regionRef="TextRegion_1650442962039_626"/>
        <RegionRefIndexed index="4" regionRef="TextRegion_1650443003611_654"/>
        <RegionRefIndexed index="5" regionRef="TextRegion_1650443003611_653"/>
        <RegionRefIndexed index="6" regionRef="TextRegion_1650442998669_645"/>
      </OrderedGroup>
    </ReadingOrder>
    <TextRegion orientation="-0.43499753" readingDirection="left-to-right" id="TextRegion_1650442899647_597" custom="readingOrder {index:0;}">
      <Coords points="682,507 1481,502 1481,734 1481,804 1480,2421 1466,2906 656,2911 654,2482 659,786"/>
      <TextLine id="line_1650436570709_252" custom="readingOrder {index:0;}">
        <Coords points="683,520 722,520 732,508 744,508 752,517 757,517 769,507 784,507 789,517 803,515 873,521 903,520 913,508 930,506 940,507 945,513 945,518 950,519 967,519 971,516 992,519 999,510 1010,510 1020,518 1051,516 1057,513 1101,514 1115,507 1127,508 1131,515 1146,516 1150,511 1162,506 1175,507 1179,515 1253,516 1261,514 1273,505 1309,503 1314,503 1371,504 1391,508 1396,503 1409,503 1414,513 1423,513 1464,510 1479,502 1481,502 1481,562 1434,561 1427,565 1396,563 1391,566 1368,568 1271,563 1130,566 1120,574 1105,567 1083,565 1036,569 1031,575 1018,577 1010,576 1003,569 925,567 915,575 897,571 881,578 868,578 859,572 815,568 789,568 784,574 773,576 765,574 763,568 753,565 738,568 682,567 682,557"/>
        <Word id="region0001_line0001_word0000" custom="readingOrder {index:0;}">
          <Coords points="689,520 689,556 823,558 823,516 803,515 789,517 784,507 769,507 757,517 752,517 744,508 732,508 722,520"/>
          <TextEquiv>
            <Unicode>mo&#x364;chte</Unicode>
          </TextEquiv>
        </Word>
        <Word id="region0001_line0001_word0001" custom="readingOrder {index:1;}">
          <Coords points="867,520 867,560 1068,561 1068,513 1057,513 1051,516 1020,518 1010,510 999,510 992,519 971,516 967,519 950,519 945,518 945,513 940,507 930,506 913,508 903,520 873,521"/>
          <TextEquiv>
            <Unicode>ge&#x17F;u&#x364;ndiget</Unicode>
          </TextEquiv>
        </Word>
        <Word id="region0001_line0001_word0002" custom="readingOrder {index:2;}">
          <Coords points="1127,509 1110,509 1107,510 1107,561 1235,562 1235,515 1179,515 1176,509 1153,509 1150,511 1146,516 1131,515"/>
          <TextEquiv conf="0.88905835">
            <Unicode>haben.</Unicode>
          </TextEquiv>
        </Word>
        <Word id="region0001_line0001_word0003" custom="readingOrder {index:3;}">
          <Coords points="1413,511 1330,511 1329,558 1471,559 1472,512 1439,511 1423,513 1414,513"/>
          <TextEquiv>
            <Unicode>Seiner</Unicode>
          </TextEquiv>
        </Word>
        <TextEquiv>
          <Unicode>mo&#x364;chte ge&#x17F;u&#x364;ndiget haben. Seiner</Unicode>
        </TextEquiv>
      </TextLine>
      <TextLine id="line_1650436570716_254" custom="readingOrder {index:1;}">
        <Coords points="682,568 738,569 753,566 760,569 763,575 773,577 789,571 799,571 804,575 914,579 925,568 941,570 943,578 1018,578 1069,573 1083,566 1105,568 1120,575 1176,574 1187,566 1204,566 1208,574 1253,575 1283,572 1296,565 1326,567 1332,571 1354,569 1357,572 1385,572 1396,564 1413,564 1418,572 1422,572 1426,566 1434,562 1456,562 1464,569 1476,569 1481,567 1481,621 1444,621 1430,629 1426,628 1424,622 1409,620 1401,625 1332,622 1246,626 1237,633 1224,631 1222,627 1204,626 1195,633 1184,632 1181,625 1098,626 1095,629 1082,625 1020,625 986,628 839,629 812,624 750,629 683,628 682,586"/>
        <Word id="region0001_line0002_word0000" custom="readingOrder {index:0;}">
          <Coords points="689,568 689,605 855,607 855,576 804,575 799,571 789,571 773,577 763,575 760,569 753,566 738,569"/>
          <TextEquiv conf="0.9188074">
            <Unicode>Su&#x364;nden</Unicode>
          </TextEquiv>
        </Word>
        <Word id="region0001_line0002_word0001" custom="readingOrder {index:1;}">
          <Coords points="876,577 876,605 1000,606 1000,578 943,578 941,570 925,568 914,579"/>
          <TextEquiv conf="0.9198282">
            <Unicode>wa&#x364;ren</Unicode>
          </TextEquiv>
        </Word>
        <Word id="region0001_line0002_word0002" custom="readingOrder {index:2;}">
          <Coords points="1017,578 1017,609 1113,610 1113,571 1105,568 1083,566 1069,573 1018,578"/>
          <TextEquiv conf="0.9298648">
            <Unicode>wohl</Unicode>
          </TextEquiv>
        </Word>
        <Word id="region0001_line0002_word0003" custom="readingOrder {index:3;}">
          <Coords points="1128,574 1128,615 1243,616 1243,574 1208,574 1204,566 1187,566 1176,574"/>
          <TextEquiv conf="0.9223815">
            <Unicode>mehr,</Unicode>
          </TextEquiv>
        </Word>
        <Word id="region0001_line0002_word0004" custom="readingOrder {index:4;}">
          <Coords points="1266,573 1266,608 1329,608 1329,569 1326,567 1296,565 1283,572"/>
          <TextEquiv conf="0.9230673">
            <Unicode>als</Unicode>
          </TextEquiv>
        </Word>
        <Word id="region0001_line0002_word0005" custom="readingOrder {index:5;}">
          <Coords points="1414,565 1395,565 1385,572 1357,572 1354,569 1345,570 1345,614 1414,615 1414,566"/>
          <TextEquiv conf="0.9321228">
            <Unicode>da&#xDF;</Unicode>
          </TextEquiv>
        </Word>
        <Word id="region0001_line0002_word0006" custom="readingOrder {index:6;}">
          <Coords points="1458,564 1430,564 1428,565 1428,618 1472,618 1472,569 1464,569"/>
          <TextEquiv conf="0.9285703">
            <Unicode>&#x17F;ie</Unicode>
          </TextEquiv>
        </Word>
        <TextEquiv conf="0.9237815">
          <Unicode>Su&#x364;nden wa&#x364;ren wohl mehr, als da&#xDF; &#x17F;ie</Unicode>
        </TextEquiv>
      </TextLine>
      <TextLine id="line_1650436570720_256" custom="readingOrder {index:2;}">
        <Coords points="683,633 691,628 720,628 727,634 753,634 782,633 793,627 822,626 827,628 829,635 834,636 877,636 888,631 897,631 902,635 1050,634 1065,633 1075,626 1094,629 1097,634 1195,634 1221,632 1237,634 1246,627 1252,628 1255,632 1341,633 1380,629 1385,624 1401,626 1409,621 1418,623 1420,629 1429,630 1444,622 1449,623 1452,629 1481,627 1481,670 1472,678 1376,678 1332,682 1320,687 1311,681 1192,683 1156,681 1057,684 1048,691 1041,692 1033,691 1025,684 1009,683 722,685 706,689 701,685 683,684 682,682 682,653"/>
        <Word id="region0001_line0003_word0000" custom="readingOrder {index:0;}">
          <Coords points="688,629 688,673 763,674 763,633 753,634 727,634 720,628 691,628"/>
          <TextEquiv conf="0.9548606">
            <Unicode>ihm</Unicode>
          </TextEquiv>
        </Word>
        <Word id="region0001_line0003_word0001" custom="readingOrder {index:1;}">
          <Coords points="789,629 789,665 944,666 944,634 902,635 897,631 888,631 877,636 834,636 829,635 827,628 822,626 793,627"/>
          <TextEquiv>
            <Unicode>ko&#x364;nnten</Unicode>
          </TextEquiv>
        </Word>
        <Word id="region0001_line0003_word0002" custom="readingOrder {index:2;}">
          <Coords points="968,634 968,674 1138,675 1138,634 1097,634 1094,629 1075,626 1065,633 1050,634"/>
          <TextEquiv conf="0.9673958">
            <Unicode>vergeben</Unicode>
          </TextEquiv>
        </Word>
        <Word id="region0001_line0003_word0003" custom="readingOrder {index:3;}">
          <Coords points="1253,629 1242,629 1237,634 1221,632 1195,634 1168,634 1168,674 1329,675 1329,632 1255,632"/>
          <TextEquiv conf="0.81066495">
            <Unicode>werden;</Unicode>
          </TextEquiv>
        </Word>
        <Word id="word_1650436570721_258" custom="readingOrder {index:4;}">
          <Coords points="1364,630 1380,629 1385,624 1401,626 1409,621 1418,623 1420,629 1429,630 1444,622 1449,623 1452,629 1481,627 1481,670 1472,678 1376,678 1364,679"/>
          <TextEquiv conf="0.53959906">
            <Unicode>allein</Unicode>
          </TextEquiv>
        </Word>
        <TextEquiv>
          <Unicode>ihm ko&#x364;nnten vergeben werden; allein</Unicode>
        </TextEquiv>
      </TextLine>
      <TextLine id="line_1650436570728_260" custom="readingOrder {index:3;}">
        <Coords points="683,687 692,686 713,690 722,686 745,686 750,691 761,692 768,685 802,685 813,694 835,694 843,686 856,687 864,693 888,693 897,692 905,684 917,684 921,691 927,691 942,683 953,684 959,691 992,691 998,684 1009,684 1025,685 1036,693 1096,694 1138,691 1156,682 1168,682 1174,689 1182,689 1196,682 1227,683 1231,690 1237,690 1271,688 1275,685 1295,688 1300,682 1311,682 1320,688 1332,683 1376,679 1428,686 1434,679 1461,677 1471,685 1472,679 1481,671 1481,761 1477,761 1474,739 1462,736 1453,736 1451,744 1447,747 1434,745 1430,737 1385,740 1249,739 1211,741 1201,750 1191,749 1187,743 1176,743 1166,752 1154,750 1150,743 1119,742 1033,743 1023,752 1013,751 1008,743 906,743 895,751 880,751 870,742 798,743 791,753 781,752 776,744 745,746 737,753 727,753 721,746 683,745"/>
        <Word id="region0001_line0004_word0000" custom="readingOrder {index:0;}">
          <Coords points="688,686 688,730 858,732 858,688 856,687 843,686 835,694 813,694 802,685 768,685 761,692 750,691 745,686 722,686 713,690 692,686"/>
          <TextEquiv conf="0.9298133">
            <Unicode>Chri&#x17F;tus</Unicode>
          </TextEquiv>
        </Word>
        <Word id="region0001_line0004_word0001" custom="readingOrder {index:1;}">
          <Coords points="879,693 879,730 973,731 973,691 959,691 953,684 942,683 927,691 921,691 917,684 905,684 897,692 888,693"/>
          <TextEquiv conf="0.925159">
            <Unicode>giebt</Unicode>
          </TextEquiv>
        </Word>
        <Word id="region0001_line0004_word0002" custom="readingOrder {index:2;}">
          <Coords points="998,684 998,732 1071,732 1071,693 1036,693 1025,685 1009,684"/>
          <TextEquiv conf="0.9305674">
            <Unicode>ihm</Unicode>
          </TextEquiv>
        </Word>
        <Word id="region0001_line0004_word0003" custom="readingOrder {index:3;}">
          <Coords points="1087,693 1087,734 1174,734 1174,689 1168,682 1156,682 1138,691 1096,694"/>
          <TextEquiv conf="0.9252196">
            <Unicode>auch</Unicode>
          </TextEquiv>
        </Word>
        <Word id="region0001_line0004_word0004" custom="readingOrder {index:4;}">
          <Coords points="1190,685 1190,733 1262,734 1262,688 1237,690 1231,690 1227,683 1196,682"/>
          <TextEquiv conf="0.92874026">
            <Unicode>hier</Unicode>
          </TextEquiv>
        </Word>
        <Word id="region0001_line0004_word0005" custom="readingOrder {index:5;}">
          <Coords points="1314,684 1298,684 1295,688 1277,685 1277,724 1330,724 1330,684 1330,684 1320,688"/>
          <TextEquiv conf="0.92817307">
            <Unicode>die</Unicode>
          </TextEquiv>
        </Word>
        <Word id="word_1650436570730_262" custom="readingOrder {index:6;}">
          <Coords points="1351,681 1376,679 1428,686 1434,679 1461,677 1471,685 1472,679 1481,671 1481,746 1475,746 1474,739 1462,736 1453,736 1451,744 1447,746 1444,746 1434,745 1430,737 1385,740 1351,739"/>
          <TextEquiv>
            <Unicode>Ver&#x17F;i&#x2E17;</Unicode>
          </TextEquiv>
        </Word>
        <TextEquiv>
          <Unicode>Chri&#x17F;tus giebt ihm auch hier die Ver&#x17F;i&#x2E17;</Unicode>
        </TextEquiv>
      </TextLine>
      <TextLine id="line_1650436638076_567" custom="readingOrder {index:4;}">
        <Coords points="683,750 691,750 695,744 708,740 721,741 726,751 828,752 890,746 932,750 942,740 958,741 964,745 966,751 994,751 1006,750 1014,741 1024,742 1032,750 1045,739 1059,740 1064,749 1078,747 1086,750 1120,750 1125,746 1134,746 1139,750 1182,751 1285,746 1296,743 1317,746 1325,737 1335,737 1341,746 1350,746 1358,736 1376,736 1381,746 1444,744 1451,739 1460,739 1466,744 1481,744 1481,794 1380,794 1370,795 1363,803 1354,803 1348,796 1336,796 1064,802 1059,807 1039,807 1036,802 960,802 953,803 949,808 936,808 932,802 902,802 858,804 855,808 839,806 826,809 817,809 809,802 796,800 725,802 718,809 705,809 701,802 683,802"/>
        <Word id="region0004_line0001_word0000" custom="readingOrder {index:0;}">
          <Coords points="688,750 688,782 858,783 858,749 828,752 726,751 721,741 708,740 695,744 691,750"/>
          <TextEquiv conf="0.9277305">
            <Unicode>cherung,</Unicode>
          </TextEquiv>
        </Word>
        <Word id="region0004_line0001_word0001" custom="readingOrder {index:1;}">
          <Coords points="891,746 891,782 962,783 962,743 958,741 942,740 932,750"/>
          <TextEquiv conf="0.9644819">
            <Unicode>da&#xDF;</Unicode>
          </TextEquiv>
        </Word>
        <Word id="region0004_line0001_word0002" custom="readingOrder {index:2;}">
          <Coords points="987,751 987,785 1080,786 1080,747 1078,747 1064,749 1059,740 1045,739 1032,750 1024,742 1014,741 1006,750 994,751"/>
          <TextEquiv conf="0.94026315">
            <Unicode>nicht</Unicode>
          </TextEquiv>
        </Word>
        <Word id="region0004_line0001_word0003" custom="readingOrder {index:3;}">
          <Coords points="1101,750 1101,777 1195,778 1195,750 1182,751 1139,750 1134,746 1125,746 1120,750"/>
          <TextEquiv conf="0.9682676">
            <Unicode>etwa</Unicode>
          </TextEquiv>
        </Word>
        <Word id="region0004_line0001_word0004" custom="readingOrder {index:4;}">
          <Coords points="1212,749 1212,777 1282,777 1282,746"/>
          <TextEquiv conf="0.9688942">
            <Unicode>nur</Unicode>
          </TextEquiv>
        </Word>
        <Word id="region0004_line0001_word0005" custom="readingOrder {index:5;}">
          <Coords points="1298,743 1298,785 1383,785 1383,745 1381,746 1376,736 1358,736 1350,746 1341,746 1335,737 1325,737 1317,746"/>
          <TextEquiv conf="0.9554072">
            <Unicode>die&#x17F;e</Unicode>
          </TextEquiv>
        </Word>
        <Word id="region0004_line0001_word0006" custom="readingOrder {index:6;}">
          <Coords points="1460,739 1450,739 1444,744 1399,745 1399,777 1474,778 1474,744 1466,744"/>
          <TextEquiv conf="0.96457475">
            <Unicode>und</Unicode>
          </TextEquiv>
        </Word>
        <TextEquiv conf="0.9296735">
          <Unicode>cherung, da&#xDF; nicht etwa nur die&#x17F;e und</Unicode>
        </TextEquiv>
      </TextLine>
      <TextLine id="line_1650436599050_378" custom="readingOrder {index:5;}">
        <Coords points="659,809 683,809 685,803 691,799 703,801 707,809 747,807 797,798 827,802 835,796 847,797 851,807 866,809 872,809 878,803 887,803 893,809 949,809 963,798 977,800 982,809 1010,808 1017,804 1025,804 1030,808 1112,808 1116,805 1125,805 1129,808 1159,808 1172,797 1184,797 1193,806 1201,806 1208,797 1213,795 1225,796 1232,802 1239,796 1249,796 1254,806 1266,806 1325,794 1355,799 1364,791 1376,792 1383,803 1401,803 1409,798 1417,798 1422,803 1468,803 1476,801 1478,781 1480,781 1480,851 1475,855 1447,852 1419,854 1409,851 1349,857 1228,857 1211,865 1204,864 1199,858 1185,858 1176,865 1164,864 1160,858 1038,857 981,861 970,859 960,863 943,857 928,867 920,865 916,859 773,861 739,857 732,860 704,855 694,858 659,857"/>
        <Word id="region0005_line0001_word0000" custom="readingOrder {index:0;}">
          <Coords points="689,799 689,837 763,838 763,803 747,807 707,809 703,801 691,799"/>
          <TextEquiv conf="0.8438075">
            <Unicode>jene</Unicode>
          </TextEquiv>
        </Word>
        <Word id="region0005_line0001_word0001" custom="readingOrder {index:1;}">
          <Coords points="779,801 779,843 935,844 935,809 893,809 887,803 878,803 872,809 866,809 851,807 847,797 835,796 827,802 797,798"/>
          <TextEquiv>
            <Unicode>Su&#x364;nde,</Unicode>
          </TextEquiv>
        </Word>
        <Word id="region0005_line0001_word0002" custom="readingOrder {index:2;}">
          <Coords points="953,805 953,844 1100,846 1100,808 1030,808 1025,804 1017,804 1010,808 982,809 977,800 963,798"/>
          <TextEquiv conf="0.9624738">
            <Unicode>&#x17F;ondern</Unicode>
          </TextEquiv>
        </Word>
        <Word id="region0005_line0001_word0003" custom="readingOrder {index:3;}">
          <Coords points="1118,805 1118,846 1189,846 1189,802 1184,797 1172,797 1159,808 1129,808 1125,805"/>
          <TextEquiv conf="0.9624738">
            <Unicode>da&#xDF;</Unicode>
          </TextEquiv>
        </Word>
        <Word id="region0005_line0001_word0004" custom="readingOrder {index:4;}">
          <Coords points="1205,799 1205,846 1293,847 1293,800 1266,806 1254,806 1249,796 1239,796 1232,802 1225,796 1213,795 1208,797"/>
          <TextEquiv conf="0.93303573">
            <Unicode>&#x17F;eine</Unicode>
          </TextEquiv>
        </Word>
        <Word id="word_1650436599051_380" custom="readingOrder {index:5;}">
          <Coords points="1309,794 1355,799 1364,791 1376,792 1383,803 1401,803 1409,798 1417,798 1422,803 1468,803 1476,801 1477,781 1480,781 1480,851 1475,854 1473,854 1447,852 1419,854 1409,851 1382,853 1309,851"/>
          <TextEquiv conf="0.8942051">
            <Unicode>Su&#x364;nden</Unicode>
          </TextEquiv>
        </Word>
        <TextEquiv>
          <Unicode>jene Su&#x364;nde, &#x17F;ondern da&#xDF; &#x17F;eine Su&#x364;nden</Unicode>
        </TextEquiv>
      </TextLine>
      <TextLine id="line_1650436599053_382" custom="readingOrder {index:6;}">
        <Coords points="660,865 685,865 689,858 704,856 731,860 735,865 771,866 782,860 793,860 801,867 873,869 879,864 887,864 892,868 928,868 943,858 949,858 954,863 970,861 972,868 982,868 1031,867 1038,858 1049,858 1055,863 1067,866 1091,867 1093,861 1098,858 1113,859 1116,867 1176,866 1184,860 1195,860 1200,865 1211,866 1280,865 1295,857 1311,856 1316,859 1317,864 1321,864 1354,862 1381,854 1409,852 1424,858 1474,860 1480,854 1480,916 1476,916 1474,911 1401,913 1397,910 1383,910 1377,913 1314,914 1305,922 1292,921 1289,915 1265,914 1255,914 1251,919 1244,921 1238,921 1235,915 1020,915 902,920 897,926 891,927 884,926 880,920 865,920 846,926 843,920 827,919 660,916"/>
        <Word id="region0005_line0002_word0000" custom="readingOrder {index:0;}">
          <Coords points="681,865 681,904 901,906 901,868 892,868 887,864 879,864 873,869 801,867 793,860 782,860 771,866 735,865 731,860 704,856 689,858 685,865"/>
          <TextEquiv>
            <Unicode>u&#x364;berhaupt,</Unicode>
          </TextEquiv>
        </Word>
        <Word id="region0005_line0002_word0001" custom="readingOrder {index:1;}">
          <Coords points="915,868 915,896 982,897 982,868 972,868 970,861 954,863 949,858 943,858 928,868"/>
          <TextEquiv conf="0.9674036">
            <Unicode>alle</Unicode>
          </TextEquiv>
        </Word>
        <Word id="region0005_line0002_word0002" custom="readingOrder {index:2;}">
          <Coords points="998,867 998,897 1065,897 1065,865 1055,863 1049,858 1038,858 1031,867"/>
          <TextEquiv conf="0.97000206">
            <Unicode>mit</Unicode>
          </TextEquiv>
        </Word>
        <Word id="region0005_line0002_word0003" custom="readingOrder {index:3;}">
          <Coords points="1079,866 1079,906 1256,908 1256,865 1211,866 1200,865 1195,860 1184,860 1176,866 1116,867 1113,859 1098,858 1093,861 1091,867"/>
          <TextEquiv conf="0.9651062">
            <Unicode>einander,</Unicode>
          </TextEquiv>
        </Word>
        <Word id="region0005_line0002_word0004" custom="readingOrder {index:4;}">
          <Coords points="1313,857 1294,857 1280,865 1271,865 1271,909 1360,910 1360,860 1354,862 1321,864 1317,864 1316,859"/>
          <TextEquiv conf="0.9330134">
            <Unicode>ohne</Unicode>
          </TextEquiv>
        </Word>
        <Word id="word_1650436599053_384" custom="readingOrder {index:5;}">
          <Coords points="1398,853 1409,852 1424,858 1474,860 1480,854 1480,912 1474,912 1474,911 1452,912 1398,911"/>
          <TextEquiv conf="0.63662285">
            <Unicode>Vor&#x2E17;</Unicode>
          </TextEquiv>
        </Word>
        <TextEquiv>
          <Unicode>u&#x364;berhaupt, alle mit einander, ohne Vor&#x2E17;</Unicode>
        </TextEquiv>
      </TextLine>
      <TextLine id="line_1650436599055_386" custom="readingOrder {index:7;}">
        <Coords points="660,921 680,921 696,918 707,918 712,924 721,925 735,917 749,918 752,925 769,925 780,918 794,920 796,925 825,926 849,927 866,921 870,927 891,928 963,927 970,926 976,918 991,919 995,926 1010,926 1014,918 1020,916 1031,917 1034,925 1238,923 1249,921 1255,915 1268,916 1271,923 1305,923 1372,922 1376,914 1383,911 1397,911 1402,914 1404,921 1480,919 1480,964 1477,967 1465,969 1431,967 1423,970 1256,971 1232,973 1223,981 1205,980 1196,971 1159,974 1118,972 1106,975 1095,972 1057,974 1046,983 1036,984 1027,982 1021,975 926,973 895,976 749,976 739,983 730,982 724,976 716,975 660,973 660,950"/>
        <Word id="region0005_line0003_word0000" custom="readingOrder {index:0;}">
          <Coords points="686,919 686,962 804,963 804,925 796,925 794,920 780,918 769,925 752,925 749,918 735,917 721,925 712,924 707,918 696,918"/>
          <TextEquiv conf="0.96312314">
            <Unicode>behalt</Unicode>
          </TextEquiv>
        </Word>
        <Word id="region0005_line0003_word0001" custom="readingOrder {index:1;}">
          <Coords points="832,926 832,955 926,955 926,927 891,928 870,927 866,921 849,927"/>
          <TextEquiv conf="0.9638431">
            <Unicode>einer</Unicode>
          </TextEquiv>
        </Word>
        <Word id="region0005_line0003_word0002" custom="readingOrder {index:2;}">
          <Coords points="957,927 957,964 1115,965 1115,924 1034,925 1031,917 1020,916 1014,918 1010,926 995,926 991,919 976,918 970,926 963,927"/>
          <TextEquiv conf="0.9599485">
            <Unicode>einigen,</Unicode>
          </TextEquiv>
        </Word>
        <Word id="region0005_line0003_word0003" custom="readingOrder {index:3;}">
          <Coords points="1143,923 1143,964 1314,965 1314,922 1305,923 1271,923 1268,916 1255,915 1249,921 1238,923"/>
          <TextEquiv conf="0.96600556">
            <Unicode>vergeben</Unicode>
          </TextEquiv>
        </Word>
        <Word id="region0005_line0003_word0004" custom="readingOrder {index:4;}">
          <Coords points="1397,911 1382,911 1376,914 1372,922 1344,922 1344,957 1474,958 1474,919 1404,921 1402,914"/>
          <TextEquiv>
            <Unicode>wa&#x364;ren.</Unicode>
          </TextEquiv>
        </Word>
        <TextEquiv>
          <Unicode>behalt einer einigen, vergeben wa&#x364;ren.</Unicode>
        </TextEquiv>
      </TextLine>
      <TextLine id="line_1650436599057_388" custom="readingOrder {index:8;}">
        <Coords points="660,976 716,976 735,984 749,979 760,979 768,983 916,985 923,975 944,974 949,984 1000,984 1012,981 1016,984 1036,985 1088,982 1091,975 1095,973 1104,976 1116,975 1120,982 1172,980 1183,972 1196,972 1205,981 1242,982 1256,972 1266,972 1275,980 1310,977 1316,973 1326,973 1330,976 1359,977 1372,974 1383,977 1390,970 1401,970 1407,977 1416,977 1421,971 1436,968 1444,970 1446,977 1450,978 1458,970 1477,968 1480,965 1480,1022 1475,1026 1437,1027 1435,1032 1427,1034 1419,1034 1415,1028 1305,1027 1250,1032 1238,1038 1207,1031 1196,1031 1188,1039 1173,1033 1112,1033 1108,1040 1095,1041 1087,1032 1067,1032 983,1036 973,1043 957,1042 950,1035 938,1035 932,1041 922,1041 914,1033 822,1032 808,1041 799,1039 793,1033 661,1034 660,990"/>
        <Word id="region0005_line0004_word0000" custom="readingOrder {index:0;}">
          <Coords points="686,976 686,1002 772,1003 772,983 768,983 760,979 749,979 735,984 716,976"/>
          <TextEquiv conf="0.96646523">
            <Unicode>Und</Unicode>
          </TextEquiv>
        </Word>
        <Word id="region0005_line0004_word0001" custom="readingOrder {index:1;}">
          <Coords points="803,983 803,1013 897,1014 897,984"/>
          <TextEquiv conf="0.9325853">
            <Unicode>zwar</Unicode>
          </TextEquiv>
        </Word>
        <Word id="region0005_line0004_word0002" custom="readingOrder {index:2;}">
          <Coords points="921,977 921,1010 1015,1011 1015,983 1012,981 1000,984 949,984 944,974 923,975"/>
          <TextEquiv conf="0.91277647">
            <Unicode>&#x17F;aget</Unicode>
          </TextEquiv>
        </Word>
        <Word id="region0005_line0004_word0003" custom="readingOrder {index:3;}">
          <Coords points="1040,984 1040,1012 1142,1013 1142,981 1120,982 1116,975 1104,976 1095,973 1091,975 1088,982"/>
          <TextEquiv conf="0.96331">
            <Unicode>un&#x17F;er</Unicode>
          </TextEquiv>
        </Word>
        <Word id="region0005_line0004_word0004" custom="readingOrder {index:4;}">
          <Coords points="1168,980 1168,1015 1339,1016 1339,976 1330,976 1326,973 1316,973 1310,977 1275,980 1266,972 1256,972 1242,982 1205,981 1196,972 1183,972 1172,980"/>
          <TextEquiv conf="0.9649312">
            <Unicode>Heyland</Unicode>
          </TextEquiv>
        </Word>
        <Word id="word_1650436599058_390" custom="readingOrder {index:5;}">
          <Coords points="1357,976 1359,977 1372,974 1383,977 1390,970 1401,970 1407,977 1416,977 1421,971 1436,968 1444,970 1446,977 1450,978 1458,970 1477,968 1480,965 1480,1021 1476,1024 1357,1024"/>
          <TextEquiv>
            <Unicode>die&#x17F;es</Unicode>
          </TextEquiv>
        </Word>
        <TextEquiv>
          <Unicode>Und zwar &#x17F;aget un&#x17F;er Heyland die&#x17F;es</Unicode>
        </TextEquiv>
      </TextLine>
      <TextLine id="line_1650436599060_392" custom="readingOrder {index:9;}">
        <Coords points="661,1042 708,1042 711,1036 717,1034 730,1035 733,1040 737,1035 759,1033 764,1039 795,1037 808,1042 822,1033 853,1035 872,1039 886,1037 896,1041 903,1034 914,1034 921,1042 992,1044 1036,1042 1049,1034 1061,1034 1069,1041 1168,1041 1173,1034 1188,1040 1196,1032 1207,1032 1218,1039 1238,1039 1248,1034 1284,1029 1318,1028 1329,1034 1349,1036 1434,1033 1442,1035 1475,1031 1480,1035 1480,1079 1473,1085 1329,1085 1315,1089 1264,1087 1227,1090 1204,1088 1190,1080 1181,1088 1174,1089 1041,1090 1021,1097 1008,1090 967,1092 937,1098 931,1091 861,1089 838,1094 761,1092 748,1098 742,1097 740,1093 661,1090 660,1086 660,1052"/>
        <Word id="region0005_line0005_word0000" custom="readingOrder {index:0;}">
          <Coords points="686,1042 686,1073 782,1074 782,1037 764,1039 759,1033 737,1035 733,1040 730,1035 717,1034 711,1036 708,1042"/>
          <TextEquiv conf="0.9329646">
            <Unicode>nicht</Unicode>
          </TextEquiv>
        </Word>
        <Word id="word_1650443663291_780" custom="readingOrder {index:1;}">
          <Coords points="812,1039 822,1033 1196,1032 1207,1032 1237,1039 1237,1070 1091,1076 812,1073"/>
          <TextEquiv>
            <Unicode>Bedingungs &#x2E17; wei&#x17F;e:</Unicode>
          </TextEquiv>
        </Word>
        <Word id="region0005_line0005_word0003" custom="readingOrder {index:2;}">
          <Coords points="1266,1031 1266,1072 1395,1073 1395,1034 1349,1036 1329,1034 1318,1028 1284,1029"/>
          <TextEquiv conf="0.92827666">
            <Unicode>Wenn</Unicode>
          </TextEquiv>
        </Word>
        <Word id="region0005_line0005_word0004" custom="readingOrder {index:3;}">
          <Coords points="1438,1034 1426,1034 1425,1070 1472,1070 1473,1034 1450,1034 1442,1035"/>
          <TextEquiv conf="0.4562357">
            <Unicode>du</Unicode>
          </TextEquiv>
        </Word>
        <TextEquiv>
          <Unicode>nicht Bedingungs &#x2E17; wei&#x17F;e: Wenn du</Unicode>
        </TextEquiv>
      </TextLine>
      <TextLine id="line_1650436599062_394" custom="readingOrder {index:10;}">
        <Coords points="661,1100 696,1099 727,1102 748,1099 761,1093 769,1094 771,1100 782,1100 793,1092 807,1092 813,1099 825,1100 843,1092 869,1090 878,1095 881,1092 896,1092 900,1099 938,1100 963,1094 967,1094 970,1100 990,1100 996,1093 1003,1091 1008,1091 1018,1098 1045,1091 1048,1098 1072,1098 1084,1095 1089,1091 1101,1090 1107,1098 1121,1098 1143,1097 1157,1090 1170,1092 1194,1081 1201,1088 1213,1089 1219,1095 1254,1096 1258,1090 1272,1088 1284,1090 1286,1097 1313,1096 1317,1089 1329,1086 1347,1086 1354,1095 1365,1094 1371,1090 1395,1093 1427,1089 1437,1092 1441,1086 1455,1085 1461,1093 1472,1093 1480,1101 1480,1135 1474,1142 1345,1144 1338,1145 1335,1152 1328,1154 1318,1153 1314,1146 1275,1149 1264,1153 1257,1153 1255,1150 1236,1151 1230,1156 1218,1147 1207,1147 1198,1156 1188,1156 1183,1149 1129,1150 1121,1156 1110,1157 1099,1149 1072,1148 1037,1150 1033,1156 1026,1158 1013,1152 1010,1157 1002,1159 993,1157 990,1150 921,1151 915,1156 896,1157 889,1151 874,1151 863,1147 849,1155 838,1154 833,1149 817,1148 797,1156 788,1153 787,1150 769,1150 764,1156 751,1158 741,1149 662,1149 661,1143 661,1114"/>
        <Word id="region0005_line0006_word0000" custom="readingOrder {index:0;}">
          <Coords points="685,1099 685,1132 918,1134 918,1099 900,1099 896,1092 881,1092 878,1095 869,1090 843,1092 825,1100 813,1099 807,1092 793,1092 782,1100 771,1100 769,1094 761,1093 748,1099 727,1102 696,1099"/>
          <TextEquiv conf="0.9128374">
            <Unicode>wahrhafftig</Unicode>
          </TextEquiv>
        </Word>
        <Word id="region0005_line0006_word0001" custom="readingOrder {index:1;}">
          <Coords points="947,1097 947,1136 1125,1138 1125,1097 1121,1098 1107,1098 1101,1090 1089,1091 1084,1095 1072,1098 1048,1098 1045,1091 1018,1098 1008,1091 1003,1091 996,1093 990,1100 970,1100 967,1094 963,1094"/>
          <TextEquiv conf="0.92775637">
            <Unicode>bu&#xDF;fertig</Unicode>
          </TextEquiv>
        </Word>
        <Word id="region0005_line0006_word0002" custom="readingOrder {index:2;}">
          <Coords points="1150,1093 1150,1138 1240,1139 1240,1095 1219,1095 1213,1089 1201,1088 1194,1081 1170,1092 1157,1090"/>
          <TextEquiv conf="0.71434706">
            <Unicode>bi&#x17F;t,</Unicode>
          </TextEquiv>
        </Word>
        <Word id="region0005_line0006_word0003" custom="readingOrder {index:3;}">
          <Coords points="1259,1089 1259,1137 1294,1137 1294,1096 1286,1097 1284,1090 1272,1088"/>
          <TextEquiv conf="0.96271497">
            <Unicode>&#x17F;o</Unicode>
          </TextEquiv>
        </Word>
        <Word id="region0005_line0006_word0004" custom="readingOrder {index:4;}">
          <Coords points="1319,1088 1319,1139 1394,1140 1394,1092 1371,1090 1365,1094 1354,1095 1347,1086 1329,1086"/>
          <TextEquiv conf="0.93118125">
            <Unicode>&#x17F;ind</Unicode>
          </TextEquiv>
        </Word>
        <Word id="word_1650436599063_396" custom="readingOrder {index:5;}">
          <Coords points="1419,1090 1427,1089 1437,1092 1439,1088 1457,1088 1461,1093 1472,1093 1480,1101 1480,1130 1419,1130"/>
          <TextEquiv>
            <Unicode>dir</Unicode>
          </TextEquiv>
        </Word>
        <TextEquiv>
          <Unicode>wahrhafftig bu&#xDF;fertig bi&#x17F;t, &#x17F;o &#x17F;ind dir</Unicode>
        </TextEquiv>
      </TextLine>
      <TextLine id="line_1650436599064_398" custom="readingOrder {index:11;}">
        <Coords points="662,1155 724,1157 731,1150 744,1151 751,1159 785,1154 797,1157 817,1149 833,1150 838,1155 849,1156 863,1148 873,1151 878,1157 992,1157 1002,1160 1081,1156 1091,1150 1102,1151 1110,1158 1198,1157 1207,1148 1218,1148 1228,1157 1272,1151 1279,1154 1328,1155 1397,1150 1435,1151 1444,1150 1450,1143 1462,1142 1473,1143 1480,1152 1480,1194 1472,1200 1376,1202 1365,1209 1349,1203 1258,1203 1217,1206 1215,1209 1203,1211 1196,1208 1176,1208 1167,1214 1158,1214 1151,1208 1101,1205 1073,1207 1066,1213 1054,1216 1043,1214 1037,1207 989,1206 923,1205 851,1210 661,1205 661,1183"/>
        <Word id="region0005_line0007_word0000" custom="readingOrder {index:0;}">
          <Coords points="686,1155 686,1184 786,1185 786,1154 785,1154 751,1159 744,1151 731,1150 724,1157"/>
          <TextEquiv>
            <Unicode>deine</Unicode>
          </TextEquiv>
        </Word>
        <Word id="region0005_line0007_word0001" custom="readingOrder {index:1;}">
          <Coords points="803,1154 803,1186 969,1188 969,1157 878,1157 873,1151 863,1148 849,1156 838,1155 833,1150 817,1149"/>
          <TextEquiv>
            <Unicode>Su&#x364;nden</Unicode>
          </TextEquiv>
        </Word>
        <Word id="region0005_line0007_word0002" custom="readingOrder {index:2;}">
          <Coords points="985,1157 985,1194 1172,1195 1172,1157 1110,1158 1102,1151 1091,1150 1081,1156 1002,1160 992,1157"/>
          <TextEquiv conf="0.95070153">
            <Unicode>vergeben;</Unicode>
          </TextEquiv>
        </Word>
        <Word id="region0005_line0007_word0003" custom="readingOrder {index:3;}">
          <Coords points="1202,1153 1202,1194 1368,1196 1368,1152 1328,1155 1279,1154 1272,1151 1228,1157 1218,1148 1207,1148"/>
          <TextEquiv conf="0.9330248">
            <Unicode>&#x17F;ondern,</Unicode>
          </TextEquiv>
        </Word>
        <Word id="word_1650436599065_400" custom="readingOrder {index:4;}">
          <Coords points="1394,1150 1397,1150 1435,1151 1444,1150 1447,1145 1474,1145 1480,1153 1480,1189 1394,1189"/>
          <TextEquiv>
            <Unicode>weil</Unicode>
          </TextEquiv>
        </Word>
        <TextEquiv>
          <Unicode>deine Su&#x364;nden vergeben; &#x17F;ondern, weil</Unicode>
        </TextEquiv>
      </TextLine>
      <TextLine id="line_1650436599067_402" custom="readingOrder {index:12;}">
        <Coords points="662,1215 746,1214 752,1210 778,1215 834,1217 852,1210 866,1209 873,1216 893,1216 903,1207 923,1209 947,1206 951,1216 975,1217 993,1208 1004,1208 1010,1217 1054,1217 1088,1212 1101,1206 1127,1207 1138,1213 1167,1215 1216,1209 1219,1213 1248,1213 1258,1204 1270,1204 1280,1209 1285,1205 1299,1205 1303,1213 1307,1213 1344,1210 1348,1206 1360,1210 1388,1208 1394,1202 1410,1201 1419,1208 1456,1209 1472,1205 1480,1210 1480,1250 1472,1258 1459,1256 1442,1260 1416,1261 1411,1267 1404,1269 1389,1267 1385,1261 1374,1259 1328,1261 1305,1258 1296,1262 1270,1262 1264,1270 1254,1270 1248,1263 1126,1263 1114,1267 1097,1265 1031,1268 1023,1275 1017,1276 1006,1275 997,1268 939,1267 935,1273 928,1274 920,1272 917,1267 905,1272 895,1265 662,1263"/>
        <Word id="region0005_line0008_word0000" custom="readingOrder {index:0;}">
          <Coords points="685,1214 685,1243 722,1244 722,1214"/>
          <TextEquiv conf="0.9671145">
            <Unicode>er</Unicode>
          </TextEquiv>
        </Word>
        <Word id="region0005_line0008_word0001" custom="readingOrder {index:1;}">
          <Coords points="752,1210 752,1244 819,1244 819,1216 778,1215"/>
          <TextEquiv conf="0.9263734">
            <Unicode>den</Unicode>
          </TextEquiv>
        </Word>
        <Word id="region0005_line0008_word0002" custom="readingOrder {index:2;}">
          <Coords points="848,1211 848,1254 1071,1255 1071,1214 1054,1217 1010,1217 1004,1208 993,1208 975,1217 951,1216 947,1206 923,1209 903,1207 893,1216 873,1216 866,1209 852,1210"/>
          <TextEquiv conf="0.9240717">
            <Unicode>bu&#xDF;fertigen</Unicode>
          </TextEquiv>
        </Word>
        <Word id="region0005_line0008_word0003" custom="readingOrder {index:3;}">
          <Coords points="1089,1211 1089,1248 1227,1249 1227,1213 1219,1213 1216,1209 1167,1215 1138,1213 1127,1207 1101,1206"/>
          <TextEquiv conf="0.9623644">
            <Unicode>Grund</Unicode>
          </TextEquiv>
        </Word>
        <Word id="region0005_line0008_word0004" custom="readingOrder {index:4;}">
          <Coords points="1270,1204 1257,1204 1253,1208 1253,1255 1365,1256 1365,1209 1360,1210 1348,1206 1344,1210 1307,1213 1303,1213 1299,1205 1285,1205 1280,1209"/>
          <TextEquiv conf="0.96223277">
            <Unicode>&#x17F;eines</Unicode>
          </TextEquiv>
        </Word>
        <Word id="region0005_line0008_word0005" custom="readingOrder {index:5;}">
          <Coords points="1416,1206 1390,1206 1388,1208 1382,1208 1382,1259 1446,1259 1459,1256 1461,1256 1461,1207 1456,1209 1419,1208"/>
          <TextEquiv>
            <Unicode>Her&#x2E17;</Unicode>
          </TextEquiv>
        </Word>
        <TextEquiv>
          <Unicode>er den bu&#xDF;fertigen Grund &#x17F;eines Her&#x2E17;</Unicode>
        </TextEquiv>
      </TextLine>
      <TextLine id="line_1650436599069_406" custom="readingOrder {index:13;}">
        <Coords points="662,1274 685,1274 692,1269 702,1270 708,1276 752,1276 760,1268 773,1268 781,1275 801,1275 851,1271 861,1266 895,1266 905,1273 917,1272 928,1275 1017,1277 1108,1271 1126,1264 1135,1265 1140,1271 1163,1272 1207,1271 1212,1267 1221,1268 1225,1271 1291,1271 1297,1262 1305,1259 1322,1261 1325,1269 1350,1268 1358,1261 1374,1260 1380,1263 1382,1268 1404,1270 1412,1267 1439,1266 1443,1260 1463,1257 1480,1267 1480,1308 1461,1321 1456,1321 1449,1314 1416,1316 1406,1312 1395,1312 1384,1315 1375,1324 1357,1323 1350,1316 1314,1315 1310,1320 1303,1322 1292,1316 1277,1316 1263,1317 1257,1321 1243,1318 1226,1321 917,1323 848,1327 763,1324 715,1327 706,1335 689,1333 685,1328 662,1328 662,1278"/>
        <Word id="region0005_line0009_word0000" custom="readingOrder {index:0;}">
          <Coords points="687,1272 687,1306 776,1307 776,1270 773,1268 760,1268 752,1276 708,1276 702,1270 692,1269"/>
          <TextEquiv conf="0.9299902">
            <Unicode>tzens</Unicode>
          </TextEquiv>
        </Word>
        <Word id="region0005_line0009_word0001" custom="readingOrder {index:1;}">
          <Coords points="808,1274 808,1299 1046,1301 1046,1275 1017,1277 928,1275 917,1272 905,1273 895,1266 861,1266 851,1271"/>
          <TextEquiv conf="0.96655655">
            <Unicode>vollkommen</Unicode>
          </TextEquiv>
        </Word>
        <Word id="region0005_line0009_word0002" custom="readingOrder {index:2;}">
          <Coords points="1078,1272 1078,1305 1262,1307 1262,1271 1225,1271 1221,1268 1212,1267 1207,1271 1163,1272 1140,1271 1135,1265 1126,1264 1108,1271"/>
          <TextEquiv conf="0.92110515">
            <Unicode>erkannte;</Unicode>
          </TextEquiv>
        </Word>
        <Word id="region0005_line0009_word0003" custom="readingOrder {index:3;}">
          <Coords points="1295,1265 1295,1309 1333,1309 1333,1268 1325,1269 1322,1261 1305,1259 1297,1262"/>
          <TextEquiv conf="0.37708655">
            <Unicode>&#x17F;o</Unicode>
          </TextEquiv>
        </Word>
        <Word id="region0005_line0009_word0004" custom="readingOrder {index:4;}">
          <Coords points="1466,1259 1449,1259 1443,1260 1439,1266 1412,1267 1404,1270 1382,1268 1380,1263 1374,1260 1358,1261 1353,1265 1353,1313 1391,1313 1395,1312 1406,1312 1408,1313 1472,1313 1472,1262"/>
          <TextEquiv conf="0.46733838">
            <Unicode>&#x17F;prach</Unicode>
          </TextEquiv>
        </Word>
        <TextEquiv conf="0.7760734">
          <Unicode>tzens vollkommen erkannte; &#x17F;o &#x17F;prach</Unicode>
        </TextEquiv>
      </TextLine>
      <TextLine id="line_1650436599071_408" custom="readingOrder {index:14;}">
        <Coords points="662,1334 771,1334 783,1325 798,1325 803,1334 873,1334 891,1332 902,1325 917,1324 927,1324 932,1329 963,1328 975,1324 1053,1329 1061,1322 1074,1323 1076,1330 1207,1329 1227,1321 1244,1319 1257,1322 1263,1318 1277,1317 1292,1317 1303,1323 1310,1321 1314,1316 1320,1316 1330,1320 1375,1325 1384,1316 1395,1313 1411,1314 1419,1320 1449,1315 1456,1322 1473,1316 1480,1322 1480,1364 1472,1372 1394,1371 1383,1377 1367,1375 1289,1379 1198,1376 1186,1383 1173,1383 1167,1379 1125,1380 1112,1386 1097,1385 1090,1380 990,1384 963,1382 957,1379 929,1382 898,1377 879,1382 866,1378 847,1378 835,1382 801,1382 793,1389 782,1390 777,1388 775,1382 763,1383 754,1380 698,1383 688,1379 663,1379 662,1368"/>
        <Word id="region0005_line0010_word0000" custom="readingOrder {index:0;}">
          <Coords points="686,1334 686,1356 723,1357 723,1334"/>
          <TextEquiv conf="0.9603658">
            <Unicode>er</Unicode>
          </TextEquiv>
        </Word>
        <Word id="region0005_line0010_word0001" custom="readingOrder {index:1;}">
          <Coords points="757,1334 757,1366 846,1367 846,1334 803,1334 798,1325 783,1325 771,1334"/>
          <TextEquiv conf="0.9396915">
            <Unicode>ohne</Unicode>
          </TextEquiv>
        </Word>
        <Word id="region0005_line0010_word0002" custom="readingOrder {index:2;}">
          <Coords points="875,1333 875,1359 943,1359 943,1328 932,1329 927,1324 917,1324 902,1325 891,1332"/>
          <TextEquiv conf="0.9642201">
            <Unicode>alle</Unicode>
          </TextEquiv>
        </Word>
        <Word id="region0005_line0010_word0003" custom="readingOrder {index:3;}">
          <Coords points="970,1325 970,1366 1217,1367 1217,1324 1207,1329 1076,1330 1074,1323 1061,1322 1053,1329 975,1324"/>
          <TextEquiv conf="0.9527575">
            <Unicode>Bedingung:</Unicode>
          </TextEquiv>
        </Word>
        <Word id="region0005_line0010_word0004" custom="readingOrder {index:4;}">
          <Coords points="1293,1318 1263,1318 1257,1322 1255,1321 1255,1366 1348,1366 1348,1322 1330,1320 1325,1318 1312,1318 1310,1321 1303,1323"/>
          <TextEquiv conf="0.9263872">
            <Unicode>Dir</Unicode>
          </TextEquiv>
        </Word>
        <Word id="region0005_line0010_word0005" custom="readingOrder {index:5;}">
          <Coords points="1467,1371 1467,1317 1456,1322 1449,1315 1419,1320 1411,1314 1395,1313 1384,1316 1375,1325 1364,1323 1364,1375 1367,1375 1383,1377 1394,1371"/>
          <TextEquiv conf="0.4505182">
            <Unicode>&#x17F;ind</Unicode>
          </TextEquiv>
        </Word>
        <TextEquiv conf="0.826696">
          <Unicode>er ohne alle Bedingung: Dir &#x17F;ind</Unicode>
        </TextEquiv>
      </TextLine>
      <TextLine id="line_1650436599072_410" custom="readingOrder {index:15;}">
        <Coords points="663,1382 685,1380 736,1388 744,1381 754,1381 759,1383 761,1389 790,1391 796,1388 825,1388 830,1383 847,1379 866,1379 883,1383 890,1379 905,1378 913,1382 914,1387 939,1386 951,1379 960,1381 970,1387 1092,1385 1112,1387 1122,1384 1186,1384 1198,1377 1208,1381 1356,1381 1383,1378 1394,1372 1401,1377 1404,1373 1425,1371 1432,1379 1472,1377 1480,1385 1480,1420 1473,1429 1433,1431 1424,1440 1411,1438 1406,1428 1393,1428 1358,1431 1354,1434 1342,1430 1297,1431 1291,1441 1285,1442 1275,1431 1259,1431 1254,1434 1173,1438 1165,1444 1154,1446 1146,1446 1140,1440 1129,1436 1056,1435 996,1441 897,1437 863,1438 856,1442 792,1436 787,1439 709,1439 693,1442 664,1439 663,1427"/>
        <Word id="region0005_line0011_word0000" custom="readingOrder {index:0;}">
          <Coords points="682,1380 682,1420 809,1421 809,1388 796,1388 790,1391 761,1389 759,1383 754,1381 744,1381 736,1388 685,1380"/>
          <TextEquiv conf="0.95803154">
            <Unicode>deine</Unicode>
          </TextEquiv>
        </Word>
        <Word id="region0005_line0011_word0001" custom="readingOrder {index:1;}">
          <Coords points="827,1386 827,1423 1032,1424 1032,1385 970,1387 960,1381 951,1379 939,1386 914,1387 913,1382 905,1378 890,1379 883,1383 866,1379 847,1379 830,1383"/>
          <TextEquiv>
            <Unicode>Su&#x364;nden</Unicode>
          </TextEquiv>
        </Word>
        <Word id="region0005_line0011_word0002" custom="readingOrder {index:2;}">
          <Coords points="1275,1431 1292,1432 1292,1381 1208,1381 1198,1377 1186,1384 1122,1384 1112,1387 1092,1385 1054,1385 1054,1430 1257,1431 1259,1431 1275,1431"/>
          <TextEquiv conf="0.9528611">
            <Unicode>vergeben,</Unicode>
          </TextEquiv>
        </Word>
        <Word id="region0005_line0011_word0003" custom="readingOrder {index:3;}">
          <Coords points="1470,1430 1470,1378 1432,1379 1425,1371 1404,1373 1401,1377 1394,1372 1383,1378 1356,1381 1325,1381 1325,1430 1342,1430 1354,1434 1358,1431 1393,1428 1406,1428 1410,1437 1426,1437 1433,1431"/>
          <TextEquiv conf="0.4689315">
            <Unicode>welches</Unicode>
          </TextEquiv>
        </Word>
        <TextEquiv>
          <Unicode>deine Su&#x364;nden vergeben, welches</Unicode>
        </TextEquiv>
      </TextLine>
      <TextLine id="line_1650436599075_412" custom="readingOrder {index:16;}">
        <Coords points="664,1446 697,1446 709,1440 724,1440 731,1446 782,1446 785,1440 792,1437 807,1437 813,1439 815,1446 820,1446 836,1444 854,1446 863,1439 875,1439 879,1445 884,1445 889,1440 907,1438 913,1445 1002,1446 1039,1443 1056,1436 1084,1436 1092,1443 1116,1443 1129,1437 1140,1441 1146,1447 1154,1447 1170,1442 1249,1442 1259,1432 1275,1432 1285,1443 1337,1437 1352,1440 1365,1431 1379,1431 1384,1437 1389,1430 1406,1429 1411,1439 1424,1441 1430,1436 1440,1439 1473,1438 1480,1445 1480,1480 1471,1490 1379,1492 1370,1500 1357,1499 1354,1493 1319,1493 1307,1500 1295,1501 1289,1500 1282,1493 1269,1493 1263,1499 1255,1499 1249,1493 1240,1493 1235,1498 1222,1496 1214,1498 1198,1491 1174,1491 1140,1493 1136,1496 1124,1493 1085,1492 1011,1497 1003,1504 999,1504 990,1496 801,1495 795,1504 783,1502 779,1495 744,1494 738,1498 729,1498 726,1495 663,1494 663,1482"/>
        <Word id="region0005_line0012_word0000" custom="readingOrder {index:0;}">
          <Coords points="685,1446 685,1476 769,1477 769,1446 731,1446 724,1440 709,1440 697,1446"/>
          <TextEquiv conf="0.9640386">
            <Unicode>eben</Unicode>
          </TextEquiv>
        </Word>
        <Word id="region0005_line0012_word0001" custom="readingOrder {index:1;}">
          <Coords points="788,1439 787,1482 820,1482 821,1446 820,1446 815,1446 813,1439 807,1437 792,1437"/>
          <TextEquiv conf="0.9094491">
            <Unicode>&#x17F;o</Unicode>
          </TextEquiv>
        </Word>
        <Word id="region0005_line0012_word0002" custom="readingOrder {index:2;}">
          <Coords points="834,1444 834,1475 903,1475 903,1438 889,1440 884,1445 879,1445 875,1439 863,1439 854,1446 836,1444"/>
          <TextEquiv conf="0.9671855">
            <Unicode>viel</Unicode>
          </TextEquiv>
        </Word>
        <Word id="region0005_line0012_word0003" custom="readingOrder {index:3;}">
          <Coords points="918,1445 918,1485 1008,1486 1008,1445 1002,1446"/>
          <TextEquiv conf="0.964978">
            <Unicode>war,</Unicode>
          </TextEquiv>
        </Word>
        <Word id="region0005_line0012_word0004" custom="readingOrder {index:4;}">
          <Coords points="1027,1443 1027,1475 1085,1475 1085,1437 1084,1436 1056,1436 1039,1443"/>
          <TextEquiv conf="0.96962374">
            <Unicode>als</Unicode>
          </TextEquiv>
        </Word>
        <Word id="region0005_line0012_word0005" custom="readingOrder {index:5;}">
          <Coords points="1102,1443 1102,1479 1145,1479 1145,1446 1140,1441 1129,1437 1116,1443"/>
          <TextEquiv conf="0.88566816">
            <Unicode>ob</Unicode>
          </TextEquiv>
        </Word>
        <Word id="region0005_line0012_word0006" custom="readingOrder {index:6;}">
          <Coords points="1199,1442 1170,1442 1163,1443 1163,1475 1198,1475"/>
          <TextEquiv conf="0.9329153">
            <Unicode>er</Unicode>
          </TextEquiv>
        </Word>
        <Word id="region0005_line0012_word0007" custom="readingOrder {index:7;}">
          <Coords points="1331,1493 1331,1437 1285,1443 1275,1432 1259,1432 1249,1442 1212,1442 1212,1492"/>
          <TextEquiv conf="0.92040026">
            <Unicode>ge&#x17F;aget</Unicode>
          </TextEquiv>
        </Word>
        <Word id="region0005_line0012_word0008" custom="readingOrder {index:8;}">
          <Coords points="1469,1490 1469,1438 1440,1439 1430,1436 1424,1441 1411,1439 1406,1429 1389,1430 1384,1437 1379,1431 1365,1431 1356,1436 1356,1494 1376,1494 1379,1492"/>
          <TextEquiv>
            <Unicode>ha&#x364;tte:</Unicode>
          </TextEquiv>
        </Word>
        <TextEquiv>
          <Unicode>eben &#x17F;o viel war, als ob er ge&#x17F;aget ha&#x364;tte:</Unicode>
        </TextEquiv>
      </TextLine>
      <TextLine id="line_1650436599077_414" custom="readingOrder {index:17;}">
        <Coords points="663,1496 704,1496 738,1499 744,1495 751,1495 756,1496 761,1502 774,1504 828,1507 886,1505 889,1501 903,1496 914,1497 918,1504 954,1503 959,1501 978,1504 985,1497 990,1497 999,1505 1033,1503 1038,1499 1049,1499 1054,1503 1077,1503 1079,1497 1085,1493 1097,1495 1101,1504 1129,1504 1158,1497 1170,1497 1179,1492 1198,1492 1214,1499 1228,1497 1235,1501 1261,1501 1269,1496 1277,1496 1282,1501 1295,1502 1370,1501 1378,1495 1387,1495 1394,1500 1472,1498 1480,1505 1480,1540 1470,1549 1461,1552 1452,1552 1448,1549 1358,1548 1351,1554 1318,1549 1225,1556 1104,1553 1021,1556 934,1555 879,1557 866,1566 855,1566 844,1556 807,1554 758,1559 753,1565 745,1567 735,1565 730,1559 719,1559 703,1566 698,1562 686,1560 679,1565 664,1565 663,1535"/>
        <Word id="region0005_line0013_word0000" custom="readingOrder {index:0;}">
          <Coords points="683,1496 683,1544 760,1545 760,1500 756,1496 751,1495 744,1495 738,1499 704,1496"/>
          <TextEquiv>
            <Unicode>Jch</Unicode>
          </TextEquiv>
        </Word>
        <Word id="region0005_line0013_word0001" custom="readingOrder {index:1;}">
          <Coords points="789,1504 789,1543 933,1544 933,1503 918,1504 914,1497 903,1496 889,1501 886,1505 828,1507"/>
          <TextEquiv conf="0.96077204">
            <Unicode>vergebe</Unicode>
          </TextEquiv>
        </Word>
        <Word id="region0005_line0013_word0002" custom="readingOrder {index:2;}">
          <Coords points="958,1501 958,1537 1014,1537 1014,1504 999,1505 990,1497 985,1497 978,1504 959,1501"/>
          <TextEquiv conf="0.96657103">
            <Unicode>dir</Unicode>
          </TextEquiv>
        </Word>
        <Word id="region0005_line0013_word0003" custom="readingOrder {index:3;}">
          <Coords points="1038,1499 1038,1537 1138,1538 1138,1501 1129,1504 1101,1504 1097,1495 1085,1493 1079,1497 1077,1503 1054,1503 1049,1499"/>
          <TextEquiv conf="0.96027476">
            <Unicode>deine</Unicode>
          </TextEquiv>
        </Word>
        <Word id="region0005_line0013_word0004" custom="readingOrder {index:4;}">
          <Coords points="1198,1492 1178,1492 1170,1497 1167,1497 1167,1544 1351,1546 1351,1501 1295,1502 1282,1501 1277,1496 1269,1496 1261,1501 1235,1501 1228,1497 1214,1499"/>
          <TextEquiv>
            <Unicode>Su&#x364;nden,</Unicode>
          </TextEquiv>
        </Word>
        <Word id="word_1650436599078_416" custom="readingOrder {index:5;}">
          <Coords points="1380,1495 1387,1495 1394,1500 1472,1498 1480,1505 1480,1540 1470,1549 1462,1551 1451,1551 1448,1549 1380,1548"/>
          <TextEquiv>
            <Unicode>denn</Unicode>
          </TextEquiv>
        </Word>
        <TextEquiv>
          <Unicode>Jch vergebe dir deine Su&#x364;nden, denn</Unicode>
        </TextEquiv>
      </TextLine>
      <TextLine id="line_1650436599081_418" custom="readingOrder {index:18;}">
        <Coords points="664,1566 679,1566 686,1561 698,1563 703,1567 719,1560 730,1560 735,1566 742,1568 799,1567 802,1557 819,1555 824,1559 826,1566 830,1558 844,1557 855,1567 878,1566 890,1558 906,1558 911,1566 932,1566 968,1565 973,1561 984,1561 993,1565 995,1558 999,1556 1012,1557 1016,1564 1057,1561 1065,1554 1080,1554 1088,1562 1129,1563 1136,1558 1146,1558 1151,1563 1183,1563 1261,1560 1269,1556 1334,1550 1341,1554 1362,1553 1399,1559 1470,1559 1479,1568 1480,1568 1480,1598 1471,1606 1469,1614 1464,1616 1458,1616 1452,1607 1334,1611 1230,1610 1166,1612 1160,1613 1153,1621 1140,1622 1130,1611 1124,1611 1117,1614 1095,1612 1074,1622 1059,1620 1053,1613 1019,1613 988,1617 946,1616 930,1625 924,1623 922,1616 845,1616 841,1620 829,1620 823,1616 799,1614 775,1617 768,1624 756,1624 752,1617 735,1617 722,1627 708,1625 706,1617 684,1619 680,1616 664,1616 664,1606"/>
        <Word id="region0005_line0014_word0000" custom="readingOrder {index:0;}">
          <Coords points="683,1563 682,1598 735,1599 736,1566 735,1566 730,1560 719,1560 703,1567 698,1563 686,1561"/>
          <TextEquiv>
            <Unicode>ich</Unicode>
          </TextEquiv>
        </Word>
        <Word id="region0005_line0014_word0001" custom="readingOrder {index:1;}">
          <Coords points="757,1567 757,1595 862,1596 862,1566 855,1567 844,1557 830,1558 826,1566 824,1559 819,1555 802,1557 799,1567"/>
          <TextEquiv>
            <Unicode>pru&#x364;fe</Unicode>
          </TextEquiv>
        </Word>
        <Word id="region0005_line0014_word0002" custom="readingOrder {index:2;}">
          <Coords points="886,1560 886,1599 951,1599 951,1565 932,1566 911,1566 906,1558 890,1558"/>
          <TextEquiv conf="0.9574701">
            <Unicode>bey</Unicode>
          </TextEquiv>
        </Word>
        <Word id="region0005_line0014_word0003" custom="readingOrder {index:3;}">
          <Coords points="974,1561 974,1590 1029,1590 1029,1563 1016,1564 1012,1557 999,1556 995,1558 993,1565 984,1561"/>
          <TextEquiv conf="0.93305975">
            <Unicode>dir</Unicode>
          </TextEquiv>
        </Word>
        <Word id="region0005_line0014_word0004" custom="readingOrder {index:4;}">
          <Coords points="1050,1561 1050,1599 1195,1600 1195,1562 1183,1563 1151,1563 1146,1558 1136,1558 1129,1563 1088,1562 1080,1554 1065,1554 1057,1561"/>
          <TextEquiv conf="0.9271426">
            <Unicode>Hertzen</Unicode>
          </TextEquiv>
        </Word>
        <Word id="region0005_line0014_word0005" custom="readingOrder {index:5;}">
          <Coords points="1217,1561 1217,1590 1293,1591 1293,1553 1269,1556 1261,1560"/>
          <TextEquiv conf="0.96085185">
            <Unicode>und</Unicode>
          </TextEquiv>
        </Word>
        <Word id="region0005_line0014_word0006" custom="readingOrder {index:6;}">
          <Coords points="1471,1606 1472,1561 1470,1559 1399,1559 1362,1553 1341,1554 1334,1550 1317,1552 1316,1607 1430,1608 1452,1607 1453,1608 1471,1608 1471,1606"/>
          <TextEquiv>
            <Unicode>Nieren,</Unicode>
          </TextEquiv>
        </Word>
        <TextEquiv>
          <Unicode>ich pru&#x364;fe bey dir Hertzen und Nieren,</Unicode>
        </TextEquiv>
      </TextLine>
      <TextLine id="line_1650436599087_424" custom="readingOrder {index:19;}">
        <Coords points="664,1626 722,1628 737,1619 746,1619 752,1625 787,1624 792,1617 799,1615 816,1616 820,1620 844,1620 846,1625 885,1624 892,1619 901,1619 906,1624 930,1626 946,1617 950,1618 952,1624 966,1625 1019,1614 1053,1614 1059,1621 1074,1623 1085,1621 1095,1613 1117,1615 1130,1612 1140,1623 1150,1623 1190,1612 1198,1612 1202,1618 1216,1617 1230,1611 1244,1612 1248,1618 1253,1618 1258,1612 1274,1612 1277,1616 1289,1618 1329,1618 1362,1617 1371,1611 1379,1611 1384,1616 1410,1616 1416,1612 1426,1612 1435,1616 1438,1609 1452,1608 1458,1617 1469,1615 1480,1621 1480,1659 1468,1668 1442,1665 1329,1666 1275,1670 1241,1667 1206,1676 1190,1671 1144,1671 1132,1672 1123,1681 1114,1680 1109,1673 1101,1680 1091,1680 1085,1673 1004,1672 906,1676 845,1675 839,1682 832,1683 822,1682 818,1674 809,1674 806,1680 801,1682 786,1672 751,1675 711,1674 707,1677 694,1674 665,1673 664,1634"/>
        <Word id="region0005_line0015_word0000" custom="readingOrder {index:0;}">
          <Coords points="682,1626 682,1649 759,1650 759,1624 752,1625 746,1619 737,1619 722,1628"/>
          <TextEquiv conf="0.96581084">
            <Unicode>und</Unicode>
          </TextEquiv>
        </Word>
        <Word id="region0005_line0015_word0001" custom="readingOrder {index:1;}">
          <Coords points="793,1616 793,1660 864,1661 864,1624 846,1625 844,1620 820,1620 816,1616 799,1615"/>
          <TextEquiv conf="0.8813631">
            <Unicode>&#x17F;ehe</Unicode>
          </TextEquiv>
        </Word>
        <Word id="region0005_line0015_word0002" custom="readingOrder {index:2;}">
          <Coords points="892,1619 892,1651 992,1652 992,1619 966,1625 952,1624 950,1618 946,1617 930,1626 906,1624 901,1619"/>
          <TextEquiv conf="0.9330317">
            <Unicode>deine</Unicode>
          </TextEquiv>
        </Word>
        <Word id="region0005_line0015_word0003" custom="readingOrder {index:3;}">
          <Coords points="1017,1614 1017,1660 1289,1662 1289,1618 1277,1616 1274,1612 1258,1612 1253,1618 1248,1618 1244,1612 1230,1611 1216,1617 1202,1618 1198,1612 1190,1612 1150,1623 1140,1623 1130,1612 1117,1615 1095,1613 1085,1621 1074,1623 1059,1621 1053,1614 1019,1614"/>
          <TextEquiv conf="0.9260533">
            <Unicode>Bu&#xDF;fertigkeit</Unicode>
          </TextEquiv>
        </Word>
        <Word id="region0005_line0015_word0004" custom="readingOrder {index:4;}">
          <Coords points="1379,1611 1369,1611 1362,1617 1329,1618 1316,1618 1316,1652 1393,1653 1393,1616 1384,1616"/>
          <TextEquiv conf="0.9317677">
            <Unicode>und</Unicode>
          </TextEquiv>
        </Word>
        <Word id="region0005_line0015_word0005" custom="readingOrder {index:5;}">
          <Coords points="1470,1666 1470,1615 1469,1615 1458,1617 1452,1608 1438,1609 1435,1616 1426,1612 1416,1612 1410,1616 1410,1665 1442,1665 1468,1668"/>
          <TextEquiv conf="0.6476576">
            <Unicode>die</Unicode>
          </TextEquiv>
        </Word>
        <TextEquiv conf="0.799976">
          <Unicode>und &#x17F;ehe deine Bu&#xDF;fertigkeit und die</Unicode>
        </TextEquiv>
      </TextLine>
      <TextLine id="line_1650436599089_428" custom="readingOrder {index:20;}">
        <Coords points="665,1676 687,1674 704,1678 720,1676 728,1680 759,1682 768,1681 778,1673 786,1673 801,1683 864,1683 871,1675 885,1676 888,1683 916,1683 927,1682 933,1676 947,1676 951,1679 983,1679 993,1673 1004,1673 1012,1679 1053,1680 1062,1675 1071,1675 1077,1680 1123,1682 1132,1673 1142,1673 1151,1680 1158,1680 1187,1674 1206,1677 1241,1668 1261,1668 1285,1673 1313,1669 1316,1673 1329,1667 1341,1667 1347,1675 1368,1676 1372,1670 1382,1668 1389,1669 1395,1675 1426,1671 1434,1675 1439,1667 1450,1666 1456,1668 1459,1674 1469,1674 1480,1683 1480,1714 1464,1724 1434,1722 1426,1726 1349,1727 1344,1733 1337,1735 1324,1733 1319,1726 1281,1726 1228,1731 1093,1730 1086,1731 1081,1737 1072,1739 1059,1737 1054,1730 1018,1730 997,1741 983,1740 979,1738 978,1733 952,1731 787,1733 785,1739 772,1741 742,1737 738,1733 665,1730 665,1712"/>
        <Word id="region0005_line0016_word0000" custom="readingOrder {index:0;}">
          <Coords points="682,1674 682,1717 799,1718 799,1681 786,1673 778,1673 768,1681 759,1682 728,1680 720,1676 704,1678 687,1674"/>
          <TextEquiv conf="0.9597764">
            <Unicode>Ang&#x17F;t</Unicode>
          </TextEquiv>
        </Word>
        <Word id="region0005_line0016_word0001" custom="readingOrder {index:1;}">
          <Coords points="827,1683 827,1709 952,1709 952,1679 951,1679 947,1676 933,1676 927,1682 916,1683 888,1683 885,1676 871,1675 864,1683"/>
          <TextEquiv conf="0.933038">
            <Unicode>deines</Unicode>
          </TextEquiv>
        </Word>
        <Word id="region0005_line0016_word0002" custom="readingOrder {index:2;}">
          <Coords points="975,1679 975,1721 1159,1722 1159,1679 1158,1680 1151,1680 1142,1673 1132,1673 1123,1682 1077,1680 1071,1675 1062,1675 1053,1680 1012,1679 1004,1673 993,1673 983,1679"/>
          <TextEquiv conf="0.9191372">
            <Unicode>Hertzens.</Unicode>
          </TextEquiv>
        </Word>
        <Word id="region0005_line0016_word0003" custom="readingOrder {index:3;}">
          <Coords points="1216,1674 1216,1722 1389,1724 1389,1669 1389,1669 1382,1668 1372,1670 1368,1676 1347,1675 1341,1667 1329,1667 1316,1673 1313,1669 1285,1673 1261,1668 1241,1668"/>
          <TextEquiv conf="0.92524934">
            <Unicode>Welches</Unicode>
          </TextEquiv>
        </Word>
        <Word id="word_1650436599090_430" custom="readingOrder {index:4;}">
          <Coords points="1415,1672 1426,1671 1434,1675 1439,1667 1450,1666 1456,1668 1459,1674 1469,1674 1480,1683 1480,1714 1464,1724 1434,1722 1429,1724 1415,1724"/>
          <TextEquiv>
            <Unicode>die</Unicode>
          </TextEquiv>
        </Word>
        <TextEquiv>
          <Unicode>Ang&#x17F;t deines Hertzens. Welches die</Unicode>
        </TextEquiv>
      </TextLine>
      <TextLine id="line_1650436599092_432" custom="readingOrder {index:21;}">
        <Coords points="665,1732 684,1731 718,1733 772,1742 878,1740 898,1738 908,1732 925,1732 928,1735 932,1732 945,1732 949,1737 997,1742 1018,1731 1033,1731 1038,1738 1067,1740 1106,1738 1111,1735 1123,1738 1198,1737 1220,1732 1281,1727 1315,1729 1329,1736 1386,1736 1421,1730 1433,1723 1453,1723 1468,1730 1478,1740 1480,1740 1480,1774 1478,1774 1469,1783 1452,1783 1439,1789 1426,1788 1421,1783 1396,1780 1392,1786 1374,1783 1334,1782 1294,1788 1230,1787 1205,1781 1181,1782 1169,1786 1149,1783 1136,1787 1120,1786 1112,1790 1106,1787 1050,1788 1030,1784 1020,1789 1010,1787 1000,1790 993,1786 982,1788 948,1784 932,1785 916,1792 903,1788 882,1790 877,1794 868,1794 863,1790 803,1789 784,1785 776,1788 718,1791 711,1796 695,1790 681,1794 666,1793 665,1784 665,1770"/>
        <Word id="region0005_line0019_word0000" custom="readingOrder {index:0;}">
          <Coords points="679,1731 679,1772 815,1773 815,1741 772,1742 718,1733 684,1731"/>
          <TextEquiv>
            <Unicode>Juden</Unicode>
          </TextEquiv>
        </Word>
        <Word id="region0005_line0019_word0001" custom="readingOrder {index:1;}">
          <Coords points="844,1740 844,1775 942,1775 942,1732 932,1732 928,1735 925,1732 908,1732 898,1738 878,1740"/>
          <TextEquiv conf="0.7722409">
            <Unicode>wohl</Unicode>
          </TextEquiv>
        </Word>
        <Word id="region0005_line0019_word0002" custom="readingOrder {index:2;}">
          <Coords points="974,1739 974,1769 1180,1770 1180,1737 1123,1738 1111,1735 1106,1738 1067,1740 1038,1738 1033,1731 1018,1731 997,1742"/>
          <TextEquiv conf="0.90485734">
            <Unicode>erkannten.</Unicode>
          </TextEquiv>
        </Word>
        <Word id="word_1650445198020_1704" custom="readingOrder {index:3;}">
          <Coords points="1269,1727 1281,1727 1315,1729 1329,1736 1386,1736 1404,1732 1404,1778 1269,1778"/>
          <TextEquiv>
            <Unicode>Denn</Unicode>
          </TextEquiv>
        </Word>
        <Word id="region0005_line0019_word0005" custom="readingOrder {index:4;}">
          <Coords points="1466,1783 1466,1729 1453,1723 1433,1723 1421,1730 1418,1730 1418,1782 1421,1783 1424,1786 1445,1786 1452,1783"/>
          <TextEquiv conf="0.18507782">
            <Unicode>&#x17F;ie</Unicode>
          </TextEquiv>
        </Word>
        <TextEquiv>
          <Unicode>Juden wohl erkannten. Denn &#x17F;ie</Unicode>
        </TextEquiv>
      </TextLine>
      <TextLine id="line_1650436599095_436" custom="readingOrder {index:22;}">
        <Coords points="666,1796 681,1795 690,1790 703,1793 709,1797 718,1792 729,1792 735,1796 766,1795 772,1789 784,1786 797,1788 799,1795 882,1796 903,1789 916,1793 932,1786 948,1785 982,1789 993,1787 1000,1791 1017,1791 1034,1785 1047,1787 1052,1792 1111,1792 1120,1787 1136,1788 1149,1784 1163,1786 1165,1790 1181,1783 1201,1783 1207,1789 1294,1789 1334,1783 1374,1784 1392,1787 1396,1781 1422,1785 1429,1790 1439,1790 1449,1785 1469,1788 1478,1798 1480,1798 1480,1830 1477,1830 1468,1840 1450,1842 1439,1838 1403,1844 1355,1844 1349,1839 1340,1839 1328,1844 1279,1842 1271,1838 1261,1838 1252,1842 1185,1843 1179,1848 1167,1848 1161,1844 1139,1846 1067,1843 1051,1840 1021,1849 1013,1842 1003,1839 992,1840 984,1845 957,1841 934,1843 822,1842 813,1845 801,1844 791,1851 778,1852 771,1845 761,1844 711,1843 701,1850 685,1849 676,1843 666,1843"/>
        <Word id="region0005_line0020_word0000" custom="readingOrder {index:0;}">
          <Coords points="681,1795 681,1831 871,1833 871,1795 799,1795 797,1788 784,1786 772,1789 766,1795 735,1796 729,1792 718,1792 709,1797 703,1793 690,1790"/>
          <TextEquiv conf="0.90448195">
            <Unicode>&#x17F;prachen:</Unicode>
          </TextEquiv>
        </Word>
        <Word id="region0005_line0020_word0001" custom="readingOrder {index:1;}">
          <Coords points="926,1788 926,1834 1077,1835 1077,1792 1072,1792 1052,1792 1047,1787 1034,1785 1017,1791 1000,1791 993,1787 982,1789 948,1785 932,1786"/>
          <TextEquiv conf="0.95905954">
            <Unicode>Die&#x17F;er</Unicode>
          </TextEquiv>
        </Word>
        <Word id="region0005_line0020_word0002" custom="readingOrder {index:2;}">
          <Coords points="1119,1787 1119,1835 1266,1836 1266,1789 1207,1789 1201,1783 1181,1783 1165,1790 1163,1786 1149,1784 1136,1788 1120,1787"/>
          <TextEquiv>
            <Unicode>la&#x364;&#x17F;tert</Unicode>
          </TextEquiv>
        </Word>
        <Word id="word_1650436599095_438" custom="readingOrder {index:3;}">
          <Coords points="1304,1788 1334,1783 1374,1784 1392,1787 1395,1782 1402,1782 1422,1785 1429,1790 1439,1790 1449,1785 1469,1788 1478,1798 1480,1798 1480,1830 1477,1830 1476,1831 1304,1830"/>
          <TextEquiv>
            <Unicode>GOtt.</Unicode>
          </TextEquiv>
        </Word>
        <TextEquiv>
          <Unicode>&#x17F;prachen: Die&#x17F;er la&#x364;&#x17F;tert GOtt.</Unicode>
        </TextEquiv>
      </TextLine>
      <TextLine id="line_1650436599097_440" custom="readingOrder {index:23;}">
        <Coords points="666,1844 676,1844 685,1850 701,1851 711,1844 757,1846 786,1853 798,1848 812,1848 822,1843 843,1844 850,1849 926,1851 932,1844 939,1842 971,1843 984,1847 992,1841 1003,1840 1013,1843 1017,1849 1027,1850 1051,1841 1068,1845 1162,1846 1167,1849 1179,1849 1184,1845 1251,1845 1261,1839 1274,1840 1279,1845 1309,1846 1331,1846 1340,1840 1349,1840 1356,1848 1374,1848 1377,1845 1419,1846 1426,1840 1439,1839 1447,1842 1449,1846 1468,1846 1478,1855 1480,1855 1480,1886 1477,1885 1468,1895 1452,1895 1446,1901 1431,1900 1428,1895 1408,1896 1403,1893 1367,1897 1357,1902 1348,1900 1344,1896 1303,1893 1276,1898 1244,1898 1238,1905 1223,1909 1202,1904 1195,1898 1156,1897 1104,1900 1092,1898 1065,1901 1012,1899 994,1902 977,1900 965,1904 930,1901 831,1907 822,1904 797,1903 763,1908 666,1908"/>
        <Word id="region0005_line0021_word0000" custom="readingOrder {index:0;}">
          <Coords points="678,1845 678,1886 797,1887 797,1848 786,1853 757,1846 711,1844 701,1851 685,1850"/>
          <TextEquiv conf="0.9315361">
            <Unicode>Wer</Unicode>
          </TextEquiv>
        </Word>
        <Word id="region0005_line0021_word0001" custom="readingOrder {index:1;}">
          <Coords points="819,1844 819,1884 905,1885 905,1850 850,1849 843,1844 822,1843"/>
          <TextEquiv conf="0.95212096">
            <Unicode>kan</Unicode>
          </TextEquiv>
        </Word>
        <Word id="region0005_line0021_word0002" custom="readingOrder {index:2;}">
          <Coords points="926,1850 926,1887 1104,1889 1104,1845 1068,1845 1051,1841 1027,1850 1017,1849 1013,1843 1003,1840 992,1841 984,1847 971,1843 939,1842 932,1844"/>
          <TextEquiv>
            <Unicode>Su&#x364;nde</Unicode>
          </TextEquiv>
        </Word>
        <Word id="region0005_line0021_word0003" custom="readingOrder {index:3;}">
          <Coords points="1329,1894 1364,1895 1364,1840 1340,1840 1331,1846 1309,1846 1279,1845 1274,1840 1261,1839 1251,1845 1184,1845 1179,1849 1167,1849 1162,1846 1125,1845 1125,1894 1293,1894 1303,1893"/>
          <TextEquiv>
            <Unicode>vergeben,</Unicode>
          </TextEquiv>
        </Word>
        <Word id="word_1650436599098_442" custom="readingOrder {index:4;}">
          <Coords points="1397,1842 1356,1848 1374,1848 1377,1845 1419,1846 1425,1840 1442,1840 1447,1842 1449,1846 1468,1846 1478,1855 1480,1855 1480,1886 1477,1885 1470,1892 1397,1888"/>
          <TextEquiv>
            <Unicode>oh&#x2E17;</Unicode>
          </TextEquiv>
        </Word>
        <TextEquiv>
          <Unicode>Wer kan Su&#x364;nde vergeben, oh&#x2E17;</Unicode>
        </TextEquiv>
      </TextLine>
      <TextLine id="line_1650436599100_444" custom="readingOrder {index:24;}">
        <Coords points="666,1913 740,1914 797,1904 822,1905 831,1910 843,1910 851,1905 861,1905 867,1912 875,1912 930,1902 965,1905 977,1901 994,1903 1012,1900 1065,1902 1092,1899 1158,1899 1184,1902 1195,1899 1202,1905 1223,1910 1242,1905 1289,1904 1293,1897 1303,1894 1316,1895 1320,1897 1321,1902 1357,1903 1377,1900 1391,1894 1403,1894 1410,1900 1434,1902 1468,1900 1480,1907 1480,1944 1479,1944 1469,1953 1455,1952 1449,1960 1441,1961 1432,1960 1428,1953 1407,1953 1402,1958 1382,1958 1377,1952 1362,1951 1311,1953 1308,1960 1300,1962 1292,1959 1289,1954 1247,1953 1206,1957 1162,1958 1099,1954 1040,1964 1004,1966 916,1962 890,1964 878,1961 867,1965 840,1963 836,1966 667,1964"/>
        <Word id="region0005_line0022_word0000" custom="readingOrder {index:0;}">
          <Coords points="680,1913 680,1935 733,1936 733,1913"/>
          <TextEquiv conf="0.95717186">
            <Unicode>ne</Unicode>
          </TextEquiv>
        </Word>
        <Word id="region0005_line0022_word0001" custom="readingOrder {index:1;}">
          <Coords points="762,1910 762,1937 891,1938 891,1909 875,1912 867,1912 861,1905 851,1905 843,1910 831,1910 822,1905 797,1904"/>
          <TextEquiv conf="0.959159">
            <Unicode>allein</Unicode>
          </TextEquiv>
        </Word>
        <Word id="region0005_line0022_word0002" custom="readingOrder {index:2;}">
          <Coords points="921,1903 921,1942 1101,1944 1101,1899 1092,1899 1065,1902 1012,1900 994,1903 977,1901 965,1905 930,1902"/>
          <TextEquiv conf="0.95435697">
            <Unicode>GOtt?</Unicode>
          </TextEquiv>
        </Word>
        <Word id="region0005_line0022_word0003" custom="readingOrder {index:3;}">
          <Coords points="1128,1899 1128,1939 1213,1939 1213,1907 1202,1905 1195,1899 1184,1902 1158,1899"/>
          <TextEquiv conf="0.956445">
            <Unicode>Und</Unicode>
          </TextEquiv>
        </Word>
        <Word id="region0005_line0022_word0004" custom="readingOrder {index:4;}">
          <Coords points="1242,1905 1242,1947 1343,1947 1343,1902 1321,1902 1320,1897 1316,1895 1303,1894 1293,1897 1289,1904"/>
          <TextEquiv conf="0.9330075">
            <Unicode>un&#x17F;er</Unicode>
          </TextEquiv>
        </Word>
        <Word id="word_1650436599100_446" custom="readingOrder {index:5;}">
          <Coords points="1378,1899 1391,1894 1403,1894 1410,1900 1434,1902 1468,1900 1480,1907 1480,1944 1479,1944 1473,1948 1378,1948"/>
          <TextEquiv>
            <Unicode>Hey&#x2E17;</Unicode>
          </TextEquiv>
        </Word>
        <TextEquiv>
          <Unicode>ne allein GOtt? Und un&#x17F;er Hey&#x2E17;</Unicode>
        </TextEquiv>
      </TextLine>
      <TextLine id="line_1650436599102_448" custom="readingOrder {index:25;}">
        <Coords points="667,1968 687,1964 704,1968 709,1972 727,1972 740,1967 785,1970 795,1964 812,1964 818,1971 831,1972 840,1964 860,1965 864,1968 872,1963 884,1962 892,1967 916,1963 919,1964 921,1972 956,1972 961,1968 971,1968 976,1972 1001,1972 1016,1971 1022,1964 1039,1964 1043,1968 1045,1964 1057,1960 1093,1958 1099,1955 1185,1962 1247,1954 1267,1957 1283,1954 1300,1963 1348,1960 1354,1954 1373,1952 1382,1959 1468,1961 1476,1970 1480,1970 1480,2006 1475,2004 1464,2014 1415,2015 1399,2021 1390,2020 1386,2016 1368,2016 1365,2020 1355,2022 1339,2012 1292,2016 1285,2012 1277,2012 1259,2017 1236,2012 1201,2018 1162,2020 1120,2021 1112,2016 1100,2016 1095,2019 986,2019 943,2022 928,2029 912,2028 906,2022 851,2022 849,2028 842,2031 830,2029 828,2022 767,2020 747,2023 703,2020 683,2023 667,2021"/>
        <Word id="region0005_line0023_word0000" custom="readingOrder {index:0;}">
          <Coords points="678,1965 678,2000 764,2001 764,1968 740,1967 727,1972 709,1972 704,1968 687,1964"/>
          <TextEquiv conf="0.91871226">
            <Unicode>land</Unicode>
          </TextEquiv>
        </Word>
        <Word id="region0005_line0023_word0001" custom="readingOrder {index:1;}">
          <Coords points="792,1965 792,2009 972,2011 972,1969 971,1968 961,1968 956,1972 921,1972 919,1964 916,1963 892,1967 884,1962 872,1963 864,1968 860,1965 840,1964 831,1972 818,1971 812,1964 795,1964"/>
          <TextEquiv>
            <Unicode>be&#x17F;ta&#x364;tiget</Unicode>
          </TextEquiv>
        </Word>
        <Word id="region0005_line0023_word0002" custom="readingOrder {index:2;}">
          <Coords points="998,1972 997,2002 1057,2002 1058,1960 1057,1960 1045,1964 1043,1968 1039,1964 1022,1964 1016,1971 1001,1972"/>
          <TextEquiv conf="0.8548783">
            <Unicode>es:</Unicode>
          </TextEquiv>
        </Word>
        <Word id="region0005_line0023_word0003" custom="readingOrder {index:3;}">
          <Coords points="1111,1956 1097,1956 1093,1957 1093,2007 1198,2007 1198,1960 1185,1962"/>
          <TextEquiv conf="0.8287182">
            <Unicode>Des</Unicode>
          </TextEquiv>
        </Word>
        <Word id="region0005_line0023_word0004" custom="readingOrder {index:4;}">
          <Coords points="1461,2014 1461,1960 1382,1959 1373,1952 1354,1954 1348,1960 1300,1963 1283,1954 1267,1957 1247,1954 1230,1956 1230,2013 1236,2012 1259,2017 1277,2012 1285,2012 1292,2016 1339,2012 1349,2018 1366,2018 1368,2016 1386,2016 1388,2018 1404,2018 1415,2015"/>
          <TextEquiv>
            <Unicode>Men&#x17F;chen</Unicode>
          </TextEquiv>
        </Word>
        <TextEquiv>
          <Unicode>land be&#x17F;ta&#x364;tiget es: Des Men&#x17F;chen</Unicode>
        </TextEquiv>
      </TextLine>
      <TextLine id="line_1650436599105_452" custom="readingOrder {index:26;}">
        <Coords points="689,2021 703,2021 732,2023 738,2030 761,2029 767,2021 788,2021 791,2029 842,2032 855,2029 860,2023 879,2023 884,2029 928,2030 948,2023 986,2020 1057,2019 1094,2023 1100,2017 1112,2017 1121,2023 1147,2021 1151,2024 1201,2026 1207,2018 1226,2014 1239,2013 1263,2020 1268,2014 1285,2013 1292,2017 1293,2021 1298,2021 1319,2020 1326,2014 1339,2013 1355,2023 1461,2019 1474,2029 1480,2030 1480,2067 1475,2065 1462,2075 1435,2076 1420,2083 1412,2082 1404,2076 1297,2075 1281,2071 1267,2075 1261,2071 1251,2078 1237,2080 1220,2079 1214,2074 1179,2074 1166,2078 1151,2076 1145,2079 1131,2079 1128,2083 1114,2085 1108,2079 1010,2081 976,2078 889,2083 882,2089 869,2088 866,2083 827,2082 820,2078 805,2082 797,2080 789,2086 779,2086 768,2080 748,2083 744,2080 731,2080 718,2085 696,2085 668,2076 667,2069 667,2031 674,2031"/>
        <Word id="region0005_line0024_word0000" custom="readingOrder {index:0;}">
          <Coords points="678,2028 678,2061 831,2063 831,2031 791,2029 788,2021 767,2021 761,2029 738,2030 732,2023 703,2021 689,2021"/>
          <TextEquiv conf="0.95865357">
            <Unicode>Sohn</Unicode>
          </TextEquiv>
        </Word>
        <Word id="region0005_line0024_word0001" custom="readingOrder {index:1;}">
          <Coords points="865,2023 865,2066 946,2066 946,2023 928,2030 884,2029 879,2023"/>
          <TextEquiv conf="0.93281746">
            <Unicode>hat</Unicode>
          </TextEquiv>
        </Word>
        <Word id="region0005_line0024_word0002" custom="readingOrder {index:2;}">
          <Coords points="979,2020 979,2067 1175,2068 1175,2024 1151,2024 1147,2021 1121,2023 1112,2017 1100,2017 1094,2023 1057,2019 986,2020"/>
          <TextEquiv conf="0.9167325">
            <Unicode>Macht,</Unicode>
          </TextEquiv>
        </Word>
        <Word id="region0005_line0024_word0003" custom="readingOrder {index:3;}">
          <Coords points="1205,2020 1205,2065 1379,2067 1379,2022 1355,2023 1339,2013 1326,2014 1319,2020 1298,2021 1293,2021 1292,2017 1285,2013 1268,2014 1263,2020 1239,2013 1226,2014 1207,2018"/>
          <TextEquiv>
            <Unicode>Su&#x364;nde</Unicode>
          </TextEquiv>
        </Word>
        <Word id="word_1650436599105_454" custom="readingOrder {index:4;}">
          <Coords points="1411,2022 1465,2022 1474,2029 1480,2030 1480,2067 1475,2065 1466,2071 1411,2071"/>
          <TextEquiv>
            <Unicode>zu</Unicode>
          </TextEquiv>
        </Word>
        <TextEquiv>
          <Unicode>Sohn hat Macht, Su&#x364;nde zu</Unicode>
        </TextEquiv>
      </TextLine>
      <TextLine id="line_1650436599107_456" custom="readingOrder {index:27;}">
        <Coords points="668,2086 680,2085 789,2087 802,2086 803,2083 820,2079 828,2083 830,2087 882,2090 906,2088 922,2082 976,2079 1019,2081 1049,2086 1121,2086 1141,2083 1151,2077 1166,2079 1179,2075 1190,2076 1195,2080 1217,2078 1230,2082 1264,2083 1268,2076 1281,2072 1290,2074 1295,2079 1310,2074 1331,2074 1336,2082 1391,2083 1396,2079 1406,2079 1419,2084 1465,2081 1474,2090 1480,2090 1480,2123 1474,2121 1464,2130 1385,2131 1362,2137 1352,2132 1280,2132 1271,2137 1262,2132 1209,2130 1187,2131 1167,2137 1156,2132 1138,2132 1005,2136 972,2140 793,2137 789,2142 783,2143 773,2131 765,2129 759,2129 751,2137 667,2135 667,2126"/>
        <Word id="region0005_line0025_word0000" custom="readingOrder {index:0;}">
          <Coords points="677,2085 677,2116 902,2118 902,2088 882,2090 830,2087 828,2083 820,2079 803,2083 802,2086 789,2087 680,2085"/>
          <TextEquiv conf="0.6077476">
            <Unicode>vergeben.</Unicode>
          </TextEquiv>
        </Word>
        <Word id="region0005_line0025_word0001" custom="readingOrder {index:1;}">
          <Coords points="959,2079 959,2117 1078,2117 1078,2086 1049,2086 1019,2081 976,2079"/>
          <TextEquiv conf="0.96071833">
            <Unicode>Denn</Unicode>
          </TextEquiv>
        </Word>
        <Word id="region0005_line0025_word0002" custom="readingOrder {index:2;}">
          <Coords points="1098,2086 1098,2114 1133,2114 1133,2084 1121,2086"/>
          <TextEquiv conf="0.9602471">
            <Unicode>er</Unicode>
          </TextEquiv>
        </Word>
        <Word id="region0005_line0025_word0003" custom="readingOrder {index:3;}">
          <Coords points="1149,2077 1149,2121 1190,2121 1190,2076 1190,2076 1179,2075 1166,2079 1151,2077"/>
          <TextEquiv conf="0.9602471">
            <Unicode>i&#x17F;t</Unicode>
          </TextEquiv>
        </Word>
        <Word id="region0005_line0025_word0004" custom="readingOrder {index:4;}">
          <Coords points="1206,2078 1206,2122 1374,2124 1374,2082 1336,2082 1331,2074 1310,2074 1295,2079 1290,2074 1281,2072 1268,2076 1264,2083 1230,2082 1217,2078"/>
          <TextEquiv conf="0.923902">
            <Unicode>der&#x17F;elbe,</Unicode>
          </TextEquiv>
        </Word>
        <Word id="word_1650436599108_458" custom="readingOrder {index:5;}">
          <Coords points="1395,2079 1406,2079 1419,2084 1465,2081 1474,2090 1480,2090 1480,2117 1395,2117"/>
          <TextEquiv>
            <Unicode>von</Unicode>
          </TextEquiv>
        </Word>
        <TextEquiv>
          <Unicode>vergeben. Denn er i&#x17F;t der&#x17F;elbe, von</Unicode>
        </TextEquiv>
      </TextLine>
      <TextLine id="line_1650436599110_460" custom="readingOrder {index:28;}">
        <Coords points="668,2142 725,2142 740,2136 751,2138 759,2130 773,2132 782,2144 820,2145 884,2144 902,2139 909,2139 914,2143 944,2143 1005,2137 1064,2141 1073,2135 1087,2134 1111,2136 1156,2133 1163,2138 1176,2135 1201,2137 1209,2131 1222,2132 1228,2135 1262,2133 1272,2138 1280,2133 1296,2132 1352,2133 1362,2138 1385,2132 1451,2132 1464,2133 1472,2142 1480,2146 1480,2183 1478,2181 1474,2181 1465,2189 1430,2185 1349,2190 1320,2187 1312,2190 1234,2187 1218,2189 1210,2193 1199,2189 1179,2189 1139,2195 1103,2195 1095,2202 1087,2203 1079,2200 1075,2193 928,2196 910,2195 905,2192 839,2192 831,2195 784,2193 780,2199 773,2201 759,2197 758,2193 753,2192 668,2191"/>
        <Word id="region0005_line0026_word0000" custom="readingOrder {index:0;}">
          <Coords points="676,2142 676,2180 842,2182 842,2144 820,2145 782,2144 773,2132 759,2130 751,2138 740,2136 725,2142"/>
          <TextEquiv conf="0.929532">
            <Unicode>welchem</Unicode>
          </TextEquiv>
        </Word>
        <Word id="region0005_line0026_word0001" custom="readingOrder {index:1;}">
          <Coords points="871,2144 871,2173 911,2173 911,2140 909,2139 902,2139 884,2144"/>
          <TextEquiv conf="0.9226489">
            <Unicode>es</Unicode>
          </TextEquiv>
        </Word>
        <Word id="region0005_line0026_word0002" custom="readingOrder {index:2;}">
          <Coords points="934,2145 970,2146 970,2175 934,2174"/>
          <TextEquiv conf="0.9226489">
            <Unicode>2.</Unicode>
          </TextEquiv>
        </Word>
        <Word id="region0005_line0026_word0003" custom="readingOrder {index:3;}">
          <Coords points="992,2138 992,2188 1104,2189 1104,2135 1087,2134 1073,2135 1064,2141 1005,2137"/>
          <TextEquiv conf="0.9323583">
            <Unicode>Buch</Unicode>
          </TextEquiv>
        </Word>
        <Word id="region0005_line0026_word0004" custom="readingOrder {index:4;}">
          <Coords points="1156,2133 1152,2133 1126,2135 1126,2184 1227,2185 1227,2134 1225,2133 1205,2133 1201,2137 1176,2135 1163,2138"/>
          <TextEquiv conf="0.9237358">
            <Unicode>Mo&#x17F;.</Unicode>
          </TextEquiv>
        </Word>
        <Word id="region0005_line0026_word0005" custom="readingOrder {index:5;}">
          <Coords points="1452,2185 1452,2131 1385,2132 1362,2138 1352,2133 1296,2132 1280,2133 1276,2135 1276,2188 1312,2190 1320,2187 1349,2190"/>
          <TextEquiv conf="0.20478149">
            <Unicode>XXXIV</Unicode>
          </TextEquiv>
        </Word>
        <TextEquiv conf="0.8144733">
          <Unicode>welchem es 2. Buch Mo&#x17F;. XXXIV</Unicode>
        </TextEquiv>
      </TextLine>
      <TextLine id="line_1650436599113_464" custom="readingOrder {index:29;}">
        <Coords points="686,2192 695,2194 699,2200 706,2201 712,2200 720,2193 753,2193 771,2202 820,2202 839,2193 848,2193 857,2198 870,2198 881,2193 905,2193 913,2199 981,2202 998,2199 1004,2195 1040,2198 1052,2194 1075,2194 1079,2201 1087,2204 1179,2190 1199,2190 1210,2194 1218,2190 1244,2188 1311,2194 1316,2189 1331,2188 1336,2190 1338,2195 1353,2197 1465,2197 1475,2206 1479,2206 1480,2205 1480,2239 1478,2238 1474,2238 1465,2248 1447,2250 1315,2248 1299,2257 1288,2252 1214,2255 1119,2255 1113,2252 1101,2254 1095,2250 1087,2250 1075,2256 1034,2256 1012,2264 999,2261 992,2255 972,2255 961,2260 948,2252 922,2256 862,2256 857,2259 832,2260 824,2257 820,2249 795,2248 785,2251 752,2251 737,2259 728,2256 726,2251 722,2250 704,2252 699,2249 696,2254 679,2253 668,2247 668,2198"/>
        <Word id="region0005_line0027_word0000" custom="readingOrder {index:0;}">
          <Coords points="676,2195 676,2241 790,2242 790,2202 771,2202 753,2193 720,2193 712,2200 706,2201 699,2200 695,2194 686,2192"/>
          <TextEquiv conf="0.93009764">
            <Unicode>hei&#xDF;t:</Unicode>
          </TextEquiv>
        </Word>
        <Word id="region0005_line0027_word0001" custom="readingOrder {index:1;}">
          <Coords points="821,2201 821,2244 973,2245 973,2201 913,2199 905,2193 881,2193 870,2198 857,2198 848,2193 839,2193"/>
          <TextEquiv conf="0.90346056">
            <Unicode>HErr,</Unicode>
          </TextEquiv>
        </Word>
        <Word id="region0005_line0027_word0002" custom="readingOrder {index:2;}">
          <Coords points="990,2200 990,2249 1129,2250 1129,2197 1087,2204 1079,2201 1075,2194 1052,2194 1040,2198 1004,2195 998,2199"/>
          <TextEquiv>
            <Unicode>HErr</Unicode>
          </TextEquiv>
        </Word>
        <Word id="region0005_line0027_word0003" custom="readingOrder {index:3;}">
          <Coords points="1202,2191 1171,2191 1149,2194 1149,2246 1309,2247 1309,2193 1287,2191 1215,2191 1210,2194"/>
          <TextEquiv conf="0.86718947">
            <Unicode>GOtt,</Unicode>
          </TextEquiv>
        </Word>
        <Word id="word_1650436599113_466" custom="readingOrder {index:4;}">
          <Coords points="1320,2192 1336,2192 1338,2195 1353,2197 1465,2197 1475,2206 1479,2206 1480,2205 1480,2239 1478,2238 1474,2238 1465,2248 1456,2249 1320,2248"/>
          <TextEquiv>
            <Unicode>barm&#x2E17;</Unicode>
          </TextEquiv>
        </Word>
        <TextEquiv>
          <Unicode>hei&#xDF;t: HErr, HErr GOtt, barm&#x2E17;</Unicode>
        </TextEquiv>
      </TextLine>
      <TextLine id="line_1650436599082_420" custom="readingOrder {index:30;}">
        <Coords points="671,2249 679,2254 729,2257 737,2260 750,2256 788,2256 790,2251 795,2249 809,2249 813,2256 832,2261 915,2258 948,2253 961,2261 969,2258 986,2258 1012,2265 1030,2259 1074,2260 1077,2255 1087,2251 1095,2251 1101,2255 1113,2253 1125,2259 1151,2254 1157,2259 1208,2259 1282,2255 1299,2258 1314,2249 1330,2254 1459,2253 1464,2254 1473,2263 1479,2264 1480,2262 1480,2299 1477,2296 1457,2307 1423,2305 1415,2308 1408,2304 1400,2304 1388,2307 1372,2305 1323,2308 1318,2305 1307,2305 1299,2310 1265,2309 1177,2317 1159,2316 1148,2308 1085,2313 1066,2309 1034,2320 1018,2321 1000,2315 965,2310 948,2311 934,2303 918,2303 907,2307 891,2303 847,2306 836,2316 822,2318 814,2316 803,2303 781,2307 777,2299 767,2300 759,2308 703,2309 691,2316 669,2310 668,2252"/>
        <Word id="region0005_line0028_word0000" custom="readingOrder {index:0;}">
          <Coords points="680,2254 676,2254 676,2309 702,2309 703,2309 759,2308 767,2300 777,2299 781,2307 803,2303 809,2311 842,2311 842,2311 842,2261 832,2261 813,2256 813,2256 788,2255 788,2256 750,2256 737,2260 729,2257"/>
          <TextEquiv conf="0.8617744">
            <Unicode>hertzig</Unicode>
          </TextEquiv>
        </Word>
        <Word id="region0005_line0028_word0001" custom="readingOrder {index:1;}">
          <Coords points="955,2257 918,2257 915,2258 878,2259 878,2302 971,2303 971,2258 969,2258 961,2261"/>
          <TextEquiv conf="0.9532632">
            <Unicode>und</Unicode>
          </TextEquiv>
        </Word>
        <Word id="region0005_line0028_word0002" custom="readingOrder {index:2;}">
          <Coords points="1203,2314 1203,2259 1157,2259 1151,2254 1125,2259 1113,2253 1101,2255 1095,2251 1087,2251 1077,2255 1074,2260 1030,2259 1012,2265 1009,2264 1009,2314 1050,2314 1066,2309 1085,2313 1148,2308 1157,2314 1199,2314"/>
          <TextEquiv>
            <Unicode>gna&#x364;dig,</Unicode>
          </TextEquiv>
        </Word>
        <Word id="region0005_line0028_word0003" custom="readingOrder {index:3;}">
          <Coords points="1319,2306 1339,2306 1339,2261 1245,2261 1245,2306 1305,2306 1307,2305 1318,2305"/>
          <TextEquiv conf="0.93252134">
            <Unicode>und</Unicode>
          </TextEquiv>
        </Word>
        <Word id="word_1650436599083_422" custom="readingOrder {index:4;}">
          <Coords points="1369,2262 1473,2263 1479,2264 1480,2263 1480,2299 1477,2296 1458,2306 1447,2306 1423,2305 1420,2306 1412,2306 1408,2304 1400,2304 1392,2306 1380,2306 1372,2305 1369,2305"/>
          <TextEquiv>
            <Unicode>von</Unicode>
          </TextEquiv>
        </Word>
        <TextEquiv>
          <Unicode>hertzig und gna&#x364;dig, und von</Unicode>
        </TextEquiv>
      </TextLine>
      <TextLine id="line_1650436599114_468" custom="readingOrder {index:31;}">
        <Coords points="669,2313 691,2317 709,2313 760,2313 760,2308 769,2300 777,2300 781,2308 803,2304 816,2318 836,2317 854,2309 891,2304 912,2308 918,2304 934,2304 943,2311 1000,2316 1018,2322 1034,2321 1066,2310 1085,2314 1124,2309 1148,2309 1159,2317 1177,2318 1299,2311 1307,2306 1318,2306 1325,2310 1359,2311 1393,2310 1396,2306 1408,2305 1419,2310 1463,2311 1464,2306 1474,2297 1480,2302 1480,2420 1462,2420 1462,2365 1278,2370 1270,2377 1262,2377 1255,2370 1138,2373 1017,2367 934,2366 803,2366 795,2375 781,2372 777,2375 768,2375 762,2367 752,2367 729,2370 722,2378 712,2381 669,2382"/>
        <Word id="region0005_line0018_word0000" custom="readingOrder {index:0;}">
          <Coords points="778,2303 765,2303 760,2308 760,2313 709,2313 691,2317 675,2314 675,2373 725,2373 729,2370 752,2367 762,2367 767,2374 778,2374 781,2372 792,2374 795,2374 803,2366 843,2366 843,2313 836,2317 816,2318 803,2304 781,2308"/>
          <TextEquiv conf="0.87409663">
            <Unicode>gro&#x17F;&#x17F;er</Unicode>
          </TextEquiv>
        </Word>
        <Word id="region0005_line0018_word0001" custom="readingOrder {index:1;}">
          <Coords points="963,2312 858,2312 858,2363 986,2364 986,2314"/>
          <TextEquiv>
            <Unicode>Gu&#x364;te</Unicode>
          </TextEquiv>
        </Word>
        <Word id="region0005_line0018_word0002" custom="readingOrder {index:2;}">
          <Coords points="1009,2319 1002,2319 1002,2365 1097,2366 1097,2320 1038,2319 1034,2321 1018,2322"/>
          <TextEquiv conf="0.96591073">
            <Unicode>und</Unicode>
          </TextEquiv>
        </Word>
        <Word id="region0005_line0018_word0003" custom="readingOrder {index:3;}">
          <Coords points="1276,2371 1276,2319 1115,2318 1115,2371 1118,2372 1164,2372 1255,2370 1257,2372 1274,2372"/>
          <TextEquiv conf="0.9620663">
            <Unicode>Treue,</Unicode>
          </TextEquiv>
        </Word>
        <Word id="region0005_line0018_word0004" custom="readingOrder {index:4;}">
          <Coords points="1308,2316 1385,2317 1385,2365 1308,2364"/>
          <TextEquiv conf="0.95911527">
            <Unicode>der</Unicode>
          </TextEquiv>
        </Word>
        <Word id="region0005_line0018_word0005" custom="readingOrder {index:5;}">
          <Coords points="1462,2393 1478,2394 1479,2302 1468,2301 1464,2306 1463,2311 1419,2310 1408,2305 1398,2305 1398,2366 1462,2365"/>
          <TextEquiv>
            <Unicode>du</Unicode>
          </TextEquiv>
        </Word>
        <TextEquiv>
          <Unicode>gro&#x17F;&#x17F;er Gu&#x364;te und Treue, der du</Unicode>
        </TextEquiv>
      </TextLine>
      <TextLine id="line_1650436606903_480" custom="readingOrder {index:32;}">
        <Coords points="668,2374 786,2371 792,2363 795,2363 803,2364 810,2371 819,2371 822,2363 844,2363 847,2370 854,2370 884,2362 941,2362 1074,2363 1103,2366 1117,2363 1127,2370 1169,2372 1174,2368 1188,2369 1211,2362 1321,2362 1327,2370 1347,2372 1379,2370 1390,2366 1399,2366 1403,2369 1446,2369 1452,2367 1452,2359 1471,2359 1471,2417 1462,2426 1265,2427 1217,2423 1203,2427 1177,2424 1149,2428 1134,2427 1122,2432 1113,2431 1108,2427 1067,2424 1055,2431 1038,2431 1032,2429 1029,2424 1019,2424 1011,2419 997,2426 991,2422 964,2418 939,2423 897,2422 895,2425 869,2423 794,2428 777,2434 758,2434 748,2429 667,2426 667,2412"/>
        <Word id="region0006_line0001_word0000" custom="readingOrder {index:0;}">
          <Coords points="799,2363 791,2363 786,2371 673,2373 673,2421 913,2422 914,2364 877,2363 854,2370 847,2370 844,2363 821,2363 819,2371 810,2371 803,2364"/>
          <TextEquiv conf="0.915636">
            <Unicode>vergiebe&#x17F;t</Unicode>
          </TextEquiv>
        </Word>
        <Word id="region0006_line0001_word0001" custom="readingOrder {index:1;}">
          <Coords points="1125,2368 946,2367 945,2422 964,2418 991,2422 996,2425 998,2425 1011,2419 1019,2424 1029,2424 1030,2426 1064,2426 1067,2424 1097,2426 1159,2427 1177,2424 1203,2427 1203,2427 1206,2426 1207,2369 1188,2369 1188,2369 1186,2369 1173,2369 1169,2372 1127,2370"/>
          <TextEquiv conf="0.700541">
            <Unicode>Mi&#x17F;&#x17F;ethat,</Unicode>
          </TextEquiv>
        </Word>
        <Word id="word_1650436606903_482" custom="readingOrder {index:2;}">
          <Coords points="1241,2362 1321,2362 1327,2370 1347,2372 1379,2370 1390,2366 1399,2366 1403,2369 1446,2369 1452,2367 1452,2361 1471,2361 1471,2417 1467,2421 1241,2419"/>
          <TextEquiv>
            <Unicode>Uebertre&#x2E17;</Unicode>
          </TextEquiv>
        </Word>
        <TextEquiv>
          <Unicode>vergiebe&#x17F;t Mi&#x17F;&#x17F;ethat, Uebertre&#x2E17;</Unicode>
        </TextEquiv>
      </TextLine>
      <TextLine id="line_1650436606905_484" custom="readingOrder {index:33;}">
        <Coords points="677,2430 687,2430 691,2433 751,2432 758,2435 777,2435 790,2431 864,2428 874,2424 937,2427 941,2423 964,2419 991,2423 997,2427 1010,2420 1023,2425 1027,2430 1038,2432 1055,2432 1067,2425 1080,2429 1107,2429 1122,2433 1132,2430 1152,2431 1154,2428 1166,2426 1203,2428 1219,2424 1294,2428 1316,2432 1332,2433 1337,2427 1355,2427 1359,2432 1430,2432 1462,2429 1471,2438 1471,2476 1462,2484 1308,2482 1238,2492 1140,2492 1135,2487 1134,2470 1124,2481 983,2481 962,2484 944,2480 850,2483 795,2489 783,2497 765,2496 751,2488 733,2486 668,2487 668,2433"/>
        <Word id="region0006_line0003_word0000" custom="readingOrder {index:0;}">
          <Coords points="673,2431 673,2477 791,2477 791,2431 790,2431 777,2435 758,2435 751,2432 691,2433 687,2430 677,2430"/>
          <TextEquiv conf="0.93799406">
            <Unicode>tung</Unicode>
          </TextEquiv>
        </Word>
        <Word id="region0006_line0003_word0001" custom="readingOrder {index:1;}">
          <Coords points="815,2429 815,2466 909,2466 909,2425 874,2424 864,2428"/>
          <TextEquiv conf="0.9597189">
            <Unicode>und</Unicode>
          </TextEquiv>
        </Word>
        <Word id="region0006_line0003_word0002" custom="readingOrder {index:2;}">
          <Coords points="971,2420 957,2420 941,2423 938,2425 938,2471 1125,2472 1125,2432 1122,2433 1107,2429 1080,2429 1067,2425 1055,2432 1038,2432 1027,2430 1023,2425 1011,2420 1009,2420 997,2427 991,2423"/>
          <TextEquiv>
            <Unicode>Su&#x364;nde.</Unicode>
          </TextEquiv>
        </Word>
        <Word id="region0006_line0003_word0003" custom="readingOrder {index:3;}">
          <Coords points="1237,2425 1215,2425 1203,2428 1196,2427 1196,2477 1261,2477 1261,2426"/>
          <TextEquiv>
            <Unicode>J&#x17F;t</Unicode>
          </TextEquiv>
        </Word>
        <Word id="region0006_line0003_word0004" custom="readingOrder {index:4;}">
          <Coords points="1285,2427 1285,2469 1355,2470 1355,2428 1336,2427 1332,2433 1316,2432 1294,2428"/>
          <TextEquiv conf="0.9654359">
            <Unicode>das</Unicode>
          </TextEquiv>
        </Word>
        <Word id="region0006_line0003_word0005" custom="readingOrder {index:5;}">
          <Coords points="1385,2434 1457,2435 1457,2467 1385,2466"/>
          <TextEquiv>
            <Unicode>nun</Unicode>
          </TextEquiv>
        </Word>
        <TextEquiv>
          <Unicode>tung und Su&#x364;nde. J&#x17F;t das nun</Unicode>
        </TextEquiv>
      </TextLine>
      <TextLine id="line_1650436623490_532" custom="readingOrder {index:34;}">
        <Coords points="655,2494 694,2493 702,2484 712,2484 719,2490 730,2482 745,2482 751,2490 766,2488 814,2492 817,2482 831,2482 840,2492 896,2486 902,2481 922,2481 925,2486 939,2487 970,2486 982,2481 1009,2480 1014,2485 1019,2480 1044,2480 1046,2484 1053,2484 1113,2480 1153,2487 1178,2487 1190,2479 1200,2480 1206,2488 1249,2488 1263,2485 1273,2489 1336,2491 1363,2489 1371,2478 1385,2478 1391,2487 1420,2486 1430,2480 1449,2479 1455,2484 1462,2484 1466,2487 1466,2535 1461,2540 1456,2541 1370,2542 1365,2548 1357,2550 1341,2549 1335,2542 1288,2538 1209,2540 1198,2548 1189,2547 1184,2545 1182,2539 1167,2537 1128,2539 1117,2545 1093,2545 1087,2540 1045,2539 1037,2547 1024,2545 1020,2538 923,2538 916,2545 908,2547 902,2547 896,2538 869,2541 843,2539 751,2542 744,2550 736,2552 727,2550 724,2543 710,2546 703,2541 654,2541 654,2530"/>
        <Word id="region0007_line0001_word0000" custom="readingOrder {index:0;}">
          <Coords points="674,2493 674,2536 770,2536 770,2488 766,2488 751,2490 745,2482 730,2482 719,2490 712,2484 702,2484 694,2493"/>
          <TextEquiv conf="0.94483256">
            <Unicode>nicht</Unicode>
          </TextEquiv>
        </Word>
        <Word id="region0007_line0001_word0001" custom="readingOrder {index:1;}">
          <Coords points="831,2482 817,2482 814,2492 801,2490 801,2527 875,2527 875,2488 840,2492"/>
          <TextEquiv conf="0.94483256">
            <Unicode>eine</Unicode>
          </TextEquiv>
        </Word>
        <Word id="region0007_line0001_word0002" custom="readingOrder {index:2;}">
          <Coords points="923,2482 902,2482 901,2537 982,2538 1020,2538 1020,2538 1064,2539 1065,2484 1055,2484 1053,2484 1046,2484 1046,2484 1016,2483 1014,2485 1012,2483 977,2483 970,2486 939,2487 925,2486"/>
          <TextEquiv conf="0.9599899">
            <Unicode>herrliche</Unicode>
          </TextEquiv>
        </Word>
        <Word id="region0007_line0001_word0003" custom="readingOrder {index:3;}">
          <Coords points="1144,2485 1089,2485 1088,2539 1127,2539 1128,2539 1167,2537 1182,2539 1182,2540 1212,2540 1224,2540 1225,2488 1206,2488 1204,2486 1180,2486 1178,2487 1153,2487"/>
          <TextEquiv conf="0.96360636">
            <Unicode>Frucht</Unicode>
          </TextEquiv>
        </Word>
        <Word id="region0007_line0001_word0004" custom="readingOrder {index:4;}">
          <Coords points="1255,2491 1314,2491 1313,2529 1254,2529"/>
          <TextEquiv conf="0.9327285">
            <Unicode>der</Unicode>
          </TextEquiv>
        </Word>
        <Word id="word_1650436623490_534" custom="readingOrder {index:5;}">
          <Coords points="1344,2490 1363,2489 1367,2484 1389,2484 1391,2487 1420,2486 1422,2485 1463,2485 1466,2487 1466,2535 1461,2540 1456,2541 1412,2542 1343,2541"/>
          <TextEquiv>
            <Unicode>go&#x364;ttli&#x2E17;</Unicode>
          </TextEquiv>
        </Word>
        <TextEquiv>
          <Unicode>nicht eine herrliche Frucht der go&#x364;ttli&#x2E17;</Unicode>
        </TextEquiv>
      </TextLine>
      <TextLine id="line_1650436623491_536" custom="readingOrder {index:35;}">
        <Coords points="654,2549 677,2550 681,2545 690,2542 703,2542 711,2550 736,2553 816,2541 837,2545 843,2540 858,2540 867,2548 874,2542 884,2539 896,2539 902,2548 908,2548 916,2546 923,2539 934,2540 940,2548 1025,2546 1045,2549 1096,2545 1144,2547 1153,2538 1173,2539 1178,2546 1189,2548 1208,2547 1214,2543 1233,2547 1240,2540 1252,2540 1256,2547 1265,2548 1271,2540 1288,2539 1296,2548 1344,2551 1369,2548 1460,2548 1466,2554 1466,2594 1457,2600 1325,2595 1286,2597 1277,2604 1267,2603 1263,2596 1177,2593 1162,2601 1152,2601 1145,2595 1101,2593 1073,2600 1054,2599 1043,2605 1035,2604 1033,2601 1027,2604 1013,2604 1003,2597 995,2597 961,2600 951,2606 939,2607 933,2607 927,2601 902,2601 893,2609 881,2609 875,2602 838,2603 831,2608 817,2609 801,2602 781,2598 724,2602 713,2600 706,2605 688,2601 655,2599 654,2569"/>
        <Word id="region0007_line0003_word0000" custom="readingOrder {index:0;}">
          <Coords points="703,2542 690,2542 681,2545 677,2550 671,2549 671,2595 755,2595 755,2550 736,2553 711,2550"/>
          <TextEquiv conf="0.91172737">
            <Unicode>chen</Unicode>
          </TextEquiv>
        </Word>
        <Word id="region0007_line0003_word0001" custom="readingOrder {index:1;}">
          <Coords points="816,2541 816,2541 806,2542 806,2597 987,2598 995,2597 1003,2597 1004,2598 1052,2598 1052,2548 1045,2549 1025,2546 940,2548 935,2542 921,2541 916,2546 908,2548 902,2548 898,2541 876,2541 874,2542 867,2548 859,2541 842,2541 837,2545"/>
          <TextEquiv>
            <Unicode>Zu&#x364;chtigung,</Unicode>
          </TextEquiv>
        </Word>
        <Word id="region0007_line0003_word0002" custom="readingOrder {index:2;}">
          <Coords points="1145,2595 1173,2595 1173,2545 1146,2545 1144,2547 1102,2545 1102,2593"/>
          <TextEquiv conf="0.9559019">
            <Unicode>da&#xDF;</Unicode>
          </TextEquiv>
        </Word>
        <Word id="region0007_line0003_word0003" custom="readingOrder {index:3;}">
          <Coords points="1233,2547 1215,2547 1215,2594 1263,2596 1263,2597 1286,2597 1318,2595 1318,2549 1296,2548 1295,2547 1265,2547 1265,2548 1256,2547"/>
          <TextEquiv conf="0.93027747">
            <Unicode>die&#x17F;er</Unicode>
          </TextEquiv>
        </Word>
        <Word id="word_1650436623491_538" custom="readingOrder {index:4;}">
          <Coords points="1344,2551 1368,2548 1461,2549 1466,2554 1466,2591 1344,2591"/>
          <TextEquiv>
            <Unicode>arme</Unicode>
          </TextEquiv>
        </Word>
        <TextEquiv>
          <Unicode>chen Zu&#x364;chtigung, da&#xDF; die&#x17F;er arme</Unicode>
        </TextEquiv>
      </TextLine>
      <TextLine id="line_1650436623492_540" custom="readingOrder {index:36;}">
        <Coords points="655,2602 688,2602 706,2606 710,2603 719,2603 765,2608 771,2600 781,2599 801,2603 817,2610 849,2612 980,2606 986,2600 995,2598 1003,2598 1010,2605 1043,2606 1093,2598 1101,2594 1126,2595 1162,2602 1177,2594 1200,2595 1206,2598 1208,2605 1230,2606 1277,2605 1287,2600 1320,2598 1325,2596 1362,2596 1370,2600 1409,2606 1459,2607 1460,2600 1466,2594 1466,2648 1459,2656 1432,2655 1412,2664 1402,2661 1397,2655 1323,2654 1269,2654 1259,2657 1250,2657 1246,2654 1196,2654 1191,2660 1185,2661 1167,2660 1159,2653 1040,2653 1009,2655 1002,2663 996,2664 989,2662 986,2656 934,2656 865,2662 861,2669 851,2672 840,2670 832,2661 805,2664 796,2660 783,2661 778,2665 770,2665 764,2661 655,2661"/>
        <Word id="region0007_line0002_word0000" custom="readingOrder {index:0;}">
          <Coords points="669,2602 669,2651 818,2652 818,2610 817,2610 801,2603 781,2599 771,2600 765,2608 719,2603 710,2603 706,2606 688,2602"/>
          <TextEquiv conf="0.92954665">
            <Unicode>Men&#x17F;ch</Unicode>
          </TextEquiv>
        </Word>
        <Word id="region0007_line0002_word0001" custom="readingOrder {index:1;}">
          <Coords points="843,2611 843,2656 903,2656 904,2611 870,2611 849,2612"/>
          <TextEquiv conf="0.92834765">
            <Unicode>zur</Unicode>
          </TextEquiv>
        </Word>
        <Word id="region0007_line0002_word0002" custom="readingOrder {index:2;}">
          <Coords points="1007,2602 984,2601 980,2606 924,2608 924,2651 1071,2653 1072,2603 1062,2602 1043,2606 1010,2605"/>
          <TextEquiv conf="0.8982779">
            <Unicode>wahren</Unicode>
          </TextEquiv>
        </Word>
        <Word id="region0007_line0002_word0003" custom="readingOrder {index:3;}">
          <Coords points="1154,2600 1096,2600 1095,2652 1212,2653 1212,2605 1208,2605 1206,2600 1164,2600 1162,2602"/>
          <TextEquiv conf="0.9189058">
            <Unicode>Bu&#x17F;&#x17F;e</Unicode>
          </TextEquiv>
        </Word>
        <Word id="region0007_line0002_word0004" custom="readingOrder {index:4;}">
          <Coords points="1232,2608 1307,2608 1306,2648 1231,2648"/>
          <TextEquiv conf="0.93149346">
            <Unicode>und</Unicode>
          </TextEquiv>
        </Word>
        <Word id="word_1650436623493_542" custom="readingOrder {index:5;}">
          <Coords points="1321,2597 1325,2596 1362,2596 1370,2600 1409,2606 1459,2607 1460,2600 1466,2594 1466,2648 1459,2656 1432,2655 1421,2659 1400,2659 1397,2655 1323,2654 1321,2654"/>
          <TextEquiv>
            <Unicode>Verge&#x2E17;</Unicode>
          </TextEquiv>
        </Word>
        <TextEquiv>
          <Unicode>Men&#x17F;ch zur wahren Bu&#x17F;&#x17F;e und Verge&#x2E17;</Unicode>
        </TextEquiv>
      </TextLine>
      <TextLine id="line_1650436623494_546" custom="readingOrder {index:37;}">
        <Coords points="665,2664 675,2663 690,2663 695,2672 734,2673 786,2671 791,2662 796,2661 805,2665 816,2665 817,2668 821,2663 832,2662 840,2671 851,2673 934,2657 961,2660 977,2656 983,2658 986,2663 996,2665 1005,2664 1011,2657 1019,2657 1028,2663 1062,2664 1127,2662 1135,2661 1145,2654 1159,2654 1163,2661 1185,2662 1262,2660 1269,2655 1322,2658 1328,2655 1362,2655 1373,2660 1412,2665 1432,2656 1452,2655 1458,2657 1460,2663 1466,2667 1466,2707 1449,2722 1433,2721 1430,2715 1373,2716 1355,2712 1332,2714 1234,2710 1222,2717 1208,2715 1197,2709 1128,2711 1124,2716 1116,2718 1106,2718 1094,2710 1088,2710 963,2721 807,2721 803,2725 777,2720 762,2727 739,2722 709,2721 697,2724 691,2720 656,2719 655,2696 655,2670 659,2670"/>
        <Word id="region0007_line0004_word0000" custom="readingOrder {index:0;}">
          <Coords points="669,2663 669,2708 767,2708 767,2671 734,2673 695,2672 690,2663 675,2663"/>
          <TextEquiv>
            <Unicode>bung</Unicode>
          </TextEquiv>
        </Word>
        <Word id="region0007_line0004_word0001" custom="readingOrder {index:1;}">
          <Coords points="791,2662 791,2706 896,2707 896,2664 851,2673 840,2671 832,2662 821,2663 817,2668 816,2665 805,2665 796,2661"/>
          <TextEquiv conf="0.96274847">
            <Unicode>&#x17F;einer</Unicode>
          </TextEquiv>
        </Word>
        <Word id="region0007_line0004_word0002" custom="readingOrder {index:2;}">
          <Coords points="979,2656 974,2656 961,2660 934,2657 913,2661 913,2704 1083,2706 1083,2663 1062,2664 1028,2663 1019,2657 1010,2657 1005,2664 996,2665 986,2663 983,2658"/>
          <TextEquiv>
            <Unicode>Su&#x364;nden</Unicode>
          </TextEquiv>
        </Word>
        <Word id="word_1650444982794_1621" custom="readingOrder {index:3;}">
          <Coords points="1101,2663 1127,2662 1135,2661 1136,2660 1163,2660 1163,2661 1185,2662 1231,2661 1290,2661 1290,2712 1234,2710 1228,2714 1206,2714 1197,2709 1128,2711 1126,2713 1101,2713"/>
          <TextEquiv>
            <Unicode>gelanget?</Unicode>
          </TextEquiv>
        </Word>
        <Word id="region0007_line0004_word0004" custom="readingOrder {index:4;}">
          <Coords points="1364,2656 1333,2656 1333,2713 1355,2712 1373,2716 1430,2715 1432,2720 1451,2720 1453,2718 1453,2656 1432,2656 1412,2665 1373,2660"/>
          <TextEquiv conf="0.85907197">
            <Unicode>Gewi&#xDF;</Unicode>
          </TextEquiv>
        </Word>
        <TextEquiv>
          <Unicode>bung &#x17F;einer Su&#x364;nden gelanget? Gewi&#xDF;</Unicode>
        </TextEquiv>
      </TextLine>
      <TextLine id="line_1650436623496_550" custom="readingOrder {index:38;}">
        <Coords points="656,2729 675,2728 732,2729 739,2723 766,2728 777,2721 787,2721 813,2729 903,2730 957,2725 967,2720 992,2719 995,2723 1013,2722 1072,2712 1094,2711 1106,2719 1116,2719 1130,2712 1158,2715 1178,2714 1184,2710 1197,2710 1208,2716 1222,2718 1269,2718 1272,2713 1296,2711 1303,2719 1309,2712 1324,2713 1330,2720 1334,2715 1341,2713 1355,2713 1359,2715 1360,2720 1377,2717 1381,2720 1457,2724 1458,2717 1466,2709 1466,2788 1464,2788 1456,2780 1455,2772 1428,2770 1405,2779 1395,2770 1362,2771 1355,2777 1344,2779 1335,2776 1334,2770 1286,2769 1270,2766 1215,2767 1200,2771 1105,2770 1099,2773 1054,2772 996,2778 749,2778 741,2783 729,2777 669,2778 665,2775 656,2774 656,2768"/>
        <Word id="region0007_line0006_word0000" custom="readingOrder {index:0;}">
          <Coords points="669,2728 669,2760 706,2760 706,2728 675,2728"/>
          <TextEquiv>
            <Unicode>er</Unicode>
          </TextEquiv>
        </Word>
        <Word id="region0007_line0006_word0001" custom="readingOrder {index:1;}">
          <Coords points="736,2725 736,2768 831,2769 831,2729 813,2729 787,2721 777,2721 766,2728 739,2723"/>
          <TextEquiv conf="0.9588607">
            <Unicode>&#x17F;ollte</Unicode>
          </TextEquiv>
        </Word>
        <Word id="region0007_line0006_word0002" custom="readingOrder {index:2;}">
          <Coords points="852,2729 852,2761 917,2761 917,2728 903,2730"/>
          <TextEquiv conf="0.9582109">
            <Unicode>um</Unicode>
          </TextEquiv>
        </Word>
        <Word id="region0007_line0006_word0003" custom="readingOrder {index:3;}">
          <Coords points="992,2720 967,2720 957,2725 939,2726 939,2764 1026,2764 1026,2720 1024,2720 1013,2722 995,2723"/>
          <TextEquiv conf="0.96743524">
            <Unicode>aller</Unicode>
          </TextEquiv>
        </Word>
        <Word id="region0007_line0006_word0004" custom="readingOrder {index:4;}">
          <Coords points="1105,2719 1047,2718 1047,2764 1157,2765 1157,2719 1117,2719 1116,2719 1106,2719"/>
          <TextEquiv conf="0.93288666">
            <Unicode>Welt</Unicode>
          </TextEquiv>
        </Word>
        <Word id="region0007_line0006_word0005" custom="readingOrder {index:5;}">
          <Coords points="1206,2715 1188,2715 1187,2770 1200,2771 1215,2767 1253,2766 1253,2718 1222,2718 1208,2716"/>
          <TextEquiv conf="0.9173178">
            <Unicode>Gut</Unicode>
          </TextEquiv>
        </Word>
        <Word id="region0007_line0006_word0006" custom="readingOrder {index:6;}">
          <Coords points="1300,2716 1285,2716 1284,2768 1286,2769 1334,2770 1335,2776 1342,2778 1346,2778 1355,2777 1362,2771 1383,2770 1383,2720 1381,2720 1377,2717 1360,2720 1359,2716 1332,2716 1330,2720 1326,2716 1305,2716 1303,2719"/>
          <TextEquiv conf="0.6215839">
            <Unicode>nicht</Unicode>
          </TextEquiv>
        </Word>
        <Word id="region0007_line0006_word0007" custom="readingOrder {index:7;}">
          <Coords points="1455,2773 1457,2773 1457,2732 1402,2731 1402,2772 1422,2772 1428,2770 1455,2772"/>
          <TextEquiv conf="0.9162442">
            <Unicode>ge&#x2E17;</Unicode>
          </TextEquiv>
        </Word>
        <TextEquiv>
          <Unicode>er &#x17F;ollte um aller Welt Gut nicht ge&#x2E17;</Unicode>
        </TextEquiv>
      </TextLine>
      <TextLine id="line_1650436623498_554" custom="readingOrder {index:39;}">
        <Coords points="656,2788 712,2787 727,2778 741,2784 754,2779 759,2784 769,2786 808,2787 818,2780 834,2780 839,2787 855,2788 865,2780 880,2779 886,2788 938,2790 963,2784 990,2784 994,2781 1004,2781 1008,2784 1038,2783 1045,2775 1054,2773 1078,2780 1095,2779 1105,2771 1132,2771 1138,2778 1142,2778 1215,2768 1252,2770 1257,2767 1270,2767 1284,2771 1334,2776 1344,2780 1381,2779 1386,2772 1395,2771 1407,2780 1430,2771 1436,2779 1444,2775 1453,2775 1464,2789 1466,2789 1466,2821 1463,2821 1453,2829 1434,2830 1423,2838 1416,2837 1412,2829 1387,2827 1276,2829 1150,2826 1138,2828 1123,2839 1115,2838 1112,2831 1098,2831 1062,2836 1053,2843 1042,2842 1038,2835 1026,2835 951,2839 946,2846 939,2847 932,2846 928,2839 887,2836 838,2838 827,2847 821,2847 812,2835 800,2838 749,2839 721,2837 717,2840 656,2837"/>
        <Word id="region0007_line0007_word0000" custom="readingOrder {index:0;}">
          <Coords points="666,2787 666,2818 768,2818 768,2785 759,2784 754,2779 741,2784 727,2778 712,2787"/>
          <TextEquiv conf="0.9181276">
            <Unicode>wollt</Unicode>
          </TextEquiv>
        </Word>
        <Word id="region0007_line0007_word0001" custom="readingOrder {index:1;}">
          <Coords points="815,2782 815,2827 949,2828 949,2787 938,2790 886,2788 880,2779 865,2780 855,2788 839,2787 834,2780 818,2780"/>
          <TextEquiv conf="0.92948157">
            <Unicode>haben,</Unicode>
          </TextEquiv>
        </Word>
        <Word id="region0007_line0007_word0002" custom="readingOrder {index:2;}">
          <Coords points="1060,2774 1046,2774 1045,2775 1038,2783 1008,2784 1004,2781 995,2781 995,2828 1066,2829 1066,2776"/>
          <TextEquiv conf="0.9655452">
            <Unicode>da&#xDF;</Unicode>
          </TextEquiv>
        </Word>
        <Word id="region0007_line0007_word0003" custom="readingOrder {index:3;}">
          <Coords points="1135,2774 1101,2774 1101,2774 1101,2829 1137,2829 1138,2828 1150,2826 1163,2826 1163,2775 1142,2778 1138,2778"/>
          <TextEquiv conf="0.90623426">
            <Unicode>ihn</Unicode>
          </TextEquiv>
        </Word>
        <Word id="region0007_line0007_word0004" custom="readingOrder {index:4;}">
          <Coords points="1336,2776 1201,2776 1201,2822 1343,2823 1343,2779"/>
          <TextEquiv>
            <Unicode>GOtt</Unicode>
          </TextEquiv>
        </Word>
        <Word id="region0007_line0007_word0005" custom="readingOrder {index:5;}">
          <Coords points="1456,2826 1456,2779 1453,2775 1444,2775 1436,2779 1430,2771 1407,2780 1395,2771 1386,2772 1381,2779 1361,2779 1361,2827 1387,2827 1412,2829 1416,2837 1420,2837 1423,2837 1434,2830 1453,2829"/>
          <TextEquiv conf="0.66634935">
            <Unicode>nicht</Unicode>
          </TextEquiv>
        </Word>
        <TextEquiv>
          <Unicode>wollt haben, da&#xDF; ihn GOtt nicht</Unicode>
        </TextEquiv>
      </TextLine>
      <TextLine id="line_1650436623500_558" custom="readingOrder {index:40;}">
        <Coords points="695,2839 702,2840 707,2846 721,2838 730,2838 736,2841 738,2846 743,2846 765,2838 774,2838 781,2846 795,2846 799,2839 812,2836 821,2848 827,2848 840,2839 856,2839 860,2847 864,2847 876,2844 881,2838 887,2837 896,2839 900,2847 939,2848 1000,2845 1006,2840 1015,2840 1020,2845 1066,2845 1083,2842 1087,2835 1098,2832 1108,2832 1112,2839 1123,2840 1138,2829 1150,2827 1165,2828 1169,2837 1188,2837 1192,2829 1204,2828 1209,2831 1211,2838 1216,2838 1274,2836 1280,2831 1290,2831 1295,2835 1309,2832 1313,2835 1363,2836 1372,2828 1387,2828 1393,2830 1395,2835 1400,2831 1408,2831 1418,2839 1440,2830 1444,2837 1453,2837 1463,2847 1466,2845 1466,2895 1460,2888 1440,2887 1436,2890 1389,2888 1379,2900 1367,2899 1362,2889 1318,2887 1282,2888 1275,2894 1266,2894 1261,2889 1218,2891 1208,2902 1197,2901 1193,2892 1171,2891 1157,2892 1149,2902 1128,2901 1122,2893 1107,2893 962,2899 916,2904 907,2908 895,2908 888,2902 863,2901 854,2909 836,2909 833,2901 794,2899 739,2901 731,2910 711,2910 707,2903 675,2910 656,2906 657,2849 681,2848 687,2841"/>
        <Word id="region0007_line0008_word0000" custom="readingOrder {index:0;}">
          <Coords points="662,2848 662,2891 922,2893 922,2847 900,2847 896,2839 887,2837 881,2838 876,2844 864,2847 860,2847 856,2839 840,2839 827,2848 821,2848 812,2836 799,2839 795,2846 781,2846 774,2838 765,2838 743,2846 738,2846 736,2841 730,2838 721,2838 707,2846 702,2840 695,2839 687,2841 681,2848"/>
          <TextEquiv conf="0.8926819">
            <Unicode>gichtbru&#x364;chtig</Unicode>
          </TextEquiv>
        </Word>
        <Word id="region0007_line0008_word0001" custom="readingOrder {index:1;}">
          <Coords points="1017,2842 1003,2842 1000,2845 939,2848 933,2847 933,2884 1074,2885 1074,2843 1066,2845 1020,2845"/>
          <TextEquiv conf="0.96421057">
            <Unicode>werden</Unicode>
          </TextEquiv>
        </Word>
        <Word id="region0007_line0008_word0002" custom="readingOrder {index:2;}">
          <Coords points="1109,2835 1093,2835 1093,2893 1107,2893 1122,2893 1122,2894 1154,2894 1157,2892 1171,2891 1193,2892 1194,2894 1214,2895 1214,2838 1211,2838 1210,2835 1188,2835 1188,2837 1169,2837 1168,2835 1129,2835 1123,2840 1112,2839"/>
          <TextEquiv conf="0.93292296">
            <Unicode>la&#x17F;&#x17F;en,</Unicode>
          </TextEquiv>
        </Word>
        <Word id="region0007_line0008_word0003" custom="readingOrder {index:3;}">
          <Coords points="1297,2887 1297,2843 1237,2843 1237,2889 1261,2889 1280,2889 1282,2888"/>
          <TextEquiv conf="0.9059182">
            <Unicode>und</Unicode>
          </TextEquiv>
        </Word>
        <Word id="region0007_line0008_word0004" custom="readingOrder {index:4;}">
          <Coords points="1375,2899 1375,2831 1368,2830 1363,2836 1315,2835 1315,2887 1318,2887 1362,2889 1367,2899"/>
          <TextEquiv>
            <Unicode>auf</Unicode>
          </TextEquiv>
        </Word>
        <Word id="word_1650445062711_1655" custom="readingOrder {index:5;}">
          <Coords points="1397,2835 1453,2835 1453,2878 1397,2878"/>
          <TextEquiv>
            <Unicode>die</Unicode>
          </TextEquiv>
        </Word>
        <TextEquiv>
          <Unicode>gichtbru&#x364;chtig werden la&#x17F;&#x17F;en, und auf die</Unicode>
        </TextEquiv>
      </TextLine>
      <TextEquiv>
        <Unicode>mo&#x364;chte ge&#x17F;u&#x364;ndiget haben. Seiner
Su&#x364;nden wa&#x364;ren wohl mehr, als da&#xDF; &#x17F;ie hilfft ein ge&#x17F;under Leib, und eine ver&#x2E17;
ihm ko&#x364;nnten vergeben werden; allein
Chri&#x17F;tus giebt ihm auch hier die Ver&#x17F;i&#x2E17;
cherung, da&#xDF; nicht etwa nur die&#x17F;e und auch &#x17F;eine leibliche Ge&#x17F;undzeit wieder, '
Su&#x364;nden jene Su&#x364;nde, &#x17F;ondern da&#xDF; &#x17F;eine
u&#x364;berhaupt, alle mit einander, ohne Vor&#x2E17;
wa&#x364;ren. behalt einer einigen, vergeben
Und zwar &#x17F;aget un&#x17F;er Heyland die&#x17F;es
nicht Bedingungs &#x2E17; wei&#x17F;e: Wenn du
dir &#x17F;ind wahrhafftig bu&#xDF;fertig bi&#x17F;t, &#x17F;o
deine Su&#x364;nden vergeben; &#x17F;ondern, weil
(Siche er den bu&#xDF;fertigen Grund &#x17F;eines Her&#x2E17;
tzens vollkommen erkannte; &#x17F;o &#x17F;prach Wie auch das Exempel Mana&#x17F;&#x17F;es und
er ohne alle Bedingung: Dir &#x17F;ind Nebucadnezars auswei&#x17F;et, als welche
welches deine Su&#x364;nden vergeben,
eben &#x17F;o viel war, als ob er ge&#x17F;aget ha&#x364;tte:
denn Jch vergebe dir deine Su&#x364;nden,
Nieren, ich pru&#x364;fe bey dir Hertzen und
und &#x17F;ehe deine Bu&#xDF;fertigkeit und die iZeichen; wenwrdie : &#xE4;u&#x17F;&#x17F;erliche Zu&#x364;chti&#x2E17;
Ang&#x17F;t deines Hertzens. Welches die
Juden wohl erkannten. Denn &#x17F;ie
&#x17F;prachen: Die&#x17F;er la&#x364;&#x17F;tert GOtt.
Wer kan Su&#x364;nde vergeben, oh&#x2E17;
ne allein GOtt? Und un&#x17F;er Hey&#x2E17;
land be&#x17F;ta&#x364;tiget es: Des Men&#x17F;chen iget:
Sohn hat Macht, Su&#x364;nde zu
vergeben. Denn er i&#x17F;t der&#x17F;elbe, von
welchem es 2. Buch Mo&#x17F;. XXXIV &#x17F;tigung nicht be&#x17F;&#x17F;ern, noch viel was ha&#x364;r&#x2E17;
hei&#xDF;t: HErr, HErr GOtt, barm&#x2E17;
hertzig und gna&#x364;dig, und von
der gro&#x17F;&#x17F;er Gu&#x364;te und Treue, du
vergiebe&#x17F;t Mi&#x17F;&#x17F;ethat, Uebertre&#x2E17;
IC} tung und Su&#x364;nde. J&#x17F;t das nun
nicht eine herrliche Frucht der go&#x364;ttli&#x2E17;
chen Zu&#x364;chtigung, da&#xDF; die&#x17F;er arme
Men&#x17F;ch zur wahren Bu&#x17F;&#x17F;e und Verge&#x2E17;
bung &#x17F;einer Su&#x364;nden gelanget? Gewi&#xDF;
er &#x17F;ollte um aller Welt Gut nicht ge&#x2E17; machen
wollt haben, da&#xDF; ihn GOtt nicht &#x17F;die
gichtbru&#x364;chtig werden la&#x17F;&#x17F;en, und auf die</Unicode>
      </TextEquiv>
    </TextRegion>
    <TextRegion orientation="-0.43499753" readingDirection="left-to-right" id="TextRegion_1650442933137_617" custom="readingOrder {index:1;}">
      <Coords points="1481,502 2289,497 2289,678 1481,678"/>
      <TextLine id="line_1650436570709_251" custom="readingOrder {index:0;}">
        <Coords points="1481,502 1550,502 1564,512 1572,502 1583,504 1603,501 1606,501 1610,513 1626,514 1698,512 1703,501 1724,501 1727,510 1734,510 1746,501 1761,501 1766,511 1779,508 1785,503 1796,503 1803,512 1839,512 1843,509 1874,511 1885,505 1894,505 1904,513 1913,501 1925,501 1932,510 1941,510 1945,513 1949,510 1961,513 1988,512 1997,505 2009,502 2094,502 2138,513 2208,515 2256,513 2268,505 2276,506 2289,513 2288,563 2221,564 2216,558 2210,557 2198,563 2140,563 2092,567 1897,563 1879,568 1876,564 1841,563 1823,564 1812,570 1785,563 1766,563 1758,571 1741,559 1732,563 1706,564 1702,570 1693,572 1684,571 1680,567 1646,571 1640,565 1631,564 1623,568 1600,564 1596,569 1588,571 1581,569 1574,560 1529,564 1481,562"/>
        <Word id="region0001_line0001_word0004" custom="readingOrder {index:0;}">
          <Coords points="1562,510 1491,510 1490,562 1529,564 1574,560 1579,566 1597,566 1600,564 1613,566 1613,513 1610,513 1609,510 1565,510 1564,512"/>
          <TextEquiv conf="0.92901003">
            <Unicode>Wei&#x17F;e</Unicode>
          </TextEquiv>
        </Word>
        <Word id="region0001_line0001_word0005" custom="readingOrder {index:1;}">
          <Coords points="1726,507 1700,507 1698,512 1645,513 1644,566 1704,566 1706,564 1732,563 1741,559 1752,566 1762,567 1766,563 1785,563 1799,567 1818,567 1823,564 1841,563 1865,564 1866,510 1843,509 1839,512 1803,512 1800,508 1779,508 1779,508 1766,511 1764,508 1737,507 1734,510 1727,510"/>
          <TextEquiv conf="0.8002533">
            <Unicode>gezu&#x364;chtiget</Unicode>
          </TextEquiv>
        </Word>
        <Word id="region0001_line0001_word0006" custom="readingOrder {index:2;}">
          <Coords points="1904,513 1881,513 1880,566 1886,566 1897,563 1991,564 1992,513 1961,513 1945,513"/>
          <TextEquiv>
            <Unicode>ha&#x364;tte.</Unicode>
          </TextEquiv>
        </Word>
        <Word id="region0001_line0001_word0007" custom="readingOrder {index:3;}">
          <Coords points="2050,517 2170,518 2169,563 2049,562"/>
          <TextEquiv conf="0.9154277">
            <Unicode>Denn</Unicode>
          </TextEquiv>
        </Word>
        <Word id="region0001_line0001_word0008" custom="readingOrder {index:4;}">
          <Coords points="2217,560 2282,561 2283,519 2201,518 2200,560 2203,560 2210,557 2216,558"/>
          <TextEquiv conf="0.95776194">
            <Unicode>was</Unicode>
          </TextEquiv>
        </Word>
        <TextEquiv>
          <Unicode>Wei&#x17F;e gezu&#x364;chtiget ha&#x364;tte. Denn was</Unicode>
        </TextEquiv>
      </TextLine>
      <TextLine id="line_1650436570716_253" custom="readingOrder {index:1;}">
        <Coords points="1481,567 1504,563 1529,565 1574,561 1581,570 1588,572 1622,572 1628,566 1637,565 1650,573 1693,573 1727,571 1730,564 1741,560 1757,572 1792,568 1812,571 1884,569 1897,564 1905,564 1913,569 1931,569 1939,564 1950,564 1956,570 2000,572 2060,572 2065,568 2076,568 2081,572 2128,572 2131,565 2140,564 2149,565 2152,573 2186,573 2200,572 2198,564 2210,558 2220,563 2223,572 2288,571 2289,621 2114,621 2081,624 2035,622 1983,625 1976,632 1967,632 1957,624 1748,618 1741,627 1729,626 1726,618 1706,625 1684,620 1571,621 1564,628 1542,628 1536,621 1512,621 1506,628 1488,628 1485,621 1481,621"/>
        <Word id="region0001_line0002_word0007" custom="readingOrder {index:0;}">
          <Coords points="1516,564 1499,564 1491,565 1491,618 1585,618 1585,571 1581,570 1576,564 1540,564 1529,565"/>
          <TextEquiv conf="0.923191">
            <Unicode>hilfft</Unicode>
          </TextEquiv>
        </Word>
        <Word id="region0001_line0002_word0008" custom="readingOrder {index:1;}">
          <Coords points="1639,566 1627,566 1622,572 1608,572 1608,610 1665,611 1665,573 1650,573"/>
          <TextEquiv conf="0.93211144">
            <Unicode>ein</Unicode>
          </TextEquiv>
        </Word>
        <Word id="region0001_line0002_word0009" custom="readingOrder {index:2;}">
          <Coords points="1745,563 1732,563 1730,564 1727,571 1693,573 1689,573 1689,618 1725,618 1726,618 1726,618 1748,618 1748,618 1763,618 1858,619 1858,570 1812,571 1792,568 1757,572"/>
          <TextEquiv conf="0.9272595">
            <Unicode>ge&#x17F;under</Unicode>
          </TextEquiv>
        </Word>
        <Word id="region0001_line0002_word0010" custom="readingOrder {index:3;}">
          <Coords points="1911,568 1886,568 1884,569 1880,569 1880,621 1887,622 1998,622 1998,571 1956,570 1954,568 1932,568 1931,569 1913,569"/>
          <TextEquiv conf="0.92535543">
            <Unicode>Leib,</Unicode>
          </TextEquiv>
        </Word>
        <Word id="region0001_line0002_word0011" custom="readingOrder {index:4;}">
          <Coords points="2013,575 2089,575 2089,614 2013,614"/>
          <TextEquiv conf="0.926556">
            <Unicode>und</Unicode>
          </TextEquiv>
        </Word>
        <Word id="region0001_line0002_word0012" custom="readingOrder {index:5;}">
          <Coords points="2151,570 2128,570 2128,572 2114,572 2114,612 2190,613 2190,572 2186,573 2152,573"/>
          <TextEquiv conf="0.9208671">
            <Unicode>eine</Unicode>
          </TextEquiv>
        </Word>
        <Word id="region0001_line0002_word0013" custom="readingOrder {index:6;}">
          <Coords points="2214,560 2207,560 2207,613 2284,614 2284,571 2223,572 2220,563"/>
          <TextEquiv conf="0.9029585">
            <Unicode>ver&#x2E17;</Unicode>
          </TextEquiv>
        </Word>
        <TextEquiv conf="0.9237815">
          <Unicode>hilfft ein ge&#x17F;under Leib, und eine ver&#x2E17;</Unicode>
        </TextEquiv>
      </TextLine>
      <TextLine id="line_1650436570720_255" custom="readingOrder {index:2;}">
        <Coords points="1481,627 1485,627 1560,630 1619,629 1623,626 1646,628 1670,625 1678,621 1701,626 1717,622 1721,626 1741,628 1748,619 1769,620 1774,626 1785,625 1790,619 1811,619 1818,623 1872,624 1877,630 1877,658 1872,662 1823,664 1821,671 1813,676 1766,679 1762,671 1757,670 1747,680 1694,680 1690,677 1652,680 1565,676 1500,680 1493,679 1481,670"/>
        <Word id="region0001_line0003_word0005" custom="readingOrder {index:0;}">
          <Coords points="1650,679 1650,627 1646,628 1623,626 1619,629 1560,630 1506,627 1506,679 1565,676"/>
          <TextEquiv conf="0.88993186">
            <Unicode>dammte</Unicode>
          </TextEquiv>
        </Word>
        <Word id="region0001_line0003_word0006" custom="readingOrder {index:1;}">
          <Coords points="1763,674 1812,675 1812,630 1670,629 1670,674 1752,674 1757,670 1762,671"/>
          <TextEquiv conf="0.7698506">
            <Unicode>Seele?</Unicode>
          </TextEquiv>
        </Word>
        <TextEquiv conf="0.8409032">
          <Unicode>dammte Seele?</Unicode>
        </TextEquiv>
      </TextLine>
      <TextEquiv>
        <Unicode>Wei&#x17F;e gezu&#x364;chtiget ha&#x364;tte. Denn was
Su&#x364;nden wa&#x364;ren wohl mehr, als da&#xDF; &#x17F;ie hilfft ein ge&#x17F;under Leib, und eine ver&#x2E17;
ihm k&#xF6;nnten vergeben werden; allein dammte Seele?</Unicode>
      </TextEquiv>
    </TextRegion>
    <TextRegion orientation="-0.43499753" readingDirection="left-to-right" id="TextRegion_1650442972828_635" custom="readingOrder {index:2;}">
      <Coords points="1481,678 2289,678 2327,729 2328,799 2301,2325 1480,2325 1480,780"/>
      <TextLine id="line_1650436570728_259" custom="readingOrder {index:0;}">
        <Coords points="1481,671 1494,681 1566,677 1600,678 1629,685 1638,679 1666,684 1676,678 1690,678 1695,684 1703,680 1725,680 1731,685 1737,685 1747,681 1757,671 1765,675 1769,686 1801,683 1808,678 1833,681 1847,674 1857,674 1860,677 1866,673 1875,674 1886,683 1899,672 1912,673 1916,684 1959,685 1997,685 2005,676 2015,677 2021,684 2037,675 2050,676 2055,686 2059,683 2068,683 2078,686 2151,683 2168,675 2180,675 2185,680 2199,680 2211,675 2225,675 2236,681 2289,685 2289,735 2158,735 2089,740 2082,746 2074,746 2068,740 2050,740 2043,745 2034,745 2010,737 1972,733 1960,733 1950,743 1938,742 1934,733 1861,735 1851,745 1839,744 1835,736 1665,737 1656,739 1649,747 1637,747 1631,739 1497,740 1494,762 1493,762 1481,761"/>
        <Word id="region0001_line0004_word0007" custom="readingOrder {index:0;}">
          <Coords points="1628,685 1549,684 1549,738 1656,739 1657,739 1657,685 1629,685 1629,685"/>
          <TextEquiv conf="0.71746665">
            <Unicode>Doch</Unicode>
          </TextEquiv>
        </Word>
        <Word id="region0001_line0004_word0008" custom="readingOrder {index:1;}">
          <Coords points="1758,671 1756,671 1747,681 1737,685 1731,685 1725,680 1703,680 1695,684 1690,678 1676,678 1674,678 1674,731 1766,732 1766,680 1765,675"/>
          <TextEquiv conf="0.9624858">
            <Unicode>blieb</Unicode>
          </TextEquiv>
        </Word>
        <Word id="region0001_line0004_word0009" custom="readingOrder {index:2;}">
          <Coords points="1785,689 1824,689 1824,730 1785,730"/>
          <TextEquiv conf="0.93282706">
            <Unicode>es</Unicode>
          </TextEquiv>
        </Word>
        <Word id="region0001_line0004_word0010" custom="readingOrder {index:3;}">
          <Coords points="1916,684 1840,683 1840,740 1856,740 1861,735 1934,733 1937,741 1952,741 1960,733 1961,733 1961,685 1959,685 1916,684"/>
          <TextEquiv conf="0.8896575">
            <Unicode>hiebey</Unicode>
          </TextEquiv>
        </Word>
        <Word id="region0001_line0004_word0011" custom="readingOrder {index:4;}">
          <Coords points="2068,740 2087,741 2087,687 1977,686 1977,733 2010,737 2020,740 2049,740 2050,740 2068,740"/>
          <TextEquiv conf="0.8569661">
            <Unicode>nicht,</Unicode>
          </TextEquiv>
        </Word>
        <Word id="region0001_line0004_word0012" custom="readingOrder {index:5;}">
          <Coords points="2110,698 2145,699 2145,731 2110,730"/>
          <TextEquiv conf="0.9613227">
            <Unicode>er</Unicode>
          </TextEquiv>
        </Word>
        <Word id="region0001_line0004_word0013" custom="readingOrder {index:6;}">
          <Coords points="2162,688 2284,689 2284,733 2162,732"/>
          <TextEquiv conf="0.96293944">
            <Unicode>bekam</Unicode>
          </TextEquiv>
        </Word>
        <TextEquiv conf="0.90984255">
          <Unicode>Doch blieb es hiebey nicht, er bekam</Unicode>
        </TextEquiv>
      </TextLine>
      <TextLine id="line_1650436638076_566" custom="readingOrder {index:1;}">
        <Coords points="1481,744 1552,744 1564,736 1576,737 1580,744 1604,744 1615,734 1629,734 1636,740 1642,735 1652,735 1659,746 1716,744 1727,737 1738,737 1744,744 1749,743 1758,734 1767,734 1771,737 1787,736 1791,739 1795,736 1818,735 1825,743 1839,733 1848,733 1854,743 1860,743 1901,738 1911,732 1939,733 1946,740 1957,741 1963,733 1987,732 1990,743 2021,743 2026,739 2034,739 2043,743 2046,740 2045,731 2068,731 2073,744 2087,744 2095,735 2105,735 2110,740 2122,743 2173,744 2176,731 2184,730 2202,730 2201,742 2208,738 2219,739 2224,743 2327,741 2327,792 2170,794 2073,791 2064,800 2051,799 2047,790 2009,791 1979,793 1972,801 1963,801 1955,794 1897,793 1856,796 1851,802 1831,802 1829,796 1668,794 1630,795 1625,796 1620,803 1611,803 1603,796 1584,796 1577,804 1562,804 1557,796 1543,794 1481,794"/>
        <Word id="region0004_line0001_word0007" custom="readingOrder {index:0;}">
          <Coords points="1576,737 1561,737 1552,744 1495,744 1495,789 1584,790 1584,744 1580,744"/>
          <TextEquiv conf="0.9571593">
            <Unicode>auch</Unicode>
          </TextEquiv>
        </Word>
        <Word id="region0004_line0001_word0008" custom="readingOrder {index:1;}">
          <Coords points="1631,736 1612,736 1610,738 1610,790 1702,791 1702,744 1659,746 1652,736 1640,736 1636,740"/>
          <TextEquiv conf="0.9682701">
            <Unicode>&#x17F;eine</Unicode>
          </TextEquiv>
        </Word>
        <Word id="region0004_line0001_word0009" custom="readingOrder {index:2;}">
          <Coords points="1739,738 1725,738 1724,739 1724,794 1870,795 1875,795 1875,741 1860,743 1854,743 1852,739 1831,739 1825,743 1821,739 1792,738 1791,739 1790,738 1754,738 1749,743 1744,744"/>
          <TextEquiv conf="0.9329377">
            <Unicode>leibliche</Unicode>
          </TextEquiv>
        </Word>
        <Word id="region0004_line0001_word0010" custom="readingOrder {index:3;}">
          <Coords points="2068,732 2045,732 2046,740 2043,743 2034,739 2026,739 2021,743 1990,743 1987,732 1963,733 1957,741 1946,740 1939,733 1911,732 1901,738 1899,738 1899,791 1995,791 2009,791 2047,790 2048,792 2071,792 2073,791 2122,792 2122,743 2110,740 2105,735 2095,735 2087,744 2073,744"/>
          <TextEquiv>
            <Unicode>Ge&#x17F;undheit</Unicode>
          </TextEquiv>
        </Word>
        <Word id="region0004_line0001_word0011" custom="readingOrder {index:4;}">
          <Coords points="2201,730 2181,730 2176,731 2173,744 2142,743 2142,785 2284,786 2284,741 2224,743 2219,739 2208,738 2201,742"/>
          <TextEquiv>
            <Unicode>wieder.</Unicode>
          </TextEquiv>
        </Word>
        <TextEquiv>
          <Unicode>auch &#x17F;eine leibliche Ge&#x17F;undheit wieder.</Unicode>
        </TextEquiv>
      </TextLine>
      <TextLine id="line_1650436599050_377" custom="readingOrder {index:2;}">
        <Coords points="1480,781 1496,782 1498,799 1521,790 1538,790 1554,800 1587,800 1593,793 1610,792 1616,800 1666,803 1722,800 1742,790 1815,792 1822,797 1847,799 1857,790 1870,789 1876,799 1918,798 1925,791 1934,791 1942,798 1974,798 1983,789 1992,789 1999,795 2010,788 2039,787 2072,788 2109,795 2234,800 2246,799 2257,787 2272,787 2282,793 2284,800 2292,800 2292,855 2273,857 2265,851 2246,855 2235,852 2189,852 2179,848 2161,848 2154,851 2060,854 2038,849 2020,852 1987,847 1973,850 1953,848 1909,854 1822,852 1812,861 1801,856 1780,857 1766,854 1758,861 1749,860 1747,856 1741,861 1731,861 1724,855 1699,855 1686,851 1674,855 1620,856 1608,860 1598,855 1576,855 1569,852 1548,857 1496,857 1485,848 1480,851"/>
        <Word id="region0005_line0001_word0006" custom="readingOrder {index:0;}">
          <Coords points="1546,795 1496,795 1495,849 1644,850 1644,801 1616,800 1612,795 1590,795 1587,800 1554,800"/>
          <TextEquiv conf="0.9624312">
            <Unicode>Stehe</Unicode>
          </TextEquiv>
        </Word>
        <Word id="region0005_line0001_word0007" custom="readingOrder {index:1;}">
          <Coords points="1690,852 1768,853 1769,797 1729,797 1722,800 1666,803 1666,803 1665,852 1682,852 1686,851"/>
          <TextEquiv conf="0.961055">
            <Unicode>auf,</Unicode>
          </TextEquiv>
        </Word>
        <Word id="region0005_line0001_word0008" custom="readingOrder {index:2;}">
          <Coords points="1825,797 1803,797 1802,852 1822,852 1822,852 1837,852 1904,853 1905,798 1876,799 1875,798 1849,797 1847,799"/>
          <TextEquiv conf="0.888963">
            <Unicode>hebe</Unicode>
          </TextEquiv>
        </Word>
        <Word id="region0005_line0001_word0009" custom="readingOrder {index:3;}">
          <Coords points="1925,800 2022,801 2021,847 1924,846"/>
          <TextEquiv conf="0.87943435">
            <Unicode>dein</Unicode>
          </TextEquiv>
        </Word>
        <Word id="region0005_line0001_word0010" custom="readingOrder {index:4;}">
          <Coords points="2168,848 2169,799 2038,798 2037,848 2158,848 2161,848"/>
          <TextEquiv conf="0.9638056">
            <Unicode>Bette</Unicode>
          </TextEquiv>
        </Word>
        <Word id="region0005_line0001_word0011" custom="readingOrder {index:5;}">
          <Coords points="2284,799 2246,799 2246,799 2234,800 2185,798 2184,850 2189,852 2235,852 2246,855 2265,851 2271,856 2283,856 2287,856 2288,800 2284,800"/>
          <TextEquiv conf="0.933548">
            <Unicode>auf,</Unicode>
          </TextEquiv>
        </Word>
        <TextEquiv conf="0.9291243">
          <Unicode>Stehe auf, hebe dein Bette auf,</Unicode>
        </TextEquiv>
      </TextLine>
      <TextLine id="line_1650436599053_381" custom="readingOrder {index:3;}">
        <Coords points="1480,854 1485,849 1497,860 1553,859 1560,854 1569,853 1583,859 1609,861 1671,859 1679,853 1692,852 1700,859 1741,862 1758,862 1766,855 1775,855 1781,860 1803,859 1812,862 1822,853 1834,855 1836,860 1891,860 1914,853 1953,849 1973,851 1990,848 2021,853 2038,850 2060,855 2151,855 2161,849 2179,849 2192,855 2205,856 2252,856 2259,852 2265,852 2273,858 2292,856 2292,909 2279,910 2276,914 2263,916 2253,913 2252,909 2172,910 2162,916 2151,916 2144,911 2141,914 2134,915 2124,910 2112,909 2037,911 2009,906 1999,910 1969,912 1955,909 1829,912 1809,910 1805,913 1786,913 1780,917 1760,913 1722,912 1715,908 1707,908 1693,915 1659,915 1638,922 1598,915 1583,908 1563,912 1497,912 1494,918 1480,916"/>
        <Word id="region0005_line0002_word0006" custom="readingOrder {index:0;}">
          <Coords points="1578,857 1555,857 1553,859 1514,859 1514,903 1592,903 1592,859 1583,859"/>
          <TextEquiv conf="0.63662285">
            <Unicode>und</Unicode>
          </TextEquiv>
        </Word>
        <Word id="region0005_line0002_word0007" custom="readingOrder {index:1;}">
          <Coords points="1697,857 1673,857 1671,859 1624,860 1624,915 1659,915 1693,915 1707,908 1715,908 1722,912 1732,912 1732,861 1700,859"/>
          <TextEquiv>
            <Unicode>gehe</Unicode>
          </TextEquiv>
        </Word>
        <Word id="region0005_line0002_word0008" custom="readingOrder {index:2;}">
          <Coords points="1807,860 1761,860 1761,910 1809,910 1809,910 1813,910 1876,911 1890,911 1890,861 1814,860 1812,862"/>
          <TextEquiv conf="0.9108483">
            <Unicode>heim.</Unicode>
          </TextEquiv>
        </Word>
        <Word id="region0005_line0002_word0009" custom="readingOrder {index:3;}">
          <Coords points="2030,910 2060,910 2060,861 1951,860 1951,909 1954,909 1955,909 1955,909 2000,909 2009,906"/>
          <TextEquiv conf="0.96429">
            <Unicode>Und</Unicode>
          </TextEquiv>
        </Word>
        <Word id="region0005_line0002_word0010" custom="readingOrder {index:4;}">
          <Coords points="2132,914 2137,914 2137,870 2090,870 2090,909 2112,909 2124,910"/>
          <TextEquiv conf="0.9546781">
            <Unicode>er</Unicode>
          </TextEquiv>
        </Word>
        <Word id="region0005_line0002_word0011" custom="readingOrder {index:5;}">
          <Coords points="2285,909 2285,863 2153,862 2153,916 2162,916 2172,910 2252,909 2253,913 2263,916 2276,914 2279,910"/>
          <TextEquiv>
            <Unicode>&#x17F;tund</Unicode>
          </TextEquiv>
        </Word>
        <TextEquiv>
          <Unicode>und gehe heim. Und er &#x17F;tund</Unicode>
        </TextEquiv>
      </TextLine>
      <TextLine id="line_1650436599055_385" custom="readingOrder {index:4;}">
        <Coords points="1480,919 1556,917 1576,909 1590,911 1595,918 1638,923 1659,916 1693,916 1707,909 1715,909 1725,914 1780,918 1802,917 1809,911 1823,911 1828,917 1939,914 1945,910 1955,910 1963,914 1996,914 2009,907 2027,914 2115,912 2119,915 2134,916 2181,915 2189,911 2205,911 2208,914 2254,914 2262,917 2292,915 2292,957 2284,962 2274,956 2263,955 2256,971 2246,971 2236,965 2204,966 2193,963 2159,962 2074,966 2012,964 2006,967 1972,964 1960,970 1948,965 1913,971 1906,976 1894,978 1878,976 1872,968 1863,967 1857,970 1809,972 1802,977 1789,973 1774,976 1769,970 1762,969 1745,971 1707,968 1598,970 1594,975 1581,976 1576,972 1564,975 1551,968 1509,965 1501,968 1491,963 1483,962 1480,964"/>
        <Word id="region0005_line0003_word0005" custom="readingOrder {index:0;}">
          <Coords points="1591,913 1566,913 1556,917 1498,918 1498,966 1501,968 1509,965 1551,968 1600,968 1600,918 1595,918"/>
          <TextEquiv conf="0.0">
            <Unicode>auf,</Unicode>
          </TextEquiv>
        </Word>
        <Word id="region0005_line0003_word0006" custom="readingOrder {index:1;}">
          <Coords points="1725,914 1697,914 1693,916 1659,916 1638,922 1638,961 1736,961 1736,914"/>
          <TextEquiv conf="0.7471783">
            <Unicode>und</Unicode>
          </TextEquiv>
        </Word>
        <Word id="region0005_line0003_word0007" custom="readingOrder {index:2;}">
          <Coords points="1876,973 1910,973 1911,918 1798,917 1780,918 1775,918 1774,972 1809,972 1809,972 1857,970 1863,967 1872,968"/>
          <TextEquiv conf="0.9284668">
            <Unicode>gieng</Unicode>
          </TextEquiv>
        </Word>
        <Word id="region0005_line0003_word0008" custom="readingOrder {index:3;}">
          <Coords points="2075,965 2076,918 1947,917 1946,965 1948,965 1955,968 1963,968 1972,964 2006,967 2012,964 2074,966"/>
          <TextEquiv>
            <Unicode>heim.</Unicode>
          </TextEquiv>
        </Word>
        <Word id="region0005_line0003_word0009" custom="readingOrder {index:4;}">
          <Coords points="2106,926 2144,927 2143,961 2105,960"/>
          <TextEquiv conf="0.9243156">
            <Unicode>v.</Unicode>
          </TextEquiv>
        </Word>
        <Word id="region0005_line0003_word0010" custom="readingOrder {index:5;}">
          <Coords points="2196,964 2213,964 2214,925 2177,925 2176,962 2193,963"/>
          <TextEquiv conf="0.8693562">
            <Unicode>6.</Unicode>
          </TextEquiv>
        </Word>
        <Word id="region0005_line0003_word0011" custom="readingOrder {index:6;}">
          <Coords points="2283,961 2284,931 2246,930 2245,969 2256,969 2263,955 2274,956"/>
          <TextEquiv conf="0.92798483">
            <Unicode>7.</Unicode>
          </TextEquiv>
        </Word>
        <TextEquiv>
          <Unicode>auf, und gieng heim. v. 6. 7.</Unicode>
        </TextEquiv>
      </TextLine>
      <TextLine id="line_1650436599057_387" custom="readingOrder {index:5;}">
        <Coords points="1480,965 1483,963 1491,964 1501,969 1523,966 1551,969 1564,976 1581,977 1646,975 1652,971 1662,971 1667,975 1700,975 1707,969 1722,970 1728,976 1741,976 1751,970 1762,970 1769,971 1774,977 1789,974 1802,978 1807,975 1829,975 1834,971 1847,971 1854,975 1863,968 1872,969 1878,977 1894,979 1906,977 1913,972 1948,966 1953,966 1958,971 1972,965 1980,965 1990,970 2004,971 2012,965 2043,965 2048,967 2050,972 2074,971 2080,966 2091,966 2096,971 2124,972 2131,965 2145,966 2152,973 2159,973 2170,966 2193,964 2199,965 2204,972 2220,966 2236,966 2241,972 2266,973 2260,970 2263,956 2274,957 2284,963 2276,974 2292,974 2293,1022 2099,1019 2039,1024 2033,1032 2025,1032 2018,1026 1934,1029 1862,1024 1790,1026 1788,1032 1779,1031 1769,1025 1720,1025 1714,1020 1698,1021 1688,1026 1513,1024 1497,1027 1485,1018 1480,1022"/>
        <Word id="region0005_line0004_word0006" custom="readingOrder {index:0;}">
          <Coords points="1519,966 1519,1009 1613,1009 1613,976 1581,977 1564,976 1551,969 1523,966"/>
          <TextEquiv conf="0.9315265">
            <Unicode>Denn</Unicode>
          </TextEquiv>
        </Word>
        <Word id="region0005_line0004_word0007" custom="readingOrder {index:1;}">
          <Coords points="1653,971 1653,1010 1723,1010 1723,971 1722,970 1707,969 1700,975 1667,975 1662,971"/>
          <TextEquiv conf="0.9568834">
            <Unicode>das</Unicode>
          </TextEquiv>
        </Word>
        <Word id="region0005_line0004_word0008" custom="readingOrder {index:2;}">
          <Coords points="1751,970 1751,1021 1799,1021 1799,977 1789,974 1774,977 1769,971 1762,970"/>
          <TextEquiv conf="0.95015025">
            <Unicode>i&#x17F;t</Unicode>
          </TextEquiv>
        </Word>
        <Word id="region0005_line0004_word0009" custom="readingOrder {index:3;}">
          <Coords points="1872,969 1861,969 1854,975 1847,971 1836,971 1836,1012 1891,1013 1891,978 1878,977"/>
          <TextEquiv conf="0.96483207">
            <Unicode>die</Unicode>
          </TextEquiv>
        </Word>
        <Word id="region0005_line0004_word0010" custom="readingOrder {index:4;}">
          <Coords points="1954,967 1941,967 1931,968 1931,1020 2052,1021 2052,971 2050,972 2048,967 2008,967 2004,971 1990,970 1984,967 1966,967 1958,971"/>
          <TextEquiv conf="0.9589896">
            <Unicode>Wei&#x17F;e</Unicode>
          </TextEquiv>
        </Word>
        <Word id="region0005_line0004_word0011" custom="readingOrder {index:5;}">
          <Coords points="2082,972 2147,973 2147,1011 2082,1010"/>
          <TextEquiv conf="0.96802294">
            <Unicode>des</Unicode>
          </TextEquiv>
        </Word>
        <Word id="region0005_line0004_word0012" custom="readingOrder {index:6;}">
          <Coords points="2272,956 2262,956 2260,970 2266,973 2241,972 2236,966 2220,966 2204,972 2199,965 2193,964 2173,965 2173,1012 2284,1013 2284,974 2276,974 2284,963 2274,957"/>
          <TextEquiv conf="0.96738356">
            <Unicode>lieben</Unicode>
          </TextEquiv>
        </Word>
        <TextEquiv conf="0.94085175">
          <Unicode>Denn das i&#x17F;t die Wei&#x17F;e des lieben</Unicode>
        </TextEquiv>
      </TextLine>
      <TextLine id="line_1650436599060_391" custom="readingOrder {index:6;}">
        <Coords points="1480,1035 1486,1040 1497,1029 1513,1025 1570,1025 1627,1033 1636,1033 1643,1027 1651,1027 1663,1034 1689,1034 1691,1025 1714,1021 1725,1034 1755,1035 1765,1026 1788,1035 1837,1032 1938,1035 2004,1032 2009,1027 2019,1028 2025,1033 2072,1034 2099,1020 2120,1021 2127,1027 2164,1029 2187,1027 2199,1021 2214,1021 2221,1027 2226,1027 2228,1023 2236,1020 2249,1021 2255,1025 2261,1022 2274,1023 2278,1031 2293,1032 2293,1079 2246,1079 2240,1086 2234,1087 2226,1086 2222,1080 2166,1080 2105,1088 2100,1091 2093,1091 2086,1086 2037,1083 1878,1082 1802,1088 1794,1093 1775,1088 1771,1093 1765,1094 1759,1093 1754,1087 1743,1085 1705,1083 1665,1088 1630,1081 1612,1084 1589,1083 1581,1086 1494,1086 1483,1077 1480,1079"/>
        <Word id="region0005_line0005_word0005" custom="readingOrder {index:0;}">
          <Coords points="1676,1086 1676,1034 1663,1034 1651,1027 1643,1027 1636,1033 1627,1033 1570,1025 1513,1025 1511,1025 1511,1086 1581,1086 1589,1083 1612,1084 1630,1081 1659,1086 1673,1086"/>
          <TextEquiv conf="0.6798856">
            <Unicode>GOttes,</Unicode>
          </TextEquiv>
        </Word>
        <Word id="region0005_line0005_word0006" custom="readingOrder {index:1;}">
          <Coords points="1754,1088 1800,1088 1801,1034 1788,1035 1765,1026 1755,1035 1725,1034 1714,1021 1694,1024 1693,1084 1705,1083 1743,1085 1754,1087"/>
          <TextEquiv>
            <Unicode>da&#xDF;,</Unicode>
          </TextEquiv>
        </Word>
        <Word id="region0005_line0005_word0007" custom="readingOrder {index:2;}">
          <Coords points="1835,1037 1941,1038 1940,1072 1834,1071"/>
          <TextEquiv conf="0.9618685">
            <Unicode>wenn</Unicode>
          </TextEquiv>
        </Word>
        <Word id="region0005_line0005_word0008" custom="readingOrder {index:3;}">
          <Coords points="1959,1041 1996,1041 1995,1073 1958,1073"/>
          <TextEquiv conf="0.96284974">
            <Unicode>er</Unicode>
          </TextEquiv>
        </Word>
        <Word id="region0005_line0005_word0009" custom="readingOrder {index:4;}">
          <Coords points="2011,1036 2077,1036 2076,1078 2010,1078"/>
          <TextEquiv conf="0.96350116">
            <Unicode>den</Unicode>
          </TextEquiv>
        </Word>
        <Word id="region0005_line0005_word0010" custom="readingOrder {index:5;}">
          <Coords points="2213,1080 2214,1031 2092,1030 2091,1084 2132,1084 2166,1080"/>
          <TextEquiv conf="0.9307012">
            <Unicode>Zweck</Unicode>
          </TextEquiv>
        </Word>
        <Word id="region0005_line0005_word0011" custom="readingOrder {index:6;}">
          <Coords points="2284,1079 2285,1032 2230,1031 2229,1083 2242,1083 2246,1079"/>
          <TextEquiv conf="0.91943514">
            <Unicode>&#x17F;ei&#x2E17;</Unicode>
          </TextEquiv>
        </Word>
        <TextEquiv>
          <Unicode>GOttes, da&#xDF;, wenn er den Zweck &#x17F;ei&#x2E17;</Unicode>
        </TextEquiv>
      </TextLine>
      <TextLine id="line_1650436599062_393" custom="readingOrder {index:7;}">
        <Coords points="1480,1101 1481,1102 1485,1103 1495,1093 1547,1092 1580,1088 1589,1084 1612,1086 1624,1082 1637,1085 1639,1091 1647,1091 1654,1085 1665,1089 1676,1087 1677,1091 1681,1091 1709,1084 1715,1092 1765,1095 1865,1091 1878,1083 1892,1084 1897,1092 1913,1091 1927,1083 1935,1083 1940,1088 1950,1091 2010,1091 2018,1084 2037,1084 2042,1091 2056,1092 2064,1092 2070,1087 2078,1087 2083,1092 2100,1092 2151,1089 2234,1088 2254,1079 2293,1083 2294,1140 2269,1139 2254,1147 2246,1145 2244,1138 2207,1141 2203,1138 2192,1140 2158,1137 2152,1140 2100,1144 2094,1149 2085,1149 2079,1144 2040,1143 2030,1152 2012,1151 2008,1142 1919,1140 1895,1142 1888,1149 1870,1138 1863,1141 1845,1139 1814,1143 1805,1151 1799,1152 1788,1151 1779,1144 1764,1142 1738,1143 1720,1148 1677,1140 1662,1144 1657,1141 1644,1144 1607,1141 1593,1151 1586,1152 1574,1146 1556,1146 1527,1140 1495,1142 1483,1132 1480,1135"/>
        <Word id="word_1650436599063_395" custom="readingOrder {index:0;}">
          <Coords points="1480,1101 1481,1102 1485,1103 1495,1093 1547,1092 1558,1090 1558,1131 1480,1130"/>
          <TextEquiv>
            <Unicode>ner</Unicode>
          </TextEquiv>
        </Word>
        <Word id="region0005_line0006_word0006" custom="readingOrder {index:1;}">
          <Coords points="1630,1083 1620,1083 1612,1086 1589,1084 1582,1087 1582,1140 1674,1141 1677,1140 1682,1141 1809,1142 1809,1093 1765,1095 1715,1092 1709,1084 1709,1084 1681,1091 1677,1091 1676,1087 1665,1089 1654,1085 1647,1091 1639,1091 1637,1085"/>
          <TextEquiv>
            <Unicode>Zu&#x364;chtigung</Unicode>
          </TextEquiv>
        </Word>
        <Word id="region0005_line0006_word0007" custom="readingOrder {index:2;}">
          <Coords points="2005,1141 2005,1091 1950,1091 1940,1088 1935,1083 1927,1083 1913,1091 1897,1092 1892,1084 1878,1083 1865,1091 1836,1092 1836,1140 1845,1139 1863,1141 1870,1138 1885,1147 1889,1147 1895,1142 1919,1140"/>
          <TextEquiv>
            <Unicode>erhalten</Unicode>
          </TextEquiv>
        </Word>
        <Word id="region0005_line0006_word0008" custom="readingOrder {index:3;}">
          <Coords points="2042,1091 2025,1091 2025,1144 2038,1144 2040,1143 2079,1144 2099,1144 2099,1092 2083,1092 2082,1091 2065,1091 2064,1092 2056,1092"/>
          <TextEquiv conf="0.69388014">
            <Unicode>hat,</Unicode>
          </TextEquiv>
        </Word>
        <Word id="region0005_line0006_word0009" custom="readingOrder {index:4;}">
          <Coords points="2130,1100 2166,1101 2166,1133 2130,1132"/>
          <TextEquiv conf="0.96977526">
            <Unicode>er</Unicode>
          </TextEquiv>
        </Word>
        <Word id="region0005_line0006_word0010" custom="readingOrder {index:5;}">
          <Coords points="2284,1139 2284,1092 2188,1091 2188,1139 2192,1140 2203,1138 2207,1141 2244,1138 2245,1144 2258,1144 2269,1139"/>
          <TextEquiv conf="0.96352696">
            <Unicode>wohl</Unicode>
          </TextEquiv>
        </Word>
        <TextEquiv>
          <Unicode>ner Zu&#x364;chtigung erhalten hat, er wohl</Unicode>
        </TextEquiv>
      </TextLine>
      <TextLine id="line_1650436599064_397" custom="readingOrder {index:8;}">
        <Coords points="1480,1152 1483,1157 1488,1158 1496,1146 1514,1149 1521,1141 1536,1144 1539,1150 1586,1153 1594,1152 1598,1146 1607,1142 1633,1145 1637,1152 1649,1143 1657,1142 1662,1145 1677,1141 1683,1143 1685,1150 1736,1146 1739,1150 1751,1143 1764,1143 1769,1146 1770,1151 1799,1153 1806,1152 1814,1145 1827,1145 1845,1140 1861,1144 1870,1139 1888,1150 1895,1150 1907,1142 1919,1141 1924,1143 1926,1150 1939,1149 1946,1142 1957,1142 1963,1150 2030,1153 2147,1147 2151,1141 2158,1138 2187,1139 2193,1141 2196,1146 2209,1146 2220,1139 2235,1139 2240,1146 2254,1148 2263,1144 2294,1146 2294,1198 2225,1198 2208,1202 2192,1200 2183,1209 2172,1208 2167,1200 2161,1206 2151,1206 2145,1200 2112,1199 2060,1201 2050,1206 2031,1204 2026,1199 2014,1200 2007,1195 1992,1202 1983,1199 1976,1203 1956,1203 1950,1199 1925,1200 1911,1207 1906,1206 1901,1199 1858,1202 1770,1199 1757,1209 1747,1207 1745,1200 1679,1199 1669,1204 1647,1208 1637,1204 1625,1205 1602,1200 1513,1198 1500,1201 1484,1192 1480,1194"/>
        <Word id="word_1650436599065_399" custom="readingOrder {index:0;}">
          <Coords points="1480,1153 1483,1157 1488,1158 1496,1146 1514,1149 1516,1145 1536,1145 1539,1150 1550,1150 1550,1190 1480,1189"/>
          <TextEquiv>
            <Unicode>die</Unicode>
          </TextEquiv>
        </Word>
        <Word id="region0005_line0007_word0005" custom="readingOrder {index:1;}">
          <Coords points="1628,1144 1602,1144 1598,1146 1594,1152 1586,1153 1581,1153 1580,1200 1602,1200 1603,1200 1675,1201 1679,1199 1745,1200 1745,1202 1766,1202 1770,1199 1789,1200 1790,1152 1770,1151 1769,1146 1769,1146 1747,1146 1739,1150 1736,1146 1685,1150 1684,1145 1663,1145 1662,1145 1662,1145 1647,1145 1637,1152 1633,1145"/>
          <TextEquiv conf="0.6764232">
            <Unicode>a&#x364;u&#x17F;&#x17F;erliche</Unicode>
          </TextEquiv>
        </Word>
        <Word id="region0005_line0007_word0006" custom="readingOrder {index:2;}">
          <Coords points="1879,1144 1831,1144 1830,1144 1829,1201 1868,1201 1901,1199 1903,1202 1921,1202 1925,1200 1950,1199 1955,1202 1977,1202 1983,1199 1992,1202 2007,1195 2014,1200 2026,1199 2030,1203 2056,1203 2060,1201 2068,1201 2069,1151 2030,1153 1963,1150 1959,1145 1943,1145 1939,1149 1926,1150 1925,1145 1903,1145 1895,1150 1888,1150"/>
          <TextEquiv conf="0.86971223">
            <Unicode>Zu&#x364;chtigung</Unicode>
          </TextEquiv>
        </Word>
        <Word id="word_1650444422496_1199" custom="readingOrder {index:3;}">
          <Coords points="2087,1150 2148,1144 2284,1149 2283,1198 2187,1204 2151,1204 2087,1199"/>
          <TextEquiv>
            <Unicode>aufhebet.</Unicode>
          </TextEquiv>
        </Word>
        <TextEquiv>
          <Unicode>die a&#x364;u&#x17F;&#x17F;erliche Zu&#x364;chtigung aufhebet.</Unicode>
        </TextEquiv>
      </TextLine>
      <TextLine id="line_1650436599067_401" custom="readingOrder {index:9;}">
        <Coords points="1480,1210 1482,1212 1496,1202 1513,1199 1552,1199 1560,1204 1569,1205 1575,1201 1592,1201 1597,1207 1605,1208 1648,1209 1673,1204 1679,1200 1715,1200 1725,1205 1757,1210 1770,1200 1879,1204 1885,1200 1901,1200 1906,1207 1911,1208 1925,1201 1940,1200 1950,1200 1956,1204 1976,1204 1983,1200 1992,1203 2007,1196 2014,1201 2026,1200 2031,1205 2069,1209 2075,1209 2083,1203 2093,1203 2099,1208 2149,1210 2227,1210 2294,1207 2294,1260 2263,1258 2231,1262 2227,1259 2173,1255 2166,1262 2162,1262 2152,1254 2143,1254 2086,1261 2005,1250 1899,1257 1891,1263 1880,1262 1876,1256 1845,1254 1819,1254 1806,1258 1785,1257 1770,1265 1764,1263 1762,1258 1712,1258 1698,1261 1686,1255 1667,1261 1646,1261 1640,1264 1595,1259 1591,1264 1579,1266 1574,1265 1566,1256 1495,1258 1482,1248 1480,1250"/>
        <Word id="word_1650436599067_403" custom="readingOrder {index:0;}">
          <Coords points="1480,1211 1482,1212 1492,1205 1597,1207 1605,1208 1615,1208 1615,1261 1613,1261 1595,1259 1594,1261 1570,1260 1566,1256 1495,1258 1482,1248 1480,1250"/>
          <TextEquiv>
            <Unicode>Siehe</Unicode>
          </TextEquiv>
        </Word>
        <Word id="region0005_line0008_word0007" custom="readingOrder {index:1;}">
          <Coords points="1676,1258 1676,1202 1673,1204 1648,1209 1638,1208 1638,1263 1640,1264 1646,1261 1667,1261"/>
          <TextEquiv conf="0.7811727">
            <Unicode>3.</Unicode>
          </TextEquiv>
        </Word>
        <Word id="region0005_line0008_word0008" custom="readingOrder {index:2;}">
          <Coords points="1748,1208 1677,1208 1677,1257 1686,1255 1698,1261 1712,1258 1762,1258 1763,1261 1775,1261 1785,1257 1789,1257 1789,1209 1758,1208 1757,1210"/>
          <TextEquiv conf="0.12550393">
            <Unicode>Buch</Unicode>
          </TextEquiv>
        </Word>
        <Word id="region0005_line0008_word0009" custom="readingOrder {index:3;}">
          <Coords points="1908,1256 1908,1211 1807,1210 1807,1257 1819,1254 1845,1254 1876,1256 1879,1260 1893,1260 1899,1257"/>
          <TextEquiv conf="0.9198841">
            <Unicode>Mo&#x17F;.</Unicode>
          </TextEquiv>
        </Word>
        <Word id="region0005_line0008_word0010" custom="readingOrder {index:4;}">
          <Coords points="2059,1207 1922,1207 1922,1255 2005,1250 2056,1256 2063,1257 2063,1208"/>
          <TextEquiv>
            <Unicode>XXVI,</Unicode>
          </TextEquiv>
        </Word>
        <Word id="region0005_line0008_word0011" custom="readingOrder {index:5;}">
          <Coords points="2131,1255 2131,1216 2079,1216 2079,1257 2118,1257"/>
          <TextEquiv conf="0.92057836">
            <Unicode>41.</Unicode>
          </TextEquiv>
        </Word>
        <Word id="region0005_line0008_word0012" custom="readingOrder {index:6;}">
          <Coords points="2186,1256 2208,1256 2208,1220 2153,1220 2153,1254 2154,1256 2172,1256 2173,1255"/>
          <TextEquiv conf="0.88048315">
            <Unicode>42.</Unicode>
          </TextEquiv>
        </Word>
        <Word id="region0005_line0008_word0013" custom="readingOrder {index:7;}">
          <Coords points="2223,1217 2283,1218 2283,1256 2223,1255"/>
          <TextEquiv conf="0.5102037">
            <Unicode>43.</Unicode>
          </TextEquiv>
        </Word>
        <TextEquiv>
          <Unicode>Siehe 3. Buch Mo&#x17F;. XXVI, 41. 42. 43.</Unicode>
        </TextEquiv>
      </TextLine>
      <TextLine id="line_1650436599069_405" custom="readingOrder {index:10;}">
        <Coords points="1480,1267 1485,1270 1496,1259 1517,1257 1566,1257 1574,1266 1579,1267 1666,1263 1686,1256 1694,1258 1697,1262 1731,1259 1738,1263 1770,1266 1785,1258 1795,1261 1808,1260 1819,1255 1845,1255 1856,1261 1891,1264 1938,1262 1969,1254 2016,1252 2092,1263 2113,1263 2129,1255 2152,1255 2162,1263 2166,1263 2173,1256 2191,1259 2193,1263 2239,1263 2263,1259 2294,1263 2295,1315 2284,1315 2278,1320 2269,1319 2260,1311 2153,1312 2148,1321 2141,1321 2121,1316 2118,1312 2085,1315 1978,1312 1941,1314 1934,1323 1923,1322 1918,1315 1873,1315 1866,1316 1859,1324 1851,1325 1842,1323 1836,1316 1790,1314 1700,1314 1693,1321 1682,1322 1674,1320 1672,1314 1539,1314 1522,1311 1495,1314 1487,1307 1483,1307 1480,1308"/>
        <Word id="region0005_line0009_word0005" custom="readingOrder {index:0;}">
          <Coords points="1584,1314 1584,1266 1579,1267 1574,1266 1566,1257 1517,1257 1507,1257 1507,1312 1522,1311 1539,1314"/>
          <TextEquiv conf="0.30675673">
            <Unicode>Wie</Unicode>
          </TextEquiv>
        </Word>
        <Word id="region0005_line0009_word0006" custom="readingOrder {index:1;}">
          <Coords points="1695,1259 1675,1259 1666,1263 1600,1266 1600,1313 1700,1314 1700,1261 1697,1262"/>
          <TextEquiv conf="0.7978943">
            <Unicode>auch</Unicode>
          </TextEquiv>
        </Word>
        <Word id="region0005_line0009_word0007" custom="readingOrder {index:2;}">
          <Coords points="1753,1264 1722,1264 1722,1305 1792,1306 1792,1265 1772,1264 1770,1266"/>
          <TextEquiv conf="0.9578686">
            <Unicode>das</Unicode>
          </TextEquiv>
        </Word>
        <Word id="region0005_line0009_word0008" custom="readingOrder {index:3;}">
          <Coords points="1859,1261 1812,1261 1812,1315 1836,1316 1838,1318 1864,1318 1866,1316 1873,1315 1918,1315 1921,1319 1937,1319 1941,1314 1978,1312 1979,1312 1979,1262 1939,1262 1938,1262 1891,1264"/>
          <TextEquiv conf="0.93299514">
            <Unicode>Exempel</Unicode>
          </TextEquiv>
        </Word>
        <Word id="region0005_line0009_word0009" custom="readingOrder {index:4;}">
          <Coords points="2077,1260 1996,1260 1996,1312 2085,1315 2118,1312 2121,1316 2122,1316 2150,1316 2153,1312 2189,1311 2189,1262 2167,1261 2166,1263 2162,1263 2160,1261 2116,1261 2113,1263 2092,1263"/>
          <TextEquiv conf="0.91090125">
            <Unicode>Mana&#x17F;&#x17F;es</Unicode>
          </TextEquiv>
        </Word>
        <Word id="region0005_line0009_word0010" custom="readingOrder {index:5;}">
          <Coords points="2284,1315 2284,1270 2208,1269 2208,1311 2260,1311 2264,1314"/>
          <TextEquiv conf="0.9683144">
            <Unicode>und</Unicode>
          </TextEquiv>
        </Word>
        <TextEquiv conf="0.7760734">
          <Unicode>Wie auch das Exempel Mana&#x17F;&#x17F;es und</Unicode>
        </TextEquiv>
      </TextLine>
      <TextLine id="line_1650436599070_407" custom="readingOrder {index:11;}">
        <Coords points="1480,1322 1482,1324 1488,1325 1497,1314 1522,1312 1546,1316 1575,1313 1584,1319 1592,1320 1643,1321 1647,1318 1658,1318 1662,1321 1682,1323 1776,1322 1783,1315 1790,1315 1798,1317 1803,1322 1853,1326 1877,1323 1884,1317 1899,1317 1906,1324 1943,1324 1952,1323 1954,1317 1959,1314 1991,1313 1997,1315 1999,1322 2015,1320 2019,1323 2074,1325 2090,1323 2094,1317 2107,1313 2142,1323 2161,1320 2206,1321 2217,1314 2228,1314 2233,1319 2236,1315 2246,1312 2260,1312 2266,1320 2295,1322 2295,1374 2270,1374 2266,1379 2260,1380 2244,1380 2237,1374 2178,1370 2129,1373 2122,1379 2112,1379 2105,1375 2096,1378 2087,1372 2072,1377 2051,1373 2037,1374 2028,1381 1998,1372 1974,1380 1959,1370 1946,1373 1917,1373 1910,1379 1900,1378 1897,1374 1795,1371 1737,1373 1734,1378 1722,1381 1703,1372 1641,1369 1618,1372 1495,1372 1486,1363 1482,1363 1480,1364"/>
        <Word id="region0005_line0010_word0006" custom="readingOrder {index:0;}">
          <Coords points="1584,1319 1494,1318 1488,1325 1482,1324 1482,1324 1481,1364 1482,1363 1486,1363 1495,1372 1618,1372 1641,1369 1703,1372 1710,1375 1736,1375 1737,1373 1795,1371 1797,1371 1798,1321 1777,1321 1776,1322 1682,1323 1662,1321 1660,1320 1645,1320 1643,1321 1592,1320 1584,1319"/>
          <TextEquiv conf="0.4505182">
            <Unicode>Nebucadnezars</Unicode>
          </TextEquiv>
        </Word>
        <Word id="region0005_line0010_word0007" custom="readingOrder {index:1;}">
          <Coords points="1903,1321 1880,1320 1877,1323 1853,1326 1828,1324 1827,1372 1880,1374 1916,1374 1917,1373 1946,1373 1959,1370 1965,1374 1990,1375 1998,1372 2007,1375 2036,1375 2036,1375 2037,1324 2019,1323 2017,1322 2002,1322 1999,1322 1999,1322 1953,1321 1952,1323 1943,1324 1906,1324"/>
          <TextEquiv conf="0.91242135">
            <Unicode>auswei&#x17F;et,</Unicode>
          </TextEquiv>
        </Word>
        <Word id="region0005_line0010_word0008" custom="readingOrder {index:2;}">
          <Coords points="2133,1372 2134,1324 2082,1324 2074,1325 2069,1324 2069,1373 2084,1373 2087,1372 2088,1373 2129,1373"/>
          <TextEquiv conf="0.78533846">
            <Unicode>als</Unicode>
          </TextEquiv>
        </Word>
        <Word id="region0005_line0010_word0009" custom="readingOrder {index:3;}">
          <Coords points="2283,1374 2284,1323 2159,1322 2158,1371 2178,1370 2237,1374 2240,1376 2267,1376 2270,1374"/>
          <TextEquiv conf="0.9247419">
            <Unicode>welche</Unicode>
          </TextEquiv>
        </Word>
        <TextEquiv conf="0.826696">
          <Unicode>Nebucadnezars auswei&#x17F;et, als welche</Unicode>
        </TextEquiv>
      </TextLine>
      <TextLine id="line_1650436599072_409" custom="readingOrder {index:12;}">
        <Coords points="1480,1385 1481,1386 1487,1387 1496,1373 1504,1371 1518,1372 1521,1378 1554,1378 1560,1373 1571,1373 1576,1378 1618,1379 1626,1371 1641,1370 1650,1375 1655,1371 1667,1371 1672,1375 1684,1377 1689,1373 1703,1373 1724,1382 1732,1379 1788,1379 1795,1372 1825,1372 1832,1380 1880,1381 1910,1380 1918,1374 1944,1375 1951,1371 1959,1371 1974,1381 1991,1380 1993,1375 2003,1373 2013,1377 2015,1381 2028,1382 2037,1375 2058,1374 2068,1380 2082,1373 2091,1375 2096,1380 2126,1380 2159,1377 2170,1371 2215,1373 2221,1378 2244,1381 2295,1382 2296,1431 2279,1430 2260,1436 2251,1430 2221,1430 2216,1434 2203,1435 2197,1430 2186,1433 2178,1430 2142,1428 2100,1431 2095,1436 2076,1439 2072,1432 2038,1432 2026,1438 2003,1430 1986,1430 1982,1433 1958,1430 1894,1431 1861,1424 1848,1429 1831,1429 1815,1436 1805,1436 1803,1431 1763,1432 1758,1437 1747,1436 1734,1440 1725,1438 1720,1431 1688,1429 1644,1429 1629,1437 1620,1435 1617,1430 1560,1429 1553,1437 1549,1437 1535,1427 1495,1429 1485,1420 1481,1419 1480,1420"/>
        <Word id="region0005_line0011_word0004" custom="readingOrder {index:0;}">
          <Coords points="1518,1372 1499,1372 1496,1373 1487,1387 1486,1386 1486,1420 1495,1429 1535,1427 1549,1437 1553,1437 1560,1429 1617,1430 1620,1435 1629,1437 1644,1429 1688,1429 1705,1430 1705,1373 1703,1373 1689,1373 1684,1377 1672,1375 1669,1372 1652,1372 1650,1375 1645,1372 1624,1372 1618,1379 1576,1378 1571,1373 1560,1373 1554,1378 1521,1378"/>
          <TextEquiv conf="0.37737587">
            <Unicode>beyder&#x17F;eits</Unicode>
          </TextEquiv>
        </Word>
        <Word id="region0005_line0011_word0005" custom="readingOrder {index:1;}">
          <Coords points="1769,1431 1769,1391 1729,1390 1729,1435 1759,1435 1763,1432"/>
          <TextEquiv conf="0.59094065">
            <Unicode>zu</Unicode>
          </TextEquiv>
        </Word>
        <Word id="region0005_line0011_word0006" custom="readingOrder {index:2;}">
          <Coords points="1893,1430 1893,1382 1796,1381 1796,1431 1803,1431 1804,1434 1819,1434 1831,1429 1848,1429 1861,1424"/>
          <TextEquiv conf="0.92225975">
            <Unicode>ihren</Unicode>
          </TextEquiv>
        </Word>
        <Word id="region0005_line0011_word0007" custom="readingOrder {index:3;}">
          <Coords points="1965,1375 1921,1375 1921,1430 1958,1430 1982,1433 1986,1430 2003,1430 2026,1438 2038,1432 2072,1432 2076,1439 2095,1436 2100,1431 2142,1428 2143,1428 2143,1378 2126,1380 2096,1380 2092,1376 2075,1376 2068,1380 2061,1376 2035,1376 2028,1382 2015,1381 2013,1377 2010,1375 1992,1375 1991,1380 1974,1381"/>
          <TextEquiv>
            <Unicode>Ko&#x364;niglichen</Unicode>
          </TextEquiv>
        </Word>
        <Word id="region0005_line0011_word0008" custom="readingOrder {index:4;}">
          <Coords points="2283,1430 2283,1383 2158,1382 2158,1428 2178,1430 2186,1433 2197,1430 2202,1434 2210,1434 2216,1434 2221,1430 2251,1430 2258,1434 2263,1434 2279,1430"/>
          <TextEquiv conf="0.9403883">
            <Unicode>Ehren</Unicode>
          </TextEquiv>
        </Word>
        <TextEquiv>
          <Unicode>beyder&#x17F;eits zu ihren Ko&#x364;niglichen Ehren</Unicode>
        </TextEquiv>
      </TextLine>
      <TextLine id="line_1650436599074_411" custom="readingOrder {index:13;}">
        <Coords points="1480,1445 1481,1447 1487,1448 1496,1439 1524,1439 1535,1428 1549,1438 1556,1438 1564,1432 1572,1432 1578,1438 1621,1436 1629,1438 1644,1430 1662,1430 1666,1436 1722,1438 1734,1441 1794,1442 1824,1432 1847,1432 1852,1427 1861,1425 1893,1431 1897,1438 1915,1438 1924,1433 1933,1433 1940,1438 1944,1432 1958,1431 1964,1436 1995,1438 2003,1431 2026,1439 2076,1440 2142,1429 2178,1431 2186,1434 2197,1431 2203,1436 2240,1434 2248,1437 2263,1437 2280,1431 2290,1438 2296,1438 2295,1488 2265,1488 2259,1495 2251,1495 2243,1490 2229,1490 2204,1493 2151,1492 2147,1497 2136,1497 2129,1488 2083,1489 2078,1492 2060,1486 2047,1491 2023,1489 2015,1498 2008,1498 1991,1491 1940,1490 1936,1493 1927,1493 1923,1490 1879,1490 1874,1498 1863,1498 1856,1489 1798,1488 1778,1491 1775,1497 1765,1500 1760,1499 1755,1491 1567,1490 1540,1487 1494,1490 1485,1481 1480,1480"/>
        <Word id="region0005_line0012_word0009" custom="readingOrder {index:0;}">
          <Coords points="1543,1434 1529,1434 1524,1439 1496,1439 1487,1448 1481,1447 1481,1447 1480,1480 1623,1482 1624,1437 1621,1436 1578,1438 1574,1434 1561,1434 1556,1438 1549,1438"/>
          <TextEquiv>
            <Unicode>wieder</Unicode>
          </TextEquiv>
        </Word>
        <Word id="region0005_line0012_word0010" custom="readingOrder {index:1;}">
          <Coords points="1708,1437 1639,1437 1638,1490 1755,1491 1756,1492 1775,1493 1775,1441 1734,1441 1722,1438"/>
          <TextEquiv conf="0.7138429">
            <Unicode>kamen,</Unicode>
          </TextEquiv>
        </Word>
        <Word id="region0005_line0012_word0011" custom="readingOrder {index:2;}">
          <Coords points="1788,1441 1788,1483 1842,1483 1843,1438 1806,1438 1794,1442"/>
          <TextEquiv conf="0.8720401">
            <Unicode>als</Unicode>
          </TextEquiv>
        </Word>
        <Word id="region0005_line0012_word0012" custom="readingOrder {index:3;}">
          <Coords points="1905,1490 1905,1438 1897,1438 1893,1431 1861,1425 1860,1494 1862,1497 1874,1497 1879,1490"/>
          <TextEquiv>
            <Unicode>&#x17F;ie</Unicode>
          </TextEquiv>
        </Word>
        <Word id="region0005_line0012_word0013" custom="readingOrder {index:4;}">
          <Coords points="1922,1439 1977,1439 1976,1486 1921,1486"/>
          <TextEquiv conf="0.9674837">
            <Unicode>die</Unicode>
          </TextEquiv>
        </Word>
        <Word id="region0005_line0012_word0014" custom="readingOrder {index:5;}">
          <Coords points="2053,1439 1990,1439 1989,1490 1991,1491 1998,1494 2018,1494 2023,1489 2047,1491 2060,1486 2078,1492 2083,1489 2104,1488 2105,1440 2077,1439 2076,1440"/>
          <TextEquiv conf="0.33363312">
            <Unicode>Hand</Unicode>
          </TextEquiv>
        </Word>
        <Word id="region0005_line0012_word0015" custom="readingOrder {index:6;}">
          <Coords points="2283,1488 2284,1441 2123,1439 2122,1488 2129,1488 2133,1494 2149,1494 2151,1492 2204,1493 2229,1490 2243,1490 2251,1495 2259,1495 2265,1488"/>
          <TextEquiv conf="0.91914564">
            <Unicode>GOttes</Unicode>
          </TextEquiv>
        </Word>
        <TextEquiv>
          <Unicode>wieder kamen, als &#x17F;ie die Hand GOttes</Unicode>
        </TextEquiv>
      </TextLine>
      <TextLine id="line_1650436599077_413" custom="readingOrder {index:14;}">
        <Coords points="1480,1505 1481,1506 1487,1507 1496,1497 1526,1496 1540,1488 1572,1491 1578,1497 1607,1499 1626,1500 1631,1496 1640,1496 1645,1500 1729,1499 1739,1498 1746,1494 1755,1494 1760,1500 1766,1501 1785,1498 1789,1492 1798,1489 1820,1490 1825,1495 1830,1491 1848,1489 1852,1491 1854,1498 1863,1499 1916,1499 1931,1495 1940,1495 1944,1498 1965,1497 1969,1494 1995,1494 2008,1499 2015,1499 2023,1490 2032,1490 2038,1496 2043,1496 2049,1490 2060,1487 2078,1493 2083,1490 2129,1489 2136,1498 2218,1498 2229,1491 2243,1491 2249,1498 2270,1496 2296,1500 2296,1548 2274,1544 2241,1549 2214,1548 2204,1554 2187,1554 2176,1547 2164,1546 2154,1548 2149,1553 2131,1548 2068,1550 2066,1554 2055,1557 2047,1555 2044,1550 2013,1551 2003,1546 1985,1548 1973,1538 1961,1547 1903,1547 1854,1550 1843,1558 1836,1559 1827,1557 1825,1550 1807,1550 1804,1556 1795,1558 1787,1556 1784,1550 1775,1549 1703,1547 1691,1550 1665,1550 1649,1559 1640,1556 1639,1551 1611,1548 1565,1549 1540,1546 1534,1549 1494,1550 1485,1541 1481,1540 1480,1540"/>
        <Word id="word_1650436599078_415" custom="readingOrder {index:0;}">
          <Coords points="1480,1505 1481,1506 1487,1507 1496,1497 1526,1496 1529,1494 1575,1494 1578,1497 1607,1499 1626,1500 1631,1496 1640,1496 1645,1500 1659,1499 1659,1553 1639,1552 1639,1551 1611,1548 1565,1549 1540,1546 1534,1549 1494,1550 1485,1541 1481,1540 1480,1540"/>
          <TextEquiv>
            <Unicode>erkannt,</Unicode>
          </TextEquiv>
        </Word>
        <Word id="region0005_line0013_word0006" custom="readingOrder {index:1;}">
          <Coords points="1693,1502 1767,1503 1767,1542 1693,1541"/>
          <TextEquiv conf="0.9679677">
            <Unicode>und</Unicode>
          </TextEquiv>
        </Word>
        <Word id="region0005_line0013_word0007" custom="readingOrder {index:2;}">
          <Coords points="1853,1496 1790,1496 1790,1553 1805,1553 1807,1550 1825,1550 1825,1553 1849,1553 1854,1550 1856,1549 1856,1498 1854,1498"/>
          <TextEquiv conf="0.96845734">
            <Unicode>&#x17F;ich</Unicode>
          </TextEquiv>
        </Word>
        <Word id="region0005_line0013_word0008" custom="readingOrder {index:3;}">
          <Coords points="1978,1542 1978,1506 1873,1505 1873,1542 1966,1542 1973,1538"/>
          <TextEquiv conf="0.9330104">
            <Unicode>unter</Unicode>
          </TextEquiv>
        </Word>
        <Word id="region0005_line0013_word0009" custom="readingOrder {index:4;}">
          <Coords points="2033,1491 2021,1491 2015,1499 2008,1499 1995,1494 1988,1494 1988,1547 2003,1546 2013,1551 2044,1550 2047,1555 2055,1557 2066,1554 2068,1550 2131,1548 2149,1553 2154,1548 2164,1546 2171,1546 2171,1498 2136,1498 2131,1492 2079,1492 2078,1493 2074,1491 2047,1491 2043,1496 2038,1496"/>
          <TextEquiv>
            <Unicode>die&#x17F;elbige</Unicode>
          </TextEquiv>
        </Word>
        <Word id="region0005_line0013_word0010" custom="readingOrder {index:5;}">
          <Coords points="2245,1493 2225,1493 2218,1498 2192,1498 2192,1554 2204,1554 2214,1548 2241,1549 2274,1544 2286,1546 2286,1498 2270,1496 2249,1498"/>
          <TextEquiv>
            <Unicode>gede&#x2E17;</Unicode>
          </TextEquiv>
        </Word>
        <TextEquiv>
          <Unicode>erkannt, und &#x17F;ich unter die&#x17F;elbige gede&#x2E17;</Unicode>
        </TextEquiv>
      </TextLine>
      <TextLine id="line_1650436599081_417" custom="readingOrder {index:15;}">
        <Coords points="1480,1568 1488,1569 1502,1567 1504,1557 1531,1556 1533,1550 1540,1547 1553,1547 1558,1550 1559,1556 1573,1554 1581,1549 1611,1549 1616,1552 1619,1558 1641,1557 1650,1560 1665,1551 1677,1551 1685,1555 1694,1550 1710,1548 1718,1555 1726,1556 1739,1556 1744,1552 1769,1553 1774,1557 1821,1557 1836,1560 1856,1552 1903,1548 1940,1549 1963,1553 1961,1548 1973,1539 1985,1549 2003,1547 2011,1550 2015,1556 2055,1558 2065,1555 2117,1553 2123,1549 2149,1554 2154,1549 2164,1547 2176,1548 2181,1554 2187,1555 2238,1554 2249,1553 2251,1548 2256,1546 2282,1545 2289,1549 2290,1553 2296,1553 2296,1608 2259,1604 2241,1606 2237,1610 2229,1607 2217,1609 2193,1601 2152,1601 2143,1605 2096,1604 2083,1601 2068,1605 2055,1604 2046,1608 2000,1602 1989,1605 1975,1602 1946,1606 1932,1602 1920,1607 1873,1606 1857,1603 1714,1608 1706,1615 1690,1613 1688,1609 1659,1609 1652,1605 1642,1605 1637,1609 1610,1612 1605,1608 1598,1608 1594,1614 1589,1615 1574,1608 1527,1606 1526,1596 1520,1600 1516,1595 1504,1594 1497,1596 1493,1604 1481,1598 1480,1598"/>
        <Word id="region0005_line0014_word0007" custom="readingOrder {index:0;}">
          <Coords points="1673,1609 1673,1551 1665,1551 1650,1560 1641,1557 1619,1558 1616,1552 1611,1549 1581,1549 1573,1554 1559,1556 1558,1550 1553,1547 1540,1547 1533,1550 1531,1556 1504,1557 1502,1567 1488,1569 1485,1568 1485,1600 1493,1604 1497,1596 1504,1594 1516,1595 1520,1600 1526,1596 1527,1606 1574,1608 1577,1609 1596,1609 1598,1608 1605,1608 1607,1609 1630,1609 1637,1609 1642,1605 1652,1605 1659,1609"/>
          <TextEquiv>
            <Unicode>mu&#x364;thiget</Unicode>
          </TextEquiv>
        </Word>
        <Word id="region0005_line0014_word0008" custom="readingOrder {index:1;}">
          <Coords points="1712,1550 1693,1550 1690,1551 1690,1603 1831,1603 1849,1603 1849,1554 1836,1560 1821,1557 1774,1557 1769,1553 1744,1552 1739,1556 1726,1556 1718,1555"/>
          <TextEquiv>
            <Unicode>hatten.</Unicode>
          </TextEquiv>
        </Word>
        <Word id="region0005_line0014_word0009" custom="readingOrder {index:2;}">
          <Coords points="1887,1554 1948,1554 1947,1598 1886,1598"/>
          <TextEquiv conf="0.96755755">
            <Unicode>Es</Unicode>
          </TextEquiv>
        </Word>
        <Word id="region0005_line0014_word0010" custom="readingOrder {index:3;}">
          <Coords points="1973,1539 1973,1539 1970,1541 1969,1601 2011,1602 2012,1551 2011,1550 2003,1547 1985,1549"/>
          <TextEquiv>
            <Unicode>i&#x17F;t</Unicode>
          </TextEquiv>
        </Word>
        <Word id="region0005_line0014_word0011" custom="readingOrder {index:4;}">
          <Coords points="2096,1604 2107,1604 2107,1553 2065,1555 2055,1558 2020,1556 2020,1604 2055,1604 2071,1604 2083,1601"/>
          <TextEquiv conf="0.8074782">
            <Unicode>gar</Unicode>
          </TextEquiv>
        </Word>
        <Word id="region0005_line0014_word0012" custom="readingOrder {index:5;}">
          <Coords points="2145,1553 2120,1553 2119,1596 2199,1597 2200,1555 2187,1555 2181,1554 2181,1554 2150,1553 2149,1554"/>
          <TextEquiv conf="0.96239126">
            <Unicode>kein</Unicode>
          </TextEquiv>
        </Word>
        <Word id="region0005_line0014_word0013" custom="readingOrder {index:6;}">
          <Coords points="2284,1607 2285,1549 2251,1548 2249,1553 2238,1554 2217,1554 2216,1606 2241,1606 2241,1606 2259,1604"/>
          <TextEquiv conf="0.7582736">
            <Unicode>gut</Unicode>
          </TextEquiv>
        </Word>
        <TextEquiv>
          <Unicode>mu&#x364;thiget hatten. Es i&#x17F;t gar kein gut</Unicode>
        </TextEquiv>
      </TextLine>
      <TextLine id="line_1650436599086_423" custom="readingOrder {index:16;}">
        <Coords points="1480,1621 1482,1623 1488,1620 1495,1608 1505,1606 1521,1607 1530,1613 1538,1613 1545,1607 1556,1607 1563,1614 1574,1609 1589,1616 1605,1616 1611,1612 1652,1606 1659,1610 1660,1616 1706,1616 1823,1612 1831,1606 1839,1606 1849,1612 1852,1606 1857,1604 1872,1606 1874,1612 1918,1614 1919,1608 1932,1603 1944,1605 1948,1612 1964,1612 1969,1605 1975,1603 1989,1606 2000,1603 2005,1606 2006,1611 2024,1612 2028,1607 2046,1609 2059,1605 2064,1609 2066,1606 2083,1602 2097,1605 2098,1612 2136,1612 2142,1606 2152,1602 2166,1602 2174,1606 2179,1602 2193,1602 2199,1606 2200,1613 2207,1613 2210,1609 2229,1608 2240,1613 2260,1605 2274,1608 2276,1615 2296,1616 2297,1661 2268,1659 2249,1664 2240,1660 2214,1670 2211,1664 2161,1668 2157,1665 2121,1665 2116,1661 2100,1661 2080,1666 2073,1663 1997,1660 1991,1666 1985,1666 1982,1659 1975,1664 1967,1665 1963,1662 1850,1661 1845,1664 1797,1662 1758,1665 1732,1664 1725,1661 1668,1662 1653,1674 1640,1673 1637,1666 1597,1665 1589,1673 1582,1674 1572,1674 1568,1666 1556,1666 1527,1668 1498,1675 1493,1673 1485,1660 1481,1659 1480,1659"/>
        <Word id="word_1650436599087_425" custom="readingOrder {index:0;}">
          <Coords points="1480,1621 1482,1623 1488,1620 1495,1608 1503,1606 1510,1606 1521,1607 1530,1613 1538,1613 1545,1607 1556,1607 1563,1614 1574,1609 1589,1616 1605,1616 1611,1612 1639,1607 1655,1607 1659,1610 1660,1616 1661,1616 1661,1665 1486,1663 1485,1660 1481,1659 1480,1659"/>
          <TextEquiv>
            <Unicode>Zeichen,</Unicode>
          </TextEquiv>
        </Word>
        <Word id="word_1650444629357_1300" custom="readingOrder {index:1;}">
          <Coords points="1689,1616 1706,1616 1809,1612 1809,1657 1689,1656"/>
          <TextEquiv>
            <Unicode>wenn</Unicode>
          </TextEquiv>
        </Word>
        <Word id="word_1650444629357_1299" custom="readingOrder {index:2;}">
          <Coords points="1809,1612 1814,1612 1886,1613 1886,1658 1809,1657"/>
          <TextEquiv>
            <Unicode>die</Unicode>
          </TextEquiv>
        </Word>
        <Word id="region0005_line0015_word0009" custom="readingOrder {index:3;}">
          <Coords points="1947,1610 1919,1610 1919,1662 1963,1662 1967,1665 1975,1664 1982,1659 1985,1666 1991,1666 1997,1660 2073,1663 2080,1666 2100,1661 2116,1661 2116,1612 2098,1612 2098,1611 2025,1611 2024,1612 2006,1611 2006,1610 1965,1610 1964,1612 1948,1612"/>
          <TextEquiv>
            <Unicode>a&#x364;u&#x17F;&#x17F;erliche</Unicode>
          </TextEquiv>
        </Word>
        <Word id="region0005_line0015_word0010" custom="readingOrder {index:4;}">
          <Coords points="2200,1612 2143,1612 2143,1665 2157,1665 2161,1668 2211,1664 2214,1670 2240,1660 2249,1664 2268,1659 2285,1660 2285,1615 2276,1615 2275,1613 2241,1613 2240,1613 2239,1613 2207,1612 2207,1613 2200,1613"/>
          <TextEquiv conf="0.9158129">
            <Unicode>Zu&#x364;chti&#x2E17;</Unicode>
          </TextEquiv>
        </Word>
        <TextEquiv>
          <Unicode>Zeichen, wenn die a&#x364;u&#x17F;&#x17F;erliche Zu&#x364;chti&#x2E17;</Unicode>
        </TextEquiv>
      </TextLine>
      <TextLine id="line_1650436599089_427" custom="readingOrder {index:17;}">
        <Coords points="1480,1683 1486,1684 1495,1675 1518,1673 1599,1675 1604,1671 1614,1672 1618,1675 1653,1675 1668,1663 1708,1666 1725,1662 1730,1664 1734,1671 1770,1672 1775,1668 1789,1670 1797,1663 1808,1663 1814,1671 1819,1672 1855,1670 1860,1666 1891,1671 1896,1667 1907,1667 1912,1671 1920,1671 1975,1665 1981,1660 1985,1667 1991,1667 1997,1661 2007,1661 2058,1671 2065,1671 2069,1664 2081,1667 2100,1662 2116,1662 2121,1669 2157,1666 2162,1671 2183,1671 2189,1666 2198,1666 2204,1671 2214,1671 2240,1661 2251,1665 2268,1660 2281,1663 2283,1671 2297,1671 2297,1689 2297,1724 2281,1724 2268,1730 2255,1728 2253,1723 2235,1723 2222,1728 2210,1721 2178,1717 2160,1720 2145,1727 2130,1721 2113,1728 2101,1729 2089,1722 2084,1728 2075,1729 2066,1719 2058,1719 2047,1725 2038,1722 2001,1721 1898,1724 1878,1720 1801,1723 1794,1730 1789,1730 1780,1722 1721,1723 1709,1724 1693,1732 1683,1728 1681,1724 1678,1729 1672,1730 1661,1722 1650,1725 1599,1723 1590,1731 1575,1732 1565,1722 1546,1722 1522,1723 1514,1733 1504,1736 1493,1733 1490,1720 1485,1715 1480,1714"/>
        <Word id="word_1650444662719_1338" custom="readingOrder {index:0;}">
          <Coords points="1480,1683 1486,1684 1495,1675 1518,1673 1595,1674 1595,1725 1568,1725 1565,1722 1546,1722 1522,1723 1520,1724 1491,1724 1490,1720 1485,1715 1480,1714"/>
          <TextEquiv>
            <Unicode>gung</Unicode>
          </TextEquiv>
        </Word>
        <Word id="word_1650444668709_1345" custom="readingOrder {index:1;}">
          <Coords points="1600,1673 1604,1671 1679,1664 1725,1662 1798,1663 1797,1727 1794,1730 1688,1730 1600,1723"/>
          <TextEquiv>
            <Unicode>aufho&#x364;ret,</Unicode>
          </TextEquiv>
        </Word>
        <Word id="region0005_line0016_word0007" custom="readingOrder {index:2;}">
          <Coords points="1889,1722 1889,1670 1860,1666 1855,1670 1832,1671 1832,1721 1878,1720"/>
          <TextEquiv conf="0.92091227">
            <Unicode>und</Unicode>
          </TextEquiv>
        </Word>
        <Word id="region0005_line0016_word0008" custom="readingOrder {index:3;}">
          <Coords points="1968,1722 1969,1666 1920,1671 1912,1671 1907,1667 1907,1667 1906,1724"/>
          <TextEquiv conf="0.96827376">
            <Unicode>der</Unicode>
          </TextEquiv>
        </Word>
        <Word id="region0005_line0016_word0009" custom="readingOrder {index:4;}">
          <Coords points="1984,1666 1973,1666 1972,1721 2001,1721 2038,1722 2047,1725 2058,1719 2066,1719 2072,1726 2085,1726 2089,1722 2097,1726 2115,1726 2120,1725 2120,1668 2119,1666 2082,1666 2081,1667 2079,1666 2067,1666 2065,1671 2058,1671 2034,1666 1991,1666 1991,1667 1985,1667"/>
          <TextEquiv conf="0.96733975">
            <Unicode>Men&#x17F;ch</Unicode>
          </TextEquiv>
        </Word>
        <Word id="region0005_line0016_word0010" custom="readingOrder {index:5;}">
          <Coords points="2199,1719 2200,1675 2138,1674 2137,1723 2145,1727 2160,1720 2178,1717"/>
          <TextEquiv conf="0.9243452">
            <Unicode>hat</Unicode>
          </TextEquiv>
        </Word>
        <Word id="region0005_line0016_word0011" custom="readingOrder {index:6;}">
          <Coords points="2281,1724 2282,1672 2217,1671 2216,1725 2220,1727 2224,1727 2235,1723 2253,1723 2255,1728 2273,1728 2281,1724"/>
          <TextEquiv conf="0.929917">
            <Unicode>&#x17F;ich</Unicode>
          </TextEquiv>
        </Word>
        <TextEquiv>
          <Unicode>gung aufho&#x364;ret, und der Men&#x17F;ch hat &#x17F;ich</Unicode>
        </TextEquiv>
      </TextLine>
      <TextLine id="line_1650436599092_431" custom="readingOrder {index:18;}">
        <Coords points="1480,1740 1485,1742 1493,1734 1504,1737 1515,1733 1548,1733 1553,1725 1560,1723 1568,1725 1575,1733 1617,1731 1625,1724 1638,1725 1643,1730 1646,1726 1657,1723 1672,1731 1682,1728 1692,1733 1701,1730 1760,1731 1769,1724 1779,1723 1789,1731 1802,1730 1809,1724 1821,1722 1832,1723 1835,1730 1853,1730 1861,1722 1878,1721 1893,1722 1898,1728 1906,1723 1916,1723 1921,1731 1962,1731 1987,1730 2001,1722 2016,1723 2020,1730 2032,1730 2038,1724 2047,1726 2058,1720 2066,1720 2075,1730 2101,1730 2133,1724 2145,1728 2160,1721 2178,1718 2209,1722 2222,1729 2234,1727 2264,1731 2275,1729 2297,1731 2298,1780 2259,1782 2248,1779 2237,1783 2229,1778 2210,1780 2199,1774 2180,1774 2174,1780 2117,1777 2076,1780 2054,1789 2036,1788 2030,1781 1994,1780 1949,1785 1944,1783 1936,1789 1927,1791 1917,1790 1909,1783 1889,1783 1882,1790 1860,1790 1854,1780 1841,1779 1825,1790 1817,1791 1811,1790 1807,1782 1792,1781 1784,1774 1778,1773 1770,1782 1756,1783 1743,1779 1732,1783 1676,1783 1667,1791 1658,1790 1650,1781 1643,1779 1633,1780 1628,1784 1582,1783 1577,1789 1566,1793 1553,1789 1552,1783 1493,1784 1483,1775 1480,1774"/>
        <Word id="region0005_line0019_word0006" custom="readingOrder {index:0;}">
          <Coords points="1568,1726 1552,1726 1548,1733 1515,1733 1492,1736 1492,1783 1552,1783 1580,1783 1580,1732 1575,1733"/>
          <TextEquiv>
            <Unicode>noch</Unicode>
          </TextEquiv>
        </Word>
        <Word id="region0005_line0019_word0007" custom="readingOrder {index:1;}">
          <Coords points="1639,1726 1622,1726 1617,1731 1592,1732 1592,1783 1628,1783 1633,1780 1643,1779 1650,1781 1652,1783 1675,1783 1676,1783 1698,1783 1698,1731 1692,1733 1682,1728 1672,1731 1663,1726 1645,1726 1643,1730"/>
          <TextEquiv conf="0.6617687">
            <Unicode>nicht</Unicode>
          </TextEquiv>
        </Word>
        <Word id="region0005_line0019_word0008" custom="readingOrder {index:2;}">
          <Coords points="1885,1721 1871,1721 1861,1722 1853,1730 1835,1730 1832,1723 1821,1722 1809,1724 1802,1730 1789,1731 1779,1723 1769,1724 1760,1731 1720,1730 1720,1783 1732,1783 1743,1779 1756,1783 1770,1782 1778,1773 1784,1774 1792,1781 1807,1782 1810,1788 1826,1788 1841,1779 1854,1780 1859,1789 1882,1789 1889,1783 1909,1783 1916,1789 1931,1789 1936,1789 1942,1784 1942,1731 1921,1731 1916,1723 1906,1723 1898,1728 1893,1722"/>
          <TextEquiv conf="0.857609">
            <Unicode>wahrhafftig</Unicode>
          </TextEquiv>
        </Word>
        <Word id="region0005_line0019_word0009" custom="readingOrder {index:3;}">
          <Coords points="2008,1722 2000,1722 1987,1730 1962,1731 1958,1731 1958,1783 1994,1780 2030,1781 2036,1788 2054,1789 2076,1780 2117,1777 2167,1779 2168,1724 2153,1723 2145,1728 2133,1724 2101,1730 2075,1730 2068,1723 2052,1722 2047,1726 2038,1724 2032,1730 2020,1730 2016,1723"/>
          <TextEquiv conf="0.92098653">
            <Unicode>gebe&#x17F;&#x17F;ert.</Unicode>
          </TextEquiv>
        </Word>
        <Word id="region0005_line0019_word0010" custom="readingOrder {index:4;}">
          <Coords points="2221,1728 2163,1728 2163,1778 2175,1778 2180,1774 2199,1774 2207,1778 2224,1778 2229,1778 2229,1778 2282,1779 2282,1729 2275,1729 2264,1731 2246,1728 2224,1728 2222,1729"/>
          <TextEquiv>
            <Unicode>Denn</Unicode>
          </TextEquiv>
        </Word>
        <TextEquiv>
          <Unicode>noch nicht wahrhafftig gebe&#x17F;&#x17F;ert. Denn</Unicode>
        </TextEquiv>
      </TextLine>
      <TextLine id="line_1650436599095_435" custom="readingOrder {index:19;}">
        <Coords points="1480,1798 1484,1799 1493,1790 1512,1790 1518,1785 1534,1785 1540,1790 1554,1790 1566,1794 1574,1791 1627,1792 1628,1785 1637,1780 1650,1782 1658,1791 1663,1792 1683,1790 1688,1786 1697,1786 1701,1789 1729,1789 1733,1783 1743,1780 1755,1783 1763,1790 1772,1785 1771,1782 1778,1774 1784,1775 1792,1782 1784,1791 1819,1792 1835,1791 1836,1784 1841,1780 1854,1781 1859,1791 1927,1792 1966,1783 1978,1784 1979,1787 2002,1783 2007,1787 2054,1790 2066,1783 2092,1779 2123,1778 2170,1783 2180,1775 2199,1775 2210,1781 2229,1779 2237,1784 2246,1781 2275,1782 2298,1785 2298,1836 2258,1836 2250,1832 2241,1832 2233,1834 2223,1845 2211,1844 2206,1838 2200,1838 2189,1845 2181,1843 2178,1838 2143,1836 2096,1835 2070,1839 1985,1838 1968,1839 1963,1847 1957,1848 1950,1847 1945,1840 1843,1840 1807,1836 1783,1842 1750,1841 1743,1848 1733,1847 1728,1840 1665,1839 1654,1844 1640,1840 1491,1840 1481,1831 1480,1830"/>
        <Word id="word_1650436599095_437" custom="readingOrder {index:0;}">
          <Coords points="1480,1798 1484,1799 1493,1790 1512,1790 1518,1785 1534,1785 1534,1832 1482,1832 1481,1831 1480,1830"/>
          <TextEquiv>
            <Unicode>es</Unicode>
          </TextEquiv>
        </Word>
        <Word id="region0005_line0020_word0004" custom="readingOrder {index:1;}">
          <Coords points="1640,1780 1636,1780 1628,1785 1627,1792 1574,1791 1569,1792 1569,1831 1713,1832 1713,1789 1701,1789 1697,1786 1688,1786 1683,1790 1663,1792 1658,1791 1650,1782"/>
          <TextEquiv>
            <Unicode>wartet</Unicode>
          </TextEquiv>
        </Word>
        <Word id="region0005_line0020_word0005" custom="readingOrder {index:2;}">
          <Coords points="1812,1836 1868,1837 1868,1791 1859,1791 1854,1781 1841,1780 1836,1784 1835,1791 1819,1792 1784,1791 1792,1782 1784,1775 1778,1774 1771,1782 1772,1785 1763,1790 1755,1783 1743,1780 1733,1783 1732,1784 1732,1836 1804,1836 1807,1836"/>
          <TextEquiv>
            <Unicode>&#x17F;odann</Unicode>
          </TextEquiv>
        </Word>
        <Word id="region0005_line0020_word0006" custom="readingOrder {index:3;}">
          <Coords points="1970,1838 1970,1786 1953,1786 1927,1792 1900,1791 1900,1840 1945,1840 1967,1840 1968,1839"/>
          <TextEquiv conf="0.96717227">
            <Unicode>auf</Unicode>
          </TextEquiv>
        </Word>
        <Word id="region0005_line0020_word0007" custom="readingOrder {index:4;}">
          <Coords points="1992,1793 2067,1794 2067,1833 1992,1832"/>
          <TextEquiv>
            <Unicode>den</Unicode>
          </TextEquiv>
        </Word>
        <Word id="region0005_line0020_word0008" custom="readingOrder {index:5;}">
          <Coords points="2147,1780 2088,1780 2088,1836 2096,1835 2143,1836 2178,1838 2181,1843 2185,1844 2190,1844 2200,1838 2206,1838 2211,1844 2214,1844 2223,1844 2233,1834 2241,1832 2250,1832 2258,1836 2281,1836 2281,1782 2275,1782 2272,1781 2244,1781 2237,1784 2233,1781 2172,1780 2170,1783"/>
          <TextEquiv conf="0.6706797">
            <Unicode>Men&#x17F;chen</Unicode>
          </TextEquiv>
        </Word>
        <TextEquiv>
          <Unicode>es wartet &#x17F;odann auf den Men&#x17F;chen</Unicode>
        </TextEquiv>
      </TextLine>
      <TextLine id="line_1650436599097_439" custom="readingOrder {index:20;}">
        <Coords points="1480,1855 1483,1856 1492,1846 1521,1845 1528,1842 1547,1844 1557,1839 1572,1839 1579,1844 1622,1847 1628,1841 1640,1841 1646,1846 1652,1846 1665,1840 1674,1840 1681,1846 1753,1850 1762,1842 1772,1842 1782,1848 1787,1847 1791,1841 1807,1837 1817,1840 1837,1839 1842,1847 1957,1849 1975,1847 1979,1841 1985,1839 2009,1846 2096,1836 2129,1839 2135,1836 2165,1838 2170,1844 2189,1846 2200,1839 2206,1839 2211,1845 2223,1846 2233,1835 2241,1833 2275,1838 2279,1841 2298,1841 2298,1894 2285,1894 2277,1886 2269,1885 2261,1888 2253,1886 2240,1896 2229,1900 2224,1894 2217,1893 2122,1890 2115,1893 2084,1895 2070,1893 2068,1897 2055,1900 2047,1893 2012,1891 1989,1895 1844,1896 1839,1902 1823,1905 1817,1901 1816,1896 1809,1897 1805,1903 1795,1904 1789,1903 1785,1896 1722,1895 1712,1900 1700,1900 1693,1895 1629,1896 1592,1892 1580,1893 1571,1901 1562,1902 1553,1899 1551,1893 1491,1894 1483,1887 1480,1886"/>
        <Word id="word_1650436599098_441" custom="readingOrder {index:0;}">
          <Coords points="1480,1855 1483,1856 1492,1846 1521,1845 1528,1842 1547,1844 1553,1840 1574,1840 1579,1844 1580,1844 1580,1893 1489,1892 1483,1887 1480,1886"/>
          <TextEquiv>
            <Unicode>noch</Unicode>
          </TextEquiv>
        </Word>
        <Word id="region0005_line0021_word0005" custom="readingOrder {index:1;}">
          <Coords points="1644,1844 1624,1844 1622,1847 1600,1845 1600,1884 1673,1885 1674,1845 1654,1844 1652,1846 1646,1846"/>
          <TextEquiv conf="0.9323238">
            <Unicode>viel</Unicode>
          </TextEquiv>
        </Word>
        <Word id="region0005_line0021_word0006" custom="readingOrder {index:2;}">
          <Coords points="1700,1847 1692,1847 1691,1889 1777,1890 1778,1848 1755,1847 1753,1850"/>
          <TextEquiv conf="0.9326897">
            <Unicode>was</Unicode>
          </TextEquiv>
        </Word>
        <Word id="region0005_line0021_word0007" custom="readingOrder {index:3;}">
          <Coords points="1838,1841 1792,1841 1791,1897 1809,1897 1809,1897 1816,1896 1816,1897 1843,1897 1844,1896 1989,1895 2012,1891 2029,1892 2030,1844 2009,1846 1998,1843 1978,1843 1975,1847 1957,1849 1842,1847"/>
          <TextEquiv>
            <Unicode>&#x17F;chwereres.</Unicode>
          </TextEquiv>
        </Word>
        <Word id="region0005_line0021_word0008" custom="readingOrder {index:4;}">
          <Coords points="2145,1890 2146,1848 2059,1847 2058,1895 2068,1895 2070,1893 2084,1895 2115,1893 2122,1890"/>
          <TextEquiv conf="0.7523771">
            <Unicode>Wie</Unicode>
          </TextEquiv>
        </Word>
        <Word id="region0005_line0021_word0009" custom="readingOrder {index:5;}">
          <Coords points="2210,1844 2192,1844 2189,1846 2171,1844 2170,1892 2217,1893 2224,1894 2229,1900 2240,1896 2253,1886 2261,1888 2269,1885 2277,1886 2280,1889 2281,1845 2224,1844 2223,1846 2211,1845"/>
          <TextEquiv conf="0.9063685">
            <Unicode>un&#x17F;er</Unicode>
          </TextEquiv>
        </Word>
        <TextEquiv>
          <Unicode>noch viel was &#x17F;chwereres. Wie un&#x17F;er</Unicode>
        </TextEquiv>
      </TextLine>
      <TextLine id="line_1650436599099_443" custom="readingOrder {index:21;}">
        <Coords points="1480,1907 1482,1909 1491,1899 1500,1899 1509,1893 1524,1893 1530,1899 1562,1903 1571,1902 1580,1894 1592,1893 1598,1901 1633,1902 1640,1897 1650,1897 1656,1902 1693,1900 1697,1903 1743,1903 1747,1897 1761,1896 1767,1904 1818,1903 1828,1906 1844,1902 1877,1902 1890,1896 1910,1897 1923,1902 1988,1901 1993,1895 2012,1892 2021,1894 2023,1901 2059,1901 2070,1898 2074,1901 2109,1901 2114,1894 2122,1891 2139,1894 2141,1902 2226,1903 2253,1887 2261,1889 2269,1886 2279,1888 2285,1895 2270,1901 2260,1901 2260,1904 2298,1907 2299,1954 2249,1953 2242,1959 2231,1949 2221,1949 2213,1953 2131,1950 2127,1956 2115,1957 2108,1950 2085,1950 2052,1952 2041,1957 2021,1958 2011,1953 1959,1953 1951,1949 1942,1949 1903,1952 1825,1950 1815,1956 1809,1949 1798,1949 1763,1951 1753,1958 1743,1956 1738,1952 1705,1952 1701,1957 1685,1959 1676,1952 1623,1949 1579,1950 1562,1960 1551,1959 1548,1953 1524,1954 1518,1961 1507,1962 1499,1960 1495,1954 1480,1944"/>
        <Word id="region0005_line0022_word0006" custom="readingOrder {index:0;}">
          <Coords points="1525,1894 1507,1894 1501,1898 1501,1949 1596,1949 1623,1949 1638,1949 1662,1950 1662,1901 1656,1902 1650,1897 1640,1897 1633,1902 1598,1901 1593,1894 1579,1894 1571,1902 1562,1903 1530,1899"/>
          <TextEquiv conf="0.5873086">
            <Unicode>Heyland</Unicode>
          </TextEquiv>
        </Word>
        <Word id="region0005_line0022_word0007" custom="readingOrder {index:1;}">
          <Coords points="1684,1904 1726,1904 1726,1949 1684,1949"/>
          <TextEquiv conf="0.96933866">
            <Unicode>zu</Unicode>
          </TextEquiv>
        </Word>
        <Word id="region0005_line0022_word0008" custom="readingOrder {index:2;}">
          <Coords points="1762,1898 1748,1898 1748,1948 1863,1948 1863,1902 1844,1902 1828,1906 1818,1903 1767,1904"/>
          <TextEquiv conf="0.9330166">
            <Unicode>jenem</Unicode>
          </TextEquiv>
        </Word>
        <Word id="region0005_line0022_word0009" custom="readingOrder {index:3;}">
          <Coords points="2021,1895 1992,1895 1988,1901 1923,1902 1910,1897 1890,1896 1877,1902 1877,1948 2214,1950 2214,1902 2141,1902 2139,1896 2112,1896 2109,1901 2074,1901 2070,1898 2059,1901 2023,1901"/>
          <TextEquiv conf="0.9201573">
            <Unicode>Kranckgewe&#x17F;enen</Unicode>
          </TextEquiv>
        </Word>
        <Word id="region0005_line0022_word0010" custom="readingOrder {index:4;}">
          <Coords points="2255,1887 2252,1887 2232,1899 2232,1950 2234,1952 2280,1953 2280,1906 2260,1904 2260,1901 2270,1901 2280,1897 2280,1889 2279,1888 2279,1888 2265,1888 2261,1889"/>
          <TextEquiv>
            <Unicode>&#x17F;a&#x2E17;</Unicode>
          </TextEquiv>
        </Word>
        <TextEquiv>
          <Unicode>Heyland zu jenem Kranckgewe&#x17F;enen &#x17F;a&#x2E17;</Unicode>
        </TextEquiv>
      </TextLine>
      <TextLine id="line_1650436599102_447" custom="readingOrder {index:22;}">
        <Coords points="1480,1970 1481,1971 1494,1961 1512,1963 1531,1959 1536,1955 1545,1955 1551,1960 1562,1961 1579,1951 1623,1950 1676,1953 1685,1960 1709,1960 1737,1955 1753,1959 1763,1952 1790,1956 1798,1950 1809,1950 1815,1957 1827,1951 1834,1957 1895,1958 1904,1952 1918,1951 1925,1956 1942,1950 1954,1951 1957,1955 1983,1952 1987,1955 2021,1959 2058,1954 2062,1957 2170,1958 2194,1961 2211,1960 2214,1953 2221,1950 2231,1950 2242,1960 2299,1961 2299,2011 2219,2012 2212,2004 2206,2004 2199,2010 2183,2010 2161,2005 2142,2010 2095,2009 2082,2006 2076,2009 2048,2009 2023,2006 2016,2009 1977,2011 1884,2011 1878,2008 1846,2009 1836,2006 1803,2013 1706,2012 1696,2020 1690,2020 1683,2015 1598,2015 1532,2011 1516,2012 1508,2019 1493,2021 1488,2019 1484,2009 1480,2006"/>
        <Word id="word_1650436599103_449" custom="readingOrder {index:0;}">
          <Coords points="1480,1970 1481,1971 1494,1961 1512,1963 1531,1959 1536,1955 1545,1955 1551,1960 1562,1961 1578,1952 1598,1952 1597,2015 1532,2011 1516,2012 1508,2019 1488,2019 1484,2009 1480,2006"/>
          <TextEquiv>
            <Unicode>get:</Unicode>
          </TextEquiv>
        </Word>
        <Word id="region0005_line0023_word0006" custom="readingOrder {index:1;}">
          <Coords points="1685,1960 1602,1959 1601,2015 1683,2015 1685,2017 1700,2017 1706,2012 1717,2012 1718,1960 1709,1960 1709,1960 1685,1960"/>
          <TextEquiv>
            <Unicode>Da&#xDF;</Unicode>
          </TextEquiv>
        </Word>
        <Word id="region0005_line0023_word0007" custom="readingOrder {index:2;}">
          <Coords points="1833,2006 1834,1961 1761,1961 1760,2010 1817,2010"/>
          <TextEquiv>
            <Unicode>dir</Unicode>
          </TextEquiv>
        </Word>
        <Word id="region0005_line0023_word0008" custom="readingOrder {index:3;}">
          <Coords points="1986,2010 1987,1963 1869,1962 1868,2008 1878,2008 1884,2011 1977,2011"/>
          <TextEquiv conf="0.9591067">
            <Unicode>nicht</Unicode>
          </TextEquiv>
        </Word>
        <Word id="region0005_line0023_word0009" custom="readingOrder {index:4;}">
          <Coords points="2176,2008 2177,1971 2023,1970 2022,2006 2023,2006 2041,2008 2077,2008 2082,2006 2093,2008 2147,2009 2161,2005"/>
          <TextEquiv conf="0.9081984">
            <Unicode>etwas</Unicode>
          </TextEquiv>
        </Word>
        <Word id="region0005_line0023_word0010" custom="readingOrder {index:5;}">
          <Coords points="2278,2011 2279,1962 2211,1961 2210,2004 2212,2004 2219,2012"/>
          <TextEquiv conf="0.8326557">
            <Unicode>a&#x364;r&#x2E17;</Unicode>
          </TextEquiv>
        </Word>
        <TextEquiv>
          <Unicode>get: Da&#xDF; dir nicht etwas a&#x364;r&#x2E17;</Unicode>
        </TextEquiv>
      </TextLine>
      <TextLine id="line_1650436599105_451" custom="readingOrder {index:23;}">
        <Coords points="1489,2021 1673,2019 1696,2021 1706,2013 1718,2016 1725,2016 1734,2011 1745,2012 1753,2016 1810,2016 1820,2009 1836,2007 1847,2010 1849,2015 1855,2015 1859,2009 1878,2009 1884,2016 1939,2017 1943,2011 1963,2012 1965,2016 1978,2011 2016,2010 2023,2007 2071,2013 2082,2007 2090,2007 2097,2015 2105,2015 2115,2008 2138,2009 2144,2013 2150,2008 2169,2006 2178,2010 2179,2014 2199,2014 2206,2005 2212,2005 2219,2013 2238,2011 2243,2016 2299,2019 2299,2059 2299,2067 2247,2066 2235,2075 2226,2077 2218,2064 2204,2067 2177,2066 2163,2078 2156,2077 2151,2069 2115,2069 2108,2075 2089,2076 2082,2070 2058,2069 2052,2070 2041,2079 2026,2079 2015,2071 1969,2067 1944,2071 1917,2069 1910,2072 1890,2072 1882,2078 1877,2078 1870,2069 1862,2069 1833,2072 1826,2080 1811,2078 1808,2073 1642,2070 1585,2075 1525,2075 1518,2082 1488,2078 1483,2069 1480,2067 1480,2030"/>
        <Word id="word_1650436599105_453" custom="readingOrder {index:0;}">
          <Coords points="1487,2022 1598,2023 1598,2072 1484,2071 1483,2069 1480,2067 1480,2030"/>
          <TextEquiv>
            <Unicode>gers</Unicode>
          </TextEquiv>
        </Word>
        <Word id="region0005_line0024_word0005" custom="readingOrder {index:1;}">
          <Coords points="1712,2014 1704,2014 1696,2021 1673,2019 1644,2019 1644,2070 1808,2073 1810,2076 1829,2076 1833,2072 1862,2069 1870,2069 1876,2076 1884,2077 1890,2072 1910,2072 1917,2069 1944,2071 1958,2069 1958,2016 1940,2016 1939,2017 1884,2016 1884,2016 1811,2015 1810,2016 1753,2016 1750,2015 1728,2015 1725,2016 1718,2016"/>
          <TextEquiv conf="0.91971034">
            <Unicode>wiederfahre!</Unicode>
          </TextEquiv>
        </Word>
        <Word id="region0005_line0024_word0006" custom="readingOrder {index:2;}">
          <Coords points="2178,2066 2178,2017 2016,2016 2016,2071 2021,2076 2044,2076 2052,2070 2058,2069 2082,2070 2089,2076 2108,2075 2115,2069 2151,2069 2155,2076 2164,2076 2177,2066"/>
          <TextEquiv conf="0.9234402">
            <Unicode>Folglich</Unicode>
          </TextEquiv>
        </Word>
        <Word id="region0005_line0024_word0007" custom="readingOrder {index:3;}">
          <Coords points="2218,2012 2208,2012 2208,2066 2218,2064 2224,2075 2233,2075 2235,2075 2247,2066 2280,2066 2280,2017 2243,2016 2239,2012 2226,2012 2219,2013"/>
          <TextEquiv>
            <Unicode>ha&#x2E17;</Unicode>
          </TextEquiv>
        </Word>
        <TextEquiv>
          <Unicode>gers wiederfahre! Folglich ha&#x2E17;</Unicode>
        </TextEquiv>
      </TextLine>
      <TextLine id="line_1650436599107_455" custom="readingOrder {index:24;}">
        <Coords points="1488,2079 1518,2083 1574,2079 1578,2076 1591,2075 1599,2079 1602,2073 1618,2073 1623,2080 1631,2080 1636,2073 1642,2071 1653,2071 1662,2075 1670,2072 1715,2071 1725,2080 1826,2081 1835,2073 1845,2073 1853,2079 1857,2072 1862,2070 1870,2070 1878,2080 1893,2080 1904,2079 1908,2073 1917,2070 1943,2073 1959,2068 1973,2069 1975,2078 1993,2079 2041,2080 2058,2070 2072,2071 2075,2077 2105,2075 2163,2079 2177,2067 2194,2067 2201,2071 2211,2065 2218,2065 2226,2078 2235,2076 2247,2067 2263,2068 2265,2075 2299,2075 2300,2088 2300,2131 2263,2130 2258,2135 2251,2136 2241,2125 2233,2125 2224,2130 2208,2128 2191,2134 2179,2131 2165,2135 2161,2131 2154,2131 2143,2121 2134,2129 2078,2129 2064,2139 2058,2138 2050,2128 1982,2127 1973,2129 1967,2136 1959,2138 1948,2136 1946,2130 1926,2130 1921,2138 1909,2139 1903,2130 1800,2128 1793,2134 1782,2134 1780,2130 1747,2130 1726,2139 1711,2137 1705,2130 1659,2130 1649,2132 1643,2139 1634,2139 1627,2132 1490,2132 1481,2124 1480,2123 1480,2090 1481,2091"/>
        <Word id="word_1650436599108_457" custom="readingOrder {index:0;}">
          <Coords points="1488,2079 1518,2083 1569,2079 1569,2118 1480,2117 1480,2090 1481,2091"/>
          <TextEquiv>
            <Unicode>ben.</Unicode>
          </TextEquiv>
        </Word>
        <Word id="region0005_line0025_word0006" custom="readingOrder {index:1;}">
          <Coords points="1656,2072 1637,2072 1636,2073 1631,2080 1623,2080 1618,2073 1602,2073 1599,2079 1591,2075 1579,2075 1579,2127 1798,2128 1800,2128 1801,2128 1801,2080 1725,2080 1717,2073 1667,2072 1662,2075"/>
          <TextEquiv conf="0.90655637">
            <Unicode>die&#x17F;elbigen,</Unicode>
          </TextEquiv>
        </Word>
        <Word id="region0005_line0025_word0007" custom="readingOrder {index:2;}">
          <Coords points="1847,2075 1835,2075 1834,2119 1889,2120 1889,2080 1878,2080 1874,2075 1855,2075 1853,2079"/>
          <TextEquiv conf="0.9675701">
            <Unicode>die</Unicode>
          </TextEquiv>
        </Word>
        <Word id="region0005_line0025_word0008" custom="readingOrder {index:3;}">
          <Coords points="1973,2129 1974,2074 1910,2074 1909,2130 1926,2130 1946,2130 1972,2130 1973,2129"/>
          <TextEquiv conf="0.9675701">
            <Unicode>&#x17F;ich</Unicode>
          </TextEquiv>
        </Word>
        <Word id="region0005_line0025_word0009" custom="readingOrder {index:4;}">
          <Coords points="2075,2077 2047,2077 2041,2080 1993,2079 1991,2079 1990,2127 2050,2128 2054,2133 2073,2133 2078,2129 2083,2129 2084,2077 2076,2077 2075,2077"/>
          <TextEquiv conf="0.9524452">
            <Unicode>nach</Unicode>
          </TextEquiv>
        </Word>
        <Word id="region0005_line0025_word0010" custom="readingOrder {index:5;}">
          <Coords points="2143,2121 2155,2122 2156,2082 2093,2081 2092,2121 2142,2121 2143,2121"/>
          <TextEquiv conf="0.932954">
            <Unicode>der</Unicode>
          </TextEquiv>
        </Word>
        <Word id="region0005_line0025_word0011" custom="readingOrder {index:6;}">
          <Coords points="2222,2072 2171,2072 2167,2074 2167,2129 2204,2129 2208,2128 2219,2129 2224,2129 2233,2125 2241,2125 2245,2129 2280,2130 2280,2075 2265,2075 2264,2072 2239,2072 2235,2076 2226,2078"/>
          <TextEquiv>
            <Unicode>Zu&#x364;ch&#x2E17;</Unicode>
          </TextEquiv>
        </Word>
        <TextEquiv>
          <Unicode>ben. die&#x17F;elbigen, die &#x17F;ich nach der Zu&#x364;ch&#x2E17;</Unicode>
        </TextEquiv>
      </TextLine>
      <TextLine id="line_1650436599110_459" custom="readingOrder {index:25;}">
        <Coords points="1488,2137 1499,2138 1505,2132 1518,2133 1522,2139 1612,2142 1650,2140 1659,2131 1670,2131 1676,2136 1681,2131 1699,2131 1703,2138 1724,2140 1747,2131 1758,2131 1763,2139 1768,2139 1777,2138 1780,2134 1793,2135 1800,2129 1813,2129 1818,2132 1820,2138 1915,2140 1949,2137 1959,2139 1967,2137 1973,2130 1982,2128 1997,2129 1999,2136 2035,2138 2040,2130 2050,2129 2058,2139 2064,2140 2078,2130 2089,2130 2093,2136 2101,2136 2107,2130 2117,2130 2125,2136 2165,2138 2179,2132 2189,2137 2208,2129 2216,2129 2222,2133 2233,2126 2241,2126 2251,2137 2300,2137 2300,2186 2221,2186 2216,2190 2201,2193 2192,2187 2181,2189 2177,2186 2157,2184 2067,2188 2028,2187 2000,2188 1990,2196 1982,2196 1974,2185 1958,2188 1890,2189 1883,2196 1874,2195 1868,2188 1809,2186 1800,2195 1770,2188 1753,2191 1708,2190 1699,2197 1686,2196 1682,2190 1621,2192 1616,2197 1608,2198 1593,2197 1586,2191 1552,2191 1544,2192 1539,2197 1519,2198 1510,2190 1489,2192 1480,2183 1480,2146"/>
        <Word id="word_1650436599111_461" custom="readingOrder {index:0;}">
          <Coords points="1488,2137 1499,2138 1505,2132 1518,2133 1522,2139 1616,2139 1616,2194 1586,2191 1552,2191 1544,2192 1540,2196 1516,2195 1510,2190 1489,2192 1480,2183 1480,2146"/>
          <TextEquiv>
            <Unicode>tigung</Unicode>
          </TextEquiv>
        </Word>
        <Word id="region0005_line0026_word0007" custom="readingOrder {index:1;}">
          <Coords points="1674,2135 1655,2135 1650,2140 1618,2141 1618,2187 1738,2187 1738,2138 1703,2138 1701,2135 1677,2135 1676,2136"/>
          <TextEquiv conf="0.9213982">
            <Unicode>nicht</Unicode>
          </TextEquiv>
        </Word>
        <Word id="region0005_line0026_word0008" custom="readingOrder {index:2;}">
          <Coords points="1888,2191 1888,2139 1820,2138 1818,2132 1813,2129 1800,2129 1793,2135 1780,2134 1777,2138 1768,2139 1763,2139 1758,2131 1747,2131 1736,2135 1736,2190 1753,2191 1770,2188 1800,2195 1809,2186 1868,2188 1874,2195 1883,2196"/>
          <TextEquiv conf="0.926739">
            <Unicode>be&#x17F;&#x17F;ern,</Unicode>
          </TextEquiv>
        </Word>
        <Word id="region0005_line0026_word0009" custom="readingOrder {index:3;}">
          <Coords points="1999,2136 1967,2136 1967,2137 1959,2139 1949,2137 1915,2140 1913,2139 1913,2188 1958,2188 1974,2185 1977,2190 1997,2190 2000,2188 2000,2136"/>
          <TextEquiv conf="0.9659363">
            <Unicode>noch</Unicode>
          </TextEquiv>
        </Word>
        <Word id="region0005_line0026_word0010" custom="readingOrder {index:4;}">
          <Coords points="2058,2139 2011,2139 2011,2182 2085,2182 2085,2139 2065,2139 2064,2140"/>
          <TextEquiv conf="0.9686716">
            <Unicode>viel</Unicode>
          </TextEquiv>
        </Word>
        <Word id="region0005_line0026_word0011" custom="readingOrder {index:5;}">
          <Coords points="2117,2130 2108,2130 2108,2186 2157,2184 2174,2185 2174,2134 2165,2138 2125,2136"/>
          <TextEquiv conf="0.9196399">
            <Unicode>was</Unicode>
          </TextEquiv>
        </Word>
        <Word id="region0005_line0026_word0012" custom="readingOrder {index:6;}">
          <Coords points="2219,2131 2202,2131 2194,2134 2194,2188 2201,2193 2216,2190 2221,2186 2278,2186 2278,2137 2251,2137 2246,2131 2224,2131 2222,2133"/>
          <TextEquiv conf="0.8452804">
            <Unicode>ha&#x364;r&#x2E17;</Unicode>
          </TextEquiv>
        </Word>
        <TextEquiv>
          <Unicode>tigung nicht be&#x17F;&#x17F;ern, noch viel was ha&#x364;r&#x2E17;</Unicode>
        </TextEquiv>
      </TextLine>
      <TextLine id="line_1650436599113_463" custom="readingOrder {index:26;}">
        <Coords points="1480,2205 1501,2191 1510,2191 1519,2199 1557,2198 1563,2192 1577,2192 1586,2198 1608,2199 1649,2198 1656,2193 1689,2198 1734,2195 1741,2191 1758,2195 1770,2189 1800,2196 1809,2187 1822,2187 1828,2194 1854,2191 1859,2195 1891,2198 1898,2190 1912,2190 1921,2198 1954,2198 1956,2190 1965,2186 1974,2186 1982,2197 1990,2197 2004,2195 2010,2190 2025,2192 2033,2188 2056,2188 2062,2194 2071,2188 2088,2187 2094,2193 2115,2191 2124,2185 2150,2185 2165,2186 2170,2191 2194,2191 2200,2194 2210,2191 2300,2192 2300,2238 2300,2243 2119,2244 2095,2246 2080,2255 2069,2254 2065,2248 2035,2248 2026,2256 2011,2255 2005,2247 1957,2248 1944,2256 1930,2256 1922,2248 1873,2246 1830,2248 1822,2256 1816,2257 1806,2255 1804,2248 1684,2246 1596,2248 1587,2257 1574,2256 1572,2248 1489,2248 1480,2239"/>
        <Word id="word_1650436599113_465" custom="readingOrder {index:0;}">
          <Coords points="1497,2193 1512,2193 1519,2199 1557,2198 1561,2193 1579,2193 1586,2198 1592,2198 1592,2250 1572,2249 1572,2248 1489,2248 1480,2239 1480,2205"/>
          <TextEquiv>
            <Unicode>teres,</Unicode>
          </TextEquiv>
        </Word>
        <Word id="region0005_line0027_word0005" custom="readingOrder {index:1;}">
          <Coords points="1607,2201 1681,2202 1681,2238 1607,2237"/>
          <TextEquiv conf="0.9631607">
            <Unicode>und</Unicode>
          </TextEquiv>
        </Word>
        <Word id="region0005_line0027_word0006" custom="readingOrder {index:2;}">
          <Coords points="1755,2194 1735,2194 1734,2195 1697,2197 1697,2246 1804,2248 1804,2249 1828,2249 1830,2248 1830,2195 1801,2194 1800,2196 1794,2194 1759,2194 1758,2195"/>
          <TextEquiv conf="0.95788974">
            <Unicode>endlich</Unicode>
          </TextEquiv>
        </Word>
        <Word id="region0005_line0027_word0007" custom="readingOrder {index:3;}">
          <Coords points="1846,2200 1915,2201 1915,2243 1846,2242"/>
          <TextEquiv conf="0.93191963">
            <Unicode>das</Unicode>
          </TextEquiv>
        </Word>
        <Word id="region0005_line0027_word0008" custom="readingOrder {index:4;}">
          <Coords points="1980,2195 1954,2195 1954,2198 1930,2198 1930,2254 1947,2254 1957,2248 2005,2247 2010,2254 2027,2254 2035,2248 2065,2248 2069,2254 2077,2254 2080,2254 2095,2246 2112,2244 2113,2196 2001,2195 1990,2197 1982,2197"/>
          <TextEquiv conf="0.88443434">
            <Unicode>ga&#x364;ntzliche</Unicode>
          </TextEquiv>
        </Word>
        <Word id="region0005_line0027_word0009" custom="readingOrder {index:5;}">
          <Coords points="2278,2243 2278,2201 2122,2199 2122,2243"/>
          <TextEquiv conf="0.91220236">
            <Unicode>Verder&#x2E17;</Unicode>
          </TextEquiv>
        </Word>
        <TextEquiv>
          <Unicode>teres, und endlich das ga&#x364;ntzliche Verder&#x2E17;</Unicode>
        </TextEquiv>
      </TextLine>
      <TextLine id="line_1650436599082_419" custom="readingOrder {index:27;}">
        <Coords points="1490,2249 1497,2248 1505,2249 1512,2256 1578,2258 1673,2255 1730,2256 1752,2256 1757,2252 1766,2252 1771,2256 1880,2259 1889,2261 1892,2265 1892,2301 1887,2306 1683,2308 1658,2310 1646,2317 1631,2316 1626,2312 1594,2311 1585,2319 1572,2318 1566,2311 1510,2306 1489,2308 1480,2299 1480,2262"/>
        <Word id="word_1650436599083_421" custom="readingOrder {index:0;}">
          <Coords points="1480,2263 1555,2263 1555,2307 1519,2307 1510,2306 1502,2307 1488,2307 1480,2299"/>
          <TextEquiv>
            <Unicode>ben</Unicode>
          </TextEquiv>
        </Word>
        <Word id="region0005_line0028_word0005" custom="readingOrder {index:1;}">
          <Coords points="1615,2311 1615,2271 1574,2270 1574,2316 1587,2316 1594,2311"/>
          <TextEquiv conf="0.92921853">
            <Unicode>zu</Unicode>
          </TextEquiv>
        </Word>
        <Word id="region0005_line0028_word0006" custom="readingOrder {index:2;}">
          <Coords points="1826,2306 1826,2268 1631,2267 1631,2314 1650,2314 1658,2310 1683,2308"/>
          <TextEquiv conf="0.9288112">
            <Unicode>gewarten.</Unicode>
          </TextEquiv>
        </Word>
        <TextEquiv>
          <Unicode>ben zu gewarten.</Unicode>
        </TextEquiv>
      </TextLine>
      <TextEquiv>
        <Unicode>Chri&#x17F;tus giebt ihm auch hier die Ver&#x17F;i-| Doch blieb es hiebey nicht, er bekam
auch &#x17F;eine leibliche Ge&#x17F;undheit wieder. '
jene S&#xFC;nde, &#x17F;ondern da&#xDF; &#x17F;eine Su&#x364;nden Stehe auf, hebe dein Bette auf,
und gehe heim. Und er &#x17F;tund
auf, und gieng heim. v. 6. 7.
Und zwar &#x17F;aget un&#x17F;er Heyland die&#x17F;es; Denn das i&#x17F;t die Wei&#x17F;e des lieben
GOttes, da&#xDF;, wenn er den Zweck &#x17F;ei&#x2E17;
ner Zu&#x364;chtigung erhalten hat, er wohl
die a&#x364;u&#x17F;&#x17F;erliche Zu&#x364;chtigung aufhebet.
Siehe 3. Buch Mo&#x17F;. XXVI, 41. 42. 43.
tzens vollkommen erkannte; &#x17F;o &#x17F;prach Wie auch das Exempel Mana&#x17F;&#x17F;es und
er ohne alle Bedingung: Dir &#x17F;ind Nebucadnezars auswei&#x17F;et, als welche
beyder&#x17F;eits zu ihren Ko&#x364;niglichen Ehren
wieder kamen, als &#x17F;ie die Hand GOttes
erkannt, und &#x17F;ich unter die&#x17F;elbige gede&#x2E17;
mu&#x364;thiget hatten. Es i&#x17F;t gar kein gut
Zeichen, wenn die a&#x364;u&#x17F;&#x17F;erliche Zu&#x364;chti&#x2E17;
gung aufho&#x364;ret, und der Men&#x17F;ch hat &#x17F;ich
noch nicht wahrhafftig gebe&#x17F;&#x17F;ert. Denn
es wartet &#x17F;odann auf den Men&#x17F;chen
noch viel was &#x17F;chwereres. Wie un&#x17F;er
Heyland zu jenem Kranckgewe&#x17F;enen &#x17F;a&#x2E17;
get: Da&#xDF; dir nicht etwas a&#x364;r&#x2E17;
gers wiederfahre! Folglich ha&#x2E17;
ben. die&#x17F;elbigen, die &#x17F;ich nach der Zu&#x364;ch&#x2E17;
tigung nicht be&#x17F;&#x17F;ern, noch viel was ha&#x364;r&#x2E17;
teres, und endlich das ga&#x364;ntzliche Verder&#x2E17;
ben zu gewarten.</Unicode>
      </TextEquiv>
    </TextRegion>
    <TextRegion orientation="-0.43499753" type="heading" readingDirection="left-to-right" id="TextRegion_1650442962039_626" custom="readingOrder {index:3;} structure {type:heading;}">
      <Coords points="1480,2325 2301,2325 2302,2416 1480,2421"/>
      <TextLine id="region0005_line0030" custom="readingOrder {index:0;}">
        <Coords points="1983,2328 1764,2350 1596,2335 1594,2368 1598,2375 1597,2390 1594,2419 2139,2399 2141,2331 2027,2341 1991,2328"/>
        <Word id="word_1650443114612_708" custom="readingOrder {index:0;}">
          <Coords points="1670,2344 1740,2344 1885,2348 1884,2400 1743,2413 1669,2413"/>
          <TextEquiv>
            <Unicode>Zweyter</Unicode>
          </TextEquiv>
        </Word>
        <Word id="region0005_line0030_word0002" custom="readingOrder {index:1;}">
          <Coords points="2083,2398 2084,2337 1929,2341 1928,2405 1975,2405 1981,2412 1992,2412 2001,2405 2043,2403"/>
          <TextEquiv>
            <Unicode>Theil.</Unicode>
          </TextEquiv>
        </Word>
        <TextEquiv>
          <Unicode>Zweyter Theil.</Unicode>
        </TextEquiv>
      </TextLine>
      <TextEquiv>
        <Unicode>Zweyter Theil.</Unicode>
      </TextEquiv>
    </TextRegion>
    <TextRegion orientation="-0.43499753" type="drop-capital" readingDirection="left-to-right" id="TextRegion_1650443003611_654" custom="readingOrder {index:4;} structure {type:drop-capital;}">
      <Coords points="1465,2424 1589,2423 1589,2541 1466,2541 1466,2477"/>
      <TextLine id="line_1650443028034_678" custom="readingOrder {index:0;}">
        <Coords points="1485,2428 1589,2426 1589,2494 1589,2540 1484,2552 1471,2552 1466,2535 1466,2487 1471,2438"/>
        <Word id="word_1650443034503_686" custom="readingOrder {index:0;}">
          <Coords points="1483,2430 1571,2428 1572,2428 1586,2428 1589,2428 1589,2471 1588,2535 1490,2538 1477,2538 1477,2537 1477,2489 1477,2439"/>
          <TextEquiv>
            <Unicode>W</Unicode>
          </TextEquiv>
        </Word>
        <TextEquiv>
          <Unicode>W</Unicode>
        </TextEquiv>
      </TextLine>
      <TextEquiv>
        <Unicode>W</Unicode>
      </TextEquiv>
    </TextRegion>
    <TextRegion orientation="-0.43499753" readingDirection="left-to-right" id="TextRegion_1650443003611_653" custom="readingOrder {index:5;}">
      <Coords points="1589,2423 2272,2419 2279,2472 2279,2541 1589,2541"/>
      <TextLine id="line_1650443003712_658" custom="readingOrder {index:0;}">
        <Coords points="1589,2426 1590,2426 1607,2426 1616,2434 1622,2435 1669,2435 1680,2434 1690,2422 1703,2422 1709,2430 1717,2423 1741,2423 1746,2425 1752,2434 1757,2434 1834,2431 1839,2427 1848,2427 1853,2432 1897,2430 1907,2429 1922,2422 1933,2422 1939,2429 2045,2427 2061,2416 2074,2417 2079,2427 2277,2430 2278,2484 2267,2491 2258,2491 2252,2484 2213,2480 2204,2488 2186,2488 2177,2479 2112,2477 2077,2479 2070,2487 2058,2489 2052,2479 1980,2477 1802,2481 1740,2487 1733,2494 1711,2493 1702,2486 1593,2486 1589,2483"/>
        <Word id="word_1650443003712_660" custom="readingOrder {index:0;}">
          <Coords points="1589,2428 1610,2429 1616,2434 1622,2435 1623,2435 1623,2472 1589,2471"/>
          <TextEquiv>
            <Unicode>ir</Unicode>
          </TextEquiv>
        </Word>
        <Word id="region0006_line0003_word0008" custom="readingOrder {index:1;}">
          <Coords points="1706,2426 1686,2426 1680,2434 1669,2435 1645,2435 1645,2481 1779,2482 1779,2433 1757,2434 1752,2434 1747,2426 1712,2426 1709,2430"/>
          <TextEquiv>
            <Unicode>mu&#x364;&#x17F;&#x17F;en</Unicode>
          </TextEquiv>
        </Word>
        <Word id="region0006_line0003_word0009" custom="readingOrder {index:2;}">
          <Coords points="1793,2434 1874,2435 1874,2472 1793,2471"/>
          <TextEquiv>
            <Unicode>nun</Unicode>
          </TextEquiv>
        </Word>
        <Word id="region0006_line0003_word0010" custom="readingOrder {index:3;}">
          <Coords points="1890,2431 1974,2431 1974,2473 1890,2473"/>
          <TextEquiv conf="0.95168567">
            <Unicode>aber</Unicode>
          </TextEquiv>
        </Word>
        <Word id="region0006_line0003_word0011" custom="readingOrder {index:4;}">
          <Coords points="2077,2479 2077,2428 1992,2428 1989,2428 1989,2477 2052,2479 2055,2484 2072,2484"/>
          <TextEquiv conf="0.9310641">
            <Unicode>auch</Unicode>
          </TextEquiv>
        </Word>
        <Word id="region0006_line0003_word0012" custom="readingOrder {index:5;}">
          <Coords points="2252,2484 2274,2485 2274,2440 2094,2438 2094,2478 2112,2477 2177,2479 2181,2483 2208,2484 2213,2480 2252,2484"/>
          <TextEquiv conf="0.9247702">
            <Unicode>erwegen,</Unicode>
          </TextEquiv>
        </Word>
        <TextEquiv>
          <Unicode>ir mu&#x364;&#x17F;&#x17F;en nun aber auch erwegen,</Unicode>
        </TextEquiv>
      </TextLine>
      <TextLine id="line_1650443003712_664" custom="readingOrder {index:1;}">
        <Coords points="1589,2494 1598,2495 1626,2494 1634,2485 1645,2486 1650,2493 1669,2492 1673,2489 1695,2491 1703,2483 1711,2483 1718,2489 1744,2487 1757,2482 1766,2482 1775,2487 1784,2478 1797,2479 1804,2491 1810,2491 1817,2481 1830,2482 1835,2490 1855,2488 1863,2479 1874,2480 1879,2490 2036,2485 2167,2487 2173,2481 2183,2481 2189,2487 2279,2490 2278,2545 2266,2550 2257,2550 2250,2544 2201,2539 2019,2536 1980,2537 1967,2545 1950,2544 1944,2539 1899,2541 1889,2548 1873,2547 1866,2541 1842,2540 1839,2543 1827,2544 1798,2539 1784,2545 1745,2552 1737,2546 1695,2542 1613,2545 1608,2542 1589,2540"/>
        <Word id="region0007_line0001_word0006" custom="readingOrder {index:0;}">
          <Coords points="1649,2492 1627,2492 1626,2494 1598,2495 1594,2494 1594,2535 1662,2535 1662,2492 1650,2493"/>
          <TextEquiv conf="0.7233389">
            <Unicode>wie</Unicode>
          </TextEquiv>
        </Word>
        <Word id="region0007_line0001_word0007" custom="readingOrder {index:1;}">
          <Coords points="1674,2491 1732,2492 1731,2535 1673,2534"/>
          <TextEquiv conf="0.92988175">
            <Unicode>die</Unicode>
          </TextEquiv>
        </Word>
        <Word id="region0007_line0001_word0008" custom="readingOrder {index:2;}">
          <Coords points="1802,2487 1745,2487 1744,2544 1786,2544 1798,2539 1827,2544 1839,2543 1842,2540 1866,2541 1871,2545 1893,2545 1899,2541 1944,2539 1950,2544 1967,2545 1980,2537 2018,2536 2019,2489 1931,2488 1879,2490 1878,2488 1855,2488 1855,2488 1835,2490 1834,2488 1812,2487 1810,2491 1804,2491"/>
          <TextEquiv conf="0.9059307">
            <Unicode>Zu&#x364;chtigungen</Unicode>
          </TextEquiv>
        </Word>
        <Word id="region0007_line0001_word0009" custom="readingOrder {index:3;}">
          <Coords points="2035,2499 2108,2499 2107,2533 2034,2533"/>
          <TextEquiv conf="0.9648947">
            <Unicode>von</Unicode>
          </TextEquiv>
        </Word>
        <Word id="word_1650442998747_651" custom="readingOrder {index:4;}">
          <Coords points="2125,2495 2274,2496 2273,2541 2220,2541 2201,2539 2124,2537"/>
          <TextEquiv conf="0.9645944">
            <Unicode>andern,</Unicode>
          </TextEquiv>
        </Word>
        <TextEquiv conf="0.9201488">
          <Unicode>wie die Zu&#x364;chtigungen von andern,</Unicode>
        </TextEquiv>
      </TextLine>
      <TextEquiv>
        <Unicode>ir mu&#x364;&#x17F;&#x17F;en nun aber auch erwegen,
nicht eine herrliche Frucht der g&#xF6;ttli-| wie die Zu&#x364;chtigungen von andern,</Unicode>
      </TextEquiv>
    </TextRegion>
    <TextRegion orientation="-0.43499753" readingDirection="left-to-right" id="TextRegion_1650442998669_645" custom="readingOrder {index:6;}">
      <Coords points="1466,2541 2279,2541 2281,2901 1466,2906"/>
      <TextLine id="line_1650436623491_535" custom="readingOrder {index:0;}">
        <Coords points="1466,2554 1470,2558 1475,2558 1485,2546 1501,2549 1508,2541 1518,2541 1528,2550 1565,2550 1574,2541 1585,2540 1601,2544 1603,2550 1608,2552 1678,2551 1682,2545 1695,2543 1715,2551 1753,2553 1780,2550 1786,2544 1798,2540 1813,2545 1816,2542 1827,2545 1839,2544 1840,2548 1901,2550 1937,2546 2020,2546 2024,2543 2033,2543 2037,2546 2095,2546 2102,2541 2113,2541 2118,2547 2145,2547 2150,2543 2158,2543 2163,2547 2187,2548 2278,2549 2279,2597 2195,2599 2007,2596 1999,2603 1987,2605 1974,2600 1970,2595 1912,2595 1891,2601 1883,2598 1840,2597 1832,2605 1823,2607 1818,2606 1813,2598 1802,2598 1788,2607 1783,2606 1779,2599 1707,2601 1653,2598 1589,2602 1586,2606 1576,2610 1567,2608 1565,2600 1487,2601 1473,2590 1466,2594"/>
        <Word id="word_1650436623491_537" custom="readingOrder {index:0;}">
          <Coords points="1466,2554 1470,2558 1475,2558 1483,2549 1527,2549 1528,2550 1537,2550 1537,2592 1475,2592 1473,2590 1470,2592 1466,2591"/>
          <TextEquiv>
            <Unicode>die</Unicode>
          </TextEquiv>
        </Word>
        <Word id="region0007_line0003_word0005" custom="readingOrder {index:1;}">
          <Coords points="1602,2547 1570,2547 1570,2603 1587,2603 1589,2602 1614,2600 1614,2551 1608,2552 1603,2550"/>
          <TextEquiv conf="0.9661342">
            <Unicode>&#x17F;ie</Unicode>
          </TextEquiv>
        </Word>
        <Word id="region0007_line0003_word0006" custom="readingOrder {index:2;}">
          <Coords points="1644,2552 1713,2552 1713,2593 1644,2593"/>
          <TextEquiv conf="0.96658343">
            <Unicode>mit</Unicode>
          </TextEquiv>
        </Word>
        <Word id="region0007_line0003_word0007" custom="readingOrder {index:3;}">
          <Coords points="1863,2548 1781,2548 1780,2550 1753,2553 1735,2552 1735,2600 1779,2599 1780,2602 1795,2602 1802,2598 1813,2598 1815,2602 1834,2602 1840,2597 1883,2598 1891,2601 1904,2597 1904,2549 1901,2550"/>
          <TextEquiv conf="0.8538977">
            <Unicode>an&#x17F;ehen,</Unicode>
          </TextEquiv>
        </Word>
        <Word id="region0007_line0003_word0008" custom="readingOrder {index:4;}">
          <Coords points="2161,2598 2161,2556 1929,2554 1929,2595 1970,2595 1974,2600 1977,2601 2000,2601 2007,2596"/>
          <TextEquiv conf="0.54581314">
            <Unicode>angewendet</Unicode>
          </TextEquiv>
        </Word>
        <Word id="region0007_line0003_word0009" custom="readingOrder {index:5;}">
          <Coords points="2185,2563 2273,2564 2273,2597 2185,2596"/>
          <TextEquiv conf="0.926123">
            <Unicode>wer&#x2E17;</Unicode>
          </TextEquiv>
        </Word>
        <TextEquiv>
          <Unicode>die &#x17F;ie mit an&#x17F;ehen, angewendet wer&#x2E17;</Unicode>
        </TextEquiv>
      </TextLine>
      <TextLine id="line_1650436623492_539" custom="readingOrder {index:1;}">
        <Coords points="1470,2591 1479,2595 1485,2604 1494,2607 1572,2611 1596,2603 1653,2599 1689,2602 1701,2600 1710,2605 1741,2607 1750,2601 1766,2600 1772,2607 1788,2608 1802,2599 1813,2599 1818,2607 1823,2608 1878,2604 1883,2600 1891,2602 1905,2597 1923,2596 1929,2603 2013,2604 2095,2608 2113,2607 2124,2600 2134,2600 2140,2608 2144,2608 2193,2604 2200,2599 2228,2598 2237,2599 2241,2604 2279,2605 2279,2659 2201,2658 2177,2655 2157,2661 2144,2656 2127,2659 2081,2658 2076,2666 2066,2667 2058,2664 2053,2658 2006,2658 2004,2663 1986,2665 1977,2656 1921,2654 1907,2655 1901,2662 1890,2664 1882,2662 1880,2655 1850,2654 1770,2658 1764,2666 1750,2667 1742,2658 1719,2660 1709,2655 1689,2657 1680,2661 1643,2662 1633,2662 1624,2658 1485,2657 1475,2648 1468,2646 1466,2648 1466,2594"/>
        <Word id="word_1650436623493_541" custom="readingOrder {index:0;}">
          <Coords points="1470,2591 1479,2595 1485,2604 1494,2607 1560,2610 1560,2657 1485,2657 1475,2648 1468,2646 1466,2648 1466,2594"/>
          <TextEquiv>
            <Unicode>den.</Unicode>
          </TextEquiv>
        </Word>
        <Word id="region0007_line0002_word0006" custom="readingOrder {index:1;}">
          <Coords points="1717,2659 1717,2605 1710,2605 1701,2600 1689,2602 1653,2599 1628,2600 1628,2659 1633,2662 1643,2662 1680,2661 1689,2657 1709,2655"/>
          <TextEquiv conf="0.5908829">
            <Unicode>Wir</Unicode>
          </TextEquiv>
        </Word>
        <Word id="region0007_line0002_word0007" custom="readingOrder {index:2;}">
          <Coords points="1859,2654 1860,2609 1746,2608 1745,2661 1746,2662 1767,2662 1770,2658 1850,2654"/>
          <TextEquiv conf="0.057146072">
            <Unicode>haben</Unicode>
          </TextEquiv>
        </Word>
        <Word id="region0007_line0002_word0008" custom="readingOrder {index:3;}">
          <Coords points="1959,2655 1960,2605 1887,2605 1886,2659 1903,2659 1907,2655 1921,2654"/>
          <TextEquiv conf="0.9330169">
            <Unicode>hier</Unicode>
          </TextEquiv>
        </Word>
        <Word id="word_1650444932057_1582" custom="readingOrder {index:4;}">
          <Coords points="1988,2609 2184,2610 2184,2655 2177,2655 2157,2661 2144,2656 2127,2659 2081,2658 2076,2664 2058,2664 2053,2658 2006,2658 2004,2663 1994,2664 1987,2664"/>
          <TextEquiv>
            <Unicode>zweyerley</Unicode>
          </TextEquiv>
        </Word>
        <Word id="word_1650444932057_1581" custom="readingOrder {index:5;}">
          <Coords points="2184,2610 2271,2611 2270,2658 2201,2658 2184,2655"/>
          <TextEquiv>
            <Unicode>Art</Unicode>
          </TextEquiv>
        </Word>
        <TextEquiv>
          <Unicode>den. Wir haben hier zweyerley Art</Unicode>
        </TextEquiv>
      </TextLine>
      <TextLine id="line_1650436623494_545" custom="readingOrder {index:2;}">
        <Coords points="1466,2667 1465,2657 1499,2657 1508,2661 1526,2662 1532,2656 1542,2656 1551,2662 1602,2666 1611,2659 1624,2659 1630,2666 1643,2666 1680,2663 1689,2658 1709,2656 1724,2660 1729,2664 1761,2668 1826,2663 1837,2656 1850,2655 1866,2656 1869,2663 1880,2662 1890,2665 1903,2661 1922,2663 1926,2660 1937,2660 1941,2663 2045,2666 2053,2661 2066,2668 2074,2668 2111,2662 2135,2663 2144,2657 2161,2662 2177,2656 2191,2658 2193,2664 2204,2665 2209,2665 2215,2657 2228,2657 2231,2658 2233,2665 2279,2666 2279,2717 2257,2717 2239,2723 2228,2723 2219,2717 2202,2719 2198,2716 2048,2718 1906,2710 1834,2714 1816,2712 1798,2722 1791,2722 1784,2716 1735,2716 1697,2719 1692,2715 1651,2713 1621,2718 1609,2715 1575,2715 1569,2712 1504,2716 1494,2707 1488,2710 1485,2716 1475,2707 1467,2707 1466,2707"/>
        <Word id="region0007_line0004_word0005" custom="readingOrder {index:0;}">
          <Coords points="1544,2657 1530,2657 1526,2662 1508,2661 1504,2658 1470,2658 1469,2707 1475,2707 1485,2716 1488,2710 1494,2707 1504,2716 1569,2712 1575,2715 1593,2715 1593,2665 1551,2662"/>
          <TextEquiv>
            <Unicode>Leute</Unicode>
          </TextEquiv>
        </Word>
        <Word id="region0007_line0004_word0006" custom="readingOrder {index:1;}">
          <Coords points="1629,2665 1610,2665 1610,2710 1664,2710 1664,2665 1655,2665 1643,2666 1630,2666"/>
          <TextEquiv conf="0.9307025">
            <Unicode>im</Unicode>
          </TextEquiv>
        </Word>
        <Word id="region0007_line0004_word0007" custom="readingOrder {index:2;}">
          <Coords points="1727,2663 1682,2662 1680,2663 1674,2663 1674,2714 1692,2715 1692,2715 1780,2716 1784,2716 1784,2716 1808,2716 1816,2712 1834,2714 1886,2711 1886,2664 1821,2663 1761,2668 1729,2664"/>
          <TextEquiv conf="0.5166153">
            <Unicode>Evangelio</Unicode>
          </TextEquiv>
        </Word>
        <Word id="region0007_line0004_word0008" custom="readingOrder {index:3;}">
          <Coords points="1917,2672 1974,2672 1974,2709 1917,2709"/>
          <TextEquiv conf="0.880548">
            <Unicode>vor</Unicode>
          </TextEquiv>
        </Word>
        <Word id="region0007_line0004_word0009" custom="readingOrder {index:4;}">
          <Coords points="2085,2717 2085,2666 2074,2668 2066,2668 2053,2661 2045,2666 2005,2664 2005,2715 2048,2718"/>
          <TextEquiv conf="0.8219683">
            <Unicode>uns.</Unicode>
          </TextEquiv>
        </Word>
        <Word id="region0007_line0004_word0010" custom="readingOrder {index:5;}">
          <Coords points="2275,2717 2275,2668 2137,2667 2137,2716 2198,2716 2202,2719 2219,2717 2222,2719 2248,2719 2257,2717"/>
          <TextEquiv conf="0.9108637">
            <Unicode>Einige</Unicode>
          </TextEquiv>
        </Word>
        <TextEquiv>
          <Unicode>Leute im Evangelio vor uns. Einige</Unicode>
        </TextEquiv>
      </TextLine>
      <TextLine id="line_1650436623496_549" custom="readingOrder {index:3;}">
        <Coords points="1467,2708 1475,2708 1485,2717 1491,2708 1494,2708 1503,2716 1499,2721 1490,2721 1486,2718 1486,2724 1543,2723 1548,2716 1562,2713 1576,2716 1577,2723 1629,2724 1636,2716 1651,2714 1664,2716 1667,2723 1676,2716 1692,2716 1698,2723 1721,2719 1728,2724 1732,2718 1744,2717 1750,2719 1753,2725 1774,2725 1798,2723 1816,2713 1823,2715 1825,2719 1843,2719 1861,2713 1883,2712 1891,2720 1906,2711 1919,2713 1922,2720 1945,2720 1954,2714 1974,2714 1982,2719 1987,2715 2000,2715 2006,2718 2008,2726 2015,2726 2019,2719 2026,2717 2041,2718 2045,2726 2052,2726 2060,2725 2067,2717 2081,2718 2085,2725 2161,2726 2213,2722 2239,2724 2255,2719 2263,2724 2279,2724 2280,2774 2199,2774 2182,2776 2170,2783 2156,2783 2148,2776 2113,2775 2098,2781 2069,2775 2047,2777 2037,2785 2022,2783 2021,2778 2016,2775 1981,2776 1966,2782 1948,2783 1947,2772 1942,2767 1921,2775 1910,2784 1897,2782 1894,2772 1874,2771 1803,2772 1788,2780 1773,2772 1699,2774 1694,2780 1686,2783 1672,2780 1669,2774 1656,2772 1649,2772 1641,2780 1633,2782 1628,2779 1627,2773 1579,2771 1574,2775 1562,2776 1552,2770 1525,2773 1500,2771 1488,2772 1479,2779 1471,2780 1469,2788 1466,2788 1466,2709"/>
        <Word id="word_1650436623496_551" custom="readingOrder {index:0;}">
          <Coords points="1466,2708 1475,2708 1485,2717 1490,2708 1494,2708 1503,2716 1499,2721 1490,2721 1486,2718 1486,2724 1543,2723 1548,2716 1562,2713 1576,2716 1577,2723 1620,2723 1620,2772 1579,2771 1574,2775 1562,2776 1552,2770 1525,2773 1500,2771 1488,2772 1479,2779 1471,2780 1469,2786 1466,2786"/>
          <TextEquiv conf="0.16732636">
            <Unicode>machen</Unicode>
          </TextEquiv>
        </Word>
        <Word id="region0007_line0006_word0009" custom="readingOrder {index:1;}">
          <Coords points="1666,2721 1634,2721 1633,2779 1642,2779 1649,2772 1656,2772 1669,2774 1671,2779 1694,2779 1699,2774 1701,2773 1701,2722 1698,2723 1696,2721 1669,2721 1667,2723"/>
          <TextEquiv conf="0.95909196">
            <Unicode>&#x17F;ich</Unicode>
          </TextEquiv>
        </Word>
        <Word id="region0007_line0006_word0010" custom="readingOrder {index:2;}">
          <Coords points="1753,2725 1709,2724 1709,2768 1764,2769 1764,2725 1753,2725"/>
          <TextEquiv conf="0.96492267">
            <Unicode>die</Unicode>
          </TextEquiv>
        </Word>
        <Word id="region0007_line0006_word0011" custom="readingOrder {index:3;}">
          <Coords points="1939,2768 1940,2722 1801,2721 1798,2723 1777,2724 1777,2774 1788,2780 1803,2772 1874,2771 1894,2772 1896,2780 1913,2780 1921,2775"/>
          <TextEquiv>
            <Unicode>go&#x364;ttliche</Unicode>
          </TextEquiv>
        </Word>
        <Word id="region0007_line0006_word0012" custom="readingOrder {index:4;}">
          <Coords points="2007,2723 1950,2723 1949,2780 1971,2780 1981,2776 2016,2775 2021,2778 2022,2781 2042,2781 2047,2777 2069,2775 2098,2781 2113,2775 2148,2776 2155,2782 2172,2782 2179,2778 2180,2725 2175,2725 2161,2726 2085,2725 2085,2724 2061,2724 2060,2725 2052,2726 2045,2726 2044,2724 2016,2724 2015,2726 2008,2726"/>
          <TextEquiv conf="0.8639246">
            <Unicode>Zu&#x364;chtigung</Unicode>
          </TextEquiv>
        </Word>
        <Word id="region0007_line0006_word0013" custom="readingOrder {index:5;}">
          <Coords points="2191,2730 2273,2731 2273,2771 2191,2770"/>
          <TextEquiv conf="0.956059">
            <Unicode>und</Unicode>
          </TextEquiv>
        </Word>
        <TextEquiv>
          <Unicode>machen &#x17F;ich die go&#x364;ttliche Zu&#x364;chtigung und</Unicode>
        </TextEquiv>
      </TextLine>
      <TextLine id="line_1650436623498_553" custom="readingOrder {index:4;}">
        <Coords points="1471,2781 1483,2777 1492,2780 1500,2772 1512,2772 1517,2779 1522,2779 1534,2778 1550,2771 1562,2777 1575,2775 1588,2780 1633,2783 1641,2781 1649,2773 1656,2773 1660,2775 1662,2781 1670,2779 1678,2784 1686,2784 1700,2777 1712,2777 1717,2781 1728,2779 1755,2781 1763,2775 1773,2773 1788,2781 1803,2773 1830,2772 1833,2778 1883,2780 1910,2785 1923,2784 1924,2776 1939,2768 1946,2772 1948,2784 1966,2783 1981,2777 1993,2780 2004,2776 2015,2776 2020,2779 2021,2784 2028,2786 2060,2785 2068,2776 2110,2785 2184,2785 2191,2784 2193,2777 2199,2775 2213,2775 2221,2784 2251,2783 2255,2786 2279,2786 2280,2832 2214,2834 2126,2833 2092,2835 2075,2844 2064,2843 2061,2836 2024,2836 2017,2844 2009,2844 2001,2833 1984,2836 1896,2831 1894,2835 1882,2839 1874,2837 1872,2831 1830,2829 1778,2831 1773,2839 1759,2838 1756,2831 1678,2832 1665,2833 1658,2840 1652,2841 1642,2840 1637,2834 1625,2832 1580,2831 1573,2838 1562,2840 1547,2838 1541,2831 1473,2831 1467,2821 1466,2821 1466,2789 1469,2789"/>
        <Word id="word_1650436623498_555" custom="readingOrder {index:0;}">
          <Coords points="1471,2781 1483,2777 1492,2780 1500,2772 1512,2772 1517,2779 1522,2779 1534,2778 1539,2776 1538,2831 1473,2831 1467,2821 1466,2821 1466,2789 1469,2789"/>
          <TextEquiv>
            <Unicode>die</Unicode>
          </TextEquiv>
        </Word>
        <Word id="region0007_line0007_word0007" custom="readingOrder {index:1;}">
          <Coords points="1583,2778 1542,2778 1542,2832 1542,2833 1577,2833 1580,2831 1625,2832 1634,2833 1664,2833 1665,2833 1678,2832 1686,2831 1686,2784 1678,2784 1670,2779 1662,2781 1661,2778 1643,2778 1641,2781 1633,2783 1588,2780"/>
          <TextEquiv conf="0.9585538">
            <Unicode>Frucht</Unicode>
          </TextEquiv>
        </Word>
        <Word id="region0007_line0007_word0008" custom="readingOrder {index:2;}">
          <Coords points="1714,2779 1700,2779 1700,2831 1756,2831 1756,2832 1776,2832 1778,2831 1830,2829 1872,2831 1872,2833 1892,2834 1892,2781 1888,2780 1789,2779 1788,2781 1785,2779 1756,2779 1755,2781 1732,2779 1726,2779 1717,2781"/>
          <TextEquiv conf="0.8682936">
            <Unicode>der&#x17F;elben,</Unicode>
          </TextEquiv>
        </Word>
        <Word id="region0007_line0007_word0009" custom="readingOrder {index:3;}">
          <Coords points="1939,2768 1939,2768 1924,2776 1923,2784 1917,2784 1916,2832 1984,2836 2001,2833 2004,2838 2022,2838 2024,2836 2043,2836 2044,2786 2028,2786 2021,2784 2020,2779 2015,2776 2004,2776 1993,2780 1981,2777 1966,2783 1948,2784 1946,2772"/>
          <TextEquiv conf="0.9663866">
            <Unicode>welche</Unicode>
          </TextEquiv>
        </Word>
        <Word id="region0007_line0007_word0010" custom="readingOrder {index:4;}">
          <Coords points="2087,2780 2068,2780 2068,2838 2086,2838 2092,2835 2126,2833 2117,2833 2117,2784 2117,2785 2110,2785"/>
          <TextEquiv>
            <Unicode>&#x17F;ie</Unicode>
          </TextEquiv>
        </Word>
        <Word id="region0007_line0007_word0011" custom="readingOrder {index:5;}">
          <Coords points="2186,2833 2186,2784 2184,2785 2149,2785 2149,2833"/>
          <TextEquiv conf="0.87215126">
            <Unicode>an</Unicode>
          </TextEquiv>
        </Word>
        <Word id="region0007_line0007_word0012" custom="readingOrder {index:6;}">
          <Coords points="2219,2782 2201,2782 2201,2826 2273,2827 2273,2786 2255,2786 2251,2783 2221,2784"/>
          <TextEquiv conf="0.8058181">
            <Unicode>an&#x2E17;</Unicode>
          </TextEquiv>
        </Word>
        <TextEquiv>
          <Unicode>die Frucht der&#x17F;elben, welche &#x17F;ie an an&#x2E17;</Unicode>
        </TextEquiv>
      </TextLine>
      <TextLine id="line_1650436623499_557" custom="readingOrder {index:5;}">
        <Coords points="1473,2832 1481,2832 1488,2838 1562,2841 1583,2839 1592,2833 1611,2833 1616,2841 1652,2842 1708,2839 1726,2832 1742,2832 1748,2839 1811,2841 1865,2837 1883,2840 1903,2832 1934,2832 1958,2838 1964,2838 1969,2834 1988,2838 2001,2834 2009,2845 2059,2846 2075,2845 2093,2837 2118,2838 2126,2834 2148,2833 2161,2833 2166,2838 2178,2839 2186,2835 2197,2835 2202,2839 2280,2841 2280,2892 2271,2892 2264,2898 2222,2890 2194,2890 2186,2897 2176,2897 2170,2891 2140,2892 2135,2895 2111,2891 2071,2897 2005,2898 1998,2902 1976,2902 1973,2897 1960,2896 1885,2895 1856,2897 1847,2901 1832,2901 1827,2897 1806,2897 1801,2901 1790,2901 1780,2895 1744,2893 1711,2899 1704,2892 1658,2894 1592,2891 1529,2890 1518,2896 1508,2896 1498,2889 1466,2895 1466,2845 1470,2844 1470,2835"/>
        <Word id="region0007_line0008_word0007" custom="readingOrder {index:0;}">
          <Coords points="1570,2890 1570,2840 1562,2841 1488,2838 1483,2833 1483,2891 1498,2889 1508,2896 1518,2896 1529,2890"/>
          <TextEquiv conf="0.91352355">
            <Unicode>dern</Unicode>
          </TextEquiv>
        </Word>
        <Word id="region0007_line0008_word0008" custom="readingOrder {index:1;}">
          <Coords points="1777,2894 1807,2895 1807,2843 1592,2842 1592,2891 1658,2894 1704,2892 1706,2894 1734,2894 1744,2893"/>
          <TextEquiv conf="0.8474877">
            <Unicode>bemercken,</Unicode>
          </TextEquiv>
        </Word>
        <Word id="region0007_line0008_word0009" custom="readingOrder {index:2;}">
          <Coords points="1878,2895 1878,2849 1834,2848 1834,2895 1872,2895"/>
          <TextEquiv conf="0.9665563">
            <Unicode>zu</Unicode>
          </TextEquiv>
        </Word>
        <Word id="region0007_line0008_word0010" custom="readingOrder {index:3;}">
          <Coords points="2007,2842 1901,2842 1901,2895 1960,2896 1973,2897 1975,2901 1998,2901 2005,2898 2048,2897 2048,2845 2009,2845"/>
          <TextEquiv conf="0.8999467">
            <Unicode>Nutze.</Unicode>
          </TextEquiv>
        </Word>
        <Word id="region0007_line0008_word0011" custom="readingOrder {index:4;}">
          <Coords points="2268,2895 2268,2849 2121,2848 2121,2893 2135,2895 2140,2892 2170,2891 2176,2897 2186,2897 2194,2890 2222,2890 2264,2898 2264,2898"/>
          <TextEquiv conf="0.5781624">
            <Unicode>Andere</Unicode>
          </TextEquiv>
        </Word>
        <TextEquiv conf="0.8556476">
          <Unicode>dern bemercken, zu Nutze. Andere</Unicode>
        </TextEquiv>
      </TextLine>
      <TextEquiv>
        <Unicode>die &#x17F;ie mit an&#x17F;ehen, angewendet wer&#x2E17;
den. Wir haben hier zweyerley Art
Leute im Evangelio vor uns. Einige
machen &#x17F;ich die go&#x364;ttliche Zu&#x364;chtigung und
die Frucht der&#x17F;elben, welche &#x17F;ie an an&#x2E17;
gichtbru&#x364;chtig werden la&#x17F;&#x17F;en, und auj &#xB7; die dern bemercken, zu Nutze. Andere</Unicode>
      </TextEquiv>
    </TextRegion>
  </Page>
</PcGts>
