1210 2400
413 381 483 421 672

618 376 738 422 Troſt
746 375 895 419 Lieder.

709 471 794 508 445.

541 514 591 552 Jn
607 514 777 550 bekannter
792 512 960 552 Melodey.

410 554 486 665 K

486 552 614 616 Ommt
623 561 678 610 her
687 572 723 611 zu
734 564 813 610 mir,
830 562 946 613 ſpricht
956 551 1095 609 GOttes

486 614 623 665 Sohn,
642 619 687 658 all
704 617 755 660 die
769 618 822 666 ihr
835 616 908 671 ſeyd
919 604 1092 670 beſchweret

413 675 498 714 nun,
515 669 580 707 mit
599 664 743 720 Suͤnden
760 667 838 715 hart
854 665 1012 710 beladen!
1035 652 1094 715 Jhr

409 715 569 760 Jungen,
578 718 695 759 Alten,
703 717 820 764 Fraun
831 717 900 755 und
910 716 1046 769 Mann/
1058 701 1096 750 ich

409 772 481 811 will
489 770 564 818 euch
571 771 768 819 geben,was
778 770 824 820 ich
836 769 918 823 han,
928 769 998 825 will
999 761 1094 823 heilen

407 835 505 868 euren
515 831 700 879 Schaden.

461 891 495 917 2.
505 872 609 919 Mein
625 880 715 917 Joch
732 868 773 909 iſt
786 869 869 910 ſuͤß,
891 864 980 906 mein
995 838 1086 908 Buͤrd

409 921 459 972 iſt
457 926 577 966 gring,
592 931 662 959 wer
670 926 758 958 mirs
780 921 956 969 nachtraͤgt
974 924 1009 961 in
1030 912 1085 960 dem

408 983 569 1030 Geding,
583 984 639 1026 der
647 978 732 1033 Hoͤll
744 985 832 1026 wird
842 995 876 1024 er
885 969 1087 1031 entweichen;

405 1025 474 1076 Jch
484 1028 555 1067 will
564 1028 634 1075 ihm
644 1028 775 1075 treulich
785 1028 902 1076 helfſen
915 1031 1030 1077 tragn/
1041 1016 1087 1069 mit

408 1080 534 1118 meiner
543 1076 655 1128 Huͤlff
663 1079 752 1117 wird
760 1084 794 1117 er
812 1080 929 1128 erjagn
937 1078 1004 1120 das
1014 1063 1088 1131 ewge

405 1139 675 1189 Himmelreiche.

460 1196 490 1231 3.
501 1182 605 1226 Was
620 1182 668 1231 ich
687 1180 809 1233 gethan
821 1185 890 1227 und
908 1184 1025 1234 glitten
1038 1180 1089 1233 hie/

406 1229 444 1272 in
462 1235 604 1273 meinem
620 1232 719 1273 Leben
737 1234 832 1283 ſpath
849 1236 915 1274 und
931 1231 1022 1283 fruͤh,
1037 1219 1089 1273 das

406 1285 481 1331 ſollt
497 1286 550 1332 ihr
565 1287 645 1330 auch
664 1285 818 1335 erfuͤllen:
844 1286 950 1329 Was
976 1286 1029 1334 ihr
1048 1268 1089 1331 ge⸗

405 1338 531 1377 denckt,
542 1340 577 1380 ja
588 1340 660 1370 redt
667 1341 735 1370 und
748 1340 837 1379 thut,
851 1341 918 1370 das
928 1338 1018 1373 wird
1027 1318 1088 1374 euch

405 1392 488 1429 alles
506 1391 590 1433 recht
609 1392 678 1428 und
701 1394 762 1436 gut
809 1392 927 1430 wenns
948 1377 1087 1441 geſchicht

404 1454 487 1486 nach
497 1455 646 1486 GOttes
657 1454 804 1486 Willen.

456 1501 495 1539 4.
520 1493 619 1535 Gern
634 1494 719 1535 wolt
733 1495 786 1536 die
801 1491 906 1539 Welt
919 1494 1001 1544 auch
1026 1486 1086 1547 ſelig

405 1543 503 1596 ſeyn,
522 1555 621 1587 wenn
639 1556 702 1588 nur
718 1546 806 1597 nicht
818 1545 896 1591 waͤr
906 1551 953 1591 die
967 1538 1085 1599 ſchwere

403 1605 564 1658 Pein,die
572 1609 634 1649 alle
642 1606 797 1656 Chriſten
805 1608 928 1650 leiden:
939 1607 1008 1653 So
1018 1609 1085 1648 mag

406 1654 443 1689 es
453 1651 545 1689 dann
553 1649 640 1696 nicht
649 1651 772 1691 anders
782 1649 870 1698 ſeyn,
877 1650 999 1693 darum
1009 1639 1085 1700 ergib

404 1700 477 1740 dich
494 1706 557 1737 nur
574 1702 708 1744 darein,
722 1707 792 1736 wer
808 1705 899 1746 ewge
916 1700 1010 1750 Pein
1028 1682 1086 1738 will

404 1763 545 1800 meiden.

456 1804 487 1850 5.
507 1800 565 1830 All
583 1796 728 1831 Creatur
745 1797 892 1837 bezeuget
908 1801 996 1837 das,
1019 1779 1086 1830 was

405 1856 471 1899 lebt
480 1856 526 1896 im
537 1855 695 1907 Waſſer/
712 1855 802 1900 Laub
812 1858 879 1899 und
897 1858 1015 1910 Graß,
1032 1850 1087 1908 ſein

403 1906 518 1946 Leiden
536 1905 620 1943 kans
637 1905 724 1950 nicht
739 1907 888 1945 meiden:
901 1907 997 1949 Wer
1013 1887 1086 1945 denn

406 1961 443 1999 in
454 1956 604 2000 GOttes
622 1957 774 2007 Nahmn
792 1959 880 2003 nicht
892 1956 979 2006 will,
995 1944 1088 2009 zuletzt

406 2013 486 2060 muß
505 2022 537 2053 er
555 2013 614 2054 des
629 2011 780 2066 Teuffels
788 2013 861 2068 Ziel
876 2012 926 2069 mit
940 2005 1087 2067 ſchweren

406 2074 578 2118 Gewiſſen
586 2075 704 2119 leiden.

950 2121 986 2159 6.
1001 2100 1087 2166 Heut
