1352 2303
325 361 378 398 44

623 359 716 401 Von
716 359 801 401 den
801 359 946 401 Namen

329 429 368 455 59.
383 423 449 453 Mel.
462 418 542 459 Laſſet
549 417 591 455 uns
600 421 644 459 den
652 419 766 460 HErren.

326 463 360 527 †
362 462 407 530 J

407 462 465 496 Eſu,
473 466 503 492 du
511 472 574 493 mein
582 465 673 497 liebſtes
679 466 766 497 Leben,

411 496 500 519 meiner
508 494 604 521 Seelen
604 494 768 522 Braͤutigam,

327 530 366 558 der
382 534 412 558 du
426 529 475 563 dich
488 530 527 562 fuͤr
539 530 600 560 mich
617 526 718 563 gegeben
733 537 764 558 an

324 564 369 590 des
393 566 483 594 bittern
508 565 617 593 Creutzes
639 565 766 595 Stamm!

324 600 415 631 JEſu,
428 605 505 627 meine
514 601 597 632 Freud
597 601 647 628 und
653 601 763 631 Wonne,

323 613 368 654 all'
378 631 442 655 mein
451 627 595 662 Hoffnung,
611 626 700 655 Schatz
714 627 763 653 und

322 667 407 697 Theil,
420 673 484 695 mein
494 665 625 698 Erloͤſung,
640 668 764 697 Schmuck

323 702 376 727 und
385 697 453 732 Heil,
465 701 525 732 Hirt
535 701 584 728 und
592 699 687 734 Koͤnig,
699 702 763 731 Licht

320 735 374 761 und
381 734 491 763 Sonne!
505 734 555 767 Ach
562 740 605 761 wie
612 735 653 761 ſoll
664 734 695 760 ich
709 730 763 762 wuͤr⸗

321 769 429 799 diglich,
447 777 512 796 mein
529 771 635 806 HERR
652 770 761 806 JESU,

320 802 412 835 preiſen
424 800 492 832 dich!

356 828 389 858 2.
386 827 416 861 O
416 827 441 861 du
452 819 657 865 wunder⸗ſchoͤnes
675 820 764 866 Weſen,

322 875 338 894 o
345 869 376 896 du
385 869 472 896 Glantz
480 868 518 896 der
527 869 696 902 Herrlichkeit!
713 875 762 898 von

319 903 375 930 dem
388 902 470 930 Vater
480 901 611 932 auserleſen
624 907 676 935 zum
690 903 761 933 Erloͤ⸗

318 937 353 966 ſer
365 944 390 965 in
403 940 442 967 der
454 938 525 969 Zeit!
544 939 612 969 Ach!
630 938 667 968 ich
683 939 760 968 weiß,

317 964 367 1001 daß
381 970 425 1000 ich
432 971 485 1001 auf
487 972 599 1000 Erden,
611 973 658 1000 der
664 970 703 1003 ich
710 971 760 999 bin

318 1009 363 1030 ein
386 998 509 1036 ſchnoͤder
527 1001 648 1037 Knecht,
667 1003 758 1036 heilig,

318 1036 380 1068 ſelig
388 1038 444 1065 und
452 1036 554 1071 gerecht
563 1036 633 1072 ohne
640 1036 696 1070 dich
704 1039 758 1066 kan

318 1066 435 1099 nimmer
451 1074 570 1098 werden.
608 1070 710 1106 HErr,
721 1070 756 1102 ich

316 1106 359 1133 bin
370 1106 419 1133 kein
434 1106 522 1135 rechter
530 1105 629 1137 Chriſt,
648 1113 684 1137 wo
695 1106 759 1138 dein'

318 1134 379 1175 Hand
395 1134 461 1171 nicht
475 1142 517 1171 bey
524 1148 570 1170 mir
577 1142 613 1170 iſt.

353 1178 374 1206 3.
380 1173 435 1205 Ey!
447 1172 470 1206 ſo
483 1173 578 1205 komm,
595 1173 627 1201 du
634 1174 705 1204 Troſt
717 1175 758 1204 der

316 1205 450 1244 Heyden,
462 1205 553 1239 komm,
572 1206 637 1235 mein
648 1207 757 1239 Liebſter,

317 1238 400 1269 ſtaͤrcke
408 1239 479 1273 mich,
491 1240 580 1271 komm,
588 1240 686 1273 erquicke
693 1239 754 1271 mich

313 1275 365 1306 mit
384 1275 508 1314 Freuden,
523 1276 616 1305 komm,
636 1278 685 1306 und
704 1279 760 1314 hilff

314 1309 363 1338 mir
370 1307 513 1343 gnaͤdiglich.
549 1311 618 1342 Eile,
633 1310 687 1340 bald
700 1311 754 1339 mich

311 1350 340 1379 zu
347 1343 500 1376 erleuchten,
515 1345 602 1377 GOtt,
610 1351 673 1375 mein
684 1344 754 1378 Hertz

313 1381 341 1404 iſt
349 1379 417 1408 ſchon
425 1381 512 1409 bereit,
530 1380 609 1409 komm
616 1379 662 1409 mit
674 1381 755 1409 deiner

315 1408 467 1442 Suͤßigkeit,
486 1414 540 1442 Leib
557 1406 595 1441 und
613 1413 669 1442 Seel
676 1419 754 1446 mir
731 1410 758 1445 zu

315 1444 482 1476 befeuchten*,
492 1441 563 1477 komm,
576 1441 603 1477 du
615 1441 695 1477 klares
704 1442 760 1477 Son⸗

312 1474 450 1510 nen⸗Licht,
466 1478 510 1510 daß
517 1477 552 1511 ich
559 1486 582 1510 ja
588 1483 674 1508 verirre
681 1477 754 1511 nicht.

361 1514 374 1527 *
389 1513 408 1534 d.
418 1508 432 1532 i.
445 1510 553 1537 erqvicken.

348 1547 373 1572 4.
380 1540 495 1570 Komm,
509 1541 573 1571 mein
582 1539 695 1576 Liebſter,
714 1542 753 1576 laß

313 1576 376 1607 mich
386 1577 501 1609 ſchauen,
519 1584 562 1607 wie
570 1581 601 1606 du
609 1579 649 1611 biſt
658 1585 680 1607 ſo
689 1579 753 1613 wohl

311 1612 414 1641 geſtalt,
430 1611 525 1642 ſchoͤner
538 1615 577 1642 als
591 1615 624 1642 die
632 1609 752 1646 ſchoͤnſten

312 1646 396 1674 Auen,
403 1643 479 1675 allzeit
485 1646 588 1677 lieblich,
597 1651 702 1674 nimmer
709 1646 755 1674 alt.

313 1679 431 1706 Komm,
441 1680 471 1707 du
483 1680 630 1709 Aufenthalt
644 1682 683 1707 der
691 1682 752 1711 Sie⸗

314 1705 409 1735 chen*!
414 1708 508 1741 Komm,
510 1705 539 1745 du
551 1707 632 1741 lichter
639 1711 754 1743 Gnaden⸗

313 1741 426 1773 Schein!
444 1742 551 1774 Komm,
564 1744 594 1771 du
603 1741 675 1778 ſuͤſſes
686 1742 753 1775 Bluͤ⸗

313 1775 419 1802 melein!
433 1774 476 1807 Laß
489 1774 545 1808 mich
558 1769 638 1809 deinen
645 1774 754 1806 Balſam

311 1808 440 1840 riechen**,
447 1809 534 1839 komm,
542 1808 714 1843 meinLeben,
703 1808 756 1846 kom̃

313 1844 399 1874 heran,
410 1844 455 1873 daß
463 1845 496 1872 ich
504 1844 554 1875 dich
562 1845 676 1879 genieſſen
684 1846 737 1874 kan.

335 1876 447 1902 *Matth.
455 1883 481 1900 II,
495 1880 527 1900 28.
586 1886 616 1899 **
632 1880 670 1908 d.i.
681 1884 752 1907 deinen

376 1907 443 1933 Troſt
451 1908 572 1936 empfinden.

347 1945 362 1968 5.
375 1935 444 1967 Ach!
463 1943 506 1966 wie
515 1938 575 1965 wird
585 1937 639 1966 dein
655 1939 752 1967 freund⸗

313 1968 357 2003 lich
363 1956 483 2000 Blicken,
490 1967 640 1998 allerliebſter
648 1971 752 2000 Seelen⸗

313 2009 420 2040 Schatz,
437 2008 532 2038 meinen
544 2010 612 2041 Geiſt
620 2010 644 2041 in
657 2010 704 2039 mir
715 2019 749 2039 er⸗

312 2043 422 2071 qvicken,
434 2045 484 2072 und
490 2043 552 2074 mich
560 2040 646 2074 fuͤhren
654 2043 699 2076 auf
704 2044 751 2074 den

315 2078 399 2110 Platz,
407 2079 437 2104 da
445 2086 468 2106 er
479 2078 549 2109 ſolche
561 2074 612 2111 Luſt
613 2080 752 2113 empfindet,

310 2107 347 2145 die
359 2106 423 2151 nicht
434 2120 460 2150 zu
473 2116 617 2152 vergleichen
625 2114 667 2150 iſt;
684 2115 754 2151 deine

796 433 866 465 Lieb,
881 434 958 467 HErr
967 432 1040 467 JEſu
1048 434 1140 467 Chriſt,
1157 434 1183 469 iſt
1194 436 1232 466 es,

796 468 832 495 die
840 466 900 498 mich
908 473 951 495 gar
959 459 1104 499 entzuͤndet,
1121 466 1157 498 die
1164 467 1230 498 mein

795 501 864 532 Hertz
876 508 901 530 zu
908 503 962 532 Tag
969 504 1018 530 und
1026 501 1119 536 Nacht,
1129 501 1187 537 auch
1196 505 1236 532 im

793 525 862 561 Leide
872 528 966 564 freudig
974 531 1061 564 macht.

828 561 852 586 6.
862 558 966 595 Schaff
964 566 990 597 in
993 565 1052 591 mir,
1067 555 1125 591 noch
1132 558 1182 594 hier
1188 554 1234 591 auf

794 593 884 626 Erden,
892 595 936 628 daß
942 595 986 627 ich,
994 600 1036 623 wie
1056 595 1094 632 ein
1083 595 1240 626 Baͤumlein,

795 634 840 665 veſt
853 636 890 661 dir
907 632 965 668 moͤg
981 633 1161 670 eingepflantzet
1173 640 1240 665 wer⸗

794 665 860 697 den:
880 665 977 700 Dieſen
994 667 1102 703 Schatz
1112 668 1172 701 halt
1187 667 1228 700 ich

790 697 852 729 fuͤrs
859 701 934 733 Beſt,
944 694 993 732 auch
1007 701 1051 730 viel
1058 693 1130 733 hoͤher
1145 696 1183 731 als
1194 702 1228 733 Ru⸗

791 734 880 766 binen,
896 732 1012 766 theurer
1014 729 1055 763 als
1058 737 1102 765 den
1115 732 1229 767 guͤldnen

793 769 881 800 Sand,
893 768 1013 801 ſchoͤner
1004 762 1044 800 als
1040 772 1084 800 den
1093 766 1229 801 Diamant,

790 800 829 828 die
847 809 886 832 zur
901 801 990 836 bloſſen
1009 803 1107 837 Hoffart
1123 800 1243 833 dienen;

792 832 879 868 Beſſer
893 836 933 866 als
950 837 990 865 der
1008 836 1229 872 Perlen⸗Schein,

790 875 860 899 wenn
868 871 898 901 ſie
905 870 964 901 noch
973 871 998 904 ſo
1004 872 1096 906 koͤſtlich
1105 872 1168 906 ſeyn.

822 911 848 935 7.
862 904 874 933 O
892 906 924 934 du
935 904 1042 937 Paradis
1050 907 1090 933 der
1096 904 1225 935 Freuden!

788 937 832 967 das
845 938 909 969 mein
922 937 991 971 Geiſt
1008 940 1055 970 mit
1069 934 1227 977 Schmertzen

787 975 867 1004 ſucht:
883 977 910 1002 O
917 976 956 1003 du
956 976 1051 1004 ſtarcker
1056 977 1128 1007 Troſt
1135 977 1169 1004 im
1175 976 1237 1005 Lei⸗

788 1002 848 1035 den!
862 1009 874 1035 O
894 1009 926 1036 du
932 1006 1011 1041 friſche
1017 1008 1224 1042 Lebens⸗Frucht!

787 1041 813 1067 O
828 1042 859 1071 du
877 1039 1091 1078 Himmels⸗ſuͤſſer
1108 1043 1223 1079 Biſſen*!

788 1077 846 1107 Wie
864 1075 989 1110 bekoͤmmſt
1002 1080 1033 1107 du
1048 1074 1095 1107 mir
1106 1079 1129 1113 ſo
1143 1079 1223 1110 wohl:

785 1102 832 1138 Ja,
839 1104 905 1135 mein
911 1105 1009 1140 liebſter
1015 1107 1120 1138 Schatz,
1132 1109 1172 1138 der
1179 1105 1223 1140 ſoll

786 1142 849 1175 mich
849 1142 873 1173 in
894 1140 971 1176 reiner
982 1145 1050 1174 Liebe
1058 1143 1154 1179 kuͤſſen!
1169 1144 1223 1177 Gib

787 1182 836 1204 mir
841 1176 925 1206 deinen
930 1182 1012 1207 zarten
1017 1179 1116 1211 Mund,
1127 1180 1191 1207 denn
1198 1176 1232 1212 ſo

786 1207 846 1237 wird
849 1210 917 1238 mein
923 1207 992 1244 Hertz
998 1210 1096 1244 geſund.

808 1236 935 1270 *d.t.
878 1236 988 1271 Nahrung
1000 1247 1034 1268 der
1045 1243 1137 1273 Seelen.

818 1281 841 1304 8.
844 1275 932 1310 HErr,
945 1275 978 1309 ich
986 1276 1046 1306 bitte
1053 1276 1115 1310 dich,
1127 1272 1222 1310 erzeige,

784 1312 829 1341 daß
837 1312 868 1339 du
876 1312 945 1342 reden
952 1310 1011 1349 wilſt
1018 1318 1042 1342 in
1050 1311 1119 1349 mir,*
1126 1314 1176 1342 und
1183 1310 1222 1343 die

779 1341 843 1377 Welt
856 1341 923 1380 gantz
937 1346 959 1374 in
965 1354 1013 1378 mir
1021 1346 1142 1383 ſchweige:
1149 1347 1221 1380 Trei⸗

783 1383 811 1410 be
823 1383 909 1412 deinen
922 1383 1009 1413 Glantz
1019 1380 1113 1418 herfuͤr,
1131 1385 1175 1415 daß
1184 1384 1236 1415 ich

785 1417 840 1445 bald
852 1424 878 1446 zu
885 1415 923 1446 dir
933 1418 995 1446 mich
1001 1419 1083 1449 kehre,
1103 1420 1154 1447 und
1165 1420 1221 1447 dein

784 1452 884 1479 Wort,
897 1452 939 1479 der
950 1453 1001 1480 edle
1011 1452 1119 1484 Schatz,
1133 1453 1184 1481 find
1192 1452 1235 1480 in

782 1481 887 1510 meinem
894 1482 996 1517 Hertzen
1007 1483 1089 1516 Platz,
1103 1485 1147 1518 daß
1157 1483 1221 1516 mich

782 1516 852 1543 deine
867 1516 999 1546 Wahrheit
1014 1516 1095 1548 lehre,
1109 1518 1153 1550 daß
1173 1517 1220 1550 ich,

783 1550 865 1575 Suͤnd
876 1545 925 1575 uud
930 1545 1008 1578 Laſter
1018 1551 1079 1582 frey,
1093 1549 1138 1584 dir,
1151 1557 1219 1582 mein

782 1588 905 1615 GOTT,
918 1587 1015 1615 gefaͤllig
1028 1587 1073 1615 ſey.

829 1616 915 1641 *durch
922 1611 972 1644 dein
986 1611 1036 1644 Wort
1050 1617 1090 1640 und
1097 1616 1162 1644 Geiſt.

811 1643 839 1683 9.
846 1649 947 1682 Lieblich
959 1652 1010 1682 ſind
1025 1651 1089 1680 dein'
1100 1653 1149 1682 edle
1162 1645 1221 1686 Huͤt⸗

782 1685 862 1713 ten,*
870 1680 938 1713 ſchoͤn
948 1691 995 1714 von
1002 1683 1080 1714 Gnad
1088 1685 1140 1714 und
1145 1685 1219 1719 Him⸗

783 1713 949 1750 mels⸗Gunſt,
963 1720 989 1748 da
997 1718 1033 1750 du
1033 1718 1127 1756 pflegeſt
1134 1723 1220 1753 auszu⸗

782 1740 891 1780 ſchuͤtten
922 1747 1002 1777 deiner
1036 1746 1120 1779 ſuͤſſen
1149 1751 1218 1779 Liebe

780 1785 897 1817 Brunſt;
913 1789 1003 1816 Meine
1016 1789 1113 1818 Seele,
1130 1789 1220 1818 GOtt,

779 1819 919 1850 verlanget,
939 1821 984 1849 daß
990 1812 1028 1849 ſie
1046 1817 1116 1850 moͤge
1131 1817 1218 1853 froͤlich

781 1845 858 1882 ſtehn,
871 1849 913 1881 und
923 1859 965 1881 mit
979 1846 1052 1880 klaren
1070 1854 1136 1887 Augen
1152 1854 1220 1889 ſehn,

783 1883 827 1912 wie
845 1884 914 1915 dein'
923 1887 984 1918 hohe
999 1885 1139 1919 Wohnung
1148 1892 1220 1921 pran⸗

780 1923 839 1947 get:
851 1920 909 1951 Leib
917 1923 966 1949 und
975 1919 1039 1948 Seel
1050 1918 1158 1952 erfreuen
1164 1919 1219 1957 ſich,

780 1948 871 1989 HErr,
888 1951 913 1980 in
921 1953 957 1980 dir
967 1957 1032 1986 gantz
1045 1951 1168 1989 inniglich.

828 1992 909 2016 *Die
919 1989 1002 2018 Hertzen
1011 1992 1043 2014 der
1054 1989 1180 2022 Glaͤubigen.

813 2032 852 2049 10.
862 2024 941 2053 Wohl
952 2026 997 2051 den
1011 2024 1165 2059 Menſchen,
1179 2023 1219 2055 die

780 2056 810 2084 da
822 2056 894 2084 loben
907 2056 974 2085 deine
980 2056 1114 2091 Wohlthat
1123 2056 1219 2088 immer⸗

780 2090 837 2126 dar,
851 2093 892 2126 und
904 2086 973 2131 durch
980 2090 1066 2125 deinen
1074 2092 1167 2134 Schutz
1167 2092 1246 2128 von

1151 2130 1223 2156 oben
