2159 2721
332 417 535 465 Schweſter
543 414 687 469 Tochter
701 421 734 462 in
745 418 866 469 ſolcher
876 417 1076 470 bruͤderliche
1089 428 1209 467 ererbte
1218 425 1538 478 Verlaſſenſchafft/
1545 432 1627 472 weil
1627 432 1665 473 er
1671 434 1728 476 die

332 463 551 510 Lehn⸗Guͤter
564 474 623 504 vor
639 468 698 514 ſich
709 468 807 507 allein
816 467 989 515 behalten/
1001 478 1068 515 pro
1081 479 1182 517 parte
1196 469 1346 510 dimidia
1363 483 1418 520 zur
1425 465 1651 518 Mitt⸗Erbin
1661 489 1730 518 an⸗

334 524 558 562 genommen/
566 522 670 563 welche
685 523 726 566 ſie
741 521 808 562 alſo
816 518 1075 565 acceptiret/
1038 513 1088 566 die
1089 529 1154 560 von
1163 521 1276 567 ihme/
1289 517 1340 566 als
1349 524 1454 570 ihrem
1467 528 1611 566 Tutore
1627 529 1725 571 uͤber⸗

331 575 486 610 gebene/
495 569 549 617 und
558 570 688 615 darauf
686 570 871 621 gerichtete
875 569 1104 617 Rechnungen
1118 578 1385 618 angenommen/
1413 576 1482 616 und
1496 575 1723 628 judicialiter

331 616 499 663 quitiret;
525 619 712 664 Demnach
720 620 780 666 ſich
796 621 876 659 aber
890 620 1053 665 nunmehr
1066 621 1231 665 befindet/
1243 625 1312 671 daß
1319 626 1418 671 ſolche
1439 626 1572 675 Helffte
1586 633 1645 671 der
1657 630 1722 673 vaͤ⸗

331 667 482 708 terlichen
491 666 790 714 Verlaſſenſchafft
803 673 839 710 zu
847 666 1044 714 repudiren.
1094 667 1156 710 Ob
1166 679 1235 712 nun
1246 671 1339 717 wohl
1346 667 1380 713 in
1388 673 1557 720 gemeinen
1566 675 1721 725 beſchrie⸗

329 715 432 750 benen
441 719 591 762 Rechten
608 719 693 760 nicht
709 714 916 762 zugelaſſen/
927 710 984 761 daß
997 717 1183 766 derjenige/
1213 721 1245 770 ſo
1260 722 1347 764 einer
1367 723 1556 776 Erbſchafft
1569 726 1629 775 ſich
1650 726 1721 773 ein⸗

328 765 423 803 mahl
439 768 661 809 angemaſſet/
677 765 744 802 und
760 762 897 811 ſelbige/
910 763 1055 806 bevorab
1072 768 1155 813 ohne
1175 772 1229 810 ein
1243 766 1454 820 beſtaͤndiges
1466 771 1715 812 Inventarium

329 820 542 854 angetreten/
568 815 682 857 ſolcher
695 809 754 862 ſich
774 811 882 851 wieder
898 811 1039 860 begeben
1054 812 1177 858 koͤnne/
1209 818 1343 864 ſondern
1362 810 1456 860 denen
1466 820 1716 862 Creditoribus

329 868 400 894 und
408 864 610 907 Legatariis
624 857 875 906 vollkoͤmmliche
887 859 1068 910 Zahlung/
1081 864 1163 910 auch
1175 873 1241 906 von
1249 868 1326 906 dem
1339 868 1469 915 ſeinen/
1501 876 1537 916 zu
1553 870 1634 917 thun
1644 879 1718 912 ver⸗

328 914 481 950 bunden:
510 909 679 955 Dennoch
689 910 758 949 und
772 912 850 952 weil
863 910 1121 961 Land⸗uͤblichen
1130 913 1355 964 Saͤchſiſchen
1365 918 1515 965 Rechten
1526 923 1635 968 nach/ /
1641 924 1717 964 der⸗

324 962 469 1002 gleichen
476 955 688 1005 Obligation
696 955 848 1004 zwiſchen
858 960 921 1001 den
932 960 1044 1005 Erben
1050 962 1126 1003 und
1133 959 1348 1008 Glaͤubigern
1355 957 1446 1011 nicht
1461 959 1632 1018 vorgehet/
1632 970 1715 1017 ſon⸗

326 1017 410 1045 dern
424 1012 482 1045 der
489 1006 576 1046 Erbe
586 1005 676 1051 mehr
684 1004 788 1050 nicht/
792 1008 847 1049 als
856 1005 971 1053 ſoweit
979 1009 1032 1049 die
1041 1010 1259 1058 empfangene
1266 1011 1455 1062 Erbſchafft
1468 1015 1528 1064 ſich
1537 1013 1717 1067 erſtrecket/

325 1066 364 1098 zu
379 1060 490 1098 zahlen
506 1051 668 1099 ſchuldig;
696 1053 845 1101 Dahero
860 1051 977 1099 denen
987 1054 1205 1106 Glaͤubigern
1225 1060 1333 1107 nichts
1354 1061 1520 1108 abgehet/
1538 1060 1586 1105 ob
1602 1069 1643 1115 ſie
1657 1071 1713 1110 die

324 1108 482 1148 Zahlung
498 1108 563 1138 aus
571 1102 629 1141 der
644 1099 855 1151 Erbſchafft /
858 1097 885 1149 ſo
900 1107 978 1144 weit
991 1099 1034 1152 ſie
1043 1106 1218 1152 zureichet/
1232 1108 1299 1150 von
1332 1103 1397 1151 dem
1418 1104 1535 1153 Hærede
1563 1115 1642 1157 oder
1667 1117 1713 1156 ei⸗

323 1158 406 1186 nem
416 1151 544 1190 andern
553 1145 772 1197 empfangen;
799 1149 868 1193 So
884 1151 923 1197 iſt
936 1152 1115 1198 gedachten
1130 1154 1345 1196 inſtituirten
1359 1157 1493 1200 Erbens
1508 1158 1712 1210 Schweſter

296 1200 495 1245 Tochter/
501 1188 564 1250 ſich
572 1200 629 1241 der
635 1194 831 1248 vaͤterlichen
838 1201 1140 1253 Verlaſſenſchafft
1147 1213 1193 1253 zu
1206 1205 1379 1249 begeben/
1392 1198 1446 1252 und
1456 1209 1509 1251 die
1516 1205 1712 1259 empfange⸗

323 1256 361 1287 ne
365 1245 593 1296 Ubermaſſe/
610 1250 692 1295 nach
702 1248 818 1298 Abzug
831 1251 889 1290 der
902 1259 957 1293 von
975 1251 1027 1301 ihr
1041 1253 1226 1302 bezahleten
1242 1255 1429 1304 Schulden
1449 1258 1519 1300 und
1532 1260 1714 1309 Legaten/

321 1294 514 1346 vermittelſt
531 1295 623 1344 eines
633 1292 845 1351 beſtaͤndigen
860 1300 1057 1343 Inventarii
1069 1306 1149 1347 oder
1163 1304 1327 1353 eydlichen
1342 1305 1593 1357 Specification
1607 1313 1711 1357 abzu⸗

319 1349 426 1386 treten
441 1346 529 1392 wohl
539 1344 663 1395 befugt.
712 1346 790 1394 Sie
805 1350 843 1401 iſt
858 1352 938 1394 aber
952 1350 1061 1400 nichts
1074 1352 1296 1403 deſtominder
1310 1355 1395 1403 ihrer
1401 1351 1710 1406 Adminiſtration

317 1398 436 1447 halber
449 1398 550 1443 Rede
564 1400 633 1442 und
641 1398 800 1445 Antwort
813 1409 840 1450 zu
856 1401 979 1453 geben/
995 1403 1065 1453 auch
1080 1403 1283 1456 gebuͤhrliche
1291 1407 1479 1460 Rechnung
1488 1417 1525 1459 zu
1533 1411 1640 1460 thun/
1653 1413 1709 1458 und

319 1448 369 1490 da
377 1448 482 1488 denen
490 1447 699 1491 Creditoren
713 1458 829 1497 wegen
836 1447 1038 1502 Beſtellung
1046 1453 1138 1496 eines
1147 1456 1333 1496 Curatoris
1339 1456 1522 1503 bonorum
1529 1462 1600 1505 und
1607 1462 1711 1508 ſeiner

320 1496 527 1546 Beſoldung
533 1497 708 1546 Schaden
721 1500 800 1541 oder
808 1501 956 1549 Abgang
966 1502 1159 1553 zuwachſen
1166 1503 1306 1549 wuͤrde/
1328 1509 1500 1551 denſelben
1513 1517 1558 1555 zu
1565 1509 1714 1559 erſetzen/

317 1548 401 1588 oder
412 1546 515 1596 ſolche
521 1544 755 1597 Verrichtung
761 1548 868 1595 ferner
874 1558 911 1597 zu
918 1551 1144 1598 continuiren
1157 1555 1537 1607 ſchuldig/
1326 1549 1402 1600 V.
1426 1551 1474 1602 R.
1553 1592 1562 1601 W.

445 1592 618 1631 Similiter
624 1592 777 1630 Senatus
792 1587 1088 1644 Appellationem
1100 1594 1314 1644 Electoralis
1334 1601 1463 1640 Saxon.
1478 1599 1518 1643 in
1531 1602 1634 1645 cauſa
1647 1604 1709 1646 der

319 1635 493 1683 Anwaͤlde
507 1641 576 1679 und
585 1639 728 1680 Actorn
740 1642 890 1683 Balthaſ.
904 1645 1104 1693 Waltrichs
1126 1650 1195 1689 und
1210 1647 1413 1692 Conſorten
1424 1646 1587 1700 Klaͤgerer
1599 1663 1647 1695 an
1656 1654 1705 1694 ei⸗

321 1699 421 1736 nem/
426 1689 589 1741 Heinrich
595 1692 799 1743 Zorſchens/
811 1691 875 1739 des
882 1696 1015 1741 Aeltern
1022 1706 1084 1740 vor
1091 1693 1172 1746 ſich/
1200 1702 1272 1741 und
1287 1701 1448 1750 Jüngern
1463 1700 1707 1751 hinterlaſſener

289 1737 473 1784 Erben/
481 1735 657 1786 Beklagten
678 1740 800 1781 andern
820 1741 959 1789 Theils/
978 1737 1102 1784 Term.
1115 1739 1269 1786 Martini
1282 1749 1394 1787 Anno
1407 1752 1506 1795 1639.
1533 1750 1704 1793 Erkennen

319 1792 389 1826 von
396 1786 546 1830 GOttes
556 1786 710 1830 Gnaden
723 1785 817 1832 Wir
828 1789 980 1838 Johann
986 1790 1154 1839 George/
1159 1790 1301 1841 Hertzog
1314 1802 1353 1840 zu
1371 1794 1560 1842 Sachſen/
1567 1798 1705 1845 Juͤlich/

320 1837 428 1875 Cleve
444 1836 516 1875 und
535 1834 658 1886 Berg/
680 1834 881 1886 Churfürſt/
879 1838 928 1881 ꝛc.
948 1847 1009 1881 vor
1020 1840 1151 1887 Recht:
1177 1841 1336 1888 Dieweil
1348 1843 1509 1890 Heinrich
1520 1846 1703 1889 Zorſchens

314 1884 434 1918 Erben
447 1883 508 1927 ſich
522 1881 681 1926 erklaͤret/
698 1881 751 1934 daß
771 1881 812 1929 ſie
827 1882 915 1931 ihres
923 1882 1065 1926 Vaters
1079 1883 1192 1928 Erben
1206 1886 1312 1933 ferner
1325 1889 1413 1936 nicht
1425 1883 1501 1935 feyn
1515 1884 1656 1933 wollen/
1670 1891 1704 1940 ſo

352 1930 457 1964 wird
465 1930 635 1975 nunmehr
649 1935 686 1976 zu
700 1930 806 1977 deſſen
817 1930 1119 1983 Verlaſſenſchafft
1136 1935 1190 1976 ein
1202 1929 1360 1974 Curator
1368 1950 1416 1975 ex
1434 1928 1545 1979 officio
1560 1929 1656 1992 billig

555 1980 737 2029 geordnet/
738 1977 869 2025 darauf
879 1980 1029 2028 ferner
992 1980 1026 2032 zu
1038 1979 1224 2031 beſchehen/
1229 1986 1307 2028 was
1314 1982 1399 2029 recht
1408 1981 1462 2028 iſt/

900 2029 966 2086 V.
969 2035 1024 2077 R.
1045 2035 1091 2067 W.
