1310 2165
167 282 236 325 rern
264 290 302 331 zu
325 298 475 332 erkennen
494 284 592 325 geben
615 300 758 336 muͤſſen,
785 304 831 344 ſo,
856 298 921 340 daß
936 293 984 336 ein
995 313 1054 340 ge⸗

167 333 257 377 uͤbter
290 335 439 387 Zuhoͤrer
482 342 548 386 ihre
580 338 753 382 Meinung
784 353 871 383 zwar
904 351 1053 378 erraten,

168 387 238 428 aber
267 396 320 432 der
347 391 517 441 einfaͤltige
547 389 679 437 Haufe,
719 394 804 431 nicht
819 396 1052 440 argwoͤhniſch

166 445 307 487 gemacht
324 451 456 489 werden
480 444 581 491 duͤrfe.
656 445 732 486 Der
755 447 947 492 unerfahrne
965 444 1052 493 Lehr⸗

167 484 233 537 lirg
257 492 423 537 erſtaunet
438 492 515 531 uͤber
535 491 582 527 die
604 491 743 538 geheime
761 490 927 540 Weisheit
950 499 1051 536 ſeines

164 537 310 588 Lehrers,
338 542 404 581 und
431 541 612 588 ſchmachtet
630 541 717 586 ſchon
738 542 814 581 nach
827 542 1065 588 Gelegenheit,

166 594 227 640 auf
240 597 336 643 ſolche
359 595 442 644 Arth
459 596 526 634 eine
551 596 716 641 chriſtliche
732 593 909 634 Gemeinde
926 598 1052 640 hinter⸗

165 644 261 690 gehen
281 657 317 691 zu
336 643 481 683 koͤnnen.
522 643 587 683 So
605 646 687 682 wird
703 653 769 682 aus
787 640 890 681 einem
911 646 1052 689 ungluͤk⸗

167 694 222 738 lich
243 695 449 743 Verfuͤhrten
466 695 515 732 ein
533 706 631 733 neuer
646 695 833 743 Verfuͤhrer
853 701 908 733 des
921 691 1051 737 Volks.

167 737 234 780 Ein
252 736 455 787 Vergifteter
473 735 546 784 ſtekt
565 746 622 776 den
647 744 766 775 andern
786 748 841 777 an,
869 744 933 774 und
952 749 1067 784 ganze

165 787 273 830 Staͤte
294 796 358 828 und
384 789 501 825 Laͤnder
527 793 651 825 werden
676 787 754 832 nach
783 787 848 829 und
876 792 954 830 nach
982 797 1050 825 von

165 835 216 881 der
242 831 523 889 ſeeligmachenden
547 830 707 890 Religion
735 840 821 893 Jeſu
848 842 1049 882 unvermerkt

163 897 345 944 abgeleitet.
425 896 496 937 Die
532 895 725 945 wichtigſten
759 894 945 942 Grundſaͤze
989 900 1046 934 des

165 940 431 992 Chriſtenthums
453 945 599 989 werden,
626 943 659 981 in
678 942 767 991 ihren
788 940 903 988 freiern
914 941 1065 985 Schrif⸗

164 1001 237 1044 ten,
277 998 330 1036 als
355 990 495 1044 unnuͤzer
519 999 621 1046 Wuſt
647 997 862 1044 menſchlicher
890 995 1066 1045 Lehrſaͤze,

165 1052 228 1086 von
259 1055 355 1087 denen
384 1058 461 1087 man
484 1047 531 1085 die
555 1046 641 1094 Lehre
661 1046 747 1093 Jeſu
774 1057 810 1091 zu
838 1047 977 1092 reinigen
1001 1043 1052 1089 ſu⸗

167 1093 238 1133 chen
256 1094 389 1140 muͤßte,
419 1092 619 1139 verworfen,
647 1100 720 1129 oder
736 1094 900 1139 hoͤchſtens
917 1103 980 1129 nur
995 1093 1052 1129 als

166 1142 371 1193 theologiſche
401 1135 578 1193 Probleme
606 1150 839 1190 vorgetragen,
879 1152 945 1180 von
975 1144 1055 1180 wel⸗

169 1198 240 1244 chen
268 1203 315 1239 die
341 1198 519 1244 Gelehrten
549 1205 635 1242 zwar
659 1203 753 1235 unter
782 1197 839 1243 ſich
876 1197 1053 1241 diſputiren

169 1236 303 1292 koͤnten,
331 1247 378 1283 die
405 1246 479 1283 aber
498 1245 584 1290 nicht
600 1243 664 1294 auf
682 1245 728 1283 die
749 1243 870 1290 Kanzel
884 1242 1053 1294 gehoͤrten,

168 1303 243 1338 oder
273 1304 330 1337 den
356 1297 524 1344 Kindern,
563 1301 638 1335 oder
662 1300 732 1336 dem
760 1295 922 1345 gemeinen
940 1297 1052 1337 Volke

168 1352 286 1390 erklaͤrt
304 1339 428 1388 werden
448 1346 595 1396 muͤßten.
648 1348 764 1398 Bloſſe
789 1347 1052 1395 Lebenspflichten

169 1401 263 1450 ſollen
292 1408 344 1441 der
359 1400 567 1450 Gegenſtand
597 1394 653 1439 des
673 1398 953 1449 Kanzelvortrags
969 1398 1052 1446 ſein,

168 1453 234 1485 und
263 1460 341 1486 man
372 1448 545 1495 verſpottet
579 1451 658 1493 den,
687 1451 740 1485 der
773 1453 836 1485 das
873 1444 1053 1496 eigentliche

166 1488 406 1542 Evangelium,
429 1506 493 1535 von
514 1496 645 1545 Chriſto
664 1496 822 1546 oͤffentlich
840 1500 1053 1542 vorzutragen

168 1551 277 1588 wagt.
327 1549 439 1589 „Das
462 1557 550 1588 war
559 1549 788 1595 Dogmatik!
807 1548 895 1595 heißt
906 1554 974 1591 es;
992 1546 1054 1584 die

169 1595 266 1648 hoͤrt
283 1595 384 1644 nicht
398 1602 471 1645 auf
486 1595 549 1648 die
543 1598 735 1644 Kanzel.“
752 1601 838 1640 Aber
855 1598 960 1645 wiſſen
976 1598 1055 1645 dieſe

170 1646 294 1691 Herren
308 1644 427 1690 nicht,
460 1651 533 1681 oder
554 1646 670 1684 wollen
696 1646 735 1692 ſie
759 1656 794 1684 es
817 1645 900 1687 nicht
924 1642 1055 1691 wiſſen,

172 1693 238 1745 daß
264 1695 429 1744 chriſtliche
453 1692 586 1739 Tugend
608 1706 673 1735 aus
699 1696 774 1733 eben
796 1697 893 1741 dieſen
918 1694 1057 1734 Grund⸗

172 1747 258 1795 ſaͤzen
284 1756 341 1789 des
369 1745 545 1796 Evangelii
570 1747 752 1796 hergeleitet
778 1750 901 1787 werden
933 1746 1056 1799 muͤſſe?

171 1802 297 1855 Wiſſen
325 1805 367 1853 ſie
395 1801 499 1850 nicht,
543 1802 607 1845 daß
641 1800 886 1851 philoſophiſche
911 1799 1055 1848 Moral,
