2988 3425
219 561 322 601 niſchen
353 564 508 604 Sprache,
551 566 614 596 dem
640 572 670 597 er
699 562 820 604 nachher
844 567 889 598 als
919 566 1068 607 Profeſſor
1090 574 1130 600 an

224 612 264 642 die
290 614 375 647 Seite
395 614 488 653 geſetzt
508 616 623 649 wurde,
665 615 715 640 um
745 609 836 647 ſeinen
865 606 956 647 Stolz
978 617 1011 648 zu
1037 606 1130 641 demuͤ⸗

226 646 327 685 thigen.
373 650 426 683 Als
457 656 503 684 der
529 653 622 690 Pabſt
648 651 749 692 Eugen
780 653 837 684 IV.
869 651 917 692 ſich
949 658 1031 691 1434
1060 651 1128 690 nach

226 691 335 733 Florenz
359 695 504 734 fluͤchtete,
547 703 645 728 waren
673 695 848 735 Cardinaͤle,
890 697 1038 735 Praͤlaten
1068 700 1128 731 und

226 732 291 762 viele
310 738 409 766 andere
429 742 494 773 zum
518 737 669 775 roͤmiſchen
691 738 755 775 Hof
776 736 923 776 gehoͤrige,
968 741 1016 770 des
1040 740 1127 771 Mar⸗

227 775 301 813 ſuppi
329 777 463 819 Zuhoͤrer.
519 784 601 817 1439
630 781 726 812 wurde
751 789 779 812 er
800 790 849 820 zur
869 780 933 819 Zeit
954 784 1000 813 der
1021 784 1126 821 großen

228 806 553 857 Kirchenverſammlung
576 826 610 855 zu
633 822 772 858 Florenz,
795 819 953 857 paͤbſtlicher
970 820 1126 853 Secretair

228 858 282 886 und
303 862 368 896 nach
392 863 527 892 Leonardi
550 864 653 894 Bruni
678 863 775 897 Tode,
804 860 927 901 Kanzler
947 864 994 895 der
1009 861 1126 901 Repub⸗

229 900 280 931 lick.
334 902 374 935 Er
397 905 471 942 ſelbſt
494 905 566 941 ſtarb
592 907 643 935 den
666 912 718 941 24.
742 902 826 942 April
851 907 950 940 1453,
985 907 1043 937 und
1063 906 1126 946 hin⸗

230 942 320 979 terließ
342 948 421 976 einen
445 948 586 982 gelehrten
614 945 709 982 Sohn
732 946 845 982 gleiches
868 944 1020 980 Namens.

267 982 315 1022 §§.
347 987 397 1024 Jn
415 994 501 1028 guten
522 988 675 1030 heroiſchen
695 990 824 1030 Verſen,
843 990 986 1021 Homeri
1005 996 1127 1029 poetae

307 1025 712 1064 Bathrachomyomachia
740 1036 801 1066 per
827 1026 989 1058 Carolum
1014 1027 1127 1060 Areti-

305 1072 390 1099 num
412 1074 582 1106 traducta,
608 1071 679 1111 ohne
692 1069 767 1109 Zeit⸗
782 1075 840 1105 und
854 1073 1127 1111 Ort ⸗ Benennung

306 1109 337 1143 in
356 1121 389 1153 4.
421 1115 468 1147 Ob
490 1117 575 1153 dieſes
598 1118 641 1148 die
657 1114 793 1152 Ausgabe
813 1124 871 1148 von
892 1116 1009 1155 Parma
1031 1124 1126 1156 1492.

306 1158 337 1188 4.
383 1159 464 1194 durch
500 1158 646 1196 Angelum
679 1150 804 1197 Ugoletti
835 1157 899 1199 ſey,
944 1159 1041 1197 welche
1072 1162 1126 1191 das

308 1193 468 1226 Giornale
496 1201 537 1226 de
562 1199 722 1227 Letterati
751 1205 808 1230 von
832 1197 984 1237 Venedig,
1024 1198 1124 1229 Tom.

306 1232 346 1268 X.
374 1245 406 1275 p.
423 1244 487 1276 480
511 1240 665 1278 anfuͤhret,
692 1240 765 1273 kann
788 1240 826 1277 ich
850 1238 922 1283 nicht
938 1233 1123 1281 entſcheiden.

305 1279 405 1315 Denis
427 1285 507 1324 fuͤhrt
527 1285 560 1321 iſt
583 1287 628 1315 der
647 1284 985 1323 Buchdruckergeſchichte
1007 1283 1127 1323 Wiens,

308 1328 361 1356 aus
384 1330 430 1359 der
460 1328 581 1367 Kaiſerl.
604 1327 769 1367 Bibliothek
795 1336 854 1366 an,
900 1328 1045 1361 Homeri
1067 1330 1127 1361 Ba-

306 1362 637 1404 trachomyomachia
661 1367 792 1395 Joanne
819 1364 994 1406 Capnione
1018 1373 1126 1397 meta-

307 1401 458 1442 phraste,
484 1405 669 1446 Capnionis
687 1410 728 1439 ad
751 1409 931 1440 Erhartum
954 1408 1126 1440 confesso-

309 1448 377 1476 rem
415 1454 623 1488 epigramma
662 1449 961 1480 modestissimum.
1011 1453 1126 1486 Wien

307 1497 399 1531 1510.
428 1502 460 1533 8.
505 1498 652 1537 Vielleicht
684 1499 736 1539 hat
767 1499 907 1537 Reuchlin
945 1501 988 1533 bei
1022 1502 1126 1540 ſeinem

305 1529 478 1575 Aufenthalt
497 1538 529 1568 in
557 1537 672 1573 Florenz
697 1538 750 1569 mit
771 1537 813 1575 H.
839 1536 1006 1577 Eberhard,
1044 1537 1127 1578 1487

305 1577 365 1611 eine
388 1579 477 1619 Copie
503 1584 551 1613 der
577 1581 771 1620 Ueberſetzung
798 1583 884 1622 dieſes
907 1584 1065 1622 Marſuppi
1087 1591 1126 1614 er⸗

305 1615 413 1655 halten.

281 1653 413 1687 Marsus
435 1651 673 1695 (Domitius),
693 1655 763 1696 ſiehe
783 1653 892 1695 Joͤcher
915 1654 976 1686 III.
1000 1663 1032 1694 p.
1045 1663 1122 1694 214.

224 1703 263 1716 —
283 1695 323 1731 Er
344 1707 406 1731 war
427 1699 495 1734 auch
516 1697 562 1727 ein
583 1698 756 1739 Zeitgenoſſe
786 1703 834 1732 des
858 1702 1017 1737 Tibullus,
1060 1705 1122 1734 dem

223 1739 251 1764 er
271 1737 328 1771 eine
351 1740 531 1778 Grabſchrift
551 1742 727 1780 verfertigte.
779 1742 826 1775 S.
855 1740 1017 1781 Murſinna
1046 1742 1124 1779 Claſ⸗

223 1771 292 1815 ſiſche
317 1778 520 1818 Biographie,
565 1784 595 1807 1.
621 1784 680 1820 Th.
713 1788 744 1818 p.
765 1784 839 1815 285.
891 1780 1017 1814 Ovidius
1047 1782 1125 1821 zaͤhlt

223 1813 269 1848 ihn
296 1820 327 1851 in
356 1824 402 1851 der
433 1825 525 1858 letzten
554 1820 676 1860 Elegie
713 1825 938 1854 Ponticorum
966 1827 1050 1856 unter
1080 1824 1123 1855 die

221 1844 335 1895 Dichter
357 1864 444 1895 ſeiner
457 1864 520 1893 Zeit
541 1864 601 1893 und
625 1867 750 1897 Plinius
774 1866 852 1891 citirt
873 1865 924 1899 ihn
945 1866 987 1891 im
1010 1869 1039 1890 1.
1064 1864 1122 1892 und

220 1902 269 1938 33.
291 1905 403 1938 Buche.

278 1944 411 1976 Marsus
436 1946 588 1984 (Mutius
602 1947 856 1987 Phoebonius),
879 1948 907 1983 J.
922 1950 965 1983 U.
978 1947 1122 1987 Doctor,

221 1974 315 2014 ſchrieb
342 1980 495 2012 Historia
523 1983 717 2011 Marsorum
747 1988 828 2012 libri
858 1993 926 2023 tres
948 1994 1018 2025 una
1042 1997 1123 2028 cum

219 2025 405 2063 eorundem
440 2027 690 2072 Episcoporum
734 2030 897 2074 catalogo.
961 2031 1121 2077 Neapoli.

222 2066 312 2104 1678.
337 2078 370 2109 4.
402 2077 432 2101 c.
451 2069 510 2109 fig.

283 2111 414 2149 Marsus
435 2114 621 2157 (Paulus),
660 2117 705 2150 ein
729 2117 809 2158 Poet
832 2125 890 2152 von
913 2118 1042 2158 Piscina
1066 2121 1121 2154 aus

227 2134 285 2167 dem
306 2150 588 2198 Neapolitaniſchen;
612 2159 664 2198 gab
686 2160 811 2195 heraus:
857 2159 894 2198 P.
918 2161 1034 2194 Ovidii
1051 2164 1123 2197 Na-

226 2183 316 2216 sonis
336 2191 496 2239 fastorum
516 2202 600 2235 libri
623 2203 781 2233 diligenti
804 2203 1049 2240 emendatione
1069 2210 1123 2243 ty-

225 2218 274 2257 pis
293 2226 458 2279 impressi,
481 2244 734 2278 aptissimisque
750 2254 871 2279 figuris
881 2257 1009 2277 ornati,
1025 2254 1121 2278 com-

224 2271 459 2317 mentatoribus
497 2287 651 2319 Antonio
692 2287 918 2326 Constantino
961 2290 1121 2323 Fanensi,

222 2299 321 2345 Paulo
339 2318 454 2359 Marso
479 2327 669 2365 Piscinate,
695 2328 774 2361 viris
787 2330 998 2371 clarissimis,
1027 2332 1122 2363 addi-

223 2344 265 2377 tis
292 2358 484 2404 quibusdam
514 2369 685 2407 versibus,
728 2370 791 2405 qui
818 2371 961 2407 deerant
986 2374 1025 2407 in
1047 2374 1120 2405 aliis

224 2393 406 2445 codicibus;
452 2412 590 2450 insuper
610 2415 740 2442 graecis
761 2416 1031 2452 characteribus,
1060 2415 1124 2447 ubi

223 2426 354 2476 deerant
375 2450 416 2480 in
436 2455 511 2483 aliis
533 2452 837 2488 impressionibus;
880 2455 1043 2490 appositis
1066 2462 1119 2495 re-

223 2466 284 2515 bus
307 2489 513 2531 notabilibus
537 2494 740 2527 quibusdam
764 2495 805 2524 in
834 2496 1007 2530 margine,
1049 2501 1121 2533 una

224 2521 299 2549 cum
324 2528 434 2572 tabula
463 2538 503 2568 in
534 2539 654 2570 ordine
676 2543 867 2573 alphabeti,
913 2540 999 2563 quae
1020 2546 1118 2566 nullo

222 2551 259 2583 in
283 2563 343 2598 alio
376 2585 490 2610 codice
523 2580 689 2613 impressa
717 2581 878 2616 repertes.
904 2593 946 2605 —
972 2579 1117 2606 Impres-

221 2606 293 2635 sum
312 2607 497 2653 Mediolani
519 2631 580 2653 per
596 2630 801 2660 Magistrum
819 2625 1036 2651 Leonardum
1055 2617 1116 2649 Pa-

221 2640 306 2677 chel.
343 2658 433 2687 1510.
471 2662 543 2698 Fol.
581 2678 643 2699 199
666 2664 800 2707 Blaͤtter.
855 2661 947 2696 Unter
962 2668 1028 2692 dem
1056 2673 1117 2689 vor⸗

222 2683 401 2730 hergehenden
436 2702 529 2742 Titel:
574 2708 782 2742 impressum
811 2704 936 2742 Venet.
963 2703 1002 2735 in
1024 2700 1117 2737 aedi-

221 2714 281 2754 bus
309 2732 352 2770 Jo.
388 2739 534 2777 Tacuini
562 2748 605 2781 de
632 2747 780 2781 Tridino
816 2750 910 2786 1520.
945 2743 1022 2785 Fol.
1055 2746 1115 2781 187

221 2767 272 2796 mit
293 2771 356 2803 eben
380 2782 541 2819 dergleichen
566 2789 709 2828 ſchlechten
733 2790 952 2828 Holzſchnitten.
1012 2785 1117 2818 Vergl.

222 2803 325 2844 Götze
361 2818 446 2861 Bibl.
482 2828 604 2863 Dresd.
634 2832 679 2864 II.
719 2838 750 2878 p.
780 2832 856 2878 562.
880 2847 929 2857 —
961 2824 1115 2865 Beughem

218 2841 295 2885 fuͤhrt
313 2859 350 2897 in
379 2867 430 2897 den
463 2868 628 2900 incunab.
655 2871 854 2907 typograph.
900 2876 932 2906 p.
962 2876 1015 2909 92.
1054 2863 1126 2902 eine

215 2884 347 2938 Ausgabe
382 2911 502 2945 Venet.
537 2914 616 2952 1485
643 2918 702 2943 und
730 2920 823 2952 1492.
860 2912 932 2947 Fol.
963 2921 1022 2951 an,
1055 2916 1114 2946 und

1165 566 1306 609 Daͤhnert
1334 569 1368 602 in
1395 572 1444 605 der
1471 569 1640 606 Biblioth.
1664 570 1815 604 academ.
1843 571 2078 613 Grypeswald.

1165 614 1265 644 Tom.
1287 609 1333 643 II.
1371 618 1404 648 p.
1428 613 1483 659 38.
1527 614 1589 645 eine
1615 621 1648 653 zu
1677 614 1768 655 Baſel
1805 623 1898 655 1550.
1932 616 2003 652 Fol.
2036 625 2074 650 er⸗

1166 653 1313 692 ſchienene.

1225 714 1361 745 Marsus
1383 713 1563 753 (Petrus).
1586 715 1655 750 ſiehe
1676 715 1783 750 Joͤcher
1805 717 1865 750 III.
1896 725 1930 750 p.
1954 718 2030 750 214.

1206 750 1255 787 §§.
1280 758 1308 780 1.
1332 748 1440 780 Silius
1461 751 1603 780 Italicus
1629 759 1707 781 cum
1732 753 1984 784 commentariis
2007 754 2071 785 Pe-

1249 795 1292 824 tri
1329 793 1449 826 Marsi.
1506 795 1634 826 Venet.
1670 804 1731 834 per
1762 795 1856 836 Bapt.
1886 797 1929 829 de
1958 797 2070 830 Tortis

1250 838 1343 873 1483.
1387 836 1459 869 Fol.
1495 836 1584 869 Ibid.
1609 842 1701 870 1498.
1736 839 1809 870 Fol.

1206 881 1238 907 2.
1279 877 1425 907 Ovidius
1447 884 1526 907 cum
1551 884 1738 911 comment.
1761 880 1841 911 Ant.
1867 876 2072 917 Constantii.

1249 921 1284 954 P.
1316 919 1422 952 Marsi
1451 920 1488 950 B.
1519 920 1695 957 Merulae,
1736 930 1778 951 ex
1809 924 1892 958 edit.
1921 922 2071 965 Mycilli.

1247 963 1349 995 Basll.
1382 963 1477 995 1550.
1499 963 1572 995 Fol.

1204 1006 1238 1040 3.
1266 1000 1423 1032 Terentii
1446 1001 1638 1032 comoediae
1658 1011 1727 1032 una
1747 1013 1829 1035 cum
1849 1005 1944 1037 Petri
1962 1005 2073 1039 Marsi

1250 1050 1284 1073 et
1312 1042 1410 1075 Pauli
1438 1042 1589 1077 Malleoli
1619 1043 1894 1075 adnotationibus
1924 1052 1959 1074 et
1982 1054 2073 1078 mar-

1249 1082 1390 1121 ginariis
1420 1082 1695 1115 exornationibus
1723 1092 1799 1115 arte
1828 1094 1863 1115 et
1890 1086 2069 1124 industria,

1248 1130 1389 1162 honesti
1406 1132 1456 1165 Jo.
1480 1131 1579 1172 Prüs,
1603 1132 1770 1173 argentin.
1795 1135 1857 1168 IV.
1875 1136 1947 1168 Kal.
1968 1136 2068 1169 Febr.

1252 1186 1334 1218 1503
1379 1184 1410 1212 4.

1182 1214 1239 1252 4.
1274 1212 1476 1253 Explanatio
1508 1214 1550 1246 in
1576 1214 1734 1247 Ciceron.
1766 1213 1826 1250 lib.
1858 1217 1900 1248 de
1933 1216 2069 1256 officiis,

1250 1256 1292 1286 de
1315 1256 1520 1293 Senectute,
1570 1257 1612 1286 de
1636 1257 1784 1289 amicitia
1808 1262 1865 1293 und
1890 1259 2071 1294 Paradoxa.

1249 1301 1380 1335 Vened.
1425 1306 1516 1340 1481.
1558 1304 1632 1338 Fol.
1696 1303 1827 1340 Vened.
1870 1307 1963 1346 1498.
1998 1307 2071 1340 Fol.

1248 1340 1344 1380 Lyon
1377 1346 1470 1380 1514.
1511 1341 1586 1372 sine
1615 1344 1690 1377 loco
1721 1351 1756 1373 et
1783 1353 1873 1377 anno
1907 1344 2073 1386 impressa

1248 1392 1336 1424 gegen
1353 1394 1443 1426 1470.
1490 1387 1594 1428 Vergl.
1609 1390 1776 1424 Biblioth.
1789 1392 1955 1423 Hulsiana
1978 1399 2073 1425 nom.

1251 1434 1336 1468 3917
1368 1432 1397 1463 in
1423 1430 1492 1463 Fol.
1524 1439 1570 1463 wo
1592 1432 1658 1463 aber
1679 1434 1761 1470 durch
1784 1435 1866 1466 einen
1889 1433 2073 1475 Druckfehler

1249 1470 1343 1500 Sethi
1366 1472 1474 1507 anſtatt
1496 1469 1586 1503 Petri
1607 1470 1714 1504 Marsi
1736 1480 1772 1509 zu
1796 1474 1877 1512 leſen.
1912 1489 1947 1497 —
1966 1473 2074 1506 Lova-

1245 1512 1298 1541 nii
1327 1512 1379 1544 ad.
1410 1513 1488 1545 Joh.
1519 1515 1561 1546 de
1587 1513 1795 1554 Westphalia
1819 1518 1914 1552 1483.
1949 1517 1980 1548 in
2003 1516 2071 1548 eben

1248 1557 1333 1595 dieſer
1359 1554 1507 1593 Biblioth.
1546 1565 1639 1586 nom.
1666 1563 1748 1595 3943
1772 1559 1832 1588 und
1853 1562 1950 1596 3958.
1995 1561 2074 1592 Stu-

1246 1595 1301 1625 dio
1327 1594 1499 1627 Prugnoli.
1544 1597 1666 1627 Venet.
1687 1602 1782 1627 1508.
1805 1599 1876 1631 Fol.

1200 1642 1233 1673 5.
1279 1639 1510 1670 Commentar.
1539 1632 1577 1662 in
1607 1632 1684 1666 libr.
1711 1633 1772 1666 III.
1820 1632 1999 1666 Ciceronis
2026 1635 2071 1667 de

1246 1685 1367 1708 natura
1387 1680 1538 1711 deorum.
1573 1676 1691 1707 Venet.
1716 1675 1808 1712 1508.
1857 1677 1950 1708 Basil
1974 1683 2070 1715 1544.

1201 1718 1233 1747 6.
1277 1716 1395 1745 Oratio
1429 1718 1516 1753 dicta
1552 1726 1572 1746 a
1608 1718 1706 1749 Petro
1735 1718 1850 1750 Marso
1879 1719 1916 1748 in
1943 1718 2069 1751 funero

1246 1761 1392 1795 Hieron.
1422 1759 1732 1793 Forocorneliensis
1760 1763 1795 1788 et
1825 1757 2068 1790 Foroliviensis

1247 1800 1395 1835 comitis.
1423 1807 1456 1839 4.
1501 1801 1548 1836 S.
1571 1809 1656 1841 nova
1678 1800 1824 1836 miscell.
1868 1800 1962 1843 Lips.
1991 1804 2067 1842 Vol.

1245 1856 1303 1889 VI.
1341 1863 1374 1894 p.
1396 1856 1472 1896 736.
1510 1862 1601 1894 seqq.

1221 1903 1335 1946 Marsy
1359 1905 1536 1946 (Francois
1561 1907 1669 1940 Marie
1693 1907 1773 1946 de),
1807 1910 1853 1941 ein
1878 1908 1979 1948 Abbe,
2018 1912 2066 1945 der

1157 1954 1190 1987 zu
1209 1945 1305 1985 Paris
1331 1950 1412 1990 1763
1435 1949 1507 1989 ſtarb
1531 1952 1589 1983 und
1609 1951 1654 1983 ein
1676 1950 1830 1993 geiſtvoller
1850 1952 1971 1991 Dichter
1990 1960 2066 1988 war.

1201 1994 1252 2034 §§.
1276 2005 1307 2030 1.
1340 1995 1525 2038 Templum
1547 1997 1754 2037 tragoediae,
1777 2006 1927 2034 carmen.
1973 2001 2068 2035 Paris

1243 2045 1337 2076 1734.
1358 2045 1391 2077 4.
1431 2042 1526 2073 wurde
1550 2046 1630 2080 1749
1654 2043 1685 2073 in
1710 2042 1752 2073 die
1775 2048 1929 2081 poemata
1956 2044 2068 2077 didas-

1244 2085 1364 2118 calica,
1400 2085 1448 2117 die
1468 2082 1560 2119 Olivet
1579 2084 1611 2117 in
1643 2082 1704 2116 III.
1727 2083 1859 2119 Baͤnden
1880 2084 2067 2127 herausgab,

1243 2129 1476 2167 aufgenommen.

1199 2169 1232 2195 2.
1266 2165 1418 2200 Pictura,
1441 2170 1598 2200 carmen,
1633 2163 1727 2205 1736.
1754 2172 1803 2199 12.
1850 2165 1942 2208 Lips.
1970 2174 2066 2209 1770.

1243 2215 1275 2248 8.
1302 2213 1347 2249 4½
1364 2213 1482 2251 Bogen.
1529 2221 1587 2247 von
1610 2213 1700 2249 Klotz.

1197 2255 1230 2286 3.
1264 2249 1471 2283 Acanthides
1496 2249 1680 2293 Canariae,
1727 2260 1866 2283 carmen
1894 2259 1980 2288 unter
2002 2258 2065 2289 dem

1242 2295 1365 2329 Namen
1400 2296 1657 2332 Clairambault.
1708 2299 1858 2332 Histoire
1885 2302 1926 2332 de
1956 2303 2066 2335 Marie

1243 2334 1388 2373 Stuard,
1430 2336 1527 2368 reine
1570 2338 1732 2370 d’Ecosse
1772 2344 1804 2370 et
1844 2341 1886 2370 de
1924 2341 2065 2374 France.

1244 2390 1340 2422 1742.
1383 2389 1434 2415 12.
1465 2391 1497 2418 3.
1524 2384 1590 2417 vol.

1198 2418 1232 2454 4.
1264 2419 1456 2454 Memoires
1484 2419 1527 2444 de
1555 2415 1692 2452 Melvil,
1733 2423 1878 2454 traduits
1908 2418 1951 2446 de
1977 2418 2062 2448 l'an-

1241 2460 1329 2492 glois
1353 2473 1436 2494 avec
1461 2464 1520 2493 des
1542 2460 1660 2489 lettres
1685 2458 1921 2497 importantes.
1965 2463 2061 2497 1743.

1240 2513 1292 2535 12.
1326 2513 1357 2535 3.
1380 2508 1445 2535 vol.

1196 2539 1229 2571 5.
1265 2547 1340 2570 War
1373 2538 1536 2563 Redacteur
1561 2538 1630 2565 vom
1665 2532 1901 2563 Dictionnaire
1933 2532 2059 2575 abregé

1238 2576 1280 2605 de
1308 2577 1467 2616 peinture
1493 2583 1528 2608 et
1558 2578 1829 2610 d'architecture.
1876 2577 1971 2618 1746.
2008 2586 2060 2613 12.

1235 2629 1256 2652 2
1279 2620 1346 2652 vol.

1194 2657 1226 2687 6.
1262 2655 1426 2693 Ueberſetzte
1449 2656 1510 2689 eine
1531 2656 1633 2689 Arbeit
1656 2660 1704 2690 des
1721 2657 1789 2692 Fra
1797 2676 1835 2686 —
1845 2657 1968 2697 Paolo,
2007 2680 2061 2703 un⸗

1238 2707 1279 2734 ter
1302 2705 1363 2734 dem
1386 2703 1484 2737 Titel,
1520 2703 1554 2732 le
1577 2703 1713 2742 prince,
1747 2709 1841 2740 1751.
1880 2710 1931 2737 12.

1190 2748 1224 2780 7.
1257 2740 1305 2770 Le
1333 2738 1491 2770 Rabelais
1524 2740 1710 2778 moderne,
1751 2750 1797 2772 ou
1832 2751 1884 2781 les
1920 2761 2061 2784 oeuvres

1235 2784 1276 2814 de
1305 2782 1463 2813 Rabelais
1494 2782 1596 2813 mises
1627 2792 1647 2814 a
1668 2782 1700 2813 la
1722 2787 1840 2824 portée
1866 2796 1909 2824 de
1932 2798 1964 2823 la
1988 2793 2063 2828 plu-

1233 2829 1307 2862 part
1340 2823 1398 2854 des
1432 2824 1599 2862 lecteurs,
1644 2834 1725 2856 avec
1755 2834 1814 2865 des
1854 2839 2063 2870 eclaircisse-

1233 2873 1332 2895 mens
1368 2864 1588 2906 historiques.
1636 2875 1731 2911 1752,
1767 2888 1818 2912 12.
1862 2888 1895 2914 8.
1927 2883 1994 2916 vol.
2028 2892 2062 2916 8.

1234 2918 1250 2939 a
1272 2909 1487 2943 Amsterdam
1512 2912 1662 2953 (Paris.)
