2880 3544
340 686 424 724 Das
445 684 605 735 Gewigt
620 685 656 732 iſt
671 690 731 722 das
747 682 1026 732 Caſtilianiſche,
1054 692 1170 720 wovon

402 734 429 784 1
429 734 576 784 Quintal
594 733 649 782 hat
678 746 689 782 4
709 735 873 777 Arrobas,
901 740 973 772 oder
993 747 1063 775 100
1080 736 1207 771 Libras.

338 781 410 822 Die
427 780 558 819 Arroba
573 781 628 829 hat
644 792 689 828 25
710 783 840 823 Libras,
875 785 921 820 die
938 784 1057 825 Libra,
1092 785 1165 818 oder
1186 787 1247 820 das
1262 782 1301 819 ℔
1325 781 1398 820 aber
1418 780 1472 830 hat
1494 794 1512 819 2
1533 783 1667 817 Marcos
1683 790 1718 829 zu
1738 786 1757 822 8
1776 782 1898 827 Onças,

388 852 405 875 a
427 844 469 879 16
486 841 667 883 Adarmes,
701 848 766 880 und
787 844 823 891 iſt
844 841 900 889 bey
921 843 1001 880 allen
1023 839 1237 889 abwaͤgenden
1256 841 1392 888 Dingen
1409 839 1521 889 gleich,
1555 839 1684 889 nemlich
1701 851 1799 888 9592
1814 841 1898 889 Aſen

392 893 517 938 ſchwer.

340 941 410 981 Die
422 930 561 979 Arroba
578 950 641 978 von
660 952 704 987 25
715 940 771 979 ℔
771 940 908 979 rendiret
923 944 955 978 in
971 939 1172 989 Hamburg
1189 938 1310 989 23¾℔
1326 942 1429 982 circa,
1459 945 1531 977 oder

396 996 493 1033 20℔
512 1002 545 1035 in
563 996 784 1044 Hamburg,
807 996 872 1040 ſind
902 1010 934 1034 21
957 998 975 1034 ℔
999 986 1034 1035 in
1042 990 1220 1040 Madrit;
1250 992 1320 1031 diff.
1338 995 1408 1045 5½
1420 1007 1455 1042 p.
1468 996 1505 1029 C.

339 1048 423 1089 Das
439 1036 726 1095 Ellen⸗Maaß,
755 1052 866 1085 womit
881 1050 1006 1094 allerley
1022 1050 1190 1091 Waaren,
1221 1048 1300 1095 ohne
1315 1046 1522 1095 Unterſcheid,
1545 1050 1691 1095 gemeſſen
1705 1052 1839 1092 werden,
1864 1049 1900 1097 iſt

391 1111 438 1150 die
455 1108 714 1156 Caſtilianiſche
733 1111 840 1151 Vara,
867 1108 979 1155 welche
997 1118 1109 1155 375.⁹
1125 1106 1239 1155 Franz.
1251 1109 1353 1146 Linien
1373 1110 1447 1155 lang
1461 1108 1515 1155 iſt;
1544 1108 1691 1158 demnach
1706 1110 1771 1157 ſind

499 1171 544 1207 53
557 1163 679 1206 Varas,
706 1161 802 1211 gleich
813 1167 864 1209 65
879 1161 1099 1203 Brabanter
1107 1161 1218 1206 Ellen;
1250 1160 1323 1198 diff.
1340 1161 1414 1210 22⅔
1428 1173 1456 1210 p.
1472 1159 1518 1204 C.,
1549 1165 1613 1198 und

440 1222 546 1256 100
557 1215 677 1252 Varas,
705 1212 800 1259 gleich
869 1217 888 1252 148
902 1209 1139 1261 Hamburger
1153 1213 1258 1250 Ellen.

338 1252 423 1293 Eine
458 1254 713 1303 umſtaͤndlichere
750 1255 927 1301 Nachricht
960 1263 1023 1290 von
1058 1258 1126 1291 dem
1153 1251 1358 1299 Spaniſchen
1393 1253 1562 1298 Handels⸗
1598 1259 1662 1292 und
1692 1254 1903 1295 Silber⸗Ge⸗

395 1310 490 1356 wigt,
521 1315 586 1348 und
614 1316 672 1350 den
701 1310 897 1361 mancherley
922 1311 1094 1361 Maaſſen,
1128 1312 1164 1359 iſt
1185 1318 1279 1349 unter
1304 1310 1482 1359 gedachtem
1509 1312 1638 1350 Articul
1665 1312 1842 1359 Spanien
1866 1320 1902 1355 zu

396 1360 515 1407 finden.

575 1423 736 1463 Madrit
751 1421 914 1467 wechſelt
930 1423 992 1468 auf
1003 1422 1144 1469 folgende
1159 1422 1294 1463 Oerter,
1320 1424 1384 1457 und
1400 1421 1483 1468 giebt
1497 1420 1575 1468 nach

337 1451 571 1514 Amſterdam
604 1475 618 1498 1
640 1469 780 1496 Ducado
799 1469 840 1495 de
854 1469 1015 1501 Cambio,
1040 1479 1103 1507 per
1119 1471 1165 1507 98
1183 1467 1286 1500 Grvl.
1305 1469 1414 1497 Banco
1430 1476 1582 1502 w.o.m.,
1609 1474 1625 1495 a
1645 1473 1671 1511 1
1671 1469 1752 1511 und
1773 1466 1812 1507 1½
1829 1465 1900 1501 Uſo

393 1536 457 1563 von
474 1528 523 1562 60
541 1532 606 1563 und
624 1538 673 1572 90
685 1527 775 1571 Tage
792 1526 870 1573 nach
886 1530 983 1562 Dato.

339 1577 476 1619 Genua
490 1568 514 1618 1
542 1578 683 1614 Doblon
705 1576 884 1618 efectivo,
922 1586 987 1625 per
1010 1586 1055 1624 23
1076 1576 1155 1612 Lire
1185 1588 1228 1625 15
1246 1578 1340 1614 Soldi
1363 1576 1455 1614 fuori
1479 1578 1513 1614 di
1532 1580 1641 1614 Banco
1660 1585 1702 1613 w.
1724 1586 1754 1612 o.
1773 1585 1843 1619 m.,
1883 1585 1912 1611 a

396 1625 468 1666 Uſo
488 1627 591 1664 detto.

338 1679 500 1720 London
525 1678 544 1727 1
551 1678 636 1718 Peſo
655 1681 692 1720 de
704 1680 811 1724 Plata,
840 1691 901 1727 per
919 1690 967 1728 40
986 1679 1002 1720 ₰
1015 1678 1171 1729 Sterling
1200 1687 1348 1724 w.o.m.,
1374 1693 1390 1718 a
1402 1678 1473 1719 Uſo
1495 1680 1598 1718 detto.

339 1735 459 1786 Paris
500 1747 513 1774 1
534 1736 675 1773 Doblon
690 1744 754 1773 von
772 1746 818 1784 32
836 1734 950 1772 Reales
969 1734 1010 1773 de
1028 1735 1133 1776 Plata,
1175 1745 1237 1784 per
1257 1745 1298 1783 15
1320 1735 1394 1772 Liv.
1425 1747 1465 1772 12
1483 1736 1566 1771 Sous
1581 1744 1623 1773 w.
1641 1744 1670 1772 o.
1688 1744 1751 1780 m.,
1798 1750 1814 1773 a
1830 1735 1901 1774 Uſo

396 1783 500 1820 detto.

339 1839 498 1890 Zwiſchen
514 1841 674 1881 Madrit
690 1847 753 1879 und
777 1842 958 1886 Alicante,
995 1834 1215 1894 Barcelona,
1245 1839 1381 1887 Cadix,
1408 1838 1638 1890 Cartagena,
1671 1841 1819 1886 Sevilla
1839 1848 1902 1880 und

390 1896 554 1934 Valence
570 1900 694 1930 werden
712 1895 856 1941 Wechſel
869 1898 927 1931 mit
932 1891 972 1943 ½
980 1907 1011 1941 p.
1028 1895 1064 1928 C.
1083 1903 1125 1931 w.
1135 1904 1219 1931 o.m.
1235 1897 1371 1941 Verluſt
1388 1901 1460 1932 oder
1471 1896 1633 1934 Gewinn,
1658 1896 1806 1939 zuweilen
1824 1893 1901 1940 auch

390 1945 464 1987 pari
492 1956 500 1977 a
517 1943 587 1978 Uſo
603 1954 667 1979 von
688 1950 705 1983 8
715 1943 834 1987 Tagen
850 1943 928 1989 nach
943 1943 1063 1989 Sicht;
1095 1947 1160 1978 und
1183 1943 1325 1990 zwiſchen
1345 1945 1505 1983 Madrit
1525 1948 1589 1978 und
1609 1944 1754 1981 Bilbao
1778 1952 1813 1986 zu
1830 1944 1901 1987 glei⸗

390 1985 474 2035 chem
490 1990 614 2024 Cours,
642 1986 717 2023 aber
734 1978 797 2030 auf
805 1990 904 2024 einem
921 1988 1115 2035 beſtimmten
1133 1987 1222 2033 Tage
1236 1997 1271 2032 zu
1288 1985 1448 2033 bezahlen,
1475 1995 1616 2031 gezogen.

341 2041 417 2081 Der
439 2041 497 2091 Uſo
515 2043 595 2078 wird
613 2040 669 2085 bey
684 2040 824 2085 Briefen
841 2047 903 2078 aus
924 2036 1069 2095 Paris,
1091 2029 1250 2078 London
1269 2046 1333 2077 und
1350 2040 1486 2079 Genua
1500 2038 1552 2086 fuͤr
1571 2043 1619 2076 60
1637 2039 1726 2084 Tage
1742 2039 1819 2090 nach
1836 2042 1900 2076 Da-

390 2098 443 2129 to;
477 2095 539 2127 aus
556 2087 788 2140 Amſterdam
805 2086 856 2136 fuͤr
876 2101 897 2130 2
911 2089 1039 2129 Monat
1056 2087 1132 2137 nach
1150 2082 1260 2130 Dato;
1287 2092 1352 2126 und
1369 2096 1432 2128 aus
1449 2089 1553 2129 Rom
1569 2087 1620 2135 fuͤr
1641 2099 1658 2136 3
1676 2077 1804 2127 Monat
1821 2087 1898 2137 nach

390 2148 479 2181 Dato
497 2143 666 2192 gerechnet.

339 2196 411 2235 Die
425 2184 544 2240 Briefe
559 2202 623 2231 aus
637 2193 822 2238 Alicante,
856 2193 1090 2240 Barcelona,
1124 2192 1260 2238 Cadix,
1292 2190 1526 2242 Cartagena,
1561 2193 1711 2235 Sevilla
1736 2199 1800 2231 und
1816 2195 1901 2234 Va⸗

390 2247 485 2288 lence
499 2249 601 2296 haben
620 2254 657 2290 8,
684 2257 747 2286 aus
767 2251 906 2288 Bilbao
924 2250 998 2286 aber
1022 2261 1063 2296 19
1076 2247 1361 2297 Reſpect⸗Tage
1377 2257 1411 2293 zu
1429 2250 1588 2295 genieſſen.

341 2295 411 2335 Die
427 2295 545 2340 Briefe
562 2297 608 2330 die
623 2301 685 2331 aus
703 2292 834 2340 Paris,
863 2292 1106 2341 Amſterdam,
1132 2296 1292 2334 London
1308 2300 1372 2332 und
1388 2283 1523 2332 Genua
1538 2301 1666 2338 gezogen
1682 2296 1820 2335 worden,
1848 2290 1901 2341 ha⸗

391 2349 450 2388 ben
470 2362 514 2395 14
529 2347 840 2399 Reſpect⸗Tage,
863 2348 976 2397 welche
991 2350 1068 2399 nach
1085 2356 1154 2388 dem
1164 2343 1402 2402 Verfall⸗Tage
1419 2347 1569 2395 angehen,
1596 2354 1660 2387 und
1676 2356 1737 2388 aus
1754 2349 1901 2400 Mangel

392 2402 444 2435 der
459 2397 610 2446 Zahlung
628 2408 680 2434 am
701 2408 798 2446 14ten
813 2398 1062 2446 Reſpect⸗Tage
1077 2401 1249 2446 proteſtiret
1263 2405 1386 2436 werden
1401 2397 1540 2445 muͤſſen.

340 2451 412 2491 Die
427 2453 561 2497 Briefe,
591 2443 709 2499 welche
731 2457 794 2488 aus
810 2448 914 2491 Rom
937 2457 1067 2496 gezogen
1088 2454 1235 2493 werden,
1271 2441 1371 2496 haben
1389 2452 1492 2487 keinen
1516 2449 1651 2497 einzigen
1667 2448 1901 2499 Reſpyt⸗Tag,

391 2492 521 2545 ſondern
536 2501 652 2550 muͤſſen
669 2499 804 2549 bezahlet
818 2505 941 2539 werden
959 2511 1001 2538 an
1019 2506 1087 2539 dem
1104 2501 1297 2548 beſtimmten
1308 2491 1556 2553 Verfall⸗Tage.

342 2550 413 2591 Die
428 2550 545 2594 Briefe
562 2553 624 2596 auf
634 2553 736 2599 Sicht
753 2551 868 2597 muͤſſen
887 2548 964 2597 nach
980 2548 1062 2597 ihrer
1080 2547 1315 2587 Præſentation
1333 2547 1467 2597 bezahlet
1481 2552 1619 2589 werden.

342 2608 413 2646 Die
428 2606 546 2651 Briefe
572 2605 706 2653 endlich,
741 2607 787 2643 die
808 2593 885 2642 man
908 2601 989 2654 nicht
1011 2606 1180 2650 acceptiren
1200 2605 1283 2649 will,
1316 2602 1417 2653 haben
1432 2607 1536 2643 keinen
1553 2604 1801 2653 Reſpect⸗Tag,
1836 2609 1900 2641 und

393 2668 469 2695 man
485 2659 562 2704 muß
577 2660 703 2705 ſelbige,
729 2653 967 2707 ermangelnder
979 2655 1130 2706 Zahlung
1148 2666 1273 2705 wegen,
1302 2667 1343 2696 an
1357 2662 1426 2696 dem
1442 2655 1548 2704 Tage,
1573 2668 1671 2697 wann
1689 2660 1728 2705 ſie
1741 2659 1901 2707 verſallen,

393 2708 574 2755 proteſtiren
592 2709 697 2755 laſſen.

1915 693 2028 730 Gewigt.

1936 1063 2030 1094 Maaß.

1928 1426 2048 1456 Wechſel.

1951 2051 2014 2080 Uſo.

1931 2202 2049 2234 Reſpect⸗

1951 2237 2031 2270 Tage.
