1130 2098
107 263 154 303 ein
164 260 366 308 Gerichtlein
377 259 472 307 Kohl
483 252 584 307 hoͤher
599 261 654 299 als
665 259 751 302 Me⸗

106 314 209 353 lonen.

154 379 185 412 7.
214 360 334 408 Samt
343 363 410 402 und
419 359 568 410 Purpur
580 358 669 410 hilfft
685 360 752 403 mir

105 413 186 461 nicht
210 415 296 455 mein
317 413 444 456 Elende
460 416 610 458 tragen/
639 419 752 451 wann

103 468 182 515 mich
193 462 413 515 Hauptweh/
418 465 535 510 Stein
546 468 616 507 und
626 461 756 511 Gicht/

106 522 171 560 und
182 519 230 559 die
238 515 508 564 Schwindſucht
522 517 662 563 plagen:
679 513 751 557 Lie⸗

104 570 156 611 ber
164 568 232 611 will
240 568 287 616 ich
296 565 410 617 froͤlich
418 559 535 615 gehn/
533 566 578 606 im
588 564 750 613 geringen

105 616 249 665 Kleide/
255 623 310 663 als
327 621 389 663 mit
403 621 478 663 Leid
496 624 566 661 und
582 616 753 668 Aengſten

104 673 214 712 ſtehn/
229 673 264 712 in
274 677 331 715 der
341 669 478 720 ſchoͤnen
487 670 616 716 Seide.

150 730 182 766 8.
209 716 315 765 Sollt
330 720 377 766 ich
391 720 515 769 ſtumm
535 719 604 760 und
620 715 752 765 ſprach⸗

103 777 157 819 loß
182 775 285 820 ſeyn/
318 777 396 817 oder
421 774 515 818 lahm
538 782 585 813 an
603 769 756 823 Fuͤſſen;

104 827 210 869 Sollt
227 827 273 869 ich
290 826 376 875 nicht
392 828 452 868 des
464 823 587 871 Tages
609 821 756 868 Schein

103 878 193 925 ſehen
209 879 279 918 und
295 874 481 926 genieſſen;
497 875 569 920 ſollt
586 873 633 923 ich
647 873 758 923 gehen

104 926 176 976 ſpat
185 931 253 969 und
262 923 360 974 fruͤh/
365 920 414 970 mit
427 924 658 975 verſchloßnen
671 924 756 974 Oh⸗

105 988 188 1028 ren;
215 980 312 1020 wollt
324 978 371 1021 ich
387 972 605 1026 wuͤnſchen/
622 975 691 1023 daß
705 974 758 1025 ich

106 1029 155 1068 nie
168 1023 246 1070 waͤr
255 1029 306 1069 ein
317 1027 461 1078 Menſch
469 1025 652 1074 gebohren.

154 1094 186 1128 9.
208 1079 284 1122 Lebt
294 1079 341 1125 ich
351 1080 435 1127 ohne
446 1079 550 1128 Rath
561 1083 631 1122 und
640 1071 763 1126 Witz/

105 1124 180 1173 waͤr
201 1129 248 1171 im
270 1128 401 1177 Haupt
423 1126 628 1178 verwirret;
662 1119 759 1172 haͤtte

108 1182 228 1224 meiner
245 1180 381 1225 Seelen
398 1178 520 1230 Sitz/
527 1179 617 1222 mein
635 1176 768 1226 Hertz/

108 1225 165 1281 ſich
174 1229 336 1280 verirret;
361 1222 457 1271 waͤre
469 1228 536 1270 mir
546 1228 635 1271 mein
643 1225 761 1277 Muth

109 1287 175 1327 und
193 1281 302 1327 Sinn
327 1281 474 1325 niemals
492 1287 588 1329 guter
610 1277 769 1328 Dinge/

109 1328 183 1376 waͤr
195 1341 231 1376 es
250 1331 385 1383 beſſer/
394 1331 463 1382 daß
479 1331 528 1382 ich
539 1331 629 1392 hin/
641 1340 697 1372 wo
708 1329 761 1377 ich

110 1385 161 1425 her
172 1382 254 1426 bin/
263 1383 392 1425 gienge.

157 1448 206 1476 10.
232 1433 324 1478 Aber
333 1444 404 1475 nun
417 1431 563 1482 gebricht
574 1432 640 1475 mir
650 1432 767 1480 nichts

110 1497 155 1528 an
173 1481 337 1536 erzaͤhlten
352 1484 542 1533 Stuͤcken/
566 1486 613 1533 ich
632 1485 764 1533 erfreue

112 1539 192 1584 mich
205 1544 267 1581 des
282 1537 427 1585 Liechts/
443 1542 515 1579 und
527 1540 588 1580 der
598 1535 767 1579 Sonnen

112 1594 284 1643 Blicken;
307 1593 411 1636 Mein
433 1592 588 1641 Geſichte
602 1591 682 1640 ſieht
700 1589 771 1637 ſich

112 1638 195 1685 um/
214 1644 300 1686 mein
321 1641 458 1690 Gehoͤre
480 1639 615 1690 hoͤret/
617 1641 683 1683 wie
703 1643 770 1680 der

113 1692 237 1744 Voͤgel
259 1692 339 1745 ſuͤſſe
356 1694 506 1741 Stimm
529 1693 623 1743 ihren
642 1688 768 1741 Schoͤ⸗

113 1746 198 1797 pffer
207 1746 307 1797 ehret.
