2114 2578
1027 217 1081 246 22

526 265 604 320 Fuͤr
621 269 717 313 einen
733 269 834 322 boͤſen
855 273 1055 319 verderbten
1065 276 1229 326 Magen,
1251 280 1285 321 S.
1292 281 1462 333 Georgius
1473 283 1545 329 und
1560 288 1597 330 S.
1604 282 1794 335 Bernardus.

519 319 598 370 Fuͤr
610 318 903 376 Engbruͤſtigkeit,
921 329 955 365 S.
962 327 1046 367 Beda
1054 332 1125 371 und
1136 320 1166 369 S.
1175 334 1354 373 Romanus.

521 378 598 426 Fuͤr
617 376 1039 432 Ruͤcken ⸗ Schmertzen,
1048 388 1082 426 S.
1098 388 1297 429 Laurentius.

517 428 594 477 Fuͤr
609 427 933 477 Seiten ⸗ Stechen
945 439 981 477 S.
992 439 1152 474 Maurus,
1166 450 1208 485 15.
1220 441 1286 478 lan.

517 474 594 526 Fuͤr
614 479 664 518 die
681 479 777 518 Colic
792 478 863 523 und
873 481 1016 526 Mutter
1026 483 1302 537 Beſchwerung,
1311 491 1344 531 S.
1355 488 1533 536 Aëlredus,
1543 503 1590 537 12.
1607 496 1676 545 Jan.

516 535 592 581 Fuͤr
602 537 652 576 die
664 535 794 585 Gicht,
803 544 836 582 S.
866 541 972 578 Thecla
992 555 1047 585 23.
1071 545 1160 591 Sept,

515 582 616 631 Fuͤrs
628 584 771 635 Reiſſen
781 589 828 628 im
839 587 949 635 Leibe,
964 593 998 632 S.
1011 588 1175 635 Eraſmus,
1190 605 1219 630 2.
1240 595 1316 641 Jun.

515 630 667 677 Wieder
680 634 728 675 die
741 635 948 686 hinfallende
961 638 1167 690 Kranckheit
1175 645 1206 681 S.
1214 645 1402 685 Valentinus
1410 646 1578 702 Biſchoff
1581 648 1619 700 zu
1628 653 1824 693 Interamna.

453 682 551 733 Auch
561 694 631 728 wer
643 689 694 730 die
706 687 877 738 Nahmen
888 694 944 734 der
957 692 1054 742 Heil.
1066 698 1144 742 drey
1156 694 1315 747 Koͤnigen
1326 699 1387 747 bey
1396 701 1459 751 ſich
1471 700 1586 750 traͤgt,
1602 705 1696 747 wird
1716 706 1821 757 behuͤ⸗

383 742 433 778 tet
443 733 498 781 fuͤr
509 739 565 777 der
583 735 810 790 hinfallenden
828 738 1053 791 Kranckheit,
1063 748 1131 786 und
1143 739 1268 797 taͤglich
1278 749 1405 798 bethet:
1422 751 1575 803 Heiliger
1588 752 1740 806 Caſpar,
1756 758 1821 806 hei⸗

383 792 469 834 liger
479 791 665 842 Melchior,
681 794 817 844 heiliger
825 796 1030 845 Balthaſer,
1046 800 1066 841 O
1091 802 1143 847 ihr
1153 804 1295 852 heiligen
1306 809 1387 853 drey
1396 807 1533 857 Koͤnige
1544 811 1641 854 bittet
1649 812 1705 862 fuͤr
1717 812 1818 864 mich,

385 838 450 882 auf
460 839 527 888 daß
543 842 591 884 ich
601 842 656 887 fuͤr
670 847 726 883 der
743 847 911 893 fallenden
923 846 1106 893 Kranckeit
1115 851 1248 901 behuͤtet
1258 856 1372 897 werde
1385 856 1502 899 Amen
1515 860 1608 908 (q)

454 888 536 934 Die
540 885 760 947 Beſeſſenen,
790 885 1057 952 Mondſuͤchtigen
1077 899 1146 939 und
1157 907 1224 942 von
1237 902 1337 944 tollen
1348 903 1507 956 Hunden
1529 894 1712 958 gebißenen
1733 914 1816 951 curi-

383 955 437 991 ret
441 952 499 984 der
510 943 564 995 H.
576 944 739 987 Hubertus
754 944 802 997 mit
827 942 948 1003 ſeinem
966 950 1133 1002 guͤldenen
1145 951 1347 1010 Schluͤſſel,
1361 959 1509 1010 welchen
1524 964 1584 1005 der
1627 965 1666 1011 H.
1671 966 1813 1016 Petrus

378 997 455 1045 dem
464 993 609 1049 Huberto
626 995 796 1058 gebracht,
812 1001 868 1043 als
881 1012 916 1045 er
924 1004 1007 1055 ſeine
1029 1000 1120 1060 erſte
1130 1002 1215 1063 Meſſe
1225 1011 1375 1062 geleſen;
1393 1007 1508 1066 dieſer
1521 1010 1712 1068 Schluͤſſel,
1731 1014 1813 1065 wann

381 1057 414 1091 er
425 1054 476 1091 ein
497 1048 606 1097 wenig
616 1057 731 1091 warm
742 1052 909 1103 gemacht,
920 1057 990 1096 und
1000 1052 1124 1111 ſolchen
1148 1059 1312 1110 Patienten
1332 1065 1443 1111 hinter
1452 1070 1504 1107 die
1514 1064 1641 1114 Ohren
1652 1069 1812 1119 gedruckt

373 1106 486 1150 wird,
489 1103 660 1156 befreyet
670 1101 711 1160 ſie
739 1108 794 1158 von
809 1104 1009 1166 dergleichen
1040 1113 1227 1160 Kranckeit:
1246 1117 1345 1167 Auch
1367 1120 1458 1170 hilfft
1477 1123 1533 1166 die
1555 1124 1663 1169 Stola,
1686 1126 1814 1176 welche

368 1151 426 1206 die
437 1154 580 1199 Mutter
591 1155 725 1200 Gottes
735 1162 810 1200 dem
819 1159 1058 1212 Huberto,
1008 1159 1065 1212 als
1064 1174 1099 1205 er
1108 1175 1176 1208 von
1188 1170 1265 1210 dem
1274 1167 1390 1221 Pabſt
1398 1172 1514 1224 Sergio
1523 1172 1765 1228 zumBiſchoff
1767 1168 1824 1232 zu

380 1211 535 1254 Tongern
544 1200 701 1256 ordiniret
733 1213 869 1257 worden,
887 1215 988 1261 durch
998 1217 1095 1258 einen
1111 1211 1194 1270 Engel
1196 1219 1523 1275 uͤberſchicket,
1481 1218 1543 1267 mit
1545 1223 1653 1276 dieſen
1680 1228 1826 1273 Wor⸗

364 1266 450 1305 ten:
479 1260 565 1304 Der
574 1258 803 1310 Allmaͤchtige
817 1263 933 1311 GOtt
949 1268 1029 1318 gebe
1039 1269 1093 1311 dir
1103 1272 1205 1320 durch
1221 1274 1308 1324 dieſe
1318 1275 1482 1328 him̃liſche
1495 1274 1601 1323 Gabe
1611 1279 1823 1332 gebiethen⸗

355 1315 414 1346 de
419 1312 572 1352 Gewalt
586 1306 670 1362 uͤber
690 1309 761 1360 alle
778 1309 959 1369 Beſeſſene,
984 1313 1108 1371 raſende
1122 1325 1197 1375 und
1208 1323 1469 1376 angefochtene,
1486 1332 1557 1370 und
1581 1339 1691 1373 wann
1710 1335 1836 1377 einer

364 1369 442 1398 von
451 1365 550 1406 einem
566 1354 686 1412 tollen
684 1366 799 1415 Thier
807 1372 878 1412 und
888 1371 1002 1421 Hund
1012 1364 1155 1429 gebiſſen
1174 1368 1273 1424 wird,
1292 1381 1351 1429 ſoll
1363 1382 1465 1430 durch
1491 1384 1543 1425 die
1568 1385 1691 1435 Krafft
1714 1389 1820 1436 dieſe

363 1416 479 1451 Stola,
503 1410 545 1459 (r)
594 1414 748 1462 geſichert
761 1420 829 1455 und
839 1419 984 1464 befreyet
993 1423 1106 1469 ſeyn.
1127 1425 1237 1466 Dieſe
1243 1429 1339 1466 Stola
1345 1432 1405 1476 ſoll
1414 1432 1463 1470 im
1471 1428 1634 1477 Himmel
1645 1441 1716 1475 von
1725 1434 1821 1478 En⸗

365 1459 529 1513 geliſchen
543 1457 701 1504 Haͤnden
711 1459 883 1505 gemachet
909 1464 1030 1501 worden
1047 1462 1134 1515 ſeyn.
1158 1470 1192 1506 P.
1200 1460 1368 1506 Martinus
1375 1472 1394 1516 a
1426 1470 1540 1510 Cochem
1553 1474 1587 1518 in
1608 1480 1675 1521 ejus
1690 1478 1817 1516 vita.

492 1513 649 1558 Wieder
660 1516 723 1558 den
737 1513 931 1567 Durchfall
941 1522 978 1562 iſt
1008 1513 1042 1563 S.
1032 1524 1144 1561 Otho,
1156 1516 1334 1578 Epiſcopus
1342 1526 1603 1580 Bambergenſis,
1613 1546 1644 1574 2.
1656 1533 1722 1580 Jul.

506 1562 581 1610 So
590 1564 728 1617 jemand
744 1568 809 1610 mit
826 1569 923 1614 einen
934 1569 1059 1622 Bruch
1070 1574 1232 1619 beladen,
1245 1579 1278 1624 ſo
1295 1578 1383 1631 hilfft
1415 1574 1448 1623 S.
1438 1580 1696 1634 Symphorianus

505 1620 663 1669 Wieder
673 1626 737 1669 den
756 1622 876 1669 Stein
898 1632 967 1673 und
980 1628 1094 1683 Grieß
1110 1634 1148 1685 iſt
1163 1636 1194 1674 S.
1211 1635 1373 1681 Liborius,
1381 1634 1542 1690 Biſchoff
1549 1652 1588 1691 zu
1603 1644 1715 1687 Mans,
1722 1645 1796 1684 Lat.

358 1682 612 1711 Cenomanum,
619 1674 654 1715 in
673 1674 908 1726 Franckreich.

411 1725 460 1777 Zu
476 1718 699 1771 Hildesheim
714 1720 747 1761 in
757 1724 817 1764 der
830 1718 1073 1780 Dom⸗Kirche
1083 1727 1213 1778 hanget
1230 1730 1303 1772 eine
1317 1727 1443 1782 Tafel,
1467 1736 1590 1782 welche
1606 1732 1790 1789 Theophi⸗

355 1785 472 1816 lander
482 1778 580 1823 allda
590 1777 748 1827 geſehen,
758 1779 904 1828 worauf
920 1781 1097 1832 folgendes
1113 1779 1205 1833 Gebet
1231 1781 1367 1838 Teutſch
1396 1792 1509 1843 ſtehet,
1519 1795 1554 1835 in
1582 1789 1626 1845 des
1628 1793 1791 1846 Jeſuiten

360 1827 527 1872 Raynaudi
533 1819 668 1881 Hagiol.
676 1832 781 1873 Rom.
793 1838 828 1877 8.
837 1833 895 1874 fol.
914 1846 996 1886 594.
1009 1836 1048 1888 iſt
1065 1845 1103 1882 es
1113 1841 1196 1884 aber
1205 1839 1386 1896 Lateiniſch
1397 1844 1608 1896 zubefinden.

1720 1903 1788 1939 An-

400 1967 449 2011 [q)
468 1970 589 2005 Beſiehe
599 1970 658 1999 das
673 1970 770 2011 Gebet.
783 1970 914 2015 Buͤchlein
925 1970 1092 2015 Geiſtlicher
1101 1971 1211 2014 Schild
1224 1977 1375 2017 genannt,
1382 1984 1472 2019 gegen
1486 1977 1626 2025 geiſtliche
1640 1988 1701 2020 und
1717 1987 1790 2023 leib

525 2008 841 2055 lichGefahrlichkeiten
858 2013 915 2056 bey
925 2014 977 2058 ſich
992 2019 1154 2062 zutragen,
1172 2018 1312 2064 gedruckt
1329 2017 1364 2069 zu
1365 2021 1450 2061 Trier
1463 2026 1522 2063 Ao.
1535 2033 1628 2068 1707.
1640 2032 1697 2066 wie
1709 2031 1784 2073 auch

524 2056 674 2102 Amberg/
683 2062 740 2097 Ao.
757 2067 850 2102 1714.

401 2095 438 2137 (r)
463 2091 562 2131 Stola
563 2093 612 2138 iſt
629 2096 677 2128 das
686 2095 992 2143 allernothwendigſte
1001 2095 1097 2147 Stuͤck
1109 2107 1154 2139 der
1162 2103 1383 2150 Prieſterlichen
1398 2107 1565 2153 Kleidung,
1588 2115 1671 2149 dann
1701 2115 1804 2155 ohne

529 2137 627 2174 Stola
644 2141 718 2183 darf
740 2142 834 2178 keiner
855 2138 949 2186 Meſſe
968 2145 1051 2186 leſen,
1076 2149 1138 2183 und
1160 2148 1206 2184 die
1226 2150 1431 2190 Sacramente
1452 2150 1706 2194 adminiſtriren;
1734 2155 1804 2194 die

521 2187 621 2225 Stola
622 2185 669 2235 iſt
680 2191 728 2232 ein
747 2191 843 2233 langer
857 2187 990 2238 ſchmaler
999 2197 1116 2239 Streiff
1120 2202 1190 2237 oder
1197 2198 1305 2245 Stich,
1320 2196 1371 2243 hat
1380 2203 1412 2237 in
1427 2206 1477 2238 der
1492 2206 1598 2242 mitten
1614 2209 1660 2243 ein
1674 2208 1777 2250 aufge⸗

520 2225 641 2272 nehetes
656 2230 835 2280 Creutzlein/
856 2237 983 2279 welches
992 2243 1042 2275 der
1060 2235 1188 2285 Prieſter
1206 2239 1299 2285 hinten
1312 2248 1418 2281 mitten
1430 2249 1489 2289 auf
1498 2253 1561 2284 dem
1575 2249 1662 2293 Halſe
1678 2251 1772 2294 liegen

520 2272 588 2314 hat/
595 2271 661 2312 forn
668 2275 738 2309 aber
746 2274 814 2312 uͤber
822 2281 876 2313 den
886 2278 951 2315 Leib
960 2279 1068 2322 hanget
1076 2284 1122 2316 die
1130 2283 1232 2321 Stola
1240 2293 1273 2327 zu
1296 2281 1392 2333 beyden
1408 2284 1507 2333 Seiten
1516 2290 1679 2334 herunter:
1697 2289 1803 2340 Sol⸗

517 2316 567 2363 che
575 2317 674 2358 Stola
681 2320 736 2360 kan
743 2321 890 2369 eigentlich
896 2324 1014 2371 geſehen
1024 2329 1163 2371 werden/
1173 2331 1242 2373 wann
1265 2329 1302 2374 ſie
1306 2332 1448 2377 predigen
1463 2328 1525 2374 und
1542 2337 1667 2382 tauffen.
