2428 2781
835 383 958 455 Am
972 369 1186 442 XVII.
1193 380 1516 458 Sonntage
1528 383 1668 458 nach
1681 378 2045 450 Trinitatis.

694 470 805 533 Laſſe
818 470 951 525 GOtt
965 474 1064 527 ſeine
1074 472 1199 529 Lehre
1209 462 1395 532 trieffen/
1419 464 1484 528 wie
1477 479 1555 524 den
1566 466 1741 535 Regen/
1760 464 1820 527 und
1842 474 1941 528 ſeine
1952 476 2072 530 Rede
2080 478 2178 534 flieſ⸗

813 532 901 586 ſen/
925 534 990 577 wie
1001 536 1080 583 den
1090 530 1245 588 Thau;
1277 535 1355 580 wie
1363 536 1442 581 den
1452 532 1606 592 Regen
1622 532 1707 592 auf
1715 539 1799 584 das
1812 534 1976 591 Gras/
1994 542 2081 586 und
2100 539 2181 585 wie

811 597 876 641 die
885 590 1092 653 Tropffen
1104 593 1187 650 auf
1198 598 1284 643 das
1292 588 1469 646 Kraut/
1495 599 1617 644 damit
1644 601 1710 643 das
1721 599 1859 648 Wort
1879 596 2036 656 Chriſti
2052 601 2180 648 unter

810 655 900 698 uns
909 648 1088 707 reichlich
1100 651 1251 707 wohne
1263 652 1307 700 in
1324 651 1427 703 aller
1436 652 1673 714 Weisheit!
1692 653 1851 706 Amen.

697 748 1122 1168 E

1117 755 1184 811 Jn
1207 753 1379 811 Sonntag
1390 755 1440 813 iſt
1459 761 1523 807 es/
1541 757 1597 805 ein
1615 762 1697 806 dem
1716 760 1851 807 Vater
1868 764 1937 807 des
1953 752 2106 813 Lichts/
2116 765 2181 809 der

1145 814 1317 863 Sonnen
1328 817 1392 860 der
1409 811 1716 872 Gerechtigkeit/
1709 819 1793 862 dem
1809 817 1924 870 Lichte
1941 823 2005 865 der
2022 818 2180 875 Wahr⸗

1138 869 1232 939 heit/
1236 871 1463 931 geheiligter/
1462 875 1541 927 und
1549 883 1633 933 zum
1639 873 1796 927 Dienſte
1807 877 1879 923 des
1882 869 2177 930 Drey⸗Einigen

1142 936 1289 989 Gottes
1296 928 1542 980 inſonderheit
1553 938 1786 976 gewidmeter
1797 931 1889 984 Tag
1892 930 1944 986 iſt
1947 934 2013 978 es/
2019 931 2186 978 Gelieb⸗

1142 993 1180 1034 te
1180 993 1261 1035 und
1273 988 1558 1048 Auserwehlte/
1574 990 1703 1047 welcher
1714 997 1791 1038 uns
1802 992 1838 1045 ſo
1846 989 1979 1047 heute/
1981 992 2049 1038 wie
2058 1004 2102 1048 zu
2111 1003 2178 1040 an⸗

1138 1054 1240 1096 derer
1249 1049 1355 1107 Zeit/
1369 1050 1570 1107 ordentlich
1590 1051 1629 1098 in
1649 1052 1706 1098 die
1726 1048 1930 1108 lieblichen
1953 1054 2177 1109 Wohnungen

1112 1114 1207 1155 des
1217 1110 1358 1162 HErrn
1368 1108 1540 1164 Zebaoth
1551 1109 1754 1166 zuſammen
1763 1109 1889 1163 ruffet.
1950 1107 2121 1163 Gewiß/
2137 1124 2177 1160 er

692 1164 828 1235 fuͤhret
833 1184 905 1222 das
923 1180 1037 1225 groſſe
1055 1175 1168 1221 Nota
1177 1168 1297 1216 Benè
1312 1175 1396 1217 noch
1410 1165 1474 1221 bey
1493 1169 1590 1225 ſich/
1603 1165 1757 1213 welches
1771 1169 1822 1210 die
1841 1167 2069 1220 allerhoͤchſte
2082 1164 2177 1216 Ma⸗

693 1231 815 1278 jeſtaͤt
815 1238 863 1279 an
874 1233 943 1271 den
961 1224 1160 1282 Sabbath
1180 1216 1402 1285 geſchrieben
1421 1226 1509 1285 hat:
1535 1227 1669 1276 Exod.
1681 1232 1786 1276 XX.
1796 1237 1837 1283 8.
1870 1230 2080 1284 Gedencke
2097 1236 2175 1280 des

692 1287 1068 1348 Sabbathtages/
1084 1285 1168 1345 daß
1179 1290 1232 1341 du
1232 1286 1316 1341 ihn
1326 1286 1516 1346 heiligeſt.
1577 1291 1735 1339 Wurde
1745 1297 1820 1338 das
1831 1292 2024 1345 Goͤttliche
2035 1293 2176 1347 Geſetze

692 1352 761 1393 bey
774 1351 965 1384 Donnern
975 1349 1051 1383 und
1059 1344 1238 1400 Blitzen/
1235 1343 1310 1384 und
1321 1343 1402 1385 dem
1412 1340 1526 1397 Thon
1540 1340 1683 1397 ſtarcker
1698 1342 1904 1398 Poſaunen
1923 1340 2108 1398 gegeben;
2137 1339 2175 1400 ſo

693 1409 770 1456 ſind
784 1412 826 1443 es
839 1407 936 1448 nicht
954 1405 1180 1457 ungereimte
1198 1397 1446 1460 Gedancken/
1459 1411 1566 1447 wenn
1584 1401 1700 1457 einige
1715 1408 1822 1454 unter
1839 1407 1907 1451 den
1930 1405 2176 1458 Gottes⸗Ge⸗

691 1468 841 1518 lahrten
850 1465 964 1517 dafuͤr
974 1464 1122 1522 halten/
1131 1459 1207 1516 daß
1218 1459 1285 1516 bey
1301 1454 1617 1519 promulgation
1630 1451 1698 1516 des
1717 1465 1855 1513 dritten
1865 1464 2078 1521 Geboths/
2094 1468 2173 1512 und

692 1529 764 1573 bey
773 1530 854 1562 dem
865 1521 1117 1573 Ausſprechen
1128 1520 1244 1577 dieſes
1261 1529 1344 1563 וכרﬧ
1363 1517 1548 1579 Geſetze/
1562 1526 1626 1569 der
1634 1522 1730 1585 Hall
1746 1528 1823 1571 und
1834 1523 1979 1580 Schall
1989 1526 2075 1572 weit
2084 1525 2174 1580 ſtaͤr⸗

695 1587 792 1633 cker/
791 1585 854 1619 als
864 1584 931 1629 bey
941 1585 1009 1619 den
1022 1580 1202 1635 uͤbrigen/
1203 1575 1361 1631 geweſen
1370 1577 1440 1632 ſey/
1459 1581 1541 1624 dem
1558 1579 1703 1632 Volcke
1713 1579 1880 1629 GOttes
1895 1590 1938 1636 zu
1950 1580 2046 1636 deſto
2065 1578 2174 1635 nach⸗

693 1643 947 1689 druͤcklicherer
959 1640 1209 1697 Erinnerung/
1219 1636 1294 1692 daß
1303 1635 1376 1699 ſie/
1390 1638 1515 1693 ſolchen
1523 1638 1615 1695 Tag
1627 1638 1839 1695 gebuͤhrend
1850 1651 1894 1695 zu
1902 1636 2079 1697 heiligen/
2100 1640 2172 1689 nim⸗

693 1703 853 1751 mermehr
873 1697 1054 1748 vergeſſen
1075 1695 1215 1749 ſollten.
1272 1693 1423 1753 Allein/
1427 1706 1533 1741 wenn
1550 1694 1616 1750 ſich
1632 1694 1690 1743 die
1709 1697 1890 1747 Stimme
1899 1701 1969 1745 des
1986 1691 2172 1755 Hoͤchſten

692 1758 789 1796 auch
805 1758 1027 1802 nochmahls
1044 1762 1134 1792 vom
1151 1751 1320 1800 Himmel
1337 1751 1452 1804 hoͤren
1471 1748 1612 1809 lieſſe/
1619 1748 1747 1797 wuͤrde
1761 1755 1804 1797 es
1826 1750 1986 1805 dennoch
1994 1746 2102 1807 wohl
2112 1746 2172 1804 am

691 1816 1019 1862 Wiederſprechen
1034 1817 1096 1856 der
1108 1812 1275 1860 Suͤnder
1285 1811 1383 1866 nicht
1397 1810 1585 1867 mangeln.
1640 1814 1716 1868 Jch
1733 1814 1811 1865 will
1824 1815 1914 1871 ſtatt
1927 1816 2060 1860 meiner
2076 1818 2170 1861 Kla⸗

693 1885 764 1919 gen
773 1876 830 1909 die
842 1871 1023 1919 Seuffzer
1031 1872 1177 1921 etlicher
1233 1868 1521 1915 Gottes⸗Maͤnner
1533 1868 1820 1924 wiederhohlen/
1828 1871 1961 1922 welche
1970 1871 2171 1927 ſchreiben:

692 1936 792 1975 Der
803 1930 1006 1983 geſegnete
1016 1928 1225 1984 Ruhetag
1239 1930 1315 1973 des
1326 1926 1520 1987 HErrn/
1539 1929 1716 1981 welchen
1734 1933 1816 1978 wir
1833 1933 1894 1987 itzt
1909 1934 1988 1978 den
2006 1930 2169 1982 Sonn⸗

692 2002 770 2043 tag
780 1989 934 2049 neñen/
940 1988 994 2049 iſt
992 1987 1172 2042 iederzeit
1183 1995 1270 2033 von
1281 1991 1358 2035 den
1369 1985 1550 2048 Feinden
1561 1987 1863 2043 derWahrheit
1873 1985 2169 2048 angefochten/

693 2058 795 2093 oder
804 2050 905 2099 doch
915 2042 1288 2102 niedergeſchlagen
1304 2039 1505 2097 worden/
1534 2049 1638 2098 damit
1649 2047 1834 2099 GOttes
1841 2052 1973 2104 darzu
1982 2049 2166 2106 geſetztes

692 2115 788 2150 NB.
807 2112 1051 2152 Memento,
1080 2104 1153 2158 bey
1170 2106 1241 2151 der
1258 2105 1376 2154 Welt
1393 2101 1640 2159 veraͤchtlich
1658 2109 1823 2154 werden
1844 2103 2020 2156 moͤchte.
2078 2109 2167 2160 Die

692 2170 887 2230 Heyden/
906 2159 1127 2218 ſonderlich
1139 2160 1293 2215 Celſus,
1302 2152 1438 2218 haben
1446 2162 1520 2218 ihn
1532 2161 1737 2221 gelaͤſtert.
1797 2164 1883 2214 Die
1893 2165 2164 2224 Paͤpſtiſchen

692 2227 931 2264 Scholaſtici
944 2225 1030 2266 und
1041 2215 1309 2279 Moraliſten/
1300 2217 1522 2275 beſonders
1531 2223 1752 2265 Navarrus
1761 2225 1851 2269 und
1873 2222 2025 2272 Alloza,
2048 2217 2162 2276 haben

694 2288 769 2330 ihn
781 2283 1040 2331 erniedriget.
1075 2276 1164 2325 Die
1173 2276 1415 2322 Socinianer
1427 2280 1513 2325 und
1526 2278 1798 2322 Arminianer
1807 2279 1979 2329 wollten
1994 2280 2072 2338 ihn
2072 2280 2161 2339 ger⸗

693 2354 746 2388 ne
764 2339 1034 2396 abgeſchaffet
1044 2337 1174 2397 ſehen.
1204 2337 1291 2391 Die
1300 2322 1536 2404 ſaͤmtlichen
1559 2325 1730 2389 Fanatici
1751 2326 1970 2401 verwerffen
1998 2344 2069 2396 ihn
2079 2344 2164 2388 ent⸗
