1639 2340
572 455 658 484 unter
673 451 808 487 einander
827 461 859 495 zu
880 454 991 492 wiſſen,
991 456 1033 493 es
1049 457 1106 501 ſind
1119 456 1201 495 ihnen
1212 454 1256 491 die
1267 461 1440 499 angenehm⸗

571 506 628 546 ſten
654 502 859 553 Geheimniſſe.
861 509 957 547 Jedes
967 511 1068 549 Wort,
1092 515 1147 542 das
1159 520 1227 545 man
1240 517 1312 544 denn
1325 512 1440 555 ſpricht,

570 556 634 598 jede
645 559 745 591 Miene
760 554 792 604 iſt
804 559 888 598 ihnen
901 560 1162 603 bedeutungsvoll,
1188 566 1246 595 und
1270 564 1304 604 ſie
1324 564 1438 603 kluͤgeln

569 610 632 637 und
650 605 771 646 gruͤbeln
791 613 876 640 unter
894 609 1029 642 einander
1041 612 1070 647 ſo
1084 611 1166 651 lange
1177 612 1313 652 daruͤber,
1341 612 1388 645 bis
1404 615 1439 655 ſie

570 656 633 689 eine
647 657 811 696 Deutung,
840 662 870 690 es
878 654 934 702 ſey
951 664 1020 705 nun
1029 661 1088 694 eine
1112 661 1210 701 falſche
1239 670 1306 696 oder
1330 666 1439 703 wahre,

568 710 680 750 heraus
692 710 822 751 gebracht
838 712 940 752 haben.
982 713 1030 753 Ja
1048 714 1114 753 noch
1134 717 1230 759 mehr,
1266 717 1298 759 iſt
1315 727 1381 750 man
1407 717 1462 752 in

569 761 671 801 dieſem
692 759 801 796 Stuͤcke
823 772 856 804 zu
876 762 948 802 frey,
967 761 996 798 ſo
1019 767 1154 804 gerathen
1171 768 1205 809 ſie
1224 769 1303 806 leicht
1323 771 1376 805 auf
1392 772 1436 802 die

568 808 731 848 Meinung,
747 811 796 842 als
808 811 901 844 wollte
910 803 975 844 man
987 813 1096 853 Partey
1115 818 1167 846 mit
1183 817 1269 852 ihnen
1289 823 1435 857 anſtiften,

567 865 728 902 beſonders
747 871 827 896 wenn
848 870 880 897 es
899 865 975 898 einer
988 872 1053 904 oder
1063 872 1112 900 der
1133 875 1234 900 andere
1254 876 1338 901 unter
1351 873 1436 908 ihnen

568 918 601 957 ſo
622 917 689 951 weit
708 918 818 959 bringt,
842 919 899 961 daß
917 928 983 953 man
998 920 1047 958 ihn
1061 926 1149 964 gegen
1161 920 1294 964 Kollegen
1313 925 1435 965 verthei⸗

566 969 631 1011 digt
649 974 707 1003 und
722 970 897 1016 unterſtuͤtzt,
922 977 988 1007 oder
1003 974 1060 1013 ihm
1072 973 1147 1013 wohl
1164 983 1217 1018 gar
1230 975 1256 1009 in
1271 976 1360 1016 ſeiner
1376 976 1442 1015 Ge⸗

566 1028 701 1064 genwart
721 1025 854 1067 beyſteht.
908 1030 986 1063 Man
1004 1029 1075 1062 wird
1095 1030 1143 1070 ſich
1161 1029 1222 1070 hier
1247 1038 1292 1063 am
1310 1031 1434 1073 kluͤgſten

565 1080 603 1113 zu
621 1073 738 1111 nehmen
755 1075 869 1115 wiſſen,
904 1084 986 1109 wenn
1008 1085 1075 1110 man
1094 1070 1148 1111 den
1166 1080 1238 1113 Bau
1256 1084 1306 1112 der
1325 1090 1433 1122 ganzen

567 1126 685 1167 Anſtalt
695 1137 749 1161 vor
758 1130 859 1169 Augen
871 1130 931 1165 hat.
986 1132 1065 1164 Man
1082 1132 1141 1171 ſetze
1157 1132 1185 1164 in
1203 1132 1293 1169 ſeinen
1305 1133 1434 1177 Geſpraͤ⸗

567 1178 631 1215 chen
648 1178 708 1210 eine
725 1180 835 1213 Mauer
853 1180 935 1221 feſte,
963 1185 1021 1214 und
1034 1181 1092 1216 will
1110 1189 1159 1215 der
1176 1182 1305 1223 Schuͤler
1316 1185 1364 1226 ſich
1380 1192 1434 1217 un⸗

566 1213 703 1259 terſtehen
728 1222 850 1261 hinuͤber
873 1233 906 1262 zu
930 1225 1054 1263 huͤpfen,
1087 1232 1116 1262 ſo
1140 1233 1219 1264 weiſe
1245 1234 1294 1265 ihn
1319 1236 1434 1266 Miene,

561 1275 650 1315 Blick
666 1281 726 1308 und
744 1277 896 1315 Stimme,
907 1276 1064 1323 ebenfalls
1082 1278 1143 1316 auch
1167 1281 1211 1312 ein
1232 1283 1367 1315 Verweis
1386 1291 1434 1323 zu⸗

565 1328 639 1364 ruͤck.
693 1329 756 1369 Hat
770 1330 833 1371 dieß
854 1330 929 1363 einer
941 1331 1084 1373 erfahren,
1109 1333 1138 1371 ſo
1157 1334 1215 1377 ſind
1231 1332 1339 1376 funfzig
1360 1335 1433 1375 nicht

564 1383 597 1421 ſo
619 1379 705 1421 kuͤhn.

639 1434 709 1475 Laͤßt
731 1434 778 1478 ſich
795 1435 863 1470 aber
880 1436 923 1469 ein
952 1434 1069 1480 Kollege
1094 1436 1163 1473 uͤber
1186 1443 1239 1473 den
1266 1443 1373 1474 andern
1400 1440 1430 1475 in

564 1477 849 1526 Zweydeutigkeiten,
877 1487 921 1519 die
939 1487 987 1529 ſich
997 1489 1051 1527 auf
1061 1493 1098 1521 da
1115 1490 1233 1537 geweſene
1251 1490 1334 1538 Faͤlle
1345 1493 1430 1535 bezie⸗

563 1539 640 1578 hen,
663 1540 789 1579 heraus,
818 1546 884 1574 oder
900 1543 958 1576 will
971 1544 1056 1581 durch
1075 1542 1154 1577 einen
1177 1543 1299 1588 witzigen
1318 1547 1431 1587 Einfall

563 1589 656 1626 dieſes
676 1594 743 1620 oder
763 1590 842 1628 jenes
864 1601 922 1623 von
944 1592 1052 1626 weitem
1071 1591 1223 1634 beruͤhren,
1247 1598 1276 1632 ſo
1298 1597 1365 1637 ſinkt
1375 1601 1427 1629 des

565 1641 684 1682 Letztern
702 1643 846 1682 Achtung,
870 1650 928 1676 und
939 1650 991 1677 des
1002 1647 1118 1688 Erſtern
1135 1648 1206 1685 ſeine
1211 1646 1310 1695 ſtuͤrzt
1328 1647 1429 1696 druͤber

561 1691 620 1728 her.
677 1693 826 1734 Sprechen
843 1700 917 1733 zwey
934 1698 1001 1727 oder
1017 1696 1140 1735 mehrere
1151 1697 1250 1737 Lehrer
1260 1699 1312 1732 mit
1326 1698 1427 1731 einan⸗

561 1748 624 1782 der,
651 1750 710 1777 und
725 1746 850 1782 Schuͤler
873 1750 930 1788 ſind
943 1748 972 1781 in
994 1753 1038 1783 der
1061 1744 1158 1796 Naͤhe,
1182 1750 1234 1783 wie
1252 1756 1284 1784 es
1298 1751 1326 1783 in
1335 1742 1426 1794 allge⸗

563 1799 674 1833 meinen
692 1799 838 1835 Anſtalten
855 1801 899 1842 iſt,
920 1803 949 1839 ſo
967 1802 1011 1843 ſey
1022 1804 1069 1842 ihr
1077 1803 1221 1847 Geſpraͤch
1240 1806 1268 1841 ſo
1285 1803 1375 1847 wahr,
1394 1807 1424 1845 ſo

563 1843 683 1886 richtig,
706 1845 737 1883 ſo
755 1851 876 1890 gerade,
897 1849 955 1892 daß
971 1838 1002 1884 er
1020 1850 1122 1888 koͤnnte
1146 1851 1276 1893 gedruckt
1303 1858 1423 1888 werden.
