2539 3241
245 512 356 565 thun,
390 509 423 563 ſo
447 509 565 564 werffe
587 525 624 556 er
640 513 704 570 ſich
720 516 759 558 in
786 506 844 558 die
865 501 944 567 Arme
977 514 1032 568 ſei⸗

247 552 314 606 nes
337 564 579 620 himmliſchen
590 565 757 619 Vaters;
788 555 880 610 weil
896 555 932 617 er
946 564 1032 619 doch

246 621 426 678 verſichert
452 623 531 678 ſeyn
555 617 642 678 kan,
674 624 747 678 daß
762 618 815 684 ihm
836 612 877 670 in
910 623 1032 677 denſel⸗

246 686 313 729 ben
338 687 455 741 nichts
467 685 597 738 Boͤſes
621 677 878 739 wiederfahren
901 687 1032 737 koͤnne,

245 748 321 785 und
336 744 406 795 daß
421 743 496 796 ihm
514 741 601 797 auch
617 743 720 798 alles,
728 750 810 790 was
821 738 951 801 Fleiſch
972 750 1031 788 und

246 794 348 842 Blut
372 796 504 848 widrig
523 794 604 850 ſeyn
616 795 771 852 moͤchte,
802 805 886 851 zum
895 785 1031 854 Beſten

245 860 372 914 dienen
404 859 605 925 muͤſſe.

470 958 804 1020 Anwendung.

245 1012 325 1138 H

325 1021 452 1076 ieraus
469 1009 565 1069 laſſet
579 1024 655 1061 uns
675 1022 820 1070 lernen,
827 1021 895 1062 wie
909 1028 978 1072 gut
992 1025 1032 1062 es

333 1073 503 1138 Chriſtus
528 1084 597 1127 mit
627 1087 704 1128 uns
728 1083 862 1137 meine,
897 1085 966 1131 wie
999 1096 1035 1128 er

245 1143 322 1184 uns
343 1151 402 1198 zur
417 1131 530 1198 Ruhe
550 1150 610 1189 der
623 1144 763 1191 Seelen
786 1144 936 1196 bringen
961 1149 1037 1188 und

245 1199 338 1243 alles
353 1204 422 1244 das
438 1204 511 1247 aus
525 1206 603 1245 dem
613 1200 734 1255 Wege
750 1198 902 1246 raͤumen
921 1201 1037 1256 wolle,

244 1268 330 1308 was
345 1268 423 1317 uns
435 1277 485 1310 an
499 1264 637 1316 unſerm
645 1265 933 1322 Haupt⸗Werck,
941 1277 1036 1311 nem⸗

246 1320 313 1376 lich
344 1335 395 1368 an
427 1330 487 1368 der
520 1324 652 1378 Sorge
684 1322 746 1377 fuͤr
773 1324 894 1378 unſere
908 1325 1035 1380 Seele,

246 1380 437 1436 hinderlich
456 1381 567 1434 fallen
583 1382 725 1430 koͤnnte.
766 1385 825 1431 Es
840 1386 882 1439 iſt
898 1384 1033 1440 nichts,

244 1442 316 1483 das
337 1448 404 1487 den
425 1437 617 1497 Menſchen
640 1442 739 1494 mehr
759 1442 1031 1495 verunruhiget,

243 1501 306 1543 als
323 1497 530 1555 aͤngſtliche
560 1503 638 1547 und
670 1499 843 1557 peinliche
871 1500 1028 1554 Sorgen

244 1558 368 1604 wegen
380 1558 473 1600 der
490 1545 656 1608 irdiſchen
678 1554 831 1604 Guͤter.
872 1557 947 1603 Ein
970 1556 1029 1610 ſol⸗

243 1612 320 1666 cher
344 1611 494 1669 Menſch
519 1615 583 1668 hat
601 1615 696 1659 keine
720 1614 847 1669 ruhige
869 1626 1031 1666 Stunde;

244 1672 336 1711 und
360 1675 448 1713 wenn
468 1677 512 1713 er
533 1670 623 1723 auch
645 1671 698 1715 im
717 1671 906 1731 Jrdiſchen
928 1674 1030 1717 einen

240 1717 440 1776 ziemlichen
449 1723 647 1776 Ueberfluß
668 1727 750 1777 hat,
767 1718 806 1781 ſo
817 1726 880 1778 iſt
891 1737 932 1768 er
943 1724 1029 1776 doch

241 1776 341 1832 nicht
353 1777 548 1834 zufrieden,
565 1780 647 1824 weil
660 1792 697 1825 er
712 1778 845 1835 ſorget,
862 1784 903 1826 es
917 1779 1029 1836 moͤch⸗

242 1845 278 1884 te
291 1839 363 1890 auf
384 1840 439 1885 die
452 1831 567 1899 Laͤnge
588 1832 686 1901 nicht
707 1839 923 1897 hinreichen,
950 1847 1031 1886 oder

241 1900 287 1942 er
301 1895 436 1953 moͤchte
457 1896 545 1953 auch
561 1897 755 1945 wiederum
771 1909 836 1943 um
849 1898 1032 1952 dasjenige

241 1956 426 2010 kommen,
457 1958 543 2001 was
543 1954 586 2009 er
589 1946 872 2010 gegenwaͤrtig
894 1958 1029 2011 beſitzet.

242 2015 328 2059 Und
329 2010 376 2068 ſo
419 2017 461 2065 iſt
482 2018 547 2066 bey
564 2017 678 2058 einem
693 2016 825 2066 ſolchen
838 2018 1029 2068 Menſchen

240 2069 330 2120 auch
364 2070 459 2122 nicht
490 2073 646 2123 einmahl
680 2073 742 2117 ein
759 2073 921 2128 irdiſches
935 2076 1030 2119 Ver⸗

240 2117 400 2175 gnuͤgen.
441 2125 639 2169 Ueberdem
654 2125 746 2170 wird
766 2136 804 2172 er
819 2112 1028 2181 abgehalten

240 2195 314 2232 von
336 2190 417 2232 dem
430 2187 566 2243 Dienſt
579 2188 740 2236 GOttes
755 2195 831 2235 und
851 2191 913 2236 der
928 2190 1029 2237 Sor⸗

239 2253 284 2297 ge
299 2243 407 2298 ſeiner
422 2247 576 2293 Seelen.
633 2247 763 2294 Wenn
755 2246 796 2294 er
811 2248 926 2302 einige
950 2242 1030 2306 Zeit

239 2304 457 2353 anwenden,
489 2305 564 2346 und
586 2299 675 2353 ſeine
698 2297 813 2350 Seele
839 2303 891 2347 im
911 2304 1032 2351 Gebet

240 2359 333 2415 recht
352 2359 521 2412 ſammlen
536 2359 618 2414 ſoll;
652 2365 759 2416 oder,
778 2369 898 2405 wenn
915 2374 951 2407 er
966 2367 1031 2409 des

234 2413 474 2480 oͤffentlichen
489 2414 755 2479 Gottesdienſtes
763 2419 944 2467 abwaꝛten
953 2422 1029 2477 ſoll;

238 2470 274 2525 ſo
291 2474 425 2518 meinet
435 2485 492 2529 er,
508 2486 546 2518 er
560 2481 676 2519 werde
690 2475 804 2520 daben
817 2475 886 2519 viel
897 2485 940 2531 zu
957 2477 1027 2521 viel

236 2531 319 2584 Zeit
338 2539 413 2576 und
426 2528 680 2599 Gelegenheit,
712 2526 771 2580 im
777 2519 966 2595 Jrdiſchen
975 2543 1026 2585 et⸗

237 2595 322 2637 was
349 2590 548 2646 zuſammen
573 2603 614 2649 zu
637 2593 827 2648 bringen,
841 2594 1025 2641 verlieren.

235 2655 361 2701 Seine
387 2654 528 2710 irdiſche
542 2657 700 2708 Sorgen
722 2652 865 2712 ſtuͤrtzen
899 2656 964 2711 ihn
985 2659 1027 2702 in

237 2707 382 2764 manche
396 2705 583 2761 Suͤnden,
616 2713 654 2756 in
675 2710 897 2766 Mißtrauen
914 2720 1024 2763 gegen

236 2770 380 2825 GOtt,
402 2767 440 2810 in
459 2768 653 2818 Ungeduld
672 2772 751 2817 und
770 2770 953 2825 Murren,
981 2772 1024 2816 in

234 2827 557 2888 Ungerechtigkeit,
575 2828 615 2879 in
628 2830 771 2891 allerley
783 2831 933 2889 Betrug
948 2838 1024 2883 und

1056 510 1263 565 Hinterliſt,
1292 510 1346 565 ſo,
1379 511 1449 561 daß
1467 521 1512 554 er
1523 513 1635 567 dabey
1649 510 1769 560 GOtt
1783 511 1842 557 ein

1056 552 1194 609 Greuel
1215 571 1320 612 wird.
1376 564 1613 618 Wenigſtens
1628 565 1720 608 wird
1735 576 1770 608 er
1785 573 1842 617 ge⸗

1055 624 1194 676 hindert
1220 612 1270 665 an
1294 629 1354 667 der
1372 623 1503 676 Sorge
1526 623 1587 677 fuͤr
1608 625 1697 677 ſeine
1711 625 1841 672 Seele.

1055 686 1108 729 Er
1134 683 1313 736 gedencket
1338 685 1432 737 nicht
1454 685 1545 739 recht
1595 679 1639 735 an
1632 685 1770 738 GOtt;
1803 696 1841 729 er

1053 738 1153 792 hoͤret
1171 739 1264 794 nicht
1280 740 1372 793 recht
1386 741 1548 787 GOttes
1567 741 1698 796 Wort,
1708 753 1743 786 er
1758 737 1843 794 pruͤ⸗

1051 793 1115 847 fet
1132 793 1233 848 nicht
1254 793 1347 849 recht
1376 794 1490 846 ſeinen
1505 783 1843 851 Seelen⸗Zuſtand,

1052 862 1150 900 denn
1170 865 1206 901 er
1230 856 1365 901 kommt
1391 857 1448 900 nie
1471 856 1563 909 recht
1585 866 1628 907 zu
1642 858 1707 910 ſich
1723 858 1844 909 ſelber.

1052 897 1108 957 Er
1120 911 1204 964 thut
1216 910 1337 956 keinen
1351 901 1485 967 rechten
1495 910 1599 959 Blick
1608 913 1646 955 in
1656 914 1710 956 die
1719 912 1847 963 Ewig⸗

1018 951 1132 1009 keit
1142 951 1282 1020 hinein,
1315 962 1462 1016 ſondern
1484 964 1586 1021 ſiehet
1602 976 1671 1009 nur
1686 964 1756 1020 auf
1771 968 1844 1013 das

1054 1026 1336 1085 Gegenwaͤrtige
1360 1038 1435 1076 und
1460 1030 1690 1086 Zukuͤnfftige
1712 1034 1751 1078 in
1774 1034 1845 1078 die⸗

1053 1087 1102 1142 ſer
1115 1088 1241 1142 Welt,
1259 1093 1334 1133 und
1345 1088 1440 1143 weiß
1459 1088 1546 1145 doch
1561 1087 1674 1144 nicht,
1690 1089 1757 1136 wie
1772 1089 1845 1136 viel

1056 1160 1092 1192 er
1106 1153 1226 1191 davon
1243 1148 1413 1202 erreichen
1435 1154 1518 1195 oder
1536 1150 1697 1203 behalten
1711 1152 1846 1202 werde,

1057 1207 1132 1246 und
1147 1203 1215 1247 wie
1223 1203 1331 1255 lange
1347 1214 1382 1245 er
1398 1207 1438 1246 es
1455 1204 1578 1256 werde
1578 1205 1747 1258 genieſſen
1761 1206 1845 1251 koͤn⸗

1058 1271 1139 1306 nen.
1197 1262 1292 1310 Von
1307 1261 1430 1316 dieſem
1446 1262 1539 1308 allen
1558 1273 1635 1307 nun
1650 1263 1763 1318 ſuchet
1776 1274 1844 1307 un⸗

1056 1322 1104 1370 ſer
1112 1320 1288 1370 Heyland
1302 1328 1378 1369 uns
1397 1322 1630 1370 abzufuͤhren.

1111 1375 1217 1426 Und,
1225 1382 1244 1432 o
1272 1374 1340 1417 wie
1354 1372 1470 1426 ſeelige
1486 1371 1679 1430 Menſchen
1693 1366 1846 1421 wuͤrden

1054 1437 1122 1481 wir
1144 1434 1242 1491 ſeyn,
1275 1445 1381 1481 wenn
1398 1437 1486 1491 wir,
1516 1438 1604 1494 nach
1623 1443 1684 1484 der
1699 1437 1847 1485 Anwei⸗

1054 1494 1142 1548 ſung
1164 1496 1290 1552 unſers
1307 1499 1538 1554 Heylandes,
1571 1500 1639 1543 alle
1655 1497 1845 1553 aͤngſtliche

1053 1548 1210 1601 Sorgen
1238 1552 1312 1593 aus
1338 1550 1479 1601 unſerm
1505 1548 1674 1604 Gemuͤth
1695 1547 1856 1595 verban⸗

1054 1620 1122 1651 nen
1145 1609 1323 1654 wollten.
1366 1610 1473 1656 Was
1496 1602 1620 1663 quaͤlet
1641 1617 1708 1655 den
1728 1611 1845 1656 Men⸗

1054 1669 1148 1723 ſchen
1163 1667 1229 1719 offt
1242 1669 1421 1721 mehr,
1375 1663 1428 1715 als
1437 1670 1491 1713 die
1521 1664 1696 1725 peinliche
1716 1669 1844 1722 Sorgen

1053 1734 1113 1772 der
1131 1728 1346 1782 Nahrung?
1371 1729 1466 1779 Das
1481 1727 1648 1785 Gemuͤth
1669 1730 1762 1777 wird
1780 1736 1844 1775 da⸗

1051 1781 1159 1839 durch
1173 1782 1441 1839 verunruhiget,
1455 1790 1526 1832 das
1541 1786 1662 1834 Gebet
1675 1786 1769 1832 wird
1783 1796 1843 1840 ge⸗

1054 1844 1214 1898 hindert,
1241 1844 1297 1889 die
1312 1844 1515 1901 Zuverſicht
1527 1846 1597 1900 auf
1608 1852 1676 1891 den
1692 1847 1842 1892 lebendi⸗

1052 1907 1120 1948 gen
1142 1899 1263 1944 GOtt
1293 1901 1385 1943 wird
1407 1898 1590 1953 geſtoͤhret.
1649 1888 1843 1953 Dahinge⸗

1048 1965 1139 2007 gen,
1175 1966 1281 2000 wenn
1298 1965 1358 2003 der
1374 1951 1529 2014 Menſch
1537 1959 1603 2013 ſich
1618 1959 1784 2013 allemahl
1799 1961 1842 2003 in

1051 2017 1106 2059 die
1122 2018 1235 2059 Arme
1249 2020 1315 2060 des
1329 2016 1566 2071 himmliſchen
1581 2018 1745 2072 Vaters;
1776 2020 1842 2063 als

1051 2074 1149 2116 eines
1165 2072 1366 2127 liebreichen
1381 2079 1456 2118 und
1472 2073 1596 2127 weiſen
1604 2072 1842 2129 Verſorgers,

1053 2130 1196 2185 werffen
1214 2133 1304 2188 kan;
1327 2131 1362 2184 ſo
1375 2133 1416 2187 iſt
1432 2144 1468 2176 er
1488 2134 1553 2188 bey
1571 2131 1665 2178 allen
1681 2132 1841 2189 Vorfaͤl⸗

1063 2203 1106 2236 en
1128 2191 1247 2246 ruhig.
1307 2194 1361 2239 Er
1385 2194 1465 2248 thut
1492 2205 1540 2239 an
1564 2193 1690 2247 ſeinem
1714 2195 1850 2249 Theil,

1060 2254 1133 2297 was
1153 2252 1229 2306 ihm
1242 2252 1421 2304 oblieget;
1454 2256 1525 2298 das
1545 2252 1669 2308 uͤbrige
1681 2253 1841 2310 befiehlet

1051 2322 1086 2356 er
1100 2316 1180 2354 dem
1197 2310 1351 2366 HErrn,
1367 2315 1441 2354 und
1459 2309 1567 2367 hoffet
1589 2311 1659 2366 auf
1669 2312 1743 2368 ihn,
1760 2316 1841 2356 und

1049 2365 1195 2421 dencket,
1202 2362 1259 2427 der
1270 2367 1385 2424 HErr
1398 2364 1494 2419 wird
1510 2363 1554 2419 es
1564 2369 1658 2426 wohl
1677 2368 1837 2424 machen.

1354 2456 1579 2521 Gebet.

1046 2543 1126 2655 H

1126 2543 1242 2604 Err,
1272 2548 1339 2596 du
1348 2549 1639 2607 allgemeiner
1651 2549 1839 2597 Verſor⸗

1132 2608 1235 2651 ger,
1270 2600 1387 2651 lehre
1419 2610 1512 2649 uns
1545 2600 1659 2655 doch
1685 2602 1838 2648 beden⸗

1043 2654 1156 2707 cken,
1197 2654 1286 2700 wie
1315 2651 1480 2710 unnuͤtz
1510 2660 1605 2702 und
1634 2652 1834 2708 ſuͤndlich

1046 2716 1187 2772 unſere
1234 2714 1470 2778 aͤngſtliche
1503 2721 1709 2771 Sorgen
1747 2729 1838 2761 we⸗

1044 2795 1127 2827 gen
1156 2774 1242 2827 des
1265 2771 1500 2829 Leiblichen
1530 2773 1627 2828 ſind.
1700 2768 1837 2818 Was

1044 2819 1203 2885 helffen
1233 2834 1330 2876 uns
1363 2825 1431 2876 die
1462 2826 1677 2881 ſchweren
1705 2825 1837 2878 Sor⸗
