<?xml version='1.0' encoding='utf-8'?>
<PcGts xmlns="http://schema.primaresearch.org/PAGE/gts/pagecontent/2019-07-15" xmlns:xsi="http://www.w3.org/2001/XMLSchema-instance" pcGtsId="PAGE_01" xsi:schemaLocation="http://schema.primaresearch.org/PAGE/gts/pagecontent/2019-07-15 http://schema.primaresearch.org/PAGE/gts/pagecontent/2019-07-15/pagecontent.xsd">
  <Metadata>
    <Creator>OCR-D DFG Phase III</Creator>
    <Created>2024-01-19T13:10:22Z</Created>
    <LastChange>2024-01-19T13:10:22Z</LastChange>
    <Comments>ODEM: OCR-D extension for mass digitization (2021-2024)</Comments>
  </Metadata>
  <Page imageFilename="urn+nbn+de+gbv+3+1-798202-p0079-9_ger.jpg" imageWidth="1404" imageHeight="2153" type="content" primaryLanguage="German">
    <Border>
      <Coords points="77,104 66,2045 1129,2047 1131,98"/>
    </Border>
    <ReadingOrder>
      <OrderedGroup id="ro_1652337411135" caption="Regions reading order">
        <RegionRefIndexed index="0" regionRef="region0004"/>
        <RegionRefIndexed index="1" regionRef="region0005"/>
        <RegionRefIndexed index="2" regionRef="TextRegion_1650967901980_95"/>
      </OrderedGroup>
    </ReadingOrder>
    <TextRegion orientation="0.093245804" readingDirection="left-to-right" id="region0004" custom="readingOrder {index:0;}">
      <Coords points="166,420 895,418 896,780 167,782"/>
      <TextLine id="region0004_line0001" custom="readingOrder {index:0;}">
        <Coords points="173,420 166,421 166,421 167,476 173,484 189,482 194,475 253,474 256,479 265,481 273,479 275,474 281,474 287,480 296,480 303,474 335,472 362,475 437,475 442,479 466,479 482,473 544,474 551,479 559,479 564,475 595,475 600,479 608,479 613,475 633,478 638,475 665,473 714,472 717,475 730,475 733,472 788,472 833,475 837,478 847,478 851,475 895,475 894,427 891,425 883,425 868,431 863,427 830,425 826,422 776,430 765,424 757,424 750,432 738,431 727,424 719,424 712,431 696,433 689,433 682,426 669,426 663,434 632,435 615,432 609,428 588,427 509,427 486,432 444,428 440,431 423,432 396,426 333,429 331,420 244,420 237,428 226,428 222,422 214,420"/>
        <Word id="region0004_line0001_word0000" custom="readingOrder {index:0;}">
          <Coords points="226,428 175,428 176,478 191,478 194,475 244,474 244,428 237,428"/>
          <TextEquiv conf="0.9306646">
            <Unicode>jede</Unicode>
          </TextEquiv>
        </Word>
        <Word id="region0004_line0001_word0001" custom="readingOrder {index:1;}">
          <Coords points="332,426 257,426 258,475 275,475 275,474 281,474 282,475 302,475 303,474 335,472 362,475 363,475 362,428 333,429"/>
          <TextEquiv>
            <Unicode>ſchoͤne</Unicode>
          </TextEquiv>
        </Word>
        <Word id="region0004_line0001_word0002" custom="readingOrder {index:2;}">
          <Coords points="375,435 472,435 473,470 376,470"/>
          <TextEquiv conf="0.9533027">
            <Unicode>Kunſt,</Unicode>
          </TextEquiv>
        </Word>
        <Word id="region0004_line0001_word0003" custom="readingOrder {index:3;}">
          <Coords points="486,434 533,434 534,465 487,465"/>
          <TextEquiv conf="0.96883047">
            <Unicode>als</Unicode>
          </TextEquiv>
        </Word>
        <Word id="region0004_line0001_word0004" custom="readingOrder {index:4;}">
          <Coords points="626,434 549,434 550,469 637,469 636,434 632,435"/>
          <TextEquiv conf="0.6801399">
            <Unicode>ſolche,</Unicode>
          </TextEquiv>
        </Word>
        <Word id="region0004_line0001_word0005" custom="readingOrder {index:5;}">
          <Coords points="689,433 663,433 663,434 659,434 660,463 703,463 702,433 696,433"/>
          <TextEquiv conf="0.9326651">
            <Unicode>ein</Unicode>
          </TextEquiv>
        </Word>
        <Word id="region0004_line0001_word0006" custom="readingOrder {index:6;}">
          <Coords points="738,431 718,431 719,466 798,466 797,431 750,431 750,432"/>
          <TextEquiv conf="0.825764">
            <Unicode>freies</Unicode>
          </TextEquiv>
        </Word>
        <Word id="region0004_line0001_word0007" custom="readingOrder {index:7;}">
          <Coords points="865,429 807,429 808,468 891,468 890,429 873,429 868,431"/>
          <TextEquiv conf="0.9660377">
            <Unicode>Spiel</Unicode>
          </TextEquiv>
        </Word>
        <TextEquiv>
          <Unicode>jede ſchoͤne Kunſt, als ſolche, ein freies Spiel</Unicode>
        </TextEquiv>
      </TextLine>
      <TextLine id="region0004_line0002" custom="readingOrder {index:1;}">
        <Coords points="482,474 474,479 463,480 457,485 441,484 433,478 385,486 344,484 334,480 294,481 286,486 272,480 244,480 215,487 195,486 190,483 167,485 167,526 369,525 392,531 418,525 461,526 469,529 479,526 489,530 500,526 533,524 663,524 675,527 779,523 846,526 895,523 895,486 874,485 856,479 801,479 788,483 778,479 745,479 731,476 694,481 638,477 617,479 610,485 603,486 595,479 586,479 580,485 576,485 550,479 525,482 519,476 506,479"/>
        <Word id="region0004_line0002_word0000" custom="readingOrder {index:0;}">
          <Coords points="195,486 177,486 177,515 222,515 222,486 219,486 215,487"/>
          <TextEquiv conf="0.9327261">
            <Unicode>der</Unicode>
          </TextEquiv>
        </Word>
        <Word id="region0004_line0002_word0001" custom="readingOrder {index:1;}">
          <Coords points="239,481 239,520 501,520 501,478 475,478 474,479 463,480 457,485 441,484 433,478 385,486 344,484 334,480 294,481 286,486 272,480 244,480"/>
          <TextEquiv conf="0.8621122">
            <Unicode>Einbildungskraft,</Unicode>
          </TextEquiv>
        </Word>
        <Word id="region0004_line0002_word0002" custom="readingOrder {index:2;}">
          <Coords points="514,482 557,482 557,513 514,513"/>
          <TextEquiv conf="0.96017206">
            <Unicode>als</Unicode>
          </TextEquiv>
        </Word>
        <Word id="region0004_line0002_word0003" custom="readingOrder {index:3;}">
          <Coords points="576,485 572,485 572,514 616,514 616,485 610,485 603,486 601,485 580,485"/>
          <TextEquiv conf="0.9654606">
            <Unicode>ein</Unicode>
          </TextEquiv>
        </Word>
        <Word id="region0004_line0002_word0004" custom="readingOrder {index:4;}">
          <Coords points="634,482 755,481 755,515 634,516"/>
          <TextEquiv>
            <Unicode>Geſchaͤft</Unicode>
          </TextEquiv>
        </Word>
        <Word id="region0004_line0002_word0005" custom="readingOrder {index:5;}">
          <Coords points="769,485 813,485 813,512 769,512"/>
          <TextEquiv conf="0.9620592">
            <Unicode>des</Unicode>
          </TextEquiv>
        </Word>
        <Word id="region0004_line0002_word0006" custom="readingOrder {index:6;}">
          <Coords points="871,484 822,484 822,515 890,515 890,485 874,485"/>
          <TextEquiv>
            <Unicode>Ver⸗</Unicode>
          </TextEquiv>
        </Word>
        <TextEquiv>
          <Unicode>der Einbildungskraft, als ein Geſchaͤft des Ver⸗</Unicode>
        </TextEquiv>
      </TextLine>
      <TextLine id="region0004_line0003" custom="readingOrder {index:2;}">
        <Coords points="739,526 733,528 727,536 683,533 677,530 665,530 657,534 633,534 628,530 617,530 612,534 562,536 539,528 497,528 489,531 481,528 464,529 458,538 409,537 402,530 379,530 372,537 354,536 350,533 326,536 318,530 309,530 303,535 272,533 264,537 251,537 247,534 236,534 231,538 171,532 167,533 167,579 179,582 198,578 266,576 612,576 616,579 625,579 630,575 657,575 673,579 678,575 802,574 855,579 860,576 895,575 895,536 863,535 855,529 832,529 827,534 807,536 777,535 772,531 761,531 754,535 748,527"/>
        <Word id="region0004_line0003_word0000" custom="readingOrder {index:0;}">
          <Coords points="211,536 173,536 173,570 283,570 283,536 266,536 264,537 251,537 249,536 233,536 231,538"/>
          <TextEquiv conf="0.8844764">
            <Unicode>ſtandes</Unicode>
          </TextEquiv>
        </Word>
        <Word id="region0004_line0003_word0001" custom="readingOrder {index:1;}">
          <Coords points="324,535 308,535 308,566 447,566 447,537 409,537 407,535 374,535 372,537 354,536 352,535 334,535 326,536"/>
          <TextEquiv conf="0.8819831">
            <Unicode>betreiben.</Unicode>
          </TextEquiv>
        </Word>
        <Word id="region0004_line0003_word0002" custom="readingOrder {index:2;}">
          <Coords points="556,534 510,534 510,565 592,565 592,534 562,536"/>
          <TextEquiv conf="0.94828606">
            <Unicode>Denn</Unicode>
          </TextEquiv>
        </Word>
        <Word id="region0004_line0003_word0003" custom="readingOrder {index:3;}">
          <Coords points="616,535 683,535 683,567 616,567"/>
          <TextEquiv conf="0.8618622">
            <Unicode>ſonſt</Unicode>
          </TextEquiv>
        </Word>
        <Word id="region0004_line0003_word0004" custom="readingOrder {index:4;}">
          <Coords points="751,531 730,531 727,536 705,534 705,564 811,563 811,535 807,536 777,535 772,531 760,531 754,535"/>
          <TextEquiv>
            <Unicode>wuͤrden</Unicode>
          </TextEquiv>
        </Word>
        <Word id="region0004_line0003_word0005" custom="readingOrder {index:5;}">
          <Coords points="861,534 834,534 834,567 892,567 892,535 863,535"/>
          <TextEquiv conf="0.95683044">
            <Unicode>ihre</Unicode>
          </TextEquiv>
        </Word>
        <TextEquiv>
          <Unicode>ſtandes betreiben. Denn ſonſt wuͤrden ihre</Unicode>
        </TextEquiv>
      </TextLine>
      <TextLine id="region0004_line0004" custom="readingOrder {index:3;}">
        <Coords points="475,578 439,583 431,587 426,587 420,581 410,581 404,587 373,582 367,586 338,588 328,581 312,584 307,580 269,584 263,580 254,580 240,586 205,581 167,582 167,629 332,626 388,630 433,626 474,628 482,622 496,622 499,631 550,626 782,626 791,632 800,632 809,626 848,626 865,629 895,627 895,582 882,582 878,579 841,584 833,578 824,578 817,582 774,587 747,585 734,580 706,580 697,580 689,586 676,580 660,578 629,579 608,587 591,586 585,581 528,583 524,580 513,582"/>
        <Word id="region0004_line0004_word0000" custom="readingOrder {index:0;}">
          <Coords points="177,588 272,588 272,619 177,619"/>
          <TextEquiv conf="0.8832943">
            <Unicode>Werke</Unicode>
          </TextEquiv>
        </Word>
        <Word id="region0004_line0004_word0001" custom="readingOrder {index:1;}">
          <Coords points="293,588 348,588 348,618 293,618"/>
          <TextEquiv>
            <Unicode>kein</Unicode>
          </TextEquiv>
        </Word>
        <Word id="region0004_line0004_word0002" custom="readingOrder {index:2;}">
          <Coords points="371,589 450,589 450,621 371,621"/>
          <TextEquiv conf="0.9612829">
            <Unicode>freies</Unicode>
          </TextEquiv>
        </Word>
        <Word id="region0004_line0004_word0003" custom="readingOrder {index:3;}">
          <Coords points="496,624 550,624 550,586 467,586 467,624 479,624 482,622 496,622"/>
          <TextEquiv conf="0.96841407">
            <Unicode>Spiel</Unicode>
          </TextEquiv>
        </Word>
        <Word id="region0004_line0004_word0004" custom="readingOrder {index:4;}">
          <Coords points="574,590 617,590 617,618 574,618"/>
          <TextEquiv conf="0.92956513">
            <Unicode>der</Unicode>
          </TextEquiv>
        </Word>
        <Word id="region0004_line0004_word0005" custom="readingOrder {index:5;}">
          <Coords points="767,586 641,587 641,623 890,622 890,586 778,586 774,587"/>
          <TextEquiv>
            <Unicode>Einbildungskraft</Unicode>
          </TextEquiv>
        </Word>
        <TextEquiv>
          <Unicode>Werke kein freies Spiel der Einbildungskraft</Unicode>
        </TextEquiv>
      </TextLine>
      <TextLine id="region0004_line0005" custom="readingOrder {index:4;}">
        <Coords points="482,623 472,631 446,637 431,633 416,633 411,636 406,632 395,632 389,638 385,638 379,632 370,632 359,638 324,636 299,640 167,640 167,678 230,679 237,684 250,684 256,679 287,679 290,683 296,683 303,675 326,675 333,678 392,676 398,679 534,678 539,683 549,683 555,678 614,676 706,677 739,683 794,676 895,677 895,638 865,636 859,630 846,630 838,636 824,637 805,636 801,633 772,637 736,637 717,636 711,632 703,633 696,638 664,637 653,633 645,633 640,637 612,637 605,632 597,632 591,637 572,637 551,632 538,635 512,630 499,632 496,623"/>
        <Word id="region0004_line0005_word0000" custom="readingOrder {index:0;}">
          <Coords points="178,640 178,665 305,665 305,639 299,640"/>
          <TextEquiv conf="0.89778155">
            <Unicode>erregen,</Unicode>
          </TextEquiv>
        </Word>
        <Word id="region0004_line0005_word0001" custom="readingOrder {index:1;}">
          <Coords points="379,632 370,632 359,638 329,636 329,662 410,662 410,635 406,632 395,632 389,638 385,638"/>
          <TextEquiv conf="0.80574054">
            <Unicode>wobei</Unicode>
          </TextEquiv>
        </Word>
        <Word id="region0004_line0005_word0002" custom="readingOrder {index:2;}">
          <Coords points="427,633 427,671 479,671 479,625 472,631 446,637 431,633"/>
          <TextEquiv>
            <Unicode>der</Unicode>
          </TextEquiv>
        </Word>
        <Word id="region0004_line0005_word0003" custom="readingOrder {index:3;}">
          <Coords points="498,630 482,630 482,667 613,667 613,637 612,637 605,632 597,632 591,637 572,637 551,632 538,635 512,630 499,632"/>
          <TextEquiv conf="0.9642325">
            <Unicode>Verſtand</Unicode>
          </TextEquiv>
        </Word>
        <Word id="region0004_line0005_word0004" custom="readingOrder {index:4;}">
          <Coords points="629,637 629,659 713,658 713,633 711,632 703,633 696,638 664,637 653,633 645,633 640,637"/>
          <TextEquiv conf="0.9658438">
            <Unicode>etwas</Unicode>
          </TextEquiv>
        </Word>
        <Word id="region0004_line0005_word0005" custom="readingOrder {index:5;}">
          <Coords points="739,637 739,665 770,665 770,637"/>
          <TextEquiv conf="0.95959735">
            <Unicode>zu</Unicode>
          </TextEquiv>
        </Word>
        <Word id="region0004_line0005_word0006" custom="readingOrder {index:6;}">
          <Coords points="794,633 794,660 891,660 891,637 865,636 859,630 846,630 838,636 824,637 805,636 801,633"/>
          <TextEquiv conf="0.57004946">
            <Unicode>denken</Unicode>
          </TextEquiv>
        </Word>
        <TextEquiv>
          <Unicode>erregen, wobei der Verſtand etwas zu denken</Unicode>
        </TextEquiv>
      </TextLine>
      <TextLine id="region0004_line0006" custom="readingOrder {index:5;}">
        <Coords points="303,676 296,684 272,686 262,690 218,686 211,680 201,680 196,684 167,684 167,730 176,728 187,735 196,731 222,730 223,734 234,742 243,737 243,729 248,730 249,736 262,740 268,729 305,727 370,728 375,732 420,727 626,727 655,731 718,727 856,728 870,729 876,734 886,734 895,730 895,689 876,687 868,679 860,679 847,687 830,680 772,680 755,688 713,689 705,679 695,679 688,684 672,685 668,682 659,682 626,688 605,688 598,682 588,682 584,685 578,682 565,682 529,689 500,688 495,684 484,684 478,688 471,679 458,679 450,689 413,689 408,681 392,677 341,681 326,676"/>
        <Word id="region0004_line0006_word0000" custom="readingOrder {index:0;}">
          <Coords points="196,684 177,684 177,729 179,730 222,730 243,730 243,729 248,730 267,730 268,729 278,728 278,686 272,686 262,690 218,686 216,684"/>
          <TextEquiv>
            <Unicode>haͤtte,</Unicode>
          </TextEquiv>
        </Word>
        <Word id="region0004_line0006_word0001" custom="readingOrder {index:1;}">
          <Coords points="315,676 303,676 296,684 292,684 292,716 315,716"/>
          <TextEquiv conf="0.8671053">
            <Unicode>d.</Unicode>
          </TextEquiv>
        </Word>
        <Word id="region0004_line0006_word0002" custom="readingOrder {index:2;}">
          <Coords points="332,678 329,678 329,717 351,717 351,680 341,681"/>
          <TextEquiv conf="0.69171476">
            <Unicode>i.</Unicode>
          </TextEquiv>
        </Word>
        <Word id="region0004_line0006_word0003" custom="readingOrder {index:3;}">
          <Coords points="376,681 408,681 408,721 376,721"/>
          <TextEquiv>
            <Unicode>ſie</Unicode>
          </TextEquiv>
        </Word>
        <Word id="region0004_line0006_word0004" custom="readingOrder {index:4;}">
          <Coords points="474,684 454,684 450,689 428,689 428,717 535,717 535,687 529,689 500,688 495,684 484,684 478,688"/>
          <TextEquiv>
            <Unicode>wuͤrden</Unicode>
          </TextEquiv>
        </Word>
        <Word id="region0004_line0006_word0005" custom="readingOrder {index:5;}">
          <Coords points="603,687 563,687 563,717 634,717 634,687 631,687 626,688 605,688"/>
          <TextEquiv>
            <Unicode>keine</Unicode>
          </TextEquiv>
        </Word>
        <Word id="region0004_line0006_word0006" custom="readingOrder {index:6;}">
          <Coords points="670,684 656,684 656,719 764,718 764,684 755,688 713,689 709,684 688,684 688,684 672,685"/>
          <TextEquiv>
            <Unicode>ſchoͤnen</Unicode>
          </TextEquiv>
        </Word>
        <Word id="region0004_line0006_word0007" custom="readingOrder {index:7;}">
          <Coords points="839,684 787,684 787,722 892,722 892,688 876,687 873,684 851,684 847,687"/>
          <TextEquiv conf="0.269319">
            <Unicode>Werke,</Unicode>
          </TextEquiv>
        </Word>
        <TextEquiv>
          <Unicode>haͤtte, d. i. ſie wuͤrden keine ſchoͤnen Werke,</Unicode>
        </TextEquiv>
      </TextLine>
      <TextLine id="region0004_line0007" custom="readingOrder {index:6;}">
        <Coords points="171,729 167,731 167,780 279,778 365,781 744,780 809,778 820,770 820,744 815,739 733,739 721,737 716,733 663,734 659,737 639,738 618,733 549,740 541,731 530,730 524,735 506,736 492,733 485,737 460,740 446,740 439,733 429,733 425,736 418,733 405,733 400,736 372,733 362,738 326,732 310,732 306,735 281,738 276,733 268,733 262,741 246,736 234,743 223,735 207,740 189,740 185,734"/>
        <Word id="region0004_line0007_word0000" custom="readingOrder {index:0;}">
          <Coords points="176,731 173,731 173,768 234,768 234,743 223,735 207,740 189,740 185,734"/>
          <TextEquiv conf="0.9577549">
            <Unicode>und</Unicode>
          </TextEquiv>
        </Word>
        <Word id="region0004_line0007_word0001" custom="readingOrder {index:1;}">
          <Coords points="255,739 250,739 250,768 290,768 290,739 263,739 262,741"/>
          <TextEquiv conf="0.92506564">
            <Unicode>die</Unicode>
          </TextEquiv>
        </Word>
        <Word id="region0004_line0007_word0002" custom="readingOrder {index:2;}">
          <Coords points="305,738 389,738 389,773 305,773"/>
          <TextEquiv conf="0.91430366">
            <Unicode>Kunſt</Unicode>
          </TextEquiv>
        </Word>
        <Word id="region0004_line0007_word0003" custom="readingOrder {index:3;}">
          <Coords points="444,738 404,738 404,768 474,768 474,738 460,740 446,740"/>
          <TextEquiv conf="0.96363235">
            <Unicode>keine</Unicode>
          </TextEquiv>
        </Word>
        <Word id="region0004_line0007_word0004" custom="readingOrder {index:4;}">
          <Coords points="501,735 488,735 487,735 487,771 578,771 578,737 549,740 544,735 524,735 506,736"/>
          <TextEquiv conf="0.9133585">
            <Unicode>ſchoͤne</Unicode>
          </TextEquiv>
        </Word>
        <Word id="region0004_line0007_word0005" custom="readingOrder {index:5;}">
          <Coords points="595,738 681,738 681,773 595,773"/>
          <TextEquiv conf="0.92160463">
            <Unicode>Kunſt</Unicode>
          </TextEquiv>
        </Word>
        <Word id="region0004_line0007_word0006" custom="readingOrder {index:6;}">
          <Coords points="730,738 703,739 703,772 774,771 774,739 733,739"/>
          <TextEquiv>
            <Unicode>ſeyn.</Unicode>
          </TextEquiv>
        </Word>
        <TextEquiv>
          <Unicode>und die Kunſt keine ſchoͤne Kunſt ſeyn.</Unicode>
        </TextEquiv>
      </TextLine>
      <TextEquiv>
        <Unicode>jede ſchoͤne Kunſt, als ſolche, ein freies Spiel&#13;
der Einbildungskraft, als ein Geſchaͤft des Ver⸗&#13;
ſtandes betreiben. Denn ſonſt wuͤrden ihre&#13;
Werke kein freies Spiel der Einbildungskraft&#13;
erregen, wobei der Verſtand etwas zu denken&#13;
haͤtte, d. i. ſie wuͤrden keine ſchoͤnen Werke,&#13;
und die Kunſt keine ſchoͤne Kunſt ſeyn.</Unicode>
      </TextEquiv>
    </TextRegion>
    <TextRegion orientation="0.093245804" readingDirection="left-to-right" id="region0005" custom="readingOrder {index:1;}">
      <Coords points="148,811 897,809 899,1622 150,1624"/>
      <TextLine id="region0005_line0001" custom="readingOrder {index:0;}">
        <Coords points="204,811 202,837 209,843 209,857 212,861 228,863 312,861 320,856 335,855 369,856 373,859 388,856 459,856 468,861 477,861 482,857 508,856 522,859 537,856 538,861 544,864 557,864 561,856 595,855 611,855 616,859 635,856 671,861 715,860 727,855 798,854 857,857 896,854 896,810 815,810 800,815 788,815 782,810 773,810 766,815 744,815 735,810 653,811 641,815 635,815 630,811 616,811 610,816 604,811 574,812 570,815 565,811 498,811 491,815 488,811 469,811 464,816 456,811 435,811 424,816 396,816 386,811 335,811 331,815 320,816 306,816 290,811"/>
        <Word id="region0005_line0001_word0001" custom="readingOrder {index:0;}">
          <Coords points="421,856 421,822 257,822 257,857 318,857 320,856 335,855 369,856 370,857 383,857 388,856"/>
          <TextEquiv>
            <Unicode>Jnzwiſchen</Unicode>
          </TextEquiv>
        </Word>
        <Word id="region0005_line0001_word0002" custom="readingOrder {index:1;}">
          <Coords points="497,856 497,822 435,822 435,856 459,856 460,857 482,857"/>
          <TextEquiv conf="0.9646742">
            <Unicode>ließe</Unicode>
          </TextEquiv>
        </Word>
        <Word id="region0005_line0001_word0003" custom="readingOrder {index:2;}">
          <Coords points="564,855 564,821 514,821 514,857 522,859 537,856 538,861 544,864 557,864 561,856"/>
          <TextEquiv conf="0.8657016">
            <Unicode>ſich</Unicode>
          </TextEquiv>
        </Word>
        <Word id="region0005_line0001_word0004" custom="readingOrder {index:3;}">
          <Coords points="576,822 654,822 654,855 576,855"/>
          <TextEquiv conf="0.94722056">
            <Unicode>dieſer</Unicode>
          </TextEquiv>
        </Word>
        <Word id="region0005_line0001_word0005" custom="readingOrder {index:4;}">
          <Coords points="760,854 760,821 670,822 670,857 723,856 727,855"/>
          <TextEquiv conf="0.941512">
            <Unicode>Fehler</Unicode>
          </TextEquiv>
        </Word>
        <Word id="region0005_line0001_word0006" custom="readingOrder {index:5;}">
          <Coords points="773,823 816,823 816,850 773,850"/>
          <TextEquiv conf="0.96031815">
            <Unicode>der</Unicode>
          </TextEquiv>
        </Word>
        <Word id="region0005_line0001_word0007" custom="readingOrder {index:6;}">
          <Coords points="838,819 893,819 893,853 838,853"/>
          <TextEquiv>
            <Unicode>De⸗</Unicode>
          </TextEquiv>
        </Word>
        <TextEquiv>
          <Unicode>Jnzwiſchen ließe ſich dieſer Fehler der De⸗</Unicode>
        </TextEquiv>
      </TextLine>
      <TextLine id="region0005_line0002" custom="readingOrder {index:1;}">
        <Coords points="485,859 478,861 474,868 435,868 429,861 418,861 412,868 382,867 374,861 361,862 356,867 319,867 314,862 304,862 298,867 275,868 254,868 246,862 212,862 208,866 192,860 148,861 148,908 167,908 173,903 185,911 192,907 297,905 365,907 375,910 383,907 458,906 495,910 499,913 535,908 549,909 555,906 568,907 574,912 584,912 598,906 639,906 644,910 653,910 658,906 717,905 728,906 733,910 744,909 747,906 776,904 817,904 857,909 896,907 896,866 878,866 870,859 844,860 838,866 795,866 772,861 766,865 739,868 705,865 697,860 670,864 658,864 653,860 629,860 610,866 584,866 580,863 558,866 544,865 527,859"/>
        <Word id="region0005_line0002_word0000" custom="readingOrder {index:0;}">
          <Coords points="254,868 175,868 175,904 176,905 284,905 284,868 275,868"/>
          <TextEquiv conf="0.9565331">
            <Unicode>finition</Unicode>
          </TextEquiv>
        </Word>
        <Word id="region0005_line0002_word0001" custom="readingOrder {index:1;}">
          <Coords points="306,868 382,868 382,900 306,900"/>
          <TextEquiv conf="0.9384754">
            <Unicode>durch</Unicode>
          </TextEquiv>
        </Word>
        <Word id="region0005_line0002_word0002" custom="readingOrder {index:2;}">
          <Coords points="405,868 481,868 481,897 405,897"/>
          <TextEquiv conf="0.9318727">
            <Unicode>einen</Unicode>
          </TextEquiv>
        </Word>
        <Word id="region0005_line0002_word0003" custom="readingOrder {index:3;}">
          <Coords points="500,867 585,867 585,903 500,903"/>
          <TextEquiv conf="0.92331535">
            <Unicode>Zuſatz</Unicode>
          </TextEquiv>
        </Word>
        <Word id="region0005_line0002_word0004" custom="readingOrder {index:4;}">
          <Coords points="718,866 607,867 607,902 745,901 745,867 739,868"/>
          <TextEquiv conf="0.91786575">
            <Unicode>abhelfen,</Unicode>
          </TextEquiv>
        </Word>
        <Word id="region0005_line0002_word0005" custom="readingOrder {index:5;}">
          <Coords points="773,869 822,869 822,895 773,895"/>
          <TextEquiv conf="0.9609994">
            <Unicode>den</Unicode>
          </TextEquiv>
        </Word>
        <Word id="region0005_line0002_word0006" custom="readingOrder {index:6;}">
          <Coords points="847,867 891,867 891,900 847,900"/>
          <TextEquiv conf="0.9609994">
            <Unicode>ihr</Unicode>
          </TextEquiv>
        </Word>
        <TextEquiv conf="0.9414373">
          <Unicode>finition durch einen Zuſatz abhelfen, den ihr</Unicode>
        </TextEquiv>
      </TextLine>
      <TextLine id="region0005_line0003" custom="readingOrder {index:2;}">
        <Coords points="173,904 166,912 148,912 148,924 149,958 162,960 330,956 392,957 396,960 405,960 409,957 451,957 459,951 465,951 471,957 537,957 541,960 554,957 593,957 597,960 607,960 612,956 626,956 636,961 642,960 645,956 707,955 713,947 720,948 727,959 733,955 854,955 873,958 897,956 896,917 851,916 835,909 785,909 767,917 756,917 750,910 737,911 733,917 716,917 709,910 700,911 695,915 688,911 679,911 672,917 652,916 643,912 611,917 605,911 595,911 585,918 553,917 548,912 538,912 529,917 453,919 441,918 435,912 425,912 416,917 404,911 382,912 365,908 313,917 292,914 278,918 264,917 259,912 232,909 224,918 209,918 185,912"/>
        <Word id="region0005_line0003_word0000" custom="readingOrder {index:0;}">
          <Coords points="154,912 155,946 331,946 330,914 313,917 292,914 278,918 264,917 259,912 232,909 224,918 209,918 185,912 173,904 166,912"/>
          <TextEquiv conf="0.90577096">
            <Unicode>beruͤhmter</Unicode>
          </TextEquiv>
        </Word>
        <Word id="region0005_line0003_word0001" custom="readingOrder {index:1;}">
          <Coords points="373,910 353,910 352,910 353,945 469,945 468,918 453,919 441,918 435,912 425,912 416,917 404,911 382,912"/>
          <TextEquiv conf="0.92613816">
            <Unicode>Urheber</Unicode>
          </TextEquiv>
        </Word>
        <Word id="region0005_line0003_word0002" custom="readingOrder {index:2;}">
          <Coords points="549,913 536,913 529,917 491,918 492,944 554,944 553,917 553,917"/>
          <TextEquiv conf="0.8761578">
            <Unicode>auch</Unicode>
          </TextEquiv>
        </Word>
        <Word id="region0005_line0003_word0003" custom="readingOrder {index:3;}">
          <Coords points="605,911 593,911 585,918 576,917 577,945 728,944 727,917 716,917 710,911 699,911 695,915 688,911 678,911 672,917 652,916 643,912 611,917"/>
          <TextEquiv conf="0.90559405">
            <Unicode>ohnſtreitig</Unicode>
          </TextEquiv>
        </Word>
        <Word id="region0005_line0003_word0004" custom="readingOrder {index:4;}">
          <Coords points="751,912 742,912 743,940 779,940 778,912 767,917 756,917"/>
          <TextEquiv conf="0.9673642">
            <Unicode>im</Unicode>
          </TextEquiv>
        </Word>
        <Word id="region0005_line0003_word0005" custom="readingOrder {index:5;}">
          <Coords points="839,911 795,911 796,943 891,943 890,916 851,916"/>
          <TextEquiv conf="0.86389697">
            <Unicode>Sinne</Unicode>
          </TextEquiv>
        </Word>
        <TextEquiv conf="0.90748703">
          <Unicode>beruͤhmter Urheber auch ohnſtreitig im Sinne</Unicode>
        </TextEquiv>
      </TextLine>
      <TextLine id="region0005_line0004" custom="readingOrder {index:3;}">
        <Coords points="713,948 707,956 708,959 666,960 657,963 578,961 567,969 553,970 516,969 502,967 495,962 471,966 471,958 465,952 453,956 450,965 441,961 415,960 406,968 400,969 365,968 327,961 266,962 264,959 245,960 244,966 214,968 197,966 192,962 149,963 149,1010 179,1010 183,1013 193,1013 198,1009 225,1011 229,1008 374,1006 422,1008 425,1012 431,1012 441,1006 479,1007 483,1010 493,1006 504,1006 510,1013 518,1013 539,1005 568,1004 625,1009 807,1006 812,1010 825,1007 869,1007 874,1011 882,1011 889,1007 897,1007 897,968 875,967 860,961 815,962 802,966 780,965 773,960 762,960 756,964 727,963 720,949"/>
        <Word id="region0005_line0004_word0000" custom="readingOrder {index:0;}">
          <Coords points="179,962 179,994 263,994 263,959 245,960 244,966 214,968 197,966 192,962"/>
          <TextEquiv>
            <Unicode>hatte.</Unicode>
          </TextEquiv>
        </Word>
        <Word id="region0005_line0004_word0001" custom="readingOrder {index:1;}">
          <Coords points="293,971 293,999 366,989 366,968 365,968 327,961"/>
          <TextEquiv>
            <Unicode>Man</Unicode>
          </TextEquiv>
        </Word>
        <Word id="region0005_line0004_word0002" custom="readingOrder {index:2;}">
          <Coords points="381,968 381,998 467,998 467,954 465,952 453,956 450,965 441,961 415,960 406,968 400,969"/>
          <TextEquiv>
            <Unicode>muͤßte</Unicode>
          </TextEquiv>
        </Word>
        <Word id="region0005_line0004_word0003" custom="readingOrder {index:3;}">
          <Coords points="483,964 483,993 579,993 579,961 578,961 567,969 553,970 516,969 502,967 495,962"/>
          <TextEquiv>
            <Unicode>ſagen:</Unicode>
          </TextEquiv>
        </Word>
        <Word id="region0005_line0004_word0005" custom="readingOrder {index:4;}">
          <Coords points="612,961 612,989 665,989 665,960 657,963"/>
          <TextEquiv conf="0.9665966">
            <Unicode>Die</Unicode>
          </TextEquiv>
        </Word>
        <Word id="region0005_line0004_word0006" custom="readingOrder {index:5;}">
          <Coords points="725,959 708,959 708,959 680,960 680,992 831,991 831,962 815,962 802,966 780,965 773,960 762,960 756,964 727,963"/>
          <TextEquiv conf="0.86193585">
            <Unicode>Dichtkunſt</Unicode>
          </TextEquiv>
        </Word>
        <Word id="region0005_line0004_word0007" custom="readingOrder {index:6;}">
          <Coords points="848,961 848,992 890,992 890,967 875,967 860,961"/>
          <TextEquiv conf="0.9598479">
            <Unicode>ſey</Unicode>
          </TextEquiv>
        </Word>
        <TextEquiv>
          <Unicode>hatte. Man muͤßte ſagen: Die Dichtkunſt ſey</Unicode>
        </TextEquiv>
      </TextLine>
      <TextLine id="region0005_line0005" custom="readingOrder {index:4;}">
        <Coords points="568,1005 539,1006 532,1008 527,1014 510,1014 504,1007 493,1007 486,1014 480,1015 456,1013 450,1007 441,1007 431,1013 416,1014 363,1007 334,1009 323,1014 306,1013 290,1018 258,1012 227,1014 212,1018 206,1013 149,1015 149,1059 295,1058 303,1061 324,1059 336,1062 340,1059 373,1056 438,1057 443,1061 452,1061 458,1057 646,1056 713,1056 717,1059 729,1056 790,1056 848,1061 853,1058 897,1057 897,1012 894,1011 871,1014 867,1011 852,1013 819,1010 784,1013 773,1017 764,1011 755,1011 748,1018 736,1017 729,1012 718,1012 712,1017 690,1019 683,1012 673,1012 667,1017 622,1008"/>
        <Word id="region0005_line0005_word0000" custom="readingOrder {index:0;}">
          <Coords points="180,1018 220,1018 220,1047 180,1047"/>
          <TextEquiv conf="0.93125105">
            <Unicode>die</Unicode>
          </TextEquiv>
        </Word>
        <Word id="region0005_line0005_word0001" custom="readingOrder {index:1;}">
          <Coords points="238,1018 339,1018 339,1052 238,1052"/>
          <TextEquiv conf="0.9209466">
            <Unicode>Kunſt,</Unicode>
          </TextEquiv>
        </Word>
        <Word id="region0005_line0005_word0002" custom="readingOrder {index:2;}">
          <Coords points="408,1013 364,1013 364,1053 457,1053 457,1013 456,1013 431,1013 416,1014"/>
          <TextEquiv conf="0.92235565">
            <Unicode>durch</Unicode>
          </TextEquiv>
        </Word>
        <Word id="region0005_line0005_word0003" custom="readingOrder {index:3;}">
          <Coords points="510,1014 486,1014 480,1015 476,1014 476,1049 542,1049 542,1014 527,1014"/>
          <TextEquiv conf="0.925335">
            <Unicode>eine</Unicode>
          </TextEquiv>
        </Word>
        <Word id="region0005_line0005_word0004" custom="readingOrder {index:4;}">
          <Coords points="642,1012 557,1012 557,1049 647,1049 647,1013"/>
          <TextEquiv conf="0.9207281">
            <Unicode>Rede</Unicode>
          </TextEquiv>
        </Word>
        <Word id="region0005_line0005_word0005" custom="readingOrder {index:5;}">
          <Coords points="661,1019 702,1019 702,1047 661,1047"/>
          <TextEquiv conf="0.9207281">
            <Unicode>ein</Unicode>
          </TextEquiv>
        </Word>
        <Word id="region0005_line0005_word0006" custom="readingOrder {index:6;}">
          <Coords points="736,1017 718,1017 718,1049 795,1049 795,1017 773,1017 749,1017 748,1018"/>
          <TextEquiv conf="0.92314476">
            <Unicode>freies</Unicode>
          </TextEquiv>
        </Word>
        <Word id="region0005_line0005_word0007" custom="readingOrder {index:7;}">
          <Coords points="810,1016 892,1016 892,1051 810,1051"/>
          <TextEquiv conf="0.9256363">
            <Unicode>Spiel</Unicode>
          </TextEquiv>
        </Word>
        <TextEquiv conf="0.92376566">
          <Unicode>die Kunſt, durch eine Rede ein freies Spiel</Unicode>
        </TextEquiv>
      </TextLine>
      <TextLine id="region0005_line0006" custom="readingOrder {index:5;}">
        <Coords points="190,1058 178,1067 149,1066 149,1110 263,1111 343,1108 378,1109 388,1114 396,1114 409,1109 475,1111 659,1108 663,1111 673,1111 677,1108 727,1109 798,1106 872,1109 877,1106 897,1105 897,1067 877,1067 857,1061 802,1061 785,1066 771,1066 767,1063 720,1062 714,1058 705,1059 700,1064 683,1063 679,1066 628,1061 595,1069 590,1069 584,1063 574,1063 568,1069 532,1064 522,1064 517,1068 489,1068 478,1063 467,1063 461,1068 443,1069 433,1060 423,1059 415,1066 386,1071 381,1068 354,1069 333,1063 300,1063 292,1067 276,1063 236,1064 206,1070 203,1060"/>
        <Word id="region0005_line0006_word0000" custom="readingOrder {index:0;}">
          <Coords points="203,1060 187,1060 180,1065 180,1097 225,1097 225,1066 206,1070"/>
          <TextEquiv conf="0.93303925">
            <Unicode>der</Unicode>
          </TextEquiv>
        </Word>
        <Word id="word_1650968081090_216" custom="readingOrder {index:1;}">
          <Coords points="243,1063 333,1063 436,1063 478,1063 489,1068 489,1098 404,1107 243,1107"/>
          <TextEquiv>
            <Unicode>Einbildungskraft</Unicode>
          </TextEquiv>
        </Word>
        <Word id="region0005_line0006_word0003" custom="readingOrder {index:2;}">
          <Coords points="504,1069 545,1069 545,1097 504,1097"/>
          <TextEquiv conf="0.9595561">
            <Unicode>als</Unicode>
          </TextEquiv>
        </Word>
        <Word id="region0005_line0006_word0004" custom="readingOrder {index:3;}">
          <Coords points="589,1068 569,1068 568,1069 561,1068 561,1099 604,1099 604,1068 599,1068 595,1069 590,1069"/>
          <TextEquiv conf="0.91979605">
            <Unicode>ein</Unicode>
          </TextEquiv>
        </Word>
        <Word id="region0005_line0006_word0005" custom="readingOrder {index:4;}">
          <Coords points="665,1064 620,1065 620,1100 744,1099 744,1064 680,1064 679,1066"/>
          <TextEquiv>
            <Unicode>Geſchaͤft</Unicode>
          </TextEquiv>
        </Word>
        <Word id="region0005_line0006_word0006" custom="readingOrder {index:5;}">
          <Coords points="757,1070 802,1070 802,1098 757,1098"/>
          <TextEquiv conf="0.96104467">
            <Unicode>des</Unicode>
          </TextEquiv>
        </Word>
        <Word id="region0005_line0006_word0007" custom="readingOrder {index:6;}">
          <Coords points="822,1067 892,1067 892,1099 822,1099"/>
          <TextEquiv>
            <Unicode>Ver⸗</Unicode>
          </TextEquiv>
        </Word>
        <TextEquiv>
          <Unicode>der Einbildungskraft als ein Geſchaͤft des Ver⸗</Unicode>
        </TextEquiv>
      </TextLine>
      <TextLine id="region0005_line0007" custom="readingOrder {index:6;}">
        <Coords points="409,1110 404,1114 389,1115 378,1120 364,1120 357,1115 347,1115 342,1120 325,1121 286,1120 280,1116 271,1116 266,1120 252,1120 247,1116 222,1120 192,1114 149,1116 149,1163 174,1162 179,1166 189,1166 200,1160 338,1159 370,1165 376,1161 402,1163 406,1160 422,1160 427,1164 435,1164 440,1160 477,1159 652,1159 662,1162 670,1159 685,1160 692,1156 706,1159 746,1158 750,1161 801,1156 842,1157 848,1154 862,1157 897,1157 897,1118 864,1118 857,1111 847,1111 838,1118 805,1116 801,1113 781,1117 775,1114 764,1116 760,1113 747,1113 734,1118 684,1120 672,1119 666,1113 656,1113 646,1119 618,1120 601,1113 572,1110 516,1112 503,1121 461,1121"/>
        <Word id="region0005_line0007_word0000" custom="readingOrder {index:0;}">
          <Coords points="217,1119 178,1119 178,1154 282,1154 282,1119 267,1119 266,1120 252,1120 250,1119 228,1119 222,1120"/>
          <TextEquiv conf="0.763773">
            <Unicode>ſtandes</Unicode>
          </TextEquiv>
        </Word>
        <Word id="region0005_line0007_word0001" custom="readingOrder {index:1;}">
          <Coords points="427,1114 404,1114 389,1115 378,1120 364,1120 357,1115 347,1115 342,1120 325,1121 306,1120 306,1153 497,1153 497,1121 461,1121"/>
          <TextEquiv>
            <Unicode>auszufuͤhren.</Unicode>
          </TextEquiv>
        </Word>
        <Word id="region0005_line0007_word0002" custom="readingOrder {index:2;}">
          <Coords points="607,1115 562,1116 562,1153 803,1152 803,1115 790,1115 781,1117 777,1115 768,1115 764,1116 762,1115 741,1115 734,1118 684,1120 672,1119 668,1115 651,1115 646,1119 618,1120"/>
          <TextEquiv conf="0.92350096">
            <Unicode>Demohngeachtet</Unicode>
          </TextEquiv>
        </Word>
        <Word id="region0005_line0007_word0003" custom="readingOrder {index:3;}">
          <Coords points="828,1118 890,1118 890,1147 828,1147"/>
          <TextEquiv conf="0.96507204">
            <Unicode>aber</Unicode>
          </TextEquiv>
        </Word>
        <TextEquiv>
          <Unicode>ſtandes auszufuͤhren. Demohngeachtet aber</Unicode>
        </TextEquiv>
      </TextLine>
      <TextLine id="region0005_line0008" custom="readingOrder {index:7;}">
        <Coords points="848,1155 836,1161 797,1159 768,1166 761,1162 743,1165 722,1162 717,1158 692,1157 685,1161 687,1169 674,1169 667,1162 641,1166 637,1169 627,1169 621,1163 610,1163 599,1169 586,1161 575,1161 570,1164 554,1161 514,1171 506,1170 500,1165 476,1169 468,1163 460,1163 452,1169 428,1171 400,1170 380,1165 363,1168 357,1164 346,1164 340,1170 331,1171 306,1170 301,1166 283,1169 277,1165 268,1165 264,1168 251,1168 245,1164 218,1165 212,1172 149,1171 149,1212 175,1211 183,1217 200,1217 205,1211 216,1211 242,1216 246,1212 350,1210 355,1206 363,1206 376,1212 393,1211 401,1214 425,1211 438,1214 448,1209 454,1209 458,1214 470,1213 475,1209 547,1210 551,1213 559,1213 564,1209 614,1209 620,1214 628,1214 636,1213 642,1206 653,1202 660,1208 690,1208 704,1214 718,1208 740,1207 795,1207 799,1211 811,1213 817,1207 871,1207 897,1203 897,1167 872,1166 866,1164 859,1156"/>
        <Word id="region0005_line0008_word0000" custom="readingOrder {index:0;}">
          <Coords points="178,1171 178,1204 246,1204 246,1165 218,1165 212,1172"/>
          <TextEquiv conf="0.96791154">
            <Unicode>weiß</Unicode>
          </TextEquiv>
        </Word>
        <Word id="region0005_line0008_word0001" custom="readingOrder {index:1;}">
          <Coords points="278,1166 269,1166 269,1199 306,1199 306,1170 301,1166 283,1169"/>
          <TextEquiv conf="0.9550566">
            <Unicode>ich</Unicode>
          </TextEquiv>
        </Word>
        <Word id="region0005_line0008_word0002" custom="readingOrder {index:2;}">
          <Coords points="360,1166 344,1166 340,1170 331,1171 329,1170 329,1201 414,1201 414,1170 400,1170 384,1166 374,1166 363,1168"/>
          <TextEquiv conf="0.8920971">
            <Unicode>nicht,</Unicode>
          </TextEquiv>
        </Word>
        <Word id="region0005_line0008_word0003" custom="readingOrder {index:3;}">
          <Coords points="470,1165 457,1165 452,1169 434,1170 434,1200 475,1200 475,1168"/>
          <TextEquiv conf="0.9100159">
            <Unicode>ob</Unicode>
          </TextEquiv>
        </Word>
        <Word id="region0005_line0008_word0004" custom="readingOrder {index:4;}">
          <Coords points="503,1168 492,1168 492,1197 534,1197 534,1168 526,1168 514,1171 506,1170"/>
          <TextEquiv conf="0.91231424">
            <Unicode>der</Unicode>
          </TextEquiv>
        </Word>
        <Word id="region0005_line0008_word0005" custom="readingOrder {index:5;}">
          <Coords points="537,1165 537,1201 780,1200 780,1163 768,1166 761,1162 743,1165 722,1162 717,1158 692,1157 685,1161 687,1169 674,1169 667,1162 641,1166 637,1169 627,1169 621,1163 610,1163 599,1169 586,1161 575,1161 570,1164 554,1161"/>
          <TextEquiv conf="0.40452838">
            <Unicode>Koͤnigsbergiſche</Unicode>
          </TextEquiv>
        </Word>
        <Word id="region0005_line0008_word0006" custom="readingOrder {index:6;}">
          <Coords points="860,1158 842,1158 836,1161 797,1159 794,1159 794,1202 890,1202 890,1166 872,1166 866,1164"/>
          <TextEquiv>
            <Unicode>Philo⸗</Unicode>
          </TextEquiv>
        </Word>
        <TextEquiv>
          <Unicode>weiß ich nicht, ob der Koͤnigsbergiſche Philo⸗</Unicode>
        </TextEquiv>
      </TextLine>
      <TextLine id="region0005_line0009" custom="readingOrder {index:8;}">
        <Coords points="650,1203 638,1211 636,1219 614,1219 609,1214 600,1214 590,1219 583,1210 571,1210 563,1220 486,1220 478,1219 472,1213 458,1216 442,1213 433,1219 427,1219 421,1213 376,1213 363,1207 328,1215 312,1214 307,1218 305,1213 296,1211 266,1217 226,1216 220,1220 149,1217 149,1218 149,1263 189,1265 193,1262 202,1262 208,1267 217,1267 223,1261 237,1264 242,1261 280,1258 306,1258 311,1262 321,1262 326,1258 397,1259 402,1264 410,1264 416,1258 632,1258 646,1259 653,1264 663,1264 679,1258 729,1260 792,1257 797,1261 807,1261 812,1257 851,1257 872,1258 878,1263 897,1259 896,1220 849,1218 842,1211 833,1211 822,1217 798,1211 792,1214 759,1214 755,1211 739,1214 728,1213 723,1209 706,1215 701,1220 657,1220 660,1209"/>
        <Word id="region0005_line0009_word0000" custom="readingOrder {index:0;}">
          <Coords points="179,1218 179,1250 242,1250 242,1216 226,1216 220,1220"/>
          <TextEquiv>
            <Unicode>ſoph</Unicode>
          </TextEquiv>
        </Word>
        <Word id="region0005_line0009_word0001" custom="readingOrder {index:1;}">
          <Coords points="270,1216 270,1247 334,1247 334,1213 328,1215 312,1214 307,1218 305,1213 296,1211"/>
          <TextEquiv conf="0.96785355">
            <Unicode>dieſe</Unicode>
          </TextEquiv>
        </Word>
        <Word id="region0005_line0009_word0002" custom="readingOrder {index:2;}">
          <Coords points="357,1208 357,1249 509,1249 509,1220 486,1220 478,1219 472,1213 458,1216 442,1213 433,1219 427,1219 421,1213 376,1213 363,1207"/>
          <TextEquiv>
            <Unicode>Definition</Unicode>
          </TextEquiv>
        </Word>
        <Word id="region0005_line0009_word0003" custom="readingOrder {index:3;}">
          <Coords points="583,1210 571,1210 563,1220 541,1220 541,1242 629,1242 629,1219 614,1219 609,1214 600,1214 590,1219"/>
          <TextEquiv>
            <Unicode>wuͤrde</Unicode>
          </TextEquiv>
        </Word>
        <Word id="region0005_line0009_word0004" custom="readingOrder {index:4;}">
          <Coords points="646,1205 646,1248 767,1247 767,1214 759,1214 755,1211 739,1214 728,1213 723,1209 706,1215 701,1220 657,1220 660,1209 650,1203"/>
          <TextEquiv>
            <Unicode>gewaͤhlt</Unicode>
          </TextEquiv>
        </Word>
        <Word id="region0005_line0009_word0005" custom="readingOrder {index:5;}">
          <Coords points="842,1211 833,1211 822,1217 798,1211 795,1212 795,1246 890,1246 890,1219 849,1218"/>
          <TextEquiv>
            <Unicode>haben,</Unicode>
          </TextEquiv>
        </Word>
        <TextEquiv>
          <Unicode>ſoph dieſe Definition wuͤrde gewaͤhlt haben,</Unicode>
        </TextEquiv>
      </TextLine>
      <TextLine id="region0005_line0010" custom="readingOrder {index:9;}">
        <Coords points="717,1260 708,1270 640,1270 634,1264 623,1264 612,1271 560,1271 485,1263 410,1265 395,1271 369,1271 355,1270 346,1263 338,1263 331,1268 301,1266 296,1270 272,1272 149,1272 149,1311 296,1308 331,1308 335,1311 345,1311 349,1308 369,1308 463,1309 466,1313 476,1314 483,1309 544,1309 550,1314 561,1315 570,1309 580,1308 616,1308 621,1312 630,1312 634,1309 742,1307 773,1312 783,1309 897,1308 897,1270 861,1270 854,1263 843,1263 837,1270 788,1273 772,1270 735,1270 729,1261"/>
        <Word id="region0005_line0010_word0000" custom="readingOrder {index:0;}">
          <Coords points="180,1273 260,1273 260,1297 180,1297"/>
          <TextEquiv conf="0.9644925">
            <Unicode>wenn</Unicode>
          </TextEquiv>
        </Word>
        <Word id="region0005_line0010_word0001" custom="readingOrder {index:1;}">
          <Coords points="284,1271 284,1296 311,1296 311,1270 296,1270"/>
          <TextEquiv conf="0.92264396">
            <Unicode>es</Unicode>
          </TextEquiv>
        </Word>
        <Word id="region0005_line0010_word0002" custom="readingOrder {index:2;}">
          <Coords points="351,1267 337,1267 337,1298 402,1298 402,1268 395,1271 369,1271 355,1270"/>
          <TextEquiv conf="0.9229402">
            <Unicode>ſeine</Unicode>
          </TextEquiv>
        </Word>
        <Word id="region0005_line0010_word0003" custom="readingOrder {index:3;}">
          <Coords points="429,1268 526,1268 526,1302 429,1302"/>
          <TextEquiv conf="0.89532137">
            <Unicode>Abſicht</Unicode>
          </TextEquiv>
        </Word>
        <Word id="region0005_line0010_word0004" custom="readingOrder {index:4;}">
          <Coords points="638,1268 616,1268 612,1271 560,1271 551,1270 551,1303 664,1303 664,1270 640,1270"/>
          <TextEquiv conf="0.9577417">
            <Unicode>geweſen</Unicode>
          </TextEquiv>
        </Word>
        <Word id="region0005_line0010_word0005" custom="readingOrder {index:5;}">
          <Coords points="731,1264 712,1264 708,1270 687,1270 687,1301 783,1300 783,1272 772,1270 735,1270"/>
          <TextEquiv conf="0.86284673">
            <Unicode>waͤre,</Unicode>
          </TextEquiv>
        </Word>
        <Word id="region0005_line0010_word0006" custom="readingOrder {index:6;}">
          <Coords points="857,1266 840,1266 837,1270 832,1270 832,1295 891,1295 891,1270 861,1270"/>
          <TextEquiv conf="0.9660892">
            <Unicode>eine</Unicode>
          </TextEquiv>
        </Word>
        <TextEquiv conf="0.9274394">
          <Unicode>wenn es ſeine Abſicht geweſen waͤre, eine</Unicode>
        </TextEquiv>
      </TextLine>
      <TextLine id="region0005_line0011" custom="readingOrder {index:10;}">
        <Coords points="763,1311 755,1314 750,1322 705,1322 699,1315 683,1314 673,1314 667,1321 650,1320 642,1315 631,1315 626,1318 621,1314 612,1314 606,1318 566,1321 533,1318 528,1315 490,1320 471,1314 446,1319 441,1315 428,1317 415,1313 362,1313 345,1320 328,1320 323,1316 312,1316 307,1320 286,1321 279,1314 269,1314 262,1322 255,1323 220,1316 152,1315 149,1315 149,1363 206,1363 217,1368 226,1363 257,1361 263,1357 275,1360 343,1358 434,1362 549,1361 554,1365 565,1365 573,1361 619,1363 657,1360 897,1359 897,1321 853,1320 849,1315 836,1311"/>
        <Word id="region0005_line0011_word0000" custom="readingOrder {index:0;}">
          <Coords points="245,1321 178,1321 178,1358 261,1358 263,1357 267,1358 293,1358 293,1321 286,1321 262,1321 262,1322 255,1323"/>
          <TextEquiv conf="0.89438653">
            <Unicode>Theorie</Unicode>
          </TextEquiv>
        </Word>
        <Word id="region0005_line0011_word0001" custom="readingOrder {index:1;}">
          <Coords points="314,1323 357,1323 357,1349 314,1349"/>
          <TextEquiv conf="0.9694982">
            <Unicode>der</Unicode>
          </TextEquiv>
        </Word>
        <Word id="region0005_line0011_word0002" custom="readingOrder {index:2;}">
          <Coords points="381,1321 533,1321 533,1353 381,1353"/>
          <TextEquiv conf="0.9282003">
            <Unicode>Dichtkunſt</Unicode>
          </TextEquiv>
        </Word>
        <Word id="region0005_line0011_word0003" custom="readingOrder {index:3;}">
          <Coords points="556,1329 585,1329 585,1356 556,1356"/>
          <TextEquiv conf="0.93140876">
            <Unicode>zu</Unicode>
          </TextEquiv>
        </Word>
        <Word id="region0005_line0011_word0004" custom="readingOrder {index:4;}">
          <Coords points="660,1321 601,1321 601,1353 745,1352 745,1322 705,1322 704,1320 667,1321 667,1321"/>
          <TextEquiv conf="0.86479294">
            <Unicode>ſchreiben.</Unicode>
          </TextEquiv>
        </Word>
        <Word id="region0005_line0011_word0005" custom="readingOrder {index:5;}">
          <Coords points="852,1319 806,1319 806,1349 890,1349 890,1320 853,1320"/>
          <TextEquiv conf="0.959135">
            <Unicode>Denn</Unicode>
          </TextEquiv>
        </Word>
        <TextEquiv conf="0.92457026">
          <Unicode>Theorie der Dichtkunſt zu ſchreiben. Denn</Unicode>
        </TextEquiv>
      </TextLine>
      <TextLine id="region0005_line0012" custom="readingOrder {index:11;}">
        <Coords points="263,1358 257,1362 256,1367 227,1366 209,1370 202,1365 193,1365 188,1369 149,1369 149,1412 377,1408 404,1412 436,1412 441,1417 450,1417 462,1411 538,1409 704,1411 710,1415 723,1416 732,1410 804,1410 814,1414 823,1410 885,1411 897,1407 897,1370 860,1363 817,1366 790,1363 784,1368 765,1368 758,1363 749,1363 742,1367 696,1373 644,1364 620,1365 609,1369 585,1363 532,1370 519,1366 501,1368 497,1365 486,1365 474,1369 469,1365 444,1364 401,1364 377,1368 365,1367 360,1363 341,1366 335,1361 325,1361 316,1369 300,1369 279,1367 276,1361"/>
        <Word id="region0005_line0012_word0000" custom="readingOrder {index:0;}">
          <Coords points="188,1369 177,1369 177,1401 219,1401 219,1369 213,1369 209,1370 207,1369"/>
          <TextEquiv conf="0.9329883">
            <Unicode>die</Unicode>
          </TextEquiv>
        </Word>
        <Word id="region0005_line0012_word0001" custom="readingOrder {index:1;}">
          <Coords points="271,1360 260,1360 257,1362 256,1367 227,1366 227,1400 391,1400 391,1365 377,1368 365,1367 360,1363 341,1366 335,1361 325,1361 316,1369 300,1369 279,1367 276,1361"/>
          <TextEquiv conf="0.92073303">
            <Unicode>Ausdruͤcke:</Unicode>
          </TextEquiv>
        </Word>
        <Word id="region0005_line0012_word0002" custom="readingOrder {index:2;}">
          <Coords points="412,1369 494,1369 494,1405 412,1405"/>
          <TextEquiv conf="0.9606663">
            <Unicode>Spiel</Unicode>
          </TextEquiv>
        </Word>
        <Word id="region0005_line0012_word0003" custom="readingOrder {index:3;}">
          <Coords points="510,1371 553,1371 553,1398 510,1398"/>
          <TextEquiv conf="0.93305373">
            <Unicode>der</Unicode>
          </TextEquiv>
        </Word>
        <Word id="word_1650968172168_280" custom="readingOrder {index:4;}">
          <Coords points="568,1365 585,1363 822,1367 822,1401 734,1408 568,1409"/>
          <TextEquiv>
            <Unicode>Einbildungskraft,</Unicode>
          </TextEquiv>
        </Word>
        <Word id="region0005_line0012_word0006" custom="readingOrder {index:5;}">
          <Coords points="881,1367 839,1367 839,1398 892,1398 892,1369"/>
          <TextEquiv>
            <Unicode>Ge⸗</Unicode>
          </TextEquiv>
        </Word>
        <TextEquiv>
          <Unicode>die Ausdruͤcke: Spiel der Einbildungskraft, Ge⸗</Unicode>
        </TextEquiv>
      </TextLine>
      <TextLine id="region0005_line0013" custom="readingOrder {index:12;}">
        <Coords points="494,1411 485,1422 476,1418 465,1418 460,1422 432,1420 426,1416 403,1419 382,1413 333,1413 304,1421 296,1420 291,1415 268,1418 239,1416 232,1413 197,1420 149,1420 149,1465 176,1465 180,1468 189,1468 193,1465 213,1467 216,1464 324,1459 391,1460 404,1461 409,1465 423,1461 530,1460 536,1465 544,1465 549,1460 641,1460 689,1466 695,1462 710,1460 783,1461 829,1457 897,1457 897,1419 885,1419 879,1415 820,1413 784,1418 780,1415 762,1417 758,1414 747,1414 695,1423 680,1423 673,1416 663,1416 657,1422 639,1418 634,1423 626,1423 587,1420 582,1416 572,1416 568,1419 553,1414 508,1417 502,1411"/>
        <Word id="region0005_line0013_word0000" custom="readingOrder {index:0;}">
          <Coords points="179,1420 179,1456 259,1456 259,1418 207,1418 197,1420"/>
          <TextEquiv>
            <Unicode>ſchaͤft</Unicode>
          </TextEquiv>
        </Word>
        <Word id="region0005_line0013_word0001" custom="readingOrder {index:1;}">
          <Coords points="281,1421 325,1421 325,1450 281,1450"/>
          <TextEquiv conf="0.9690918">
            <Unicode>des</Unicode>
          </TextEquiv>
        </Word>
        <Word id="region0005_line0013_word0002" custom="readingOrder {index:2;}">
          <Coords points="396,1417 352,1417 352,1454 511,1454 511,1417 508,1417 489,1417 485,1422 476,1418 465,1418 460,1422 432,1420 427,1417 418,1417 403,1419"/>
          <TextEquiv conf="0.963188">
            <Unicode>Verſtandes</Unicode>
          </TextEquiv>
        </Word>
        <Word id="region0005_line0013_word0003" custom="readingOrder {index:3;}">
          <Coords points="587,1420 535,1420 535,1454 588,1454 588,1420"/>
          <TextEquiv conf="0.91808665">
            <Unicode>ſind</Unicode>
          </TextEquiv>
        </Word>
        <Word id="region0005_line0013_word0004" custom="readingOrder {index:4;}">
          <Coords points="651,1420 636,1420 634,1423 626,1423 611,1421 611,1454 798,1453 798,1420 709,1420 695,1423 680,1423 677,1420 658,1420 657,1422"/>
          <TextEquiv conf="0.9165476">
            <Unicode>uneigentliche</Unicode>
          </TextEquiv>
        </Word>
        <Word id="region0005_line0013_word0005" custom="readingOrder {index:5;}">
          <Coords points="819,1420 892,1420 892,1449 819,1449"/>
          <TextEquiv conf="0.8933873">
            <Unicode>Aus⸗</Unicode>
          </TextEquiv>
        </Word>
        <TextEquiv>
          <Unicode>ſchaͤft des Verſtandes ſind uneigentliche Aus⸗</Unicode>
        </TextEquiv>
      </TextLine>
      <TextLine id="region0005_line0014" custom="readingOrder {index:13;}">
        <Coords points="829,1458 823,1460 815,1470 780,1470 774,1464 749,1464 741,1470 724,1471 638,1465 608,1471 591,1471 586,1466 573,1466 567,1471 544,1470 540,1467 523,1470 518,1466 493,1466 486,1473 476,1473 467,1465 447,1463 419,1464 409,1466 402,1472 388,1471 372,1464 350,1463 294,1465 283,1472 258,1470 252,1466 233,1469 228,1465 216,1465 208,1473 195,1472 191,1469 149,1469 149,1512 361,1511 374,1514 382,1510 399,1510 410,1514 444,1517 463,1510 492,1510 504,1513 618,1510 631,1511 635,1514 644,1514 648,1511 745,1509 750,1514 761,1513 764,1509 786,1508 825,1510 829,1513 853,1509 897,1509 897,1471 881,1471 874,1463 864,1463 857,1470 849,1470 846,1468 845,1459"/>
        <Word id="region0005_line0014_word0000" custom="readingOrder {index:0;}">
          <Coords points="230,1467 214,1467 208,1473 195,1472 191,1469 178,1469 178,1500 275,1500 275,1471 258,1470 253,1467 245,1467 233,1469"/>
          <TextEquiv conf="0.9128448">
            <Unicode>druͤcke.</Unicode>
          </TextEquiv>
        </Word>
        <Word id="region0005_line0014_word0001" custom="readingOrder {index:1;}">
          <Coords points="378,1467 328,1467 328,1502 409,1502 409,1467 407,1467 402,1472 388,1471"/>
          <TextEquiv conf="0.93028426">
            <Unicode>Ohne</Unicode>
          </TextEquiv>
        </Word>
        <Word id="region0005_line0014_word0002" custom="readingOrder {index:2;}">
          <Coords points="470,1468 433,1468 433,1505 538,1505 538,1468 534,1468 523,1470 520,1468 491,1468 486,1473 476,1473"/>
          <TextEquiv conf="0.9166844">
            <Unicode>Zweifel</Unicode>
          </TextEquiv>
        </Word>
        <Word id="region0005_line0014_word0003" custom="readingOrder {index:3;}">
          <Coords points="556,1471 619,1471 619,1499 556,1499"/>
          <TextEquiv conf="0.9262035">
            <Unicode>aber</Unicode>
          </TextEquiv>
        </Word>
        <Word id="region0005_line0014_word0004" custom="readingOrder {index:4;}">
          <Coords points="699,1469 636,1470 636,1502 729,1501 729,1470 724,1471"/>
          <TextEquiv conf="0.9200189">
            <Unicode>ſollten</Unicode>
          </TextEquiv>
        </Word>
        <Word id="region0005_line0014_word0005" custom="readingOrder {index:5;}">
          <Coords points="779,1469 748,1469 748,1502 802,1502 802,1470 780,1470"/>
          <TextEquiv conf="0.9241841">
            <Unicode>hier</Unicode>
          </TextEquiv>
        </Word>
        <Word id="region0005_line0014_word0006" custom="readingOrder {index:6;}">
          <Coords points="845,1461 823,1461 823,1501 890,1501 890,1471 881,1471 874,1463 864,1463 857,1470 849,1470 846,1468"/>
          <TextEquiv conf="0.91916716">
            <Unicode>(wie</Unicode>
          </TextEquiv>
        </Word>
        <TextEquiv conf="0.921341">
          <Unicode>druͤcke. Ohne Zweifel aber ſollten hier (wie</Unicode>
        </TextEquiv>
      </TextLine>
      <TextLine id="region0005_line0015" custom="readingOrder {index:14;}">
        <Coords points="463,1511 456,1515 455,1524 433,1522 427,1516 407,1518 403,1515 395,1515 388,1522 381,1522 377,1516 363,1513 352,1516 299,1515 279,1523 249,1519 243,1524 237,1518 227,1518 219,1524 208,1525 197,1524 191,1518 180,1518 175,1522 149,1521 149,1556 150,1564 221,1565 225,1568 234,1568 261,1563 352,1562 357,1566 367,1566 372,1561 458,1561 464,1568 473,1568 479,1561 564,1561 576,1562 584,1567 595,1567 602,1562 611,1561 673,1562 677,1565 714,1561 720,1566 730,1566 736,1561 752,1561 757,1565 766,1565 778,1560 796,1560 801,1565 809,1565 815,1560 898,1561 897,1514 867,1514 850,1521 817,1522 773,1520 767,1514 758,1514 751,1518 722,1515 718,1518 700,1521 692,1521 686,1516 675,1516 670,1519 653,1516 627,1521 586,1523 579,1516 557,1512 550,1523 525,1522 517,1518 503,1520 499,1517 485,1520 478,1512"/>
        <Word id="region0005_line0015_word0000" custom="readingOrder {index:0;}">
          <Coords points="194,1521 180,1521 181,1550 211,1550 210,1524 208,1525 197,1524"/>
          <TextEquiv conf="0.96312684">
            <Unicode>in</Unicode>
          </TextEquiv>
        </Word>
        <Word id="region0005_line0015_word0001" custom="readingOrder {index:1;}">
          <Coords points="240,1521 227,1521 228,1554 295,1554 294,1521 284,1521 279,1523 264,1521 246,1521 243,1524"/>
          <TextEquiv conf="0.9589606">
            <Unicode>jeder</Unicode>
          </TextEquiv>
        </Word>
        <Word id="region0005_line0015_word0002" custom="readingOrder {index:2;}">
          <Coords points="478,1513 459,1513 456,1515 455,1524 433,1522 427,1516 407,1518 403,1515 395,1515 388,1522 381,1522 377,1516 363,1513 352,1516 312,1515 313,1556 481,1556 480,1514"/>
          <TextEquiv conf="0.8975039">
            <Unicode>Definition)</Unicode>
          </TextEquiv>
        </Word>
        <Word id="region0005_line0015_word0003" custom="readingOrder {index:3;}">
          <Coords points="525,1522 489,1522 490,1549 546,1549 545,1522"/>
          <TextEquiv conf="0.9636338">
            <Unicode>blos</Unicode>
          </TextEquiv>
        </Word>
        <Word id="region0005_line0015_word0004" custom="readingOrder {index:4;}">
          <Coords points="579,1516 557,1516 558,1554 706,1554 705,1520 700,1521 692,1521 686,1516 675,1516 670,1519 653,1516 627,1521 586,1523"/>
          <TextEquiv conf="0.9545485">
            <Unicode>eigentliche</Unicode>
          </TextEquiv>
        </Word>
        <Word id="region0005_line0015_word0005" custom="readingOrder {index:5;}">
          <Coords points="751,1518 720,1518 721,1553 813,1553 812,1521 773,1520 771,1518"/>
          <TextEquiv conf="0.88197154">
            <Unicode>ſtehen,</Unicode>
          </TextEquiv>
        </Word>
        <Word id="region0005_line0015_word0006" custom="readingOrder {index:6;}">
          <Coords points="831,1521 832,1549 892,1549 891,1518 857,1518 850,1521"/>
          <TextEquiv conf="0.96804374">
            <Unicode>weil</Unicode>
          </TextEquiv>
        </Word>
        <TextEquiv conf="0.9411127">
          <Unicode>in jeder Definition) blos eigentliche ſtehen, weil</Unicode>
        </TextEquiv>
      </TextLine>
      <TextLine id="region0005_line0016" custom="readingOrder {index:15;}">
        <Coords points="540,1563 532,1574 469,1574 462,1571 450,1572 445,1568 411,1573 390,1573 386,1570 377,1570 373,1573 325,1573 319,1567 292,1568 287,1572 260,1568 253,1573 240,1573 235,1569 223,1569 217,1573 208,1569 196,1569 192,1572 150,1571 150,1613 204,1615 206,1623 225,1623 236,1615 278,1613 283,1613 289,1618 299,1618 305,1613 335,1612 427,1613 432,1617 452,1614 457,1618 484,1613 518,1613 523,1623 524,1623 540,1622 542,1613 661,1612 672,1605 672,1579 667,1574 584,1573 578,1568 567,1568 560,1573 553,1564"/>
        <Word id="region0005_line0016_word0000" custom="readingOrder {index:0;}">
          <Coords points="181,1574 244,1574 244,1613 181,1613"/>
          <TextEquiv conf="0.93063384">
            <Unicode>dieſe</Unicode>
          </TextEquiv>
        </Word>
        <Word id="region0005_line0016_word0001" custom="readingOrder {index:1;}">
          <Coords points="287,1572 259,1572 259,1606 415,1606 415,1572 411,1573 390,1573 388,1572 374,1572 373,1573 325,1573 324,1572"/>
          <TextEquiv conf="0.92621505">
            <Unicode>beſtimmter</Unicode>
          </TextEquiv>
        </Word>
        <Word id="region0005_line0016_word0002" custom="readingOrder {index:2;}">
          <Coords points="466,1573 432,1573 432,1606 492,1606 492,1574 469,1574"/>
          <TextEquiv conf="0.915448">
            <Unicode>ſeyn</Unicode>
          </TextEquiv>
        </Word>
        <Word id="region0005_line0016_word0003" custom="readingOrder {index:3;}">
          <Coords points="556,1568 536,1568 532,1574 509,1574 509,1613 518,1613 542,1613 626,1612 626,1573 584,1573 578,1568 567,1568 560,1573"/>
          <TextEquiv conf="0.8975617">
            <Unicode>wuͤrden.</Unicode>
          </TextEquiv>
        </Word>
        <TextEquiv conf="0.9174647">
          <Unicode>dieſe beſtimmter ſeyn wuͤrden.</Unicode>
        </TextEquiv>
      </TextLine>
      <TextEquiv>
        <Unicode>Jnzwiſchen ließe ſich dieſer Fehler der De⸗&#13;
finition durch einen Zuſatz abhelfen, den ihr&#13;
beruͤhmter Urheber auch ohnſtreitig im Sinne&#13;
hatte. Man muͤßte ſagen: Die Dichtkunſt ſey&#13;
die Kunſt, durch eine Rede ein freies Spiel&#13;
der Einbildungskraft als ein Geſchaͤft des Ver⸗&#13;
ſtandes auszufuͤhren. Demohngeachtet aber&#13;
weiß ich nicht, ob der Koͤnigsbergiſche Philo⸗&#13;
ſoph dieſe Definition wuͤrde gewaͤhlt haben,&#13;
wenn es ſeine Abſicht geweſen waͤre, eine&#13;
Theorie der Dichtkunſt zu ſchreiben. Denn&#13;
die Ausdruͤcke: Spiel der Einbildungskraft, Ge⸗&#13;
ſchaͤft des Verſtandes ſind uneigentliche Aus⸗&#13;
druͤcke. Ohne Zweifel aber ſollten hier (wie&#13;
in jeder Definition) blos eigentliche ſtehen, weil&#13;
dieſe beſtimmter ſeyn wuͤrden.</Unicode>
      </TextEquiv>
    </TextRegion>
    <TextRegion orientation="0.093245804" readingDirection="left-to-right" id="TextRegion_1650967901980_95" custom="readingOrder {index:2;}">
      <Coords points="250,1636 895,1634 895,1695 891,1738 170,1740 174,1697"/>
      <TextLine id="region0006_line0001" custom="readingOrder {index:0;}">
        <Coords points="314,1636 306,1640 304,1648 287,1647 276,1643 250,1645 250,1692 258,1692 266,1698 276,1698 282,1692 308,1690 340,1691 346,1696 360,1696 366,1691 385,1690 391,1696 400,1696 407,1689 434,1689 438,1699 455,1699 457,1689 523,1690 529,1695 537,1695 542,1691 562,1691 569,1696 579,1696 588,1691 634,1688 781,1689 785,1692 794,1692 804,1687 894,1687 894,1647 863,1647 858,1643 848,1643 841,1647 821,1647 800,1645 796,1642 761,1641 698,1646 684,1646 680,1643 670,1643 666,1646 628,1646 624,1643 610,1643 605,1647 586,1643 579,1649 572,1649 546,1645 541,1636 524,1636 516,1642 510,1636 501,1636 493,1645 425,1643 417,1636 408,1636 398,1643 375,1643 371,1642 368,1636"/>
        <Word id="region0006_line0001_word0000" custom="readingOrder {index:0;}">
          <Coords points="256,1650 310,1650 310,1688 256,1688"/>
          <TextEquiv conf="0.8597901">
            <Unicode>Hr.</Unicode>
          </TextEquiv>
        </Word>
        <Word id="region0006_line0001_word0001" custom="readingOrder {index:1;}">
          <Coords points="370,1640 332,1640 332,1690 340,1691 343,1694 362,1694 366,1691 385,1690 389,1694 402,1694 407,1689 434,1689 436,1694 456,1694 457,1689 523,1690 527,1694 538,1694 542,1691 543,1691 543,1640 518,1640 516,1642 514,1640 497,1640 493,1645 425,1643 421,1640 402,1640 398,1643 375,1643 371,1642"/>
          <TextEquiv conf="0.9596705">
            <Unicode>Heydenreich</Unicode>
          </TextEquiv>
        </Word>
        <Word id="region0006_line0001_word0002" custom="readingOrder {index:2;}">
          <Coords points="569,1650 641,1650 641,1686 569,1686"/>
          <TextEquiv conf="0.96198213">
            <Unicode>giebt</Unicode>
          </TextEquiv>
        </Word>
        <Word id="region0006_line0001_word0003" custom="readingOrder {index:3;}">
          <Coords points="671,1650 719,1649 719,1677 671,1678"/>
          <TextEquiv conf="0.9691494">
            <Unicode>das</Unicode>
          </TextEquiv>
        </Word>
        <Word id="region0006_line0001_word0004" custom="readingOrder {index:4;}">
          <Coords points="734,1648 826,1648 826,1682 734,1682"/>
          <TextEquiv conf="0.9635067">
            <Unicode>Weſen</Unicode>
          </TextEquiv>
        </Word>
        <Word id="region0006_line0001_word0005" custom="readingOrder {index:5;}">
          <Coords points="847,1650 891,1650 891,1677 847,1677"/>
          <TextEquiv conf="0.96805567">
            <Unicode>der</Unicode>
          </TextEquiv>
        </Word>
        <TextEquiv conf="0.9470257">
          <Unicode>Hr. Heydenreich giebt das Weſen der</Unicode>
        </TextEquiv>
      </TextLine>
      <TextLine id="region0007_line0001" custom="readingOrder {index:1;}">
        <Coords points="174,1697 174,1744 229,1743 234,1747 245,1747 250,1743 307,1742 312,1747 323,1747 329,1742 346,1742 351,1746 362,1746 367,1742 382,1741 468,1745 474,1750 482,1750 493,1745 528,1743 605,1742 609,1745 618,1745 646,1741 865,1740 894,1735 894,1696 777,1696 766,1699 755,1699 751,1696 740,1696 736,1699 698,1697 644,1700 625,1697 567,1697 561,1700 550,1697 483,1697 481,1703 398,1702 369,1697 312,1697 295,1700 280,1697"/>
        <Word id="region0007_line0001_word0000" custom="readingOrder {index:0;}">
          <Coords points="333,1742 333,1708 180,1708 180,1743 229,1743 230,1744 248,1744 250,1743 307,1742 309,1744 326,1744 329,1742"/>
          <TextEquiv conf="0.9414343">
            <Unicode>Dichtkunſt</Unicode>
          </TextEquiv>
        </Word>
        <Word id="region0007_line0001_word0001" custom="readingOrder {index:1;}">
          <Coords points="379,1741 379,1708 352,1708 352,1743 365,1743 367,1742"/>
          <TextEquiv>
            <Unicode>ſo</Unicode>
          </TextEquiv>
        </Word>
        <Word id="region0007_line0001_word0002" custom="readingOrder {index:2;}">
          <Coords points="403,1714 458,1714 458,1740 403,1740"/>
          <TextEquiv>
            <Unicode>an:</Unicode>
          </TextEquiv>
        </Word>
        <Word id="region0007_line0001_word0003" custom="readingOrder {index:3;}">
          <Coords points="565,1742 565,1706 477,1706 477,1746 490,1746 493,1745 528,1743"/>
          <TextEquiv conf="0.7592003">
            <Unicode>„Der</Unicode>
          </TextEquiv>
        </Word>
        <Word id="region0007_line0001_word0004" custom="readingOrder {index:4;}">
          <Coords points="728,1740 728,1706 584,1707 584,1742 641,1741 646,1741"/>
          <TextEquiv conf="0.9405604">
            <Unicode>Charakter</Unicode>
          </TextEquiv>
        </Word>
        <Word id="region0007_line0001_word0005" custom="readingOrder {index:5;}">
          <Coords points="743,1711 785,1711 785,1740 743,1740"/>
          <TextEquiv conf="0.9638671">
            <Unicode>der</Unicode>
          </TextEquiv>
        </Word>
        <Word id="region0007_line0001_word0006" custom="readingOrder {index:6;}">
          <Coords points="891,1735 891,1709 802,1709 802,1740 865,1740"/>
          <TextEquiv conf="0.9056252">
            <Unicode>Dicht⸗</Unicode>
          </TextEquiv>
        </Word>
        <TextEquiv>
          <Unicode>Dichtkunſt ſo an: „Der Charakter der Dicht⸗</Unicode>
        </TextEquiv>
      </TextLine>
      <TextEquiv>
        <Unicode>Hr. Heydenreich giebt das Weſen der&#13;
Dichtkunſt ſo an: „Der Charakter der Dicht⸗</Unicode>
      </TextEquiv>
    </TextRegion>
  </Page>
</PcGts>
