1640 2252
606 366 876 416 Chriſtenthume.
936 368 1008 410 Sie
1036 372 1073 415 iſt
1097 364 1209 418 bisher
1229 371 1262 417 ſo
1285 370 1424 415 reichlich

605 429 663 463 mit
684 430 752 464 dem
762 425 899 474 Seegen
916 428 973 465 des
982 426 1245 476 Chriſtenthums
1260 427 1425 477 genaͤhret,

603 492 669 527 und
691 492 746 537 hat
773 493 830 536 ſich
850 492 951 536 dabey
976 492 1008 536 ſo
1035 492 1123 538 wohl
1143 492 1323 539 befunden,
1360 494 1424 540 daß

603 553 642 596 ſie
659 563 726 590 nun
743 551 952 599 uͤbermuͤthig
971 562 1008 598 zu
1024 557 1151 590 werden
1172 553 1331 602 anfaͤngt,
1355 556 1422 592 und

602 617 652 662 ihr
676 619 735 655 das
763 616 1004 664 Chriſtenthum
1036 618 1114 659 nach
1150 620 1265 664 gerade
1290 621 1422 658 anekelt.

602 680 674 719 Sie
697 681 790 725 faͤngt
809 689 851 716 an
882 690 949 716 eine
976 680 1066 727 Lehre
1089 681 1240 726 deſſelben
1265 682 1343 725 nach
1368 683 1421 720 der

601 741 721 777 andern
749 742 801 776 als
825 739 1055 790 abgeſchmackt
1072 752 1109 788 zu
1129 740 1326 789 verwerfen,
1355 744 1422 780 und

601 806 708 839 davon
730 805 785 848 ſoll
803 806 856 841 der
874 804 996 844 Grund
1014 803 1173 846 durchaus
1189 809 1221 842 in
1241 808 1311 843 dem
1327 805 1421 855 Chri⸗

601 868 777 914 ſtenthume
804 868 900 912 ſelber
925 870 1046 915 liegen,
1084 869 1125 906 da
1149 880 1183 907 er
1209 871 1286 917 doch
1305 873 1341 908 in
1367 874 1420 908 der

600 922 690 964 That
705 933 766 954 nur
782 924 877 956 allein
902 925 937 956 in
954 920 1010 956 der
1025 920 1192 966 ſchlechten
1210 921 1419 967 Verdauung

601 989 763 1033 deſſelben,
777 988 841 1024 und
857 992 890 1025 in
908 992 978 1026 dem
987 988 1203 1028 verdorbenen
1212 991 1421 1037 Geſchmacke

600 1050 687 1079 derer
708 1049 795 1088 liegt,
823 1045 871 1078 die
913 1053 949 1095 es
945 1043 1133 1086 verwerfen.
1185 1046 1261 1085 Der
1283 1045 1419 1093 Menſch

601 1117 679 1150 kann
702 1115 760 1149 den
778 1114 872 1154 lange
888 1113 1102 1160 anhaltenden
1118 1115 1183 1151 und
1206 1113 1418 1163 ungetruͤbten

599 1172 724 1209 Genuß
742 1170 798 1199 des
817 1164 959 1202 Gluͤckes
984 1177 1045 1202 nur
1065 1169 1157 1211 ſelten
1177 1172 1236 1203 mit
1257 1172 1418 1204 erkenntli⸗

598 1240 677 1284 chem
695 1234 808 1291 Herzen
833 1246 1001 1286 ertragen;
1029 1252 1061 1278 er
1075 1243 1158 1279 wird
1175 1243 1252 1281 bald
1265 1242 1418 1290 deſſelben

597 1312 633 1348 zu
660 1302 727 1348 ſehr
755 1301 931 1349 gewohnt,
963 1302 1106 1350 dagegen
1128 1300 1332 1353 gleichguͤltig
1350 1310 1417 1343 und

596 1367 743 1404 verkennt
765 1376 819 1401 am
850 1366 964 1411 Ende,
1001 1366 1065 1413 daß
1088 1375 1123 1405 es
1146 1370 1214 1406 eine
1238 1369 1419 1417 Wohlthat

597 1428 661 1468 ſey.
708 1427 792 1466 Das
812 1426 848 1470 iſt
868 1430 936 1475 eine
959 1425 989 1470 ſo
1008 1428 1195 1474 allgemeine
1213 1428 1418 1476 Erfahrung,

597 1490 659 1534 daß
677 1491 715 1534 ſie
731 1490 787 1534 ſich
804 1490 882 1529 auch
909 1494 942 1527 in
963 1491 1017 1529 der
1032 1491 1216 1536 Geſchichte
1241 1494 1298 1530 des
1322 1493 1415 1540 Chri⸗

598 1546 775 1593 ſtenthums
795 1547 970 1594 beſtaͤtiget.
1022 1548 1085 1587 Da
1108 1549 1169 1585 das
1185 1549 1332 1596 goͤttliche
1349 1552 1415 1589 und

598 1609 808 1657 wohlthaͤtige
825 1609 901 1657 Licht
912 1612 1063 1658 deſſelben
1079 1614 1191 1652 mitten
1199 1617 1233 1652 in
1244 1616 1297 1651 der
1306 1615 1416 1658 Nacht

599 1673 654 1708 des
688 1671 930 1718 Heidenthums
965 1673 1030 1709 und
1064 1672 1257 1720 verfallenen
1283 1673 1414 1721 Juden⸗

600 1733 730 1780 thums,
754 1735 805 1771 als
821 1737 889 1771 eine
902 1744 983 1770 neue
998 1732 1124 1774 Sonne
1140 1733 1307 1783 aufgieng,
1335 1735 1414 1773 bete⸗

600 1808 627 1834 te
644 1808 718 1835 man
737 1805 791 1841 es,
814 1809 881 1836 wer
907 1809 970 1836 nur
991 1800 1101 1848 irgend
1123 1805 1212 1840 einen
1240 1802 1338 1843 Sinn
1362 1805 1413 1847 fuͤr

600 1862 733 1906 daſſelbe
749 1862 853 1910 hatte,
873 1863 932 1908 bey
951 1861 1142 1910 Tauſenden
1160 1872 1215 1903 an.
1268 1865 1330 1905 So
1347 1870 1413 1905 lan⸗
