2024 2463
346 183 423 244 16

347 286 394 330 de
413 290 468 327 an
489 277 684 338 beſagtem
705 279 819 338 Tage
836 278 917 325 und
934 277 1138 335 nachhero,
1155 276 1233 327 alle
1251 274 1508 334 Werkeltage
1526 276 1595 324 des
1606 278 1803 326 Vormit⸗

350 341 448 393 tags
467 345 547 384 von
575 348 632 383 10
646 336 713 385 bis
741 350 794 383 12
820 337 902 384 und
918 339 989 385 des
1007 336 1307 390 Nachmittags
1331 329 1415 380 von
1440 346 1461 389 3
1487 332 1551 382 bis
1575 348 1596 389 5
1620 332 1704 384 Uhr
1725 337 1806 381 ein⸗

353 387 584 455 geſchrieben
610 398 767 443 werden
801 392 964 444 koͤnnen.
1032 394 1243 445 Wornach
1269 392 1339 442 ſich
1367 389 1610 447 maͤnniglich
1629 389 1807 442 allerun⸗

331 452 591 514 terthaͤnigſt
620 463 666 512 zu
698 453 848 505 achten.
931 452 1122 513 Gegeben
1147 453 1229 506 auf
1248 454 1413 504 Unſerm
1436 452 1614 508 Schloße
1639 443 1808 497 CHRI-

354 520 699 554 STIANSBURG
736 510 778 556 in
808 508 968 564 Unſerer
995 497 1378 556 Reſidenz-Stadt
1403 505 1698 561 Copenhagen,
1736 506 1810 553 den

359 579 442 626 5ten
452 571 591 614 Martii
607 569 740 627 1760.
799 568 1056 625 Uhrkundlich
1068 569 1182 616 unter
1191 564 1377 620 Unſerem
1391 563 1647 624 Koͤniglichen
1658 564 1811 622 Hand⸗

354 632 499 690 zeichen
519 634 600 681 und
621 631 918 691 vorgedruckten
934 628 1127 689 Jnſiegel.

758 771 1462 879 FRIDERICH
1521 768 1688 868 R.
