1791 2669
587 439 639 493 48

778 441 928 485 Drittes
956 442 1073 491 Buch,
1103 449 1139 487 3.
1166 444 1390 495 Hauptſtuͤck.

587 528 843 578 Mittelſtande,
867 528 1044 577 beſonders
1074 537 1127 576 die
1145 533 1290 587 Buͤrger
1316 538 1353 578 in
1379 541 1445 579 den
1469 540 1590 588 Staͤd⸗

546 585 656 622 ten,
687 584 840 629 machten
855 584 892 623 in
908 586 1018 631 dieſen
1037 586 1154 637 Zeiten
1180 591 1238 635 hin
1263 590 1335 631 und
1350 594 1488 640 wieder,
1511 595 1588 634 wie⸗

584 637 675 677 wohl
703 645 768 676 nur
795 635 903 686 hoͤchſt
927 641 1040 685 ſelten,
1069 641 1302 690 Teſtamente.
1351 646 1431 689 Der
1458 649 1588 692 Grund

584 690 690 727 dieſer
717 684 923 734 Seltenheit
948 690 1007 728 der
1032 686 1250 735 Teſtamente
1276 693 1328 731 bei
1355 683 1431 734 dem
1452 695 1589 739 Mittel⸗

582 741 700 786 ſtande
726 737 848 787 ſcheint
874 741 965 787 aber,
991 741 1088 788 ſchon
1113 742 1162 783 im
1193 752 1299 790 12ten
1307 751 1349 786 u
1366 754 1467 791 13ten
1481 750 1588 798 Jahr⸗

582 793 741 838 hundert,
769 792 857 839 nicht
881 795 974 837 mehr
999 797 1036 836 in
1063 799 1155 836 einer
1172 798 1378 849 Abneigung
1398 808 1505 849 gegen
1532 807 1587 843 die

580 843 797 889 Teſtamente
826 842 1026 891 uͤberhaupt,
1047 848 1112 886 wie
1128 843 1257 895 fruͤher,
1273 848 1409 898 gelegen
1432 862 1470 898 zu
1486 852 1587 901 ſeyn;

580 897 631 932 im
657 892 902 943 Gegentheile,
928 898 991 933 wir
1018 897 1161 942 koͤnnen,
1189 901 1253 939 wie
1278 901 1327 948 ich
1352 902 1493 949 glaube,
1518 909 1601 945 mit

577 941 702 995 gutem
727 939 877 985 Grunde
902 944 1113 995 annehmen;
1138 949 1205 996 daß
1225 951 1279 992 die
1291 952 1469 999 deutſchen
1486 955 1584 997 Buͤr⸗

578 1004 638 1040 ger
671 997 710 1034 in
744 997 810 1034 den
845 996 1014 1044 Staͤdten
1052 1010 1132 1047 zum
1164 1001 1286 1049 Theile
1318 1004 1415 1053 ſchon
1442 1008 1597 1048 damals

576 1056 618 1089 zu
651 1044 897 1091 Teſtamenten
928 1048 1015 1089 recht
1041 1053 1107 1095 gut
1134 1047 1309 1100 aufgelegt
1339 1055 1490 1100 geweſen
1513 1057 1582 1096 waͤ⸗

577 1106 660 1135 ren,
700 1097 771 1130 und
799 1098 865 1140 daß
891 1091 934 1142 ſie
961 1098 1050 1140 dieſe
1076 1109 1142 1139 nur
1172 1102 1353 1148 deswegen
1379 1104 1452 1147 ſehr
1476 1106 1582 1148 ſelten

575 1145 730 1187 gemacht
776 1145 913 1184 haben,
964 1146 1080 1184 weil
1113 1150 1170 1192 ſie
1222 1151 1335 1194 nicht
1386 1148 1580 1200 durften.

558 1192 662 1236 Wir
686 1194 801 1237 wiſſen
824 1197 989 1243 nemlich,
1015 1200 1083 1245 daß
1098 1202 1152 1240 die
1174 1198 1320 1252 Buͤrger
1338 1204 1375 1242 in
1400 1207 1465 1244 den
1485 1209 1579 1246 deut⸗

574 1248 668 1295 ſchen
685 1243 848 1287 Staͤdten
870 1250 930 1289 des
956 1244 1198 1299 Mittelalters
1226 1249 1361 1307 eigene
1386 1255 1580 1303 Privile⸗

572 1298 685 1342 gien
701 1302 770 1334 von
792 1298 854 1336 den
880 1298 1025 1345 Kaiſern
1050 1303 1131 1341 oder
1153 1299 1333 1351 Herzogen
1353 1302 1461 1352 haben
1481 1307 1577 1353 muß⸗

574 1360 646 1389 ten,
671 1354 732 1384 um
753 1348 970 1396 Teſtamente
990 1351 1126 1398 machen
1157 1360 1197 1396 zu
1223 1352 1345 1401 duͤrfen
1365 1356 1445 1403 (w).
1501 1358 1578 1401 Die

665 1446 733 1476 dem
750 1445 873 1478 Worte:
919 1445 1167 1482 Testamentum.
1192 1449 1362 1487 Mabillon
1374 1448 1410 1484 in
1429 1449 1574 1492 Analect.

661 1493 763 1524 Tom.
783 1492 815 1523 II.
831 1493 913 1533 Cap.
936 1501 966 1528 7.
990 1503 1026 1537 p.
1046 1498 1124 1530 266.
1148 1494 1331 1534 Vadianus
1356 1501 1402 1536 bei
1419 1501 1575 1537 Goldast

665 1538 742 1570 Rer.
764 1537 863 1569 Alem.
881 1535 985 1571 Tom.
1022 1536 1068 1574 lll.
1107 1535 1150 1586 p.
1159 1539 1214 1579 63.
1269 1545 1328 1581 Bei
1354 1544 1512 1586 Beſold
1539 1545 1573 1579 in

658 1581 800 1619 Docum.
822 1581 953 1612 rediviv.
974 1586 1110 1615 monast.
1130 1582 1213 1620 wirt.
1236 1584 1280 1620 T.
1310 1587 1333 1620 l.
1352 1598 1385 1630 p.
1414 1591 1490 1625 318.
1512 1591 1573 1624 und

661 1631 740 1661 321.
759 1625 837 1655 wird
870 1625 934 1656 eine
958 1626 1058 1660 wahte
1081 1626 1266 1672 Schenkung
1283 1625 1382 1675 unter
1399 1630 1569 1674 Lebenden,

663 1677 696 1697 in
721 1673 799 1696 einer
823 1670 957 1699 Urkunde
976 1669 1051 1701 vom
1066 1668 1106 1705 J.
1127 1668 1221 1706 1075.
1239 1673 1303 1702 eine
1325 1665 1446 1718 pagina
1470 1676 1571 1707 testa-

662 1715 857 1746 mentaria,
881 1713 1070 1752 conscriptio
1088 1714 1361 1746 testamentaria
1377 1714 1525 1759 genannt.

616 1788 661 1823 w)
687 1786 734 1817 S.
763 1784 977 1820 Heineccius
1007 1785 1109 1822 Elem.
1142 1789 1205 1832 jur.
1226 1790 1335 1826 Germ.
1356 1790 1430 1828 Lib.
1459 1800 1493 1828 2.
1520 1794 1568 1827 lit.

663 1839 695 1870 7.
721 1835 753 1869 §.
781 1835 855 1869 183.
884 1831 1029 1870 Selchow
1050 1827 1094 1868 de
1106 1832 1201 1878 jurib.
1223 1846 1261 1869 ex
1274 1841 1353 1872 statu
1368 1836 1480 1882 ingen.
1494 1849 1569 1882 pen-

661 1876 747 1904 dent.
769 1874 799 1914 §.
820 1878 875 1911 37.
893 1878 954 1908 und
973 1875 1128 1916 beſonders
1148 1873 1449 1917 Mittermaier
1471 1885 1502 1916 in
1519 1887 1569 1918 der

660 1917 827 1960 Zeitſchrift
847 1919 897 1958 fuͤr
912 1913 1068 1961 geſchichtl.
1090 1922 1387 1968 Rechtswiſſenſchaft
1406 1936 1438 1961 2.
1460 1929 1566 1966 Band,

658 1968 692 1998 3.
720 1963 817 2000 Heft,
842 1962 888 1994 S.
908 1966 984 2000 351.
1007 1978 1047 1986 —
1073 1965 1146 2004 359.
1168 1982 1210 1990 —
1254 1969 1311 2012 Jch
1336 1968 1485 2008 bemerke,
1509 1972 1566 2006 daß

660 2008 733 2043 auch
743 2006 919 2052 dergleichen
933 2001 1146 2055 Privilegien
1140 2013 1209 2042 vom
1225 2010 1262 2051 J.
1290 2016 1384 2049 1171.
1397 2017 1456 2047 und
1466 2015 1566 2051 1183.

657 2053 706 2083 bei
727 2049 857 2091 Luͤnig
880 2043 1121 2092 Reichsarchiv,
1145 2050 1286 2096 spicileg.
1311 2055 1419 2091 eccles.
1437 2059 1480 2092 Ill.
1500 2060 1562 2098 Th.

656 2095 753 2129 Tom.
775 2093 877 2129 XVIIl.
892 2106 926 2137 p.
947 2087 1023 2135 453.
1045 2096 1115 2129 sub.
1133 2096 1180 2131 tit.
1205 2107 1263 2134 von
1281 2102 1375 2142 Roth,
1391 2106 1450 2137 und
1465 2106 1562 2136 Tom.

656 2137 769 2170 XVIll.
803 2134 860 2165 sub
893 2136 939 2167 tit.
972 2143 1031 2171 von
1065 2134 1242 2177 Reichenau,
1277 2150 1312 2183 p.
1342 2149 1404 2180 190
1430 2143 1492 2175 und
1514 2145 1562 2178 bei

657 2185 776 2213 Kopp
807 2181 849 2205 tr.
884 2177 921 2207 de
950 2178 1066 2225 insigni
1100 2177 1269 2215 differentia
1298 2184 1379 2217 inter
1407 2185 1440 2218 S.
1473 2186 1511 2219 R.
1537 2187 1560 2221 I.

656 2227 794 2254 Comites
815 2225 845 2253 et
863 2221 979 2255 nobiles
1000 2221 1170 2259 immediat.
1192 2223 1225 2256 in
1249 2225 1402 2272 supplem.
1419 2237 1509 2262 num.
1526 2238 1561 2263 2.

653 2273 688 2306 p.
719 2268 795 2303 356.
822 2265 895 2298 edit.
925 2266 1054 2302 secund.
1078 2270 1130 2304 ein
1150 2271 1264 2307 drittes
1290 2280 1366 2308 vom
1393 2273 1432 2315 J.
1462 2275 1561 2312 1268.
