1443 2282
361 214 429 263 36

777 308 810 358 §.
860 329 896 366 9.

449 373 627 418 Antwort:
677 372 801 417 Wenn
833 374 878 413 du
909 382 974 415 nur
997 371 1047 421 ein
1072 366 1301 425 leichtſinniger

377 428 511 476 Menſch
528 432 595 469 und
615 427 731 477 frecher
748 426 900 475 Spoͤtter
916 428 992 476 biſt,
1019 428 1149 475 welcher
1161 443 1226 477 aus
1243 438 1301 470 der

376 480 511 531 heiligen
535 482 674 531 Schrift
697 492 761 522 nur
782 486 825 521 da
848 487 915 524 und
944 486 1019 523 dort
1046 483 1145 531 einige
1168 484 1302 528 Worte

379 532 464 576 ohne
487 533 616 582 heiliges
632 532 853 579 Nachdenken
875 531 1089 583 aufzufangen
1113 537 1182 574 und
1202 545 1239 582 zu
1255 545 1303 574 er⸗

378 585 557 636 ſchnappen
570 585 723 633 gewohnt
739 587 793 635 iſt,
819 587 936 627 womit
955 591 999 627 du
1014 584 1150 636 hernach
1165 589 1233 638 dich
1247 587 1302 636 fuͤr

376 636 498 687 gelehrt
518 637 703 686 ausgeben,
736 641 804 678 und
821 637 1010 689 Plauderey
1028 641 1095 679 und
1109 639 1303 688 Spoͤtterey

377 689 498 730 treiben
522 688 676 735 koͤnneſt;
715 688 778 726 wie
804 689 936 738 manche
957 690 1063 734 elende
1085 688 1176 731 Leute
1200 690 1302 739 thun:

377 736 412 779 ſo
438 735 497 779 biſt
522 745 566 780 du
590 744 696 781 weder
721 739 850 787 wuͤrdig
876 734 957 793 noch
975 739 1070 789 faͤhig
1097 742 1154 780 der
1176 743 1302 785 Gnade

376 791 525 835 GOttes
540 794 609 830 und
622 795 682 831 des
698 790 836 836 Guten,
860 786 983 831 wovon
1000 794 1034 831 in
1055 791 1184 840 ſolchem
1197 792 1302 841 Capi⸗

378 842 420 882 tel
442 836 639 886 geweiſſaget
655 835 711 883 iſt;
741 841 876 890 ſondern
896 845 940 882 du
963 843 1022 890 biſt
1037 846 1106 883 und
1127 841 1252 892 bleibeſt
1267 845 1301 887 in

378 879 508 939 ſolchem
525 891 628 934 Sinn
651 890 735 939 ſelbſt
753 890 802 930 ein
820 888 1043 940 unbekehrter,
1071 890 1174 940 boͤſer,
1199 893 1303 940 ſchaͤd⸗

375 941 469 985 licher
489 944 640 991 Menſch,
667 944 716 986 ein
733 940 857 989 Wolf,
891 949 958 991 eine
976 950 1099 997 Otter,
1132 948 1181 990 ein
1197 949 1303 1003 Baſi⸗

376 1001 452 1044 lisk.
510 992 578 1035 Ein
601 995 694 1037 Kind
717 1001 866 1045 GOttes
891 1001 970 1043 aber
995 1001 1074 1050 lieſet
1099 1000 1133 1043 in
1152 1001 1303 1046 Gottes⸗

377 1044 485 1090 furcht
517 1053 581 1090 das
613 1054 712 1092 ganze
738 1050 887 1098 Capitel,
926 1055 995 1094 und
1019 1051 1117 1093 lernet
1144 1057 1180 1093 es
1203 1052 1304 1103 durch

376 1101 439 1137 den
466 1097 560 1142 Geiſt
583 1099 641 1141 des
659 1099 856 1152 HERRN
881 1115 918 1155 zu
941 1104 1052 1154 ſeinem
1075 1105 1198 1153 ewigen
1221 1106 1303 1157 Heil

378 1153 548 1202 verſtehen.

455 1233 509 1277 Es
548 1232 586 1278 iſt
624 1240 749 1290 freylich
784 1242 859 1282 dem
896 1239 1094 1292 natuͤrlichen
1125 1242 1302 1292 Menſchen

375 1288 513 1338 ſchwer,
551 1287 583 1332 ja
614 1286 816 1337 unmoͤglich,
851 1279 931 1329 alles
961 1288 1044 1336 recht
1068 1298 1105 1336 zu
1129 1292 1315 1338 verſtehen,

379 1351 458 1387 was
472 1348 528 1387 der
541 1343 695 1394 Prophet
708 1343 852 1394 Jeſaia,
877 1344 971 1394 dieſer
991 1344 1119 1395 juͤdiſche
1133 1344 1302 1396 Prophet,

380 1393 549 1443 weiſſaget.
596 1393 691 1439 Wer
713 1395 798 1435 kann
813 1395 873 1435 mit
888 1394 983 1443 ſeiner
1004 1404 1117 1436 armen
1132 1398 1301 1437 verdorbe⸗

381 1449 444 1479 nen
459 1447 638 1493 Vernunft
651 1452 715 1488 das
729 1449 821 1497 65ſte
835 1448 986 1498 Capitel,
1011 1450 1228 1499 abſonderlich
1238 1454 1302 1492 den

384 1500 488 1536 15ten
499 1498 601 1543 Vers
612 1499 690 1532 vom
707 1498 863 1544 Namen,
890 1498 973 1550 recht
988 1498 1171 1547 verſtehen?
1204 1501 1301 1545 Man

379 1541 434 1587 leſe
454 1555 490 1592 es
511 1551 591 1585 nur,
620 1555 688 1591 und
706 1551 885 1600 erſchrecke!
911 1554 995 1598 Der
1010 1552 1223 1601 Wichtigkeit
1238 1562 1301 1595 we⸗

379 1610 442 1649 gen
468 1602 533 1643 will
563 1604 608 1645 ich
636 1603 816 1651 dieſelbigen
841 1603 971 1650 Worte
991 1604 1143 1652 herſetzen.
1215 1606 1302 1651 Der

378 1646 490 1694 HErr
506 1649 660 1696 HERR
673 1649 785 1697 ſpricht
801 1656 882 1703 alſo:
907 1657 1036 1702 Siehe,
1059 1657 1161 1698 meine
1174 1657 1301 1706 Knech⸗

379 1706 412 1735 te
427 1700 520 1744 ſollen
535 1702 634 1749 eſſen,
650 1697 701 1746 ihr
719 1707 798 1749 aber
811 1708 880 1755 ſollt
894 1707 1058 1757 hungern;
1086 1706 1182 1757 ſiehe,
1196 1709 1300 1749 meine

379 1755 525 1805 Knechte
556 1757 660 1801 ſollen
679 1757 822 1806 trinken,
861 1757 912 1806 ihr
943 1759 1023 1798 aber
1055 1757 1122 1806 ſollt
1149 1758 1301 1807 duͤrſten;

381 1808 479 1855 ſiehe,
508 1808 609 1850 meine
623 1808 767 1857 Knechte
781 1808 880 1857 ſollen
903 1809 1012 1860 froͤlich
1034 1809 1122 1860 ſeyn,
1153 1809 1204 1858 ihr
1220 1812 1299 1852 aber

380 1859 450 1903 ſollt
469 1862 504 1899 zu
518 1859 706 1908 Schanden
729 1862 876 1905 werden;
907 1858 1007 1910 ſiehe,
1032 1860 1132 1901 meine
1154 1862 1299 1912 Knechte

377 1911 473 1960 ſollen
487 1918 548 1953 vor
560 1917 670 1960 gutem
684 1909 791 1962 Muth
804 1908 969 1963 jauchzen,
994 1907 1044 1960 ihr
1063 1913 1141 1957 aber
1155 1914 1224 1961 ſollt
1236 1923 1303 1955 vor

1178 1974 1303 2021 Herze⸗
