2342 2827
359 452 441 498 ohne
465 447 744 497 Rechtfertigung,
777 446 1072 499 Entſchuldigung,
1107 446 1283 496 Murren,
1304 450 1470 499 Ungeduld
1499 456 1564 491 und
1595 456 1748 493 Unwillen

355 507 513 555 dagegen,
547 522 555 555 3
567 510 676 560 Moſ.
691 512 749 555 26,
763 519 810 554 41.
827 519 879 552 43.

804 555 869 600 ββ.
892 555 981 594 Das
990 547 1124 594 andere
1139 555 1249 599 Stuͤck
1269 547 1367 597 ſeines
1392 549 1612 605 Bekentniſſes
1627 555 1665 606 iſt
1683 564 1751 604 von

354 587 409 643 der
427 599 728 654 Beſchaffenheit
744 599 879 648 Chriſti
901 601 1158 651 hergenommen,
1182 605 1255 642 oder
1270 612 1333 641 von
1349 608 1419 644 dem
1440 604 1633 651 Unterſchied
1647 610 1751 652 deſſel⸗

354 652 413 700 ben
432 668 495 699 von
513 660 625 710 ihnen,
642 661 716 699 aller
732 660 852 709 aͤuſſern
868 660 1056 709 Aenlichkeit
1074 667 1138 704 und
1155 655 1478 711 Uebereinſtimmung
1501 662 1596 710 ſeines
1613 662 1750 710 Zuſtan⸗

356 715 413 751 des
436 713 495 751 mit
510 715 580 752 dem
598 712 715 761 ihrigen
738 711 954 761 ohngeachtet,
987 714 1019 753 in
1044 717 1102 755 den
1126 715 1283 755 Worten:
1326 708 1423 755 οὗτος
1448 712 1482 756 δὲ
1505 711 1592 755 οὐδὲν
1617 712 1747 755 ἄτοπον

356 762 509 816 ἔπϱαξε,
535 768 642 812 dieſer
667 767 755 805 aber
783 765 851 812 hat
873 766 993 814 nichts
1018 769 1262 815 ungereimtes
1285 771 1357 807 oder
1381 768 1576 816 unfuͤgliches
1597 768 1750 821 gethan.

355 820 440 860 Das
451 811 554 859 Wort
577 814 725 855 ἄτοπον,
751 824 813 855 von
836 813 962 861 τόπος,
987 819 1050 858 der
1066 809 1164 865 Ort,
1187 818 1326 857 bedeutet
1345 821 1389 865 oft
1407 820 1435 866 ſo
1450 821 1511 859 viel
1528 821 1578 858 als
1597 813 1748 868 πονηϱὸν,

355 868 481 921 boͤſes,
510 870 622 920 uͤbels,
651 875 767 917 arges,
799 871 971 926 verglichen
994 874 1054 913 mit
1088 888 1095 912 2
1109 872 1231 924 Theſſ.
1248 886 1325 921 3,2.
1356 875 1624 924 Apoſtelgeſch.
1640 878 1749 923 28,6;

353 920 515 969 eigentlich
540 922 612 962 aber
637 922 713 972 heiſt
734 929 769 961 es
792 930 892 962 etwas
917 923 1147 971 ungereimtes,
1178 923 1409 972 ungeſchicktes.
1486 927 1561 966 Der
1583 927 1749 967 Ausdruck

354 970 441 1012 οὐδὲν
457 969 589 1011 ἄτοπον
605 971 746 1012 bedeutet
762 971 825 1021 alſo
846 980 965 1021 etwas,
987 977 1048 1012 das
1064 974 1147 1019 nicht
1166 973 1282 1014 einmal
1297 975 1330 1014 in
1352 980 1404 1016 der
1419 975 1480 1016 Art
1502 979 1565 1014 und
1581 975 1748 1025 zufaͤlligen

354 1026 566 1077 Einrichtung
580 1026 648 1068 uͤbel
670 1031 735 1068 und
751 1028 904 1077 unrichtig
926 1029 1090 1080 beſchaffen
1107 1030 1156 1080 iſt.
1236 1031 1287 1072 Er
1302 1038 1377 1072 mus
1401 1032 1453 1072 dis
1476 1031 1569 1081 theils
1591 1037 1652 1071 aus
1676 1035 1757 1071 dem

351 1082 566 1127 beobachteten
593 1082 757 1132 beſondern
784 1083 963 1135 Verhalten
979 1084 1113 1133 Chriſti
1136 1085 1191 1134 bey
1215 1088 1268 1126 der
1290 1084 1554 1135 Hinausfuͤrung,
1579 1091 1669 1126 unter
1693 1090 1748 1126 der

351 1134 565 1184 Kreutzigung
579 1146 619 1173 ꝛc.
645 1135 738 1185 theils
759 1143 821 1177 aus
837 1135 1027 1187 vorlaͤufiger
1041 1136 1213 1186 Nachricht
1236 1147 1298 1178 von
1313 1137 1483 1186 demſelben
1506 1139 1642 1186 gewuſt,
1679 1142 1746 1178 und

350 1189 454 1221 etwas
475 1193 538 1222 von
554 1189 624 1223 dem
643 1183 915 1234 vorhergehenden
928 1175 1072 1228 Wandel
1086 1187 1151 1226 und
1166 1196 1229 1226 von
1244 1190 1303 1226 den
1317 1187 1492 1236 Predigten
1502 1186 1638 1237 Chriſti
1655 1186 1747 1236 gehoͤ⸗

348 1247 398 1281 ret
422 1242 536 1290 haben.

669 1294 793 1342 Hiebey
822 1296 860 1340 iſt
875 1295 950 1339 noch
972 1291 1121 1341 dreierley
1145 1295 1366 1342 anzumerken:

465 1355 498 1401 1)
525 1354 579 1393 Es
600 1353 735 1393 erklaͤret
750 1355 813 1401 alſo
836 1356 930 1401 dieſer
954 1354 1087 1401 Menſch
1105 1354 1213 1402 hiemit
1228 1357 1305 1393 alles
1321 1361 1386 1395 und
1404 1358 1488 1396 iedes
1504 1356 1666 1401 Verſaren
1682 1357 1744 1400 mit

350 1404 498 1455 Chriſto
514 1406 564 1453 fuͤr
580 1406 758 1453 ungerechte
766 1410 831 1445 und
846 1406 996 1455 ſtrafbare
1007 1405 1291 1455 Handlungen,
1253 1402 1306 1452 die
1302 1418 1377 1445 man
1395 1409 1462 1457 ihm
1478 1409 1744 1456 unverſchuldeter

348 1458 459 1507 Weiſe
469 1458 627 1509 angethan
641 1456 739 1509 habe;
766 1458 897 1506 welches
908 1460 991 1506 deſto
1005 1458 1239 1510 unparteiiſcher
1255 1460 1412 1512 geſchehen
1428 1461 1559 1511 koͤnnen,
1578 1465 1622 1504 da
1638 1473 1671 1502 er
1686 1461 1744 1513 ſich

349 1506 437 1569 ſelbſt
461 1520 515 1558 der
541 1504 647 1568 Strafe
664 1504 764 1568 voͤllig
781 1514 916 1568 ſchuldig
934 1514 1084 1560 erkennet.

463 1559 498 1601 2)
526 1559 579 1593 Es
597 1560 711 1598 fanden
724 1560 780 1602 ſich
801 1560 851 1592 die
864 1558 947 1602 zwey
965 1558 1170 1601 weſentlichen
1186 1555 1309 1595 Stuͤcke
1319 1560 1370 1612 der
1378 1557 1574 1605 Bekehrung
1591 1552 1648 1603 bey
1665 1559 1745 1606 ihm,

348 1618 384 1669 a)
408 1620 458 1661 ein
482 1621 596 1671 ernſtes
613 1621 790 1671 Misfallen
806 1634 849 1663 an
866 1622 966 1669 ſeinen
983 1621 1149 1670 Suͤnden,
1173 1623 1232 1662 mit
1249 1623 1415 1671 moͤglicher
1435 1623 1659 1674 Bemuͤhung,
1681 1624 1746 1663 die⸗

347 1672 445 1723 ſelben
468 1671 704 1723 wegzuſchaffen
730 1676 796 1713 und
815 1679 873 1722 gut
897 1684 933 1723 zu
957 1674 1103 1722 machen;
1129 1681 1194 1715 und
1245 1677 1282 1723 b)
1309 1677 1374 1715 eine
1398 1677 1508 1726 wahre
1519 1676 1746 1726 Hochachtung

347 1730 447 1769 gegen
467 1721 681 1772 Chriſtum,
703 1724 801 1772 deſſen
809 1724 1031 1769 Beleidigung
1041 1718 1107 1765 und
1113 1725 1337 1773 Schmaͤhung
1353 1727 1421 1782 ihm
1426 1726 1663 1775 empfindlicher
1679 1730 1746 1767 und

348 1771 589 1817 unertraͤglicher
603 1771 758 1813 geweſen,
779 1775 833 1807 als
850 1771 926 1820 ſeine
941 1773 1150 1817 Schmerzen.

460 1821 496 1861 3)
508 1814 604 1866 Daß
600 1813 662 1868 die
680 1812 849 1872 Aenderung
867 1811 983 1870 ſeines
980 1817 1125 1858 Gemuͤts
1140 1828 1220 1867 ganz
1234 1817 1341 1867 ſchnel,
1350 1820 1411 1866 auf
1427 1817 1545 1858 einmal
1554 1822 1620 1859 und
1635 1819 1744 1869 gleich⸗

344 1869 415 1919 ſam
435 1867 640 1916 ſprungweiſe
662 1869 730 1915 ſolle
749 1870 969 1915 vorgegangen
994 1867 1084 1916 ſeyn,
1118 1870 1155 1916 iſt
1172 1877 1234 1909 aus
1249 1864 1350 1918 nichts
1374 1864 1567 1926 erweislich;
1593 1872 1743 1921 vielmehr

348 1919 442 1971 zeiget
473 1920 564 1967 ſeine
584 1923 662 1962 Rede
683 1922 771 1969 ſchon
796 1923 915 1970 einiges
943 1923 1137 1972 vorlaͤufiges
1160 1923 1332 1965 Erkentnis
1356 1934 1419 1964 von
1434 1922 1582 1974 Chriſto
1603 1936 1664 1975 an,
1702 1924 1743 1964 ob

348 1968 444 2021 gleich
458 1968 551 2014 durch
568 1970 646 2015 ſeine
661 1972 757 2018 groſſe
771 1970 874 2012 Treue
897 1975 962 2011 und
989 1973 1038 2013 die
1059 1972 1191 2021 ſcharfen
1211 1972 1528 2023 Beſſerungsmittel,
1559 1977 1624 2013 und
1648 1974 1743 2020 durch

347 2023 499 2073 derſelben
524 2020 665 2072 heilſame
675 2024 914 2075 Anwendung,
938 2022 1016 2074 ſeine
1036 2023 1227 2075 Aenderuug
1244 2024 1307 2077 ſehr
1324 2023 1419 2075 ſchnel
1435 2026 1660 2077 fortgegangen
1677 2030 1743 2069 und

346 2077 619 2132 zugenommen.*)

1760 464 1878 495 Luc.23,

1779 530 1832 560 41.

1102 2159 1171 2203 Ss
1192 2174 1212 2208 3

1589 2168 1654 2212 ב
1670 2162 1742 2209 (S.

390 2250 422 2290 *)
441 2247 523 2284 Man
557 2249 609 2282 kan
636 2247 737 2290 hiebey
763 2241 908 2289 Jacob.
916 2246 1046 2283 Bern⸗

347 2293 452 2335 hards
472 2292 588 2327 Tractat
600 2301 655 2326 von
671 2296 716 2329 der
729 2286 840 2335 ſpaͤten
849 2288 941 2337 Buſſe,
932 2294 1021 2332 2B.

349 2335 414 2374 t.4
442 2330 488 2366 S.
509 2341 567 2372 304
577 2333 596 2377 f.
634 2332 714 2372 Joh.
737 2332 886 2369 Gottlieb
909 2333 1036 2381 Hillin⸗

346 2383 423 2416 gers
446 2375 579 2417 Predigt,
602 2377 643 2409 die
658 2376 733 2415 ſpaͤte
749 2371 848 2418 Buſſe,
871 2383 925 2412 aus
940 2377 1033 2411 Luc.

346 2429 398 2455 23,
415 2425 532 2460 39 ⸗ 43;
553 2418 604 2455 M.
618 2417 745 2458 George
765 2419 841 2459 Joh.
859 2418 1036 2458 Henckens

346 2463 583 2506 Paßionspredigt
596 2469 650 2499 von
666 2462 833 2506 Verlaſſung
849 2468 896 2501 des
912 2463 1016 2499 unbus⸗

1072 2246 1187 2290 fertigen
1214 2252 1270 2281 und
1301 2249 1471 2290 Annemung
1495 2242 1544 2284 des
1573 2251 1744 2290 busfertigen

1074 2291 1231 2335 Schaͤchers
1245 2304 1292 2327 am
1304 2293 1415 2341 Kreutz,
1436 2300 1488 2328 und
1509 2299 1575 2330 noch
1598 2297 1653 2330 viel
1669 2298 1745 2337 meh⸗

1057 2331 1135 2371 rere
1148 2329 1364 2375 Schriftſteller,
1388 2329 1491 2378 welche
1511 2330 1536 2369 in
1543 2327 1744 2373 Lilienthals

1056 2372 1247 2418 bibliſchem
1261 2374 1448 2423 Archivario
1466 2382 1513 2412 des
1537 2385 1623 2413 neuen
1650 2380 1744 2422 Teſta⸗

1069 2425 1171 2457 ments,
1181 2420 1225 2453 S.
1240 2410 1346 2464 256f.,
1350 2411 1453 2463 haͤufig
1469 2416 1615 2469 angefuͤret
1632 2425 1742 2462 werden,

1067 2465 1221 2506 nachſehen.
