1447 2358
900 327 987 370 146

516 383 593 435 deſt
612 384 674 425 mit
691 384 769 425 dem
794 380 953 434 Heiligen
963 374 1061 436 Geiſt
1083 385 1153 426 und
1174 386 1238 427 mit
1255 381 1356 436 Feuer

514 442 680 486 tauffen/
694 440 834 479 welches
845 441 891 471 du
902 436 1023 474 bereits
1032 441 1077 473 an
1085 433 1199 473 deinen
1207 429 1360 483 Juͤngern

523 494 667 546 erfuͤllet/
684 496 821 535 Actor.
826 489 885 537 II.
890 502 977 537 1.-4.
1008 487 1075 525 und
1094 484 1215 533 ſolches
1234 481 1314 531 noch
1330 478 1360 519 in

523 547 672 584 groͤſſern
688 543 808 582 Maaß
824 542 959 584 erfuͤllen
974 540 1110 590 wirſt/
1114 541 1213 578 wenn
1231 540 1274 579 du
1292 528 1358 575 dein

507 595 645 636 Jſrael
652 604 849 648 bekehren/
863 596 932 623 und
947 593 1010 625 mit
1026 595 1074 626 den
1076 588 1254 636 Heiligen
1269 577 1357 628 Geiſt

523 655 594 676 und
604 650 660 688 mit
675 647 761 688 Feuer
788 645 914 684 tauffen
923 644 1053 690 wirſt/
1054 640 1173 678 Ezech
1190 628 1357 680 XXXIX,

523 710 579 735 29.
602 703 637 736 ja
657 702 708 727 die
722 698 866 738 Heyden
884 696 971 736 nicht
988 697 1111 737 vorbey
1139 695 1242 737 gehen
1260 680 1362 734 wirſt/

516 757 623 786 wenn
638 754 684 784 du
700 752 816 786 deinen
831 746 928 795 Geiſt
945 747 1026 788 uͤber
1047 749 1129 788 alles
1138 740 1268 799 Fleiſch
1283 743 1357 785 aus⸗

522 808 666 857 gieſſen/
663 801 752 844 Joel.
769 801 808 842 Il,
816 805 867 841 28.
875 801 945 837 und
955 804 1022 837 von
1032 802 1094 839 den
1105 798 1194 840 alten
1206 797 1356 849 Schlan⸗

522 854 782 894 gen⸗Saamen
796 858 962 892 erretten/
987 851 1058 885 und
1072 849 1141 894 daß
1149 848 1244 897 Boͤſe
1256 835 1354 887 vertil⸗

511 923 613 954 gen/
627 905 702 935 und
713 911 940 947 verbrennen/
964 902 1034 938 und
1044 901 1137 939 deine
1144 898 1292 941 Creatur
1302 894 1355 935 neu

510 958 659 1001 machen
660 952 778 1002 wirſt/
782 956 835 1003 da
832 951 917 992 wird
924 961 1008 993 man
1018 953 1088 1000 dich
1096 954 1247 998 alsdann
1259 953 1355 996 erken⸗

506 1015 588 1044 nen
596 1009 630 1044 in
639 1008 694 1045 der
708 1003 893 1060 Warheit/
899 1003 966 1055 daß
978 1004 1023 1046 du
1033 1004 1096 1054 biſt
1106 1006 1162 1047 der
1171 1003 1288 1058 Erſte/
1296 997 1354 1045 und

518 1063 581 1097 der
591 1061 723 1107 Letzte/
742 1057 798 1108 der
785 1055 967 1108 Anfang/
986 1059 1042 1096 und
1065 1056 1118 1098 das
1129 1055 1255 1109 Ende/
1267 1053 1355 1100 wenn

509 1115 575 1158 du
575 1116 696 1160 alles/
713 1115 792 1146 was
800 1110 902 1151 durch
912 1109 981 1149 dich
990 1108 1224 1162 angefangen/
1247 1106 1287 1158 ſo
1301 1094 1355 1152 hei⸗

521 1166 634 1204 liglich
643 1165 840 1211 vollenden/
850 1163 919 1195 und
927 1162 1009 1197 alles
1017 1165 1085 1196 von
1094 1162 1148 1196 der
1156 1159 1287 1204 Spreu
1297 1147 1355 1195 und

507 1219 626 1262 Unflat
648 1232 806 1262 erretten/
841 1214 899 1247 und
908 1212 1173 1258 wiederbringen
1179 1208 1304 1264 wirſt/
1317 1206 1353 1243 da

519 1272 612 1299 wird
631 1263 716 1299 alles
739 1268 803 1298 mit
820 1266 894 1298 dem
912 1263 1071 1308 Heiligen
1087 1263 1187 1309 Geiſt
1210 1264 1278 1302 und
1301 1249 1353 1299 mit

515 1322 633 1361 Feuer
641 1318 801 1361 getauffet
809 1318 932 1360 ſeyn/
980 1317 1049 1355 und
1064 1315 1120 1355 als
1135 1314 1262 1366 keuſche
1277 1308 1352 1355 reine

520 1374 658 1410 Geiſter
668 1373 719 1409 ihr
728 1372 794 1402 Lob
802 1364 1030 1410 anſtimmen/
1077 1365 1145 1411 daß
1155 1365 1262 1412 nichts
1274 1356 1353 1405 mehr

512 1427 632 1457 weder
646 1424 693 1455 im
701 1422 877 1469 Hinmel/
901 1418 983 1462 noch
992 1415 1057 1464 auf
1063 1416 1197 1459 Erden/
1214 1418 1296 1466 noch
1304 1413 1353 1454 un⸗

506 1479 569 1507 ter
576 1477 634 1505 der
644 1474 778 1515 Erden/
780 1471 861 1511 noch
870 1471 916 1505 im
927 1469 1028 1509 Meer
1037 1469 1123 1506 wird
1132 1468 1214 1512 noch
1224 1457 1352 1508 bleiben/

515 1530 554 1568 ſo
568 1527 655 1566 nicht
671 1526 734 1558 mit
747 1525 813 1561 Lob
831 1523 901 1559 und
911 1520 1020 1568 Preis
1035 1520 1158 1567 thoͤnen
1174 1524 1242 1562 und
1260 1517 1352 1569 frolo⸗

513 1581 596 1610 cken
604 1577 714 1623 wird/
730 1578 800 1611 und
809 1571 924 1609 deinen
934 1573 1038 1612 lieben
1046 1570 1269 1621 himmliſchen
1278 1569 1352 1612 Va⸗

517 1643 607 1670 ter/
652 1630 744 1668 ſamt
766 1628 820 1662 dir
842 1625 910 1661 und
931 1625 997 1660 dem
1013 1623 1169 1669 Heiligen
1193 1623 1293 1676 Geiſt
1312 1615 1352 1663 ihr

514 1679 794 1721 Danck⸗Opffer
804 1677 968 1725 bringen/
982 1679 1051 1713 und
1060 1677 1139 1722 hoch
1149 1674 1270 1722 preiſen
1280 1671 1350 1714 wer⸗

515 1745 618 1779 den/
667 1728 819 1772 Apocal.
848 1727 887 1765 V,
904 1732 927 1767 13.
958 1728 1003 1761 du
1019 1727 1091 1770 haſt
1105 1731 1198 1768 zwar
1212 1723 1294 1770 auch
1310 1714 1351 1760 die

515 1783 827 1824 Waſſer ⸗ Tauffe
843 1782 1019 1820 geboten/
1069 1779 1140 1815 und
1157 1775 1307 1824 befohlen
1321 1768 1349 1814 zu

515 1836 691 1880 tauffen/
697 1837 744 1868 im
754 1834 921 1876 Nahmen
935 1831 995 1868 des
1002 1827 1175 1882 Vaters/
1185 1837 1244 1874 des
1253 1826 1350 1873 Soh⸗

517 1903 616 1927 nes/
668 1889 736 1917 und
752 1888 812 1918 des
831 1880 1002 1929 Heiligen
999 1881 1193 1927 Geiſtes/
1231 1871 1349 1921 Matth.

516 1936 706 1976 XXVIII,
732 1945 781 1979 19.
809 1938 890 1969 aber
904 1936 950 1969 du
965 1931 1037 1980 haſt
1052 1930 1114 1974 den
1121 1931 1220 1981 Geiſt
1230 1926 1279 1983 mit
1297 1920 1347 1978 ſol⸗

514 2004 589 2044 cher
601 1990 896 2042 Waſſer⸗Tauffe
912 1983 1132 2043 vereiniget/
1144 1988 1226 2039 daß
1225 1980 1281 2036 der
1286 1983 1347 2028 Ge⸗

1220 2026 1346 2088 tauffte/
