1582 2437
566 393 633 446 312

810 393 892 453 Die
892 393 1036 453 zehnte
1036 393 1210 453 Predigt

676 487 769 531 Vor
789 486 893 529 deſſen
910 482 1126 534 Schoͤpfung
1152 482 1233 532 ging
1255 483 1307 523 die
1331 484 1446 532 heilige

572 529 862 577 Drey⸗Einigkeit
877 532 1045 579 gleichſam
1062 534 1122 579 bey
1132 532 1205 573 Jhr
1215 533 1304 578 ſelbſt
1314 538 1356 578 zu
1356 526 1447 578 rath,

574 585 643 621 und
659 583 766 629 faſſete
780 570 888 625 dieſen
888 579 1055 629 chluß:
1087 583 1213 637 Laſſet
1226 593 1300 620 uns
1319 584 1448 623 Men⸗

573 634 680 681 ſchen
697 631 869 674 machen;
886 638 932 677 (*)
957 644 1012 673 ein
1022 634 1122 677 Bild
1148 640 1221 673 das
1233 643 1309 671 uns
1323 633 1445 682 gleich

572 681 650 725 ſey,
677 679 738 716 die
764 679 812 715 da
839 666 1034 729 herrſchen
1057 683 1147 719 uͤber
1176 685 1236 718 die
1252 685 1372 730 Fiſche
1394 687 1447 717 im

571 741 707 786 Meer,
717 741 793 776 und
804 736 897 777 uͤber
912 738 971 778 die
980 735 1110 789 Voͤgel
1120 743 1233 778 unter
1244 738 1328 776 dem
1337 738 1448 785 Him⸗

573 782 669 829 mel,
700 784 779 825 und
804 783 896 825 uͤber
922 786 996 826 das
1013 788 1139 837 Vieh,
1172 790 1251 825 und
1273 788 1364 826 uͤber
1386 789 1448 827 die

570 847 696 890 gantze
723 843 861 890 Erde,
889 846 967 881 und
997 841 1088 882 uͤber
1111 841 1207 882 alles
1228 840 1449 890 Gewuͤrme,

571 896 646 935 das
660 896 733 947 auf
746 897 885 940 Erden
904 897 1064 943 kreucht.
1090 900 1170 942 1B.
1182 898 1276 946 Moſ.
1292 902 1314 939 1,
1327 902 1380 933 26.

676 1000 754 1044 Mit
775 999 874 1049 dieſer
897 1000 1096 1048 Herrſchaft
1115 998 1196 1041 uͤber
1220 1001 1269 1041 die
1295 1000 1450 1047 ſichtbare

571 1044 773 1095 Creaturen,
790 1047 897 1089 damit
906 1045 1068 1092 GOTT
1084 1047 1147 1085 den
1157 1048 1334 1095 Menſchen
1345 1050 1449 1093 gleich

570 1092 721 1143 anfangs
736 1095 900 1144 begnadet
921 1101 990 1137 und
999 1099 1156 1143 beliehen,
1174 1099 1322 1137 raͤumete
1337 1109 1370 1136 er
1378 1102 1458 1144 ihm

570 1147 656 1187 denn
667 1137 805 1194 zugleich
821 1151 881 1188 den
894 1148 1097 1192 Gebrauch
1113 1151 1273 1195 derſelben
1288 1154 1359 1193 ein,
1385 1155 1448 1187 wie

569 1201 632 1239 und
645 1191 841 1246 welcherley
863 1201 993 1248 Weyſe
1017 1212 1050 1240 er
1065 1208 1130 1239 nur
1146 1204 1240 1240 deren
1259 1202 1373 1241 wuͤrde
1390 1207 1451 1242 be⸗

568 1247 715 1301 noͤthiget
732 1253 817 1299 ſeyn.
868 1254 997 1301 Daher
1024 1255 1097 1301 hieß
1126 1260 1163 1294 es
1185 1256 1262 1294 bald
1286 1257 1451 1299 nachher:

567 1318 600 1350 v.
615 1321 676 1354 29.
686 1324 738 1357 30.
764 1313 898 1366 Sehet
911 1316 981 1361 da,
1000 1315 1057 1352 ich
1068 1313 1166 1362 habe
1183 1311 1272 1357 euch
1281 1310 1449 1363 gegeben

567 1355 722 1409 allerley
739 1362 896 1406 Kraut,
921 1359 995 1398 das
1014 1356 1086 1408 ſich
1102 1358 1266 1407 beſamet
1292 1360 1365 1409 auf
1379 1358 1449 1398 der

568 1422 722 1465 gantzen
756 1418 891 1462 Erde,
939 1419 1018 1456 und
1045 1417 1198 1459 allerley
1227 1416 1450 1469 fruchtbare

566 1455 746 1509 Baͤume,
779 1463 858 1502 und
874 1457 1049 1506 Baͤume,
1085 1462 1145 1502 die
1171 1458 1243 1510 ſich
1266 1462 1450 1509 beſamen,

565 1530 611 1558 zu
630 1532 739 1559 eurer
752 1522 917 1570 Speiſe;
933 1521 1012 1562 und
1029 1522 1139 1563 allem
1150 1515 1270 1574 Thier
1284 1521 1357 1573 auf
1363 1523 1450 1566 Er⸗

565 1550 652 1605 den,
666 1563 743 1600 und
762 1564 860 1602 allen
871 1562 1028 1611 Voͤgeln
1044 1570 1157 1600 unter
1172 1570 1257 1600 dem
1267 1567 1449 1606 Himmel⸗

566 1617 646 1658 und
666 1618 777 1660 allem
794 1618 1035 1668 Gewuͤrme,
1074 1619 1150 1659 das
1178 1622 1230 1660 da
1253 1614 1353 1661 lebet
1378 1617 1454 1670 auf

1359 1690 1449 1725 Er⸗

609 1786 651 1831 (*)
653 1780 691 1825 Er
731 1785 828 1828 ſpricht
845 1787 936 1825 nicht:
986 1780 1025 1828 Es
1031 1790 1160 1820 werden
1178 1787 1369 1827 Menſchen,
1391 1785 1479 1829 ſon⸗

652 1833 720 1866 dern
738 1833 805 1871 laſſt
837 1832 891 1876 uns
884 1834 1057 1873 Menſchen
1067 1833 1209 1869 machen,
1226 1831 1271 1866 als
1280 1834 1333 1867 mit
1341 1832 1389 1874 ſich
1399 1832 1446 1876 ſel⸗

652 1873 721 1914 ber
715 1867 748 1913 zu
752 1874 849 1917 Rathe
861 1878 962 1918 gehend
975 1869 1026 1910 und
1043 1878 1073 1909 es
1090 1871 1265 1916 uͤberlegend.
1311 1877 1401 1914 Denn
1418 1882 1450 1909 er

653 1923 705 1962 hat
715 1921 797 1961 durch
808 1923 885 1956 einen
896 1921 1167 1963 unausſprechlichen
1179 1923 1260 1963 Rath
1270 1921 1383 1965 gewolt,
1395 1921 1448 1963 daß

649 1970 699 2003 der
715 1966 837 2008 Menſch
854 1970 906 2002 das
925 1968 997 2010 letzte
1032 1968 1113 2002 Werck
1134 1962 1179 2004 der
1194 1963 1368 2009 Schoͤpfung
1384 1966 1449 2009 ſeyn

650 2011 738 2052 ſolte,
763 2010 827 2045 weil
838 2021 867 2045 er
876 2012 924 2054 ſich
934 2016 995 2048 dem
1005 2010 1160 2056 Menſchen
1172 2009 1329 2055 mittheilen
1345 2013 1402 2047 und
1417 2013 1449 2046 in

646 2052 710 2098 ihm
721 2052 809 2095 ruhen
820 2051 914 2089 wolte.
923 2054 1081 2085 Chemnit.
