1656 2345
143 426 211 477 ches
246 446 328 478 man
360 433 469 484 wiſſen
506 435 602 484 will;
641 437 736 484 ſiehet
765 446 844 478 man
871 447 939 477 nun

140 484 195 536 bey
222 496 250 536 I,
278 497 313 537 in
339 497 400 535 den
425 493 604 541 Spiegel,
629 493 660 539 ſo
683 497 830 540 erblicket
857 506 939 539 man

142 536 217 584 ohne
238 548 299 588 alle
326 541 487 592 Gefahr,
511 547 551 585 ob
579 547 627 585 die
657 547 805 589 Minirer
825 547 857 587 in
882 552 937 588 der

142 580 276 639 Sappe
293 591 458 634 arbeiten,
484 592 560 632 oder
577 597 655 632 was
671 596 725 634 der
741 594 846 643 Feind
858 593 940 643 ſonſt

138 640 194 682 vor
208 647 287 691 hat.
331 646 396 689 Um
420 645 521 694 dieſer
536 646 673 691 Urſache
693 647 802 689 willen
819 655 938 692 nennet

136 695 215 737 nan
241 697 342 747 dieſes
365 698 586 748 Jnſtrument
612 705 672 739 den
699 700 935 749 Wallgucker.

138 732 281 788 Wollen
297 745 373 790 Sie
391 751 459 785 aus
477 744 563 792 ihrer
573 746 817 794 Studierſtube
832 747 936 795 ſehen,

136 792 208 835 was
230 807 287 845 zur
312 796 420 843 Seite
436 797 502 842 auf
516 802 589 841 dem
610 798 835 848 Marktplatze
857 808 933 842 vor⸗

135 844 242 898 gehet,
269 852 299 901 ſo
311 852 428 898 richten
438 851 514 896 Sie
525 862 587 894 nur
598 853 646 893 die
656 851 822 900 Oefnung
832 852 869 898 E,
878 864 936 902 ge⸗

136 899 192 939 gen
227 905 287 944 den
319 901 396 946 Ort
431 904 476 944 da
509 903 564 944 der
592 902 700 946 Lerme
727 903 933 952 herkommt,

135 947 198 992 und
212 954 325 999 halten
339 958 404 998 das
417 953 513 1002 Auge
524 953 608 1001 nach
608 953 639 1001 l,
650 955 787 1005 daſelbſt
797 960 931 1000 werden

136 984 206 1036 Sie
218 998 298 1046 alles
306 1005 389 1045 ganz
404 997 567 1046 eigentlich
583 997 831 1046 wahrnehmen.

200 1064 261 1102 75.
290 1056 424 1101 Stellet
454 1066 511 1098 man
535 1052 622 1103 einen
634 1055 808 1106 Spiegel,
835 1065 930 1101 unter

134 1092 202 1144 dem
233 1105 378 1150 Winkel
408 1112 473 1144 von
502 1114 557 1151 54.
585 1105 756 1149 Graden,
780 1107 814 1146 in
837 1107 931 1150 einen

134 1140 209 1196 dazu
236 1150 445 1200 verfertigten
473 1152 619 1199 Kaſten,
648 1154 704 1193 der
730 1153 780 1195 ein
781 1149 919 1208 finſters

136 1190 283 1249 Gemach
298 1203 471 1251 vorſtellet,
498 1200 529 1247 ſo
545 1199 636 1247 wirft
655 1213 686 1242 er
701 1204 749 1244 die
767 1214 820 1253 zur
834 1203 927 1248 Sei⸗

132 1244 374 1305 ten ⸗ Oefnung
390 1253 585 1303 einfallende
601 1257 808 1304 Strahlen,
826 1260 930 1302 recht⸗

132 1295 306 1359 winkelicht
330 1310 363 1351 in
395 1311 444 1354 die
460 1306 581 1358 Hoͤhe,
608 1310 684 1352 weil
702 1320 791 1360 zwey
813 1311 928 1356 Win⸗

129 1336 202 1397 kel,
228 1356 314 1403 jeder
341 1352 407 1396 von
432 1364 492 1402 45.
519 1354 693 1401 Graden,
718 1354 928 1405 zuſammen,

127 1394 215 1447 einen
239 1417 305 1448 von
327 1405 461 1456 neunzig
481 1407 631 1455 machen.
679 1408 757 1457 Die
785 1409 929 1458 Strah⸗

130 1446 175 1500 len
193 1459 291 1509 fallen
309 1460 373 1510 auf
391 1457 481 1512 glatt
500 1455 741 1513 ausgeſpannten
756 1464 926 1516 Taffend,

129 1498 157 1544 in
185 1512 264 1555 eben
287 1517 343 1554 der
363 1512 557 1560 Ordnung,
584 1512 702 1561 welche
722 1515 772 1558 die
791 1515 929 1565 Puncte

131 1545 181 1596 der
197 1560 425 1612 abgebildeten
449 1560 576 1608 Sache
609 1567 704 1605 unter
725 1564 786 1613 ſich
799 1557 927 1614 haben.

139 1593 312 1655 Demnach
351 1610 388 1658 iſt
414 1610 462 1654 die
488 1607 684 1657 Abbildung
709 1611 928 1652 vollkommen

128 1652 253 1716 richtig,
283 1669 349 1708 und
372 1668 435 1711 kan
450 1675 530 1708 man
546 1665 609 1714 auf
620 1666 698 1717 dieſe
713 1669 832 1718 Weiſe
845 1672 927 1717 ohne

124 1711 223 1765 groſſe
247 1713 362 1762 Muͤhe
387 1716 528 1766 zeichnen
554 1715 689 1761 lernen,
715 1727 814 1759 wenn
847 1726 928 1759 man

125 1748 220 1807 ſolche
239 1764 451 1812 Stellungen
475 1760 638 1810 abreiſſet,
656 1765 774 1814 welche
792 1766 851 1807 mit
867 1768 924 1807 der

128 1793 250 1852 Natur
257 1815 401 1860 gaͤnzlich
413 1814 706 1858 uͤbereinſtimmen.

191 1873 240 1914 76
275 1868 381 1917 Dieſe
402 1867 578 1916 Maſchine
600 1867 732 1918 erlangt
750 1871 816 1912 eine
836 1867 925 1917 groͤſ⸗

129 1897 187 1949 ſere
206 1918 534 1958 Vollkommenheit,
556 1931 655 1955 wenn
671 1933 752 1961 man
772 1928 821 1957 die
837 1912 927 1954 Oef⸗

135 1968 232 2019 nung,
251 1981 306 2013 wo
320 1973 369 2016 die
384 1971 566 2022 Strahlen
578 1971 741 2023 einfallen,
752 1976 810 2017 mit
824 1971 925 2022 Roͤh⸗

1013 455 1075 490 Die

965 487 1105 535 Optick.

981 1067 1058 1108 Das

931 1108 1100 1152 bewegliche

933 1154 1044 1197 finſtere
1065 1162 1112 1199 Ge⸗

933 1199 1023 1234 mach.

954 1239 1019 1282 Fig.
1033 1246 1082 1282 16.
