1893 2872
204 482 517 534 hervorbringen.
568 482 678 518 Dieſs
704 478 837 516 Mittel
861 476 962 512 muſs
987 474 1075 510 aber
1090 472 1200 509 nicht
1217 483 1290 506 nur

206 531 413 573 anhaltend
447 528 653 581 gebraucht
684 527 858 573 werden,
901 525 1068 561 sondern
1103 525 1168 558 das
1196 526 1290 560 Ein-

207 586 442 634 geschüttete
467 580 570 620 muſs
596 580 693 617 auch
718 579 760 615 in
790 578 876 616 dem
892 578 993 616 Ohre
1008 574 1095 611 eine
1110 577 1291 622 Zeitlang

207 639 427 680 verweilen.

697 754 798 797 XIII.

369 807 696 854 Gehörfehler
734 818 844 850 von
864 816 1137 851 Krämpfen.

317 904 578 940 CHARACTER.
630 902 708 937 Das
725 895 850 934 Gehör
874 895 1118 944 derjenigen,
1148 895 1295 929 welche

215 957 301 994 sehr
329 953 514 992 reitzbare
538 955 691 990 Nerven
715 948 868 994 haben,
903 946 985 983 und
1015 960 1065 982 zu
1088 948 1297 993 Krämpfen

214 1007 370 1060 geneigt
395 1007 504 1051 sind,
542 1006 641 1043 wird
668 1018 717 1042 zu
745 1002 877 1040 Zeiten
896 999 1113 1049 feinhörig,
1149 1003 1229 1032 und
1254 1013 1296 1032 so

216 1059 468 1111 empfindlich
491 1068 612 1108 gegen
630 1058 704 1095 alle
721 1059 850 1098 Töne,
876 1052 958 1089 daſs
975 1053 1093 1091 selbst
1107 1055 1169 1088 die
1186 1056 1300 1087 Men-

217 1106 518 1149 schenstimme,
560 1114 678 1140 wenn
706 1102 761 1138 sie
786 1101 883 1144 auch
905 1104 1009 1137 noch
1033 1114 1075 1133 so
1099 1105 1192 1132 leise
1216 1118 1301 1130 aus-

218 1161 455 1212 gesprochen
483 1159 609 1206 wird,
654 1156 873 1195 demselben
909 1157 1169 1205 unerträglich
1201 1158 1300 1190 fällt.

215 1209 420 1248 Zuweilen
462 1204 558 1241 wird
590 1216 627 1240 es
660 1205 751 1240 aber
777 1205 874 1238 auch
907 1206 1107 1248 harthörig
1136 1218 1203 1231 aus
1236 1209 1301 1232 der

217 1266 441 1304 nämlichen
466 1261 670 1300 Ursache.

323 1318 534 1355 HEILUNG.
593 1316 640 1348 In
665 1312 815 1357 beyden
837 1312 968 1348 Fällen
990 1312 1043 1344 ist
1067 1312 1132 1342 der
1163 1309 1304 1341 äuſser-

220 1368 323 1408 liche
355 1365 436 1403 und
461 1362 676 1401 innerliche
697 1360 893 1398 Gebrauch
917 1359 981 1392 des
1004 1360 1167 1402 Opiums
1190 1371 1303 1401 ange-

222 1419 336 1468 zeigt.
388 1415 572 1465 Zugleich
601 1413 703 1450 muſs
727 1412 816 1448 aber
833 1411 930 1448 auch
947 1409 1016 1447 auf
1030 1410 1092 1446 die
1113 1412 1303 1445 Ursachen

223 1473 290 1509 der
315 1466 489 1516 Krämpfe
518 1463 720 1502 Rücksicht
742 1470 973 1510 genommen
1001 1461 1175 1503 werden,
1223 1465 1304 1492 und

223 1530 318 1557 man
344 1518 448 1556 mufs
473 1514 669 1560 dieselben
693 1525 744 1549 zu
767 1510 966 1550 entfernen
993 1513 1151 1545 suchen.

327 1578 428 1611 Zum
451 1566 702 1608 äuſserlichen
730 1563 928 1603 Gebrauch
954 1568 1042 1600 läſst
1056 1575 1146 1597 man
1165 1572 1186 1603 5
1208 1571 1307 1596 Gran

226 1629 370 1679 Opium
395 1626 438 1662 in
469 1635 493 1673 4
514 1627 647 1663 Unzen
672 1626 823 1661 Wasser
847 1618 1055 1666 auflöſsen,
1097 1622 1178 1654 und
1205 1622 1308 1653 diese

225 1675 458 1729 Auflöſsung
485 1670 813 1714 Theelöffelweise
834 1681 953 1707 warm
978 1671 1042 1706 ins
1059 1673 1140 1705 Ohr
1158 1672 1309 1705 hinein-

226 1733 370 1774 laufen.

381 1867 498 1907 Fünf
518 1867 604 1903 und
626 1871 894 1909 dreysigster
915 1872 1160 1897 Abschnitt.

332 1979 408 2019 Die
448 1973 723 2020 Gehörfehler,
775 1969 922 2009 welche
951 1968 1006 2005 im
1039 1970 1201 2016 vorigen
1234 1974 1310 2003 Ab-

233 2030 400 2071 Schnitte
421 2025 619 2076 vorgelegt
641 2021 748 2071 sind,
776 2021 988 2062 schränken
1010 2023 1091 2057 sich
1110 2025 1227 2057 allein
1248 2026 1316 2057 auf

234 2087 307 2123 den
335 2085 448 2123 Theil
476 2082 540 2119 des
565 2079 829 2125 Gehörorgans
857 2075 941 2120 ein,
972 2077 1141 2112 welcher
1166 2078 1229 2109 die
1250 2082 1314 2109 In-

233 2141 443 2172 strumente
471 2138 562 2167 zum
591 2130 723 2168 Hören
756 2124 800 2163 in
832 2125 915 2163 sich
940 2128 1108 2169 enthält,
1143 2131 1225 2158 und
1247 2130 1318 2157 auf

234 2189 298 2226 die
330 2186 486 2233 Theile,
530 2179 677 2222 welche
705 2181 768 2220 die
799 2175 1203 2228 Luftschwingungen
1233 2192 1313 2210 von

233 2238 366 2276 auſsen
405 2237 472 2274 her
509 2235 582 2271 den
617 2235 901 2269 Instrumenten
945 2233 1146 2265 zuführen.
1213 2237 1314 2265 Jetzt

234 2290 387 2329 bleiben
419 2301 501 2325 nun
530 2282 631 2323 bloſs
661 2283 763 2322 noch
796 2283 859 2320 die
891 2285 1138 2318 Gehörfehler
1169 2296 1220 2313 zu
1252 2288 1316 2314 be-

236 2342 407 2380 trachten
437 2339 570 2388 übrig,
615 2335 689 2381 bey
721 2335 846 2373 denen
881 2335 1076 2371 Schwäche
1107 2338 1186 2367 und
1221 2339 1320 2368 Läh-

239 2406 352 2444 mung
390 2392 451 2431 des
482 2393 760 2432 Gehörnervens
787 2389 851 2426 die
876 2389 1033 2424 nächste
1058 2389 1226 2424 Ursache
1256 2391 1321 2420 ist.
