1609 2400
538 405 611 457 502

657 396 745 450 Die
745 396 851 450 drey
851 396 943 450 und
943 396 1176 450 zwanzigſte
1176 396 1310 450 Rede

547 493 617 529 das
633 491 775 532 gottloſe
788 489 941 535 Weſen:
968 494 1059 529 denn
1074 491 1116 536 ſie
1132 489 1203 537 ſind
1220 486 1414 537 theilhaftig

546 540 606 577 der
630 525 808 582 Salbung
834 539 904 576 aus
926 539 985 576 der
1002 534 1100 585 Fuͤlle
1123 536 1244 576 unſers
1272 534 1413 584 HErrn

546 596 657 642 JEſu
667 594 821 641 CHriſti.
875 596 982 639 Sind
996 598 1038 640 ſie
1055 595 1137 635 aber
1147 593 1326 642 Chriſten,
1342 595 1415 633 das

547 650 607 690 iſt,
625 644 790 689 Geſalbte
800 647 863 686 mit
872 649 947 686 dem
959 646 1076 691 Geiſte
1086 644 1251 694 CHriſti:
1279 645 1313 692 ſo
1329 642 1414 690 muß

547 696 610 744 ſich
621 696 705 743 auch
719 697 755 737 in
764 698 858 741 ihren
868 695 1011 743 Hertzen
1023 698 1082 736 der
1090 693 1234 743 Kampf
1244 703 1348 743 gegen
1360 695 1415 734 die

546 746 751 789 anklebende
757 746 896 790 Suͤnde
905 746 1042 795 finden,
1065 748 1122 785 und
1139 744 1215 799 zwar
1243 747 1298 786 ein
1311 745 1414 793 ernſt⸗

549 801 647 849 licher
662 800 813 847 Kampf.
865 801 928 850 Jſt
946 802 1121 850 derſelbige
1138 801 1228 847 nicht
1245 804 1314 845 da;
1339 799 1415 847 ſon⸗

547 856 631 893 dern
643 854 686 900 ſie
695 850 835 898 ſchlafen
844 847 1041 899 gleichſam,
1067 850 1193 898 troͤſten
1203 851 1265 900 ſich
1273 860 1339 890 nur
1351 849 1417 889 mit

547 906 696 953 CHriſti
711 904 811 948 Blut
828 908 901 946 und
911 903 1182 951 Gerechtigkeit,
1205 902 1318 952 ſuchen
1330 904 1417 943 aber

548 959 637 1004 nicht
653 955 762 1003 dabey
779 957 885 1004 dieſen
895 955 1041 1005 Kampf
1055 955 1203 1003 ernſtlich
1219 965 1258 1000 zu
1270 953 1416 1003 fuͤhren:

548 1014 585 1054 ſo
603 1012 676 1055 ſind
695 1012 737 1057 ſie
751 1011 837 1059 auch
858 1011 930 1051 kein
953 1009 1091 1055 wahrer
1107 1002 1231 1063 Jſrael
1245 1009 1416 1051 GOttes.

548 1064 647 1108 Von
661 1060 785 1112 Jacob
805 1063 879 1109 hieß
893 1067 950 1104 es:
977 1064 1047 1104 Du
1065 1062 1151 1110 haſt
1167 1064 1239 1103 mit
1248 1061 1415 1108 GOTT

549 1111 633 1151 und
649 1119 721 1153 mit
738 1110 959 1157 Menſchen
976 1103 1214 1161 gekaͤmpfet,
1240 1110 1322 1149 und
1341 1107 1418 1159 biſt

548 1161 783 1212 obgelegen;
809 1165 887 1210 1B.
898 1153 997 1213 Moſ.
997 1151 1060 1216 32,
1072 1169 1124 1205 28.
1153 1163 1281 1204 darum
1297 1164 1419 1203 wurde

550 1226 584 1255 er
600 1209 685 1264 auch
692 1208 816 1266 Jſrael
825 1223 1000 1264 genennet.
1022 1218 1101 1259 Und
1114 1215 1187 1263 alſo
1197 1216 1319 1264 ſpricht
1331 1213 1418 1260 auch

550 1275 702 1323 Paulus
721 1275 857 1320 Gal.6,
867 1287 907 1318 15.
917 1278 965 1314 16.
994 1274 1056 1322 Jn
1068 1271 1237 1320 CHriſto
1249 1275 1420 1320 JESU

548 1324 624 1373 gilt
640 1324 775 1365 weder
790 1323 1094 1374 Beſchneidung
1111 1324 1208 1365 noch
1223 1320 1418 1372 Vorhaut

550 1378 702 1419 etwas,
722 1370 886 1413 ſondern
905 1373 986 1411 eine
1000 1382 1095 1409 neue
1104 1371 1287 1412 Creatur.
1326 1372 1417 1411 Und

548 1417 625 1463 wie
642 1423 719 1462 viel
734 1425 831 1467 nach
850 1423 970 1472 dieſer
982 1422 1111 1472 Regel
1128 1419 1260 1472 einher
1275 1420 1417 1470 gehen,

549 1478 644 1519 uͤber
662 1480 723 1517 die
733 1478 791 1527 ſey
801 1478 935 1527 Friede
954 1480 1035 1517 und
1047 1476 1418 1526 Barmhertzigkeit,

548 1531 630 1569 und
649 1526 742 1566 uͤber
754 1528 831 1568 den
843 1527 976 1577 Jſrael
986 1530 1184 1571 GOttes;
1209 1526 1269 1567 als
1284 1524 1419 1575 ſpraͤche

550 1593 605 1622 er:
636 1582 717 1627 Die
733 1581 806 1632 ſind
819 1583 926 1630 rechte
943 1580 1159 1629 Jſraeliten,
1180 1580 1288 1627 rechte
1302 1580 1418 1630 Jaco⸗

549 1629 657 1673 biten,
672 1627 793 1670 welche
806 1629 869 1667 mit
880 1628 1004 1674 Jacob
1014 1631 1076 1665 den
1087 1623 1232 1675 Kampf
1242 1631 1418 1669 antreten,

549 1683 621 1719 und
632 1683 694 1720 den
706 1681 846 1728 HErrn
857 1681 946 1726 nicht
965 1678 1094 1727 laſſen,
1101 1679 1153 1725 bis
1175 1683 1206 1718 er
1241 1679 1284 1728 ſie
1299 1679 1419 1727 ſegnet.

549 1733 667 1776 Denn
679 1733 800 1779 ſolcher
808 1730 954 1778 Kampf
964 1731 1105 1781 beſtehet
1117 1730 1329 1780 vornemlich
1337 1733 1417 1771 dar⸗

549 1786 608 1831 in,
633 1784 703 1828 daß
724 1793 809 1823 man
828 1785 875 1823 im
887 1783 1004 1827 Gebet
1017 1786 1088 1824 und
1105 1782 1234 1834 Flehen
1253 1791 1315 1822 um
1335 1784 1418 1831 ſeine

550 1840 686 1881 Gnade
698 1837 819 1883 ringet.
863 1837 949 1882 Wo
960 1838 1043 1879 aber
1051 1838 1157 1884 dieſes
1168 1837 1251 1882 ſeine
1260 1836 1418 1885 Richtig⸗

551 1892 617 1933 keit
636 1892 719 1934 hat,
745 1889 814 1938 daß
837 1890 888 1932 ein
915 1891 1059 1939 Menſch
1073 1892 1126 1932 die
1141 1888 1281 1934 Suͤnde
1301 1889 1433 1939 haſſet,

551 1942 625 1981 und
636 1939 687 1980 die
704 1938 952 1989 Gerechtigkeit
967 1939 1087 1986 liebet,
1102 1938 1174 1977 und
1188 1946 1282 1984 zwar
1300 1926 1333 1985 ſo
1350 1934 1421 1978 wol

525 1988 606 2046 die
616 1984 889 2042 Gerechtigkeit,
915 1994 970 2032 die
984 1992 1056 2038 ihm
1072 1995 1144 2033 aus
1155 1990 1312 2033 Gnaden
1326 1994 1420 2039 zuge⸗

521 2047 686 2102 rechnet
695 2048 806 2099 wird,
832 2048 890 2092 als
905 2047 991 2100 auch
1007 2046 1201 2098 dieſelbige,
1223 2047 1325 2091 darin
1337 2057 1373 2090 er
1385 2046 1421 2086 in

1357 2097 1421 2146 ſei⸗
