1640 2414
579 354 667 428 324

692 357 801 421 Der
801 357 911 421 vier
911 357 1014 421 und
1014 357 1263 421 zwanzigſte
1263 357 1430 421 Brief.

588 461 639 497 als
658 457 708 494 bis
728 467 757 493 er
776 456 879 506 hoͤret,
913 461 975 510 daß
997 465 1065 500 dem
1085 463 1234 511 Kutſcher
1250 466 1372 513 befolen
1392 467 1473 509 wird

588 509 646 557 ſtill
666 518 702 553 zu
724 508 844 558 halten,
883 518 953 550 oder
974 511 1041 560 ihm
1069 515 1156 564 ſelbſt
1191 520 1238 556 die
1257 518 1382 569 Piſtole
1415 514 1477 564 auf

591 576 638 613 die
658 573 765 621 Bruſt
796 576 910 624 geſetzet
932 578 1023 617 wird.
1110 582 1224 621 Wolte
1254 589 1307 620 der
1326 583 1474 631 Kutſcher

589 622 762 672 fortjagen,
795 629 824 675 ſo
852 629 931 666 wird
961 639 993 666 er
1013 637 1076 668 von
1103 631 1215 679 ſeinem
1244 634 1338 681 Sitze
1367 632 1484 685 herab⸗

588 678 771 724 geſchoßen;
816 688 882 717 und
904 683 996 719 wolte
1015 684 1097 721 einer
1114 692 1177 722 von
1210 689 1261 724 der
1285 685 1472 736 Geſelſchaft

589 741 636 780 ein
658 740 775 782 Gewer
791 754 904 792 regen,
932 745 962 792 ſo
982 744 1089 787 wuͤrde
1118 748 1209 794 dieſer
1230 750 1300 799 eher
1336 751 1396 797 ſein
1425 753 1471 791 Le⸗

587 794 643 832 ben
662 797 829 844 verlieren,
860 798 911 844 ehe
931 802 1025 845 jener.
1083 802 1151 844 Ein
1179 801 1315 846 Raͤuber
1349 808 1385 852 iſt
1407 802 1469 846 viel

585 866 622 903 zu
638 856 737 905 liſtig,
767 859 819 896 als
838 860 901 907 daß
921 873 952 900 er
971 862 1032 906 ſein
1049 863 1142 904 Leben
1163 866 1196 903 in
1225 865 1331 914 Gefar
1358 878 1395 915 zu
1415 867 1468 914 ſez⸗

585 924 637 961 zen
664 912 776 963 noͤhtig
794 916 893 964 haͤtte.
950 922 1120 963 Bedenken
1143 922 1234 973 Sie,
1262 925 1346 963 mein
1371 925 1466 972 Herr,

584 978 620 1007 es
639 971 704 1016 ſind
723 969 858 1017 hundert
880 973 997 1020 Pfund
1014 975 1192 1022 Belonung
1213 975 1332 1025 darauf
1351 978 1468 1026 geſetzet

582 1026 728 1067 worden,
757 1032 821 1063 wer
841 1025 931 1065 einen
946 1026 1232 1078 Straßenraͤuber
1232 1030 1377 1080 lebendig
1393 1039 1466 1072 oder

585 1089 652 1122 todt
676 1083 817 1133 bringet;
860 1090 926 1126 und
953 1089 998 1130 ich
1023 1088 1100 1138 habe
1131 1094 1206 1138 noch
1227 1093 1309 1133 nicht
1334 1094 1463 1142 geleſen,

583 1137 647 1186 daß
665 1139 712 1178 ein
733 1141 861 1191 einziger
881 1146 947 1182 todt
976 1143 1118 1195 gebracht
1142 1145 1216 1196 ſey;
1263 1148 1350 1197 wohl
1378 1151 1463 1197 aber,

582 1196 646 1245 daß
663 1206 726 1235 von
744 1198 837 1249 ihnen
857 1202 904 1242 die
925 1201 1097 1253 Reiſende,
1126 1207 1203 1246 auch
1221 1201 1323 1256 Leute,
1354 1206 1463 1251 welche

573 1269 620 1305 zu
640 1258 760 1307 Pferde
777 1260 909 1310 geweſen
930 1267 995 1302 und
1013 1263 1157 1312 geladene
1171 1266 1317 1318 Piſtolen
1337 1268 1393 1318 bey
1405 1271 1462 1318 ſich

581 1313 714 1363 gehabt,
749 1315 905 1367 erſchoßen
923 1318 1006 1366 ſeyn.
1095 1319 1210 1368 Hinter
1235 1325 1324 1363 einen
1342 1324 1459 1372 ſolchen

581 1373 805 1426 herzuſchießen
827 1380 865 1427 iſt
874 1376 991 1428 ſowohl
999 1380 1191 1432 vergeblich,
1214 1383 1332 1432 ſowohl
1351 1394 1459 1433 wegen

582 1435 634 1469 der
647 1431 842 1482 Dunkelheit
863 1439 917 1473 des
934 1433 1075 1483 Abends,
1094 1438 1147 1475 als
1165 1445 1217 1477 der
1227 1440 1460 1489 Geſchwindig⸗

581 1487 639 1526 keit
658 1487 753 1532 ſeines
774 1487 937 1539 Pferdes;
966 1490 1019 1529 als
1045 1493 1121 1532 auch
1149 1493 1313 1543 gefaͤrlich,
1352 1495 1459 1536 indem

579 1549 611 1570 er
629 1538 712 1581 wohl
729 1540 759 1577 ſo
776 1550 934 1582 verwegen
960 1540 1015 1584 iſt,
1044 1541 1155 1577 wieder
1178 1532 1369 1590 umzukeren,
1390 1549 1455 1585 und

576 1601 678 1649 ſeinen
698 1601 817 1653 Feind,
852 1611 903 1646 der
921 1607 976 1654 ſich
994 1605 1171 1656 verſchoßen
1199 1608 1274 1659 hat,
1308 1610 1453 1660 aufzuſu⸗

577 1660 661 1697 chen.
726 1658 821 1701 Doch
842 1657 961 1709 muͤßen
984 1660 1056 1702 Sie
1083 1659 1154 1715 mich
1183 1661 1274 1714 nicht
1285 1665 1317 1715 ſo
1345 1668 1453 1713 verſte⸗

577 1710 655 1762 hen,
680 1713 732 1754 als
753 1716 791 1754 ob
812 1719 861 1757 ein
880 1717 1049 1767 Reiſender
1069 1722 1128 1765 mit
1150 1722 1319 1771 geladenen
1343 1723 1452 1772 Piſto⸗

576 1761 625 1804 len
645 1768 743 1808 nichts
763 1771 937 1816 ausrichte,
975 1773 1056 1810 denn
1084 1774 1135 1812 ein
1162 1773 1309 1823 Raͤuber,
1340 1779 1392 1814 der
1409 1772 1449 1820 ſie

576 1827 684 1875 ſiehet,
732 1827 862 1880 fuͤrchtet
894 1834 948 1878 ſich
976 1829 1075 1882 oͤfters
1103 1836 1203 1874 einen
1220 1835 1321 1876 damit
1354 1839 1449 1888 verſe⸗

572 1886 671 1935 henen
702 1892 954 1937 anzugreiffen.

625 1942 697 1983 Sie
716 1948 837 1982 werden
855 1945 910 1993 ſich
930 1954 997 1984 nun
1014 1946 1094 1989 nicht
1110 1952 1283 1997 wundern,
1313 1950 1377 1998 daß
1394 1952 1446 1991 ein

569 1997 841 2053 Straßenraͤuber
871 2004 959 2046 einen
992 2003 1082 2056 Lord,
1114 2000 1243 2059 welcher
1263 2011 1444 2054 Bedienten

1382 2070 1446 2114 bey
