1530 2232
660 368 738 405 131

270 427 340 471 hof,
364 430 435 473 halb
463 419 523 464 aus
550 430 644 463 einem
676 430 841 470 wirklichen
867 426 1131 470 Enthuſiasmus,

266 475 338 515 halb
370 478 429 511 aus
457 476 509 508 der
531 476 680 516 Ahndung
710 476 800 508 vieler
834 474 958 515 luſtigen
987 476 1136 512 Scenen,

268 520 315 555 die
333 522 379 555 ein
400 520 509 560 ſolches
529 521 624 555 Leben
645 521 751 559 hervor
778 521 902 558 bringen
925 517 1038 559 muͤßte.

361 565 407 599 Es
424 564 531 597 konnte
546 564 622 603 nicht
643 563 757 603 fehlen:
784 564 842 597 das
866 564 962 597 Leben
980 568 1067 595 unter
1084 573 1138 596 an⸗

268 612 340 646 dern
361 611 519 649 Menſchen
542 611 623 650 hatte
642 609 806 650 Ludwigen
828 611 883 643 den
900 611 1059 651 Menſchen
1076 613 1139 645 und

268 660 353 700 ihren
373 657 489 692 Moden
511 658 610 690 etwas
633 655 724 697 naͤher
747 657 893 698 gebracht.
941 656 1036 694 Zwar
1064 656 1138 696 ging

267 713 297 738 er
315 706 376 736 und
401 703 506 742 betrug
527 702 576 744 ſich
599 703 669 743 noch
696 702 803 737 immer
827 704 873 745 ſo,
900 702 958 744 daß
980 711 1051 736 man
1076 702 1140 742 ihm

266 753 346 792 ſeine
361 748 532 793 Erziehung
556 748 670 791 anſah;
689 748 779 784 allein
796 759 824 783 er
841 759 906 784 war
927 749 996 790 doch
1018 753 1067 784 der
1084 749 1139 784 all⸗

269 795 425 835 gemeinen
441 795 534 831 Sitte
549 794 641 836 naͤher
657 792 841 838 gekommen.
866 797 935 838 Juſt
951 796 990 829 da
1010 806 1039 829 er
1055 796 1141 829 einen

269 841 440 885 Gefaͤhrten
472 841 525 884 bey
550 842 659 883 ſeinem
690 842 939 883 enthuſiaſtiſchen
967 843 1068 883 Plane
1091 841 1142 881 fuͤr

268 888 412 933 Freyheit
438 889 535 932 hatte,
558 890 689 931 wachten
714 890 771 924 alle
795 891 876 924 alten
903 889 1001 931 Jdeen
1031 891 1143 924 wieder

266 936 341 977 auf,
366 937 427 971 und
440 937 610 973 verbanden
624 937 673 980 ſich
685 937 741 972 mit
757 945 886 978 neuern,
904 939 950 973 die
962 938 1142 980 Sellhof
1110 935 1147 978 an

266 988 312 1021 die
337 985 432 1030 Hand
456 985 527 1026 gab.

357 1030 423 1069 Auf
439 1031 489 1065 der
515 1028 620 1065 Stelle
641 1029 745 1064 wurde
768 1029 819 1064 der
843 1030 926 1072 Plan
952 1029 1002 1063 der
1026 1029 1141 1072 beyden

264 1067 437 1111 Juͤnglinge
455 1071 692 1111 ausgearbeitet.
718 1071 813 1111 „Wir
834 1071 942 1106 wollen
967 1072 996 1111 ſo
1019 1071 1141 1112 ſimpel,

261 1123 292 1162 ſo
316 1120 468 1160 ſokratiſch
494 1121 596 1158 leben,
620 1120 677 1153 wie
702 1118 847 1160 moͤglich:
878 1120 935 1153 wir
960 1121 1068 1153 wollen
1092 1121 1142 1153 ein

263 1162 439 1206 Handwerk
460 1164 583 1199 lernen;
608 1163 665 1193 wir
690 1164 799 1196 wollen
820 1165 926 1200 unſern
948 1164 1063 1202 Koͤrper
1085 1163 1140 1195 ab⸗

263 1206 405 1248 haͤrten.“
429 1205 506 1241 Das
528 1214 631 1241 waren
646 1206 693 1239 die
714 1207 785 1250 drey
802 1208 938 1247 Puncte,
959 1207 1005 1239 die
1027 1208 1062 1247 ſie
1078 1208 1141 1248 ſehr

264 1251 337 1283 bald
356 1250 412 1282 mit
431 1250 575 1282 einander
593 1249 762 1284 abredeten.
798 1251 862 1284 Sie
883 1250 967 1288 fielen
994 1249 1143 1283 einander

264 1299 295 1331 in
316 1298 364 1330 die
385 1297 496 1336 Arme,
515 1296 703 1337 verſprachen
727 1297 775 1337 ſich
805 1296 868 1329 eine
896 1296 1005 1335 ewige,
1035 1296 1141 1336 felſen⸗

263 1345 329 1386 feſte
357 1342 597 1385 Freundſchaft,
625 1343 771 1384 ſchworen
807 1345 857 1377 der
894 1342 1022 1382 Tugend
1046 1344 1141 1383 ewige

263 1390 368 1429 Liebe,
389 1390 455 1424 dem
472 1389 570 1432 Laſter
592 1391 652 1425 und
674 1390 723 1425 der
742 1389 886 1433 Thorheit
914 1389 1028 1430 ewigen
1053 1389 1139 1434 Haß,

263 1435 325 1469 und
353 1433 533 1476 Burchhard
560 1434 615 1473 lief
644 1424 772 1481 ſogleich
786 1432 826 1478 zu
854 1433 1052 1475 Ehrenbreit,
1078 1435 1141 1468 und

263 1484 403 1528 kuͤndigte
422 1484 484 1525 ihm
506 1494 563 1525 an,
580 1483 651 1527 daß
643 1479 678 1524 er
698 1483 812 1527 kuͤnftig
835 1486 888 1528 bey
917 1479 1042 1532 Sellhof
1065 1486 1140 1528 woh⸗

266 1536 323 1562 nen
344 1527 457 1562 wollte.

357 1574 538 1614 Ehrenbreit
566 1573 648 1614 hatte
676 1573 772 1613 nichts
801 1572 954 1613 dagegen,
977 1573 1039 1606 und
1066 1573 1137 1611 noch

265 1618 361 1657 dieſen
377 1619 481 1652 Abend
501 1619 616 1657 brachte
638 1616 816 1657 Burchhard
841 1619 936 1657 ſeinen
963 1616 1058 1659 Pfuͤhl
1075 1619 1138 1650 und

265 1667 342 1708 ſeine
361 1665 454 1700 Decke
471 1676 506 1710 zu
527 1667 663 1710 Sellhof.
693 1665 757 1700 Die
777 1668 863 1709 halbe
889 1667 986 1705 Nacht
1010 1666 1135 1704 verging

265 1714 354 1744 unter
372 1709 474 1748 Plane
502 1710 632 1748 machen.
682 1710 814 1752 Sellhof
838 1711 902 1743 kam
930 1711 1037 1741 immer
1062 1709 1138 1741 wie⸗

266 1757 317 1791 der
341 1754 458 1789 darauf
475 1754 598 1797 zuruͤck:
646 1754 734 1794 „Und
764 1758 833 1789 was
857 1757 903 1790 die
928 1756 1018 1789 Leute
1047 1755 1139 1795 ſagen

269 1800 408 1835 werden,
431 1807 520 1833 wenn
545 1801 604 1834 wir
623 1799 679 1833 wie
703 1808 783 1840 zwey
804 1801 1005 1841 Philoſophen
1026 1800 1138 1834 leben?

269 1867 314 1873 —
328 1845 390 1886 Laß
411 1844 446 1885 ſie
466 1846 574 1885 ſagen,
598 1849 666 1881 was
691 1845 725 1887 ſie
746 1843 896 1885 moͤgen,“
916 1847 975 1886 rief
1006 1842 1135 1891 Ludwig;

268 1893 342 1935 „laß
362 1895 422 1926 uns
448 1893 477 1929 ſo
502 1896 626 1930 leben!“

350 1936 407 1967 Am
425 1932 537 1965 andern
548 1934 681 1971 Morgen
694 1930 785 1968 nahm
801 1932 926 1968 Ludwig
945 1935 1006 1967 eine
1021 1932 1135 1965 Schee⸗

271 1991 319 2024 re,
342 1984 402 2020 und
420 1982 575 2025 verſchnitt
593 1985 658 2020 dem
680 1984 812 2022 Sellhof
826 1987 884 2018 das
900 1986 1008 2027 Haar,
1030 1990 1059 2023 ſo
1078 1985 1136 2018 wie

743 2035 791 2071 J
791 2035 823 2071 2
