1718 2438
256 433 316 475 der
329 425 588 480 Europæiſchen
605 420 709 471 Hoͤfe.

849 424 949 460 1115

169 500 373 556 Jnzwiſchen
383 499 477 544 erhob
487 498 544 549 ſich
559 503 613 539 der
621 506 656 536 in
666 499 721 536 der
728 494 853 534 andern
862 487 957 537 Huͤt-

81 563 105 600 te
117 554 304 612 ſchlaffende
329 544 529 598 Cavalier/
539 549 594 599 bey
612 552 683 589 dem
703 543 780 592 noch
798 542 849 584 ein
863 541 959 591 Page

82 605 149 660 lag/
155 613 222 652 und
237 604 370 658 entſetzte
378 602 436 654 ſich
444 597 524 644 uͤber
532 610 633 643 meine
643 595 869 647 Gegenwart/
895 587 962 636 daß

84 672 114 707 er
125 664 213 716 ſchon
228 663 307 710 nach
344 651 445 706 Degen
468 662 529 697 und
550 652 697 705 Piſtolen
717 646 838 699 griffe/
864 647 917 688 als
928 654 964 685 er

83 716 160 765 mich
170 712 319 761 endlich/
322 707 462 758 nachdem
471 716 505 747 er
521 709 581 747 den
589 692 739 753 Schlaff
743 706 810 743 aus
823 702 882 741 den
890 695 964 740 Au⸗

85 769 143 810 gen
151 761 351 815 geſtrichen/
365 768 422 802 vor
431 753 540 799 keinen
549 754 654 803 Feind
663 749 825 794 erkandte.

182 816 238 861 Es
246 822 321 856 war
328 816 385 854 der
393 802 595 855 Edelmann/
602 803 732 852 welcher
740 797 968 842 Amarianen

85 863 149 910 eine
157 866 189 918 ſo
215 857 333 919 falſche
349 858 485 908 Meinung
496 863 554 896 vor
572 852 696 897 meines
709 845 871 901 gnaͤdigen
885 847 961 895 Hn.

87 915 212 964 Untreu
221 916 295 967 ſolte
303 908 510 965 beygebracht
519 903 645 955 haben/
644 910 711 948 und
721 902 872 952 demnach
880 899 972 947 hielte

91 970 134 1025 ich
151 963 255 1023 ſeinen
271 967 435 1019 Recompens
466 960 560 1010 dafuͤꝛ
560 959 639 1004 eben
648 960 732 1004 nicht
739 967 797 1000 vor
807 958 836 998 ſo
845 952 974 1004 koſtbaꝛ.

187 1023 293 1068 Allein
303 1020 349 1069 ich
376 1015 478 1064 machte
500 1006 606 1064 groſſe
597 1011 745 1060 Augen/
773 1008 827 1050 als
850 1004 904 1054 ihn
922 1004 974 1048 die

91 1068 282 1126 Koͤnigliche
291 1063 484 1122 Printzeßin
494 1067 528 1108 in
538 1062 657 1105 meiner
674 1058 881 1109 Gegenwart
904 1057 975 1095 Ira-

91 1128 180 1168 nien
206 1120 376 1175 dergeſtalt
399 1113 740 1160 recommandirte,
767 1110 820 1152 als
834 1108 873 1150 ob
890 1117 922 1150 er
937 1106 978 1156 ſie

94 1181 191 1231 nechſt
202 1181 272 1223 dem
281 1174 430 1228 Himmel
438 1177 504 1217 aus
512 1175 568 1215 der
576 1167 714 1214 Gewalt
722 1171 778 1211 der
797 1162 916 1215 Feinde
926 1169 979 1212 ge⸗

94 1228 216 1281 bracht.

196 1278 285 1331 Hier
298 1274 399 1326 nahm
413 1273 535 1316 Iranio
551 1261 799 1321 Gelegenheit/
816 1265 866 1307 die
874 1262 984 1312 Prin⸗

98 1329 190 1392 tzeßin
201 1341 237 1383 zu
246 1326 389 1379 fragen/
395 1326 438 1369 ob
438 1325 477 1367 er
484 1328 568 1367 denn
577 1323 611 1365 in
618 1326 677 1364 der
693 1317 787 1367 That
795 1315 913 1365 nicht
886 1313 914 1366 ſo
923 1322 985 1354 un⸗

97 1382 244 1435 gluͤcklich
251 1375 421 1433 geweſen/
428 1375 462 1425 in
454 1384 528 1421 dero
534 1373 694 1423 Ungnade
703 1370 800 1416 durch
808 1368 906 1415 dieſes
916 1367 988 1407 Ca-

99 1439 227 1482 valiers
235 1434 343 1486 falſche
356 1429 541 1483 Erzehlung
549 1437 585 1477 zu
593 1427 688 1474 fallen
702 1425 764 1465 wie
773 1423 812 1467 ſie
819 1424 854 1463 in
861 1424 932 1462 dem
941 1420 990 1459 al⸗

100 1480 427 1541 ler⸗empfindlichſten
437 1479 562 1532 Briefe
570 1487 633 1523 von
648 1480 704 1521 der
722 1473 867 1523 Welt
831 1466 864 1524 zu
877 1469 992 1519 verſte-

103 1537 164 1590 hen
184 1535 359 1590 gegeben?

198 1584 260 1641 Die
283 1572 478 1639 Koͤnigliche
494 1567 667 1629 Printzeßin
692 1570 816 1624 laͤchelte
825 1570 882 1623 bey
894 1567 993 1620 dieſer

105 1639 228 1696 Frage/
237 1643 304 1684 und
313 1638 368 1683 bat
375 1641 430 1681 der
436 1626 589 1686 hefftigen
600 1624 805 1678 Wuͤrckung
814 1623 901 1675 ihrer
909 1623 996 1669 Liebe

106 1692 160 1748 bey
173 1689 353 1746 zumeſſen/
357 1684 387 1737 ſo
384 1689 449 1740 ihm
461 1691 535 1729 dero
545 1689 612 1727 aus
620 1688 678 1726 des
686 1678 826 1733 Feindes
836 1676 935 1728 Lager
946 1684 998 1724 zu⸗

106 1747 286 1800 geſchickter
309 1742 424 1795 Brief
438 1740 541 1788 einige
548 1736 691 1782 Marter
712 1728 934 1783 verurſachet:
940 1723 999 1774 der

108 1796 253 1852 Zuſtand
272 1794 352 1848 habe
368 1799 414 1837 es
437 1787 590 1839 damahls
611 1787 695 1837 nicht
709 1786 834 1827 anders
856 1773 1006 1834 gelitten/

111 1854 162 1898 als
171 1856 236 1895 das
248 1848 289 1899 ſie
297 1859 332 1900 zu
343 1850 399 1890 der
407 1839 537 1894 aͤrgſten
551 1841 613 1890 Liſt
622 1839 689 1889 ihre
706 1834 856 1891 Zuflucht
871 1839 1001 1882 genom⸗

110 1905 198 1956 men/
210 1905 237 1953 wo
256 1900 297 1952 ſie
312 1898 399 1949 nicht
411 1887 561 1948 gaͤntzlich
578 1885 687 1946 haͤtten
704 1891 819 1936 wollen
834 1881 1004 1935 verlohren

112 1955 199 2011 ſeyn.

212 2000 336 2045 Iranio
345 1995 483 2050 erſuchte
491 1989 606 2042 uͤm
559 1985 615 2046 die
614 1986 810 2042 Erklaͤrung
818 1984 1004 2037 deswegen/

112 2066 177 2107 und
204 2059 373 2104 Olorena
397 2050 497 2104 nahm
513 2053 579 2096 das
612 2047 728 2096 Ammt
742 2051 797 2089 der
820 2039 1008 2092 Erzehlung

116 2115 175 2165 auf
183 2110 265 2169 ſich/
270 2114 339 2156 und
353 2107 421 2160 fing
429 2105 492 2158 alſo
503 2115 565 2149 an:

875 2093 1016 2135 Nach⸗
