1461 2234
786 265 848 314 46

385 340 520 397 noͤthig:
552 345 610 394 bey
626 353 730 386 einem
745 347 839 394 jeden
865 342 988 386 kleinen
1007 338 1130 389 Anſtoß
1145 339 1245 390 gleich

386 404 466 443 was
487 396 694 446 einzugeben;
723 400 803 439 oder
828 397 891 438 den
909 392 1056 435 Doctor
1084 389 1145 443 bey
1161 391 1248 433 Kin⸗

386 455 468 494 dern
488 447 581 496 holen
597 455 639 496 zu
657 445 761 496 laſſen.
809 442 1038 499 Abſonderlich
1062 449 1159 484 wenn
1177 443 1249 482 der⸗

388 501 464 550 ſelbe
491 508 541 539 ein
566 494 713 547 hurtiger
730 492 1081 547 Recept-Schreiber
1108 490 1160 541 iſt:
1190 496 1250 534 der

387 554 484 601 ihnen
501 548 635 599 alſofort
655 550 722 593 will
745 550 796 592 die
818 539 947 602 Fenſter
971 546 1038 588 voll
1065 541 1249 597 Glaͤſergen

390 608 459 644 und
476 605 536 642 den
551 600 620 643 Leib
639 601 702 642 voll
711 597 881 648 allerhand
891 596 1084 647 Artzeneyen
1098 595 1251 642 machen.

392 656 448 700 Es
466 654 501 702 iſt
526 653 585 695 viel
601 652 773 704 geſunder:
784 658 865 693 man
881 641 1034 699 uͤberlaſſe
1053 647 1091 697 ſie
1108 648 1166 688 der
1174 646 1255 689 Na⸗

391 710 466 751 tur;
491 704 547 746 als
581 701 645 751 daß
675 711 757 743 man
786 701 827 749 ſie
851 701 955 743 einem
981 696 1174 748 uͤbergebe/
1193 698 1252 738 der

391 756 489 805 gleich
508 758 569 798 mit
585 759 642 799 der
657 754 807 806 Artzeney
824 750 906 795 uͤber
920 752 961 803 ſie
984 750 1043 802 her
1058 749 1106 800 iſt.
1153 748 1256 793 Oder

393 814 451 850 der
468 811 511 850 da
537 818 569 850 in
593 811 655 849 den
671 805 870 849 Gedancken
895 803 1009 853 ſtehet:
1038 800 1102 852 daß
1126 799 1256 843 Kinder

393 856 453 907 bey
481 855 649 903 gemeinen
683 857 752 895 und
777 852 898 895 kleinen
922 850 1258 900 Ungemaͤchligkeiten

394 908 491 957 durch
510 911 618 949 etwas
644 905 738 954 beſſer
760 904 816 946 als
840 902 938 950 durch
952 907 1032 950 gute
1041 903 1158 944 Diæt,
1177 904 1258 940 oder

394 962 464 1004 eine
482 960 602 1001 andere
619 957 716 1008 gleich
735 956 840 1006 leichte
866 954 1012 999 Manier
1040 948 1167 996 koͤnnen
1192 964 1258 991 cu-

395 1018 479 1058 riret
495 1017 638 1055 werden.
716 1009 785 1062 Jch
805 1008 889 1062 habe
913 1013 963 1053 die
980 1004 1174 1059 Vernunfft
1191 1011 1260 1050 und

394 1063 475 1114 auch
500 1063 551 1104 die
566 1058 765 1112 Erfahrung
792 1066 855 1100 vor
870 1055 953 1100 mir:
982 1054 1047 1108 daß
1066 1064 1103 1097 es
1120 1056 1178 1095 der
1193 1061 1262 1103 zar⸗

394 1120 450 1160 ten
467 1102 865 1166 Leibes⸗Beſchaffenheit
890 1108 950 1162 bey
966 1107 1120 1151 Kindern
1139 1115 1198 1148 am
1216 1106 1263 1145 al⸗

395 1166 641 1225 lergemaͤſſeſten
665 1168 731 1223 ſey;
768 1163 799 1218 ſo
825 1166 934 1217 wenig
959 1174 1026 1207 von
1050 1162 1201 1216 Artzeney
1226 1170 1264 1214 zu

396 1223 512 1276 geben/
514 1220 562 1271 als
594 1234 711 1267 immer
723 1220 795 1275 ſeyn
810 1217 895 1268 kan/
911 1222 980 1263 und
994 1218 1029 1270 ja
1051 1219 1134 1268 nicht
1156 1213 1266 1265 mehr/

396 1279 452 1319 als
462 1286 549 1318 etwa
569 1278 621 1317 die
630 1267 905 1323 unumgaͤngliche
915 1269 1218 1322 Nothwendigkeit
1224 1268 1267 1308 ei⸗

398 1333 461 1366 nes
483 1325 617 1373 Zufalls
627 1321 809 1370 erheiſchet.
873 1320 942 1363 Ein
958 1321 1066 1366 wenig
1085 1317 1268 1360 Gebrand⸗

399 1372 512 1418 waſſer
529 1381 596 1411 von
606 1371 736 1417 rothem
747 1367 883 1415 Mohn/
891 1367 954 1406 mit
970 1362 1141 1412 gemeinen
1160 1362 1267 1406 kalten

399 1420 538 1467 Waſſer
553 1413 819 1466 eingenommen/
831 1413 989 1464 (welches
1005 1414 1072 1453 das
1087 1412 1269 1464 wahrhaff⸗

401 1480 433 1516 te
452 1471 575 1515 Mittel
593 1472 697 1512 wider
713 1471 764 1511 die
781 1462 998 1515 Uberfuͤllung
1014 1463 1066 1514 iſt:
1082 1466 1170 1517 nebſt
1188 1465 1269 1508 Ru⸗

402 1516 471 1573 he/
467 1523 534 1562 und
561 1516 774 1566 Enthaltung
783 1524 862 1557 vom
871 1511 1136 1566 Fleiſch⸗Eſſen)
1156 1516 1271 1561 macht

401 1574 462 1623 offt
486 1570 586 1619 vielen
603 1568 843 1614 Kranckheiten
867 1565 968 1616 gleich
992 1567 1087 1615 beym
1110 1567 1277 1617 Anfange

401 1626 454 1668 ein
472 1620 585 1667 Ende:
615 1624 667 1663 die
681 1618 762 1669 ſonſt
782 1615 883 1666 durch
905 1614 1181 1667 allzufuͤrwitziges
1204 1618 1274 1657 Ar⸗

403 1676 545 1723 tzeneyen
561 1667 675 1722 ſchoͤne
692 1666 827 1721 Haͤndel
853 1665 949 1717 ſolten
971 1665 1126 1715 gemacht
1148 1670 1273 1711 haben.

402 1725 526 1772 Wenn
552 1724 640 1765 denn
659 1721 690 1769 ſo
716 1723 795 1760 was
808 1716 958 1767 gelindes
974 1723 1052 1757 dem
1070 1720 1278 1769 anwachſen⸗

402 1781 468 1823 den
494 1773 578 1820 Ubel
607 1775 696 1824 nicht
725 1769 871 1821 ſteuren;
900 1768 985 1817 noch
1018 1767 1102 1817 auch
1135 1771 1277 1820 hindern

402 1824 485 1879 kan/
500 1828 553 1877 daß
564 1832 603 1871 es
621 1827 710 1876 nicht
727 1824 802 1871 ſolte
821 1827 853 1867 in
870 1823 939 1864 eine
955 1821 1061 1872 rechte
1076 1821 1278 1875 Kranckheit

403 1877 639 1938 ausſchlagen:
660 1879 691 1935 ſo
712 1880 744 1932 iſt
762 1884 800 1924 es
815 1880 902 1923 denn
918 1873 1061 1932 Zeit;
1042 1876 1103 1933 den
1104 1876 1207 1929 Rath
1235 1876 1276 1918 ei⸗

1202 1942 1277 1974 nes
