1459 2137
996 314 1059 363 11

227 401 299 448 geln
313 411 347 448 zu
355 400 526 449 zernichten
540 408 605 443 und
622 407 680 447 alle
693 408 759 456 ihre
766 404 1066 457 Unternehmungen

226 452 379 501 fruchtloß
392 464 429 499 zu
438 454 580 502 machen.
634 458 744 507 Gleich
762 464 815 499 der
829 459 1064 502 Wolcken⸗ und

218 504 461 554 Feuer⸗Seule,
488 507 597 558 welche
615 513 661 547 die
676 509 847 558 Jſraeliten
862 515 895 550 in
912 518 963 551 der
978 513 1065 554 Wuͤ⸗

227 556 293 601 ſten
308 555 422 602 leitete,
461 559 540 599 wird
560 562 607 596 die
623 559 787 608 Weißheit
795 564 915 600 meines
930 562 1066 604 GOttes

227 609 301 647 mir
310 609 377 650 den
385 609 503 661 Weg,
515 610 600 660 ſelbſt
608 615 646 651 in
654 616 713 652 der
732 615 917 661 dunckelſten
924 613 1065 665 Nacht,

225 655 363 702 zeigen;
396 659 434 706 ſie
455 662 533 697 wird
557 658 637 708 mich
660 662 751 709 ſicher
771 664 819 699 die
838 665 901 701 mir
928 664 1065 713 gelegten

225 696 399 754 Fallſtricke
420 710 596 747 vermeiden
616 709 747 759 helffen,
779 711 825 757 ſie
837 708 935 751 wird
952 708 1066 753 meine

226 758 340 802 Seele
360 771 438 803 von
463 764 527 804 der
549 761 700 809 Grube,
721 767 798 803 und
822 767 961 806 meinen
986 768 1063 816 Fuß

220 815 317 849 vom
341 811 492 855 Gleiten
513 816 680 855 erretten.
730 815 800 856 Sie
819 821 898 856 wird
919 822 981 857 mir
1003 822 1064 857 den

220 859 416 911 heilſamſten
430 853 523 913 Rath
542 869 613 904 und
624 869 672 904 die
685 866 966 916 vortheilhafteſten
982 870 1064 910 Ent⸗

223 910 438 962 ſchließungen
456 924 531 961 zum
550 914 730 965 gluͤcklichen
750 918 917 968 Fortgang
943 922 1063 960 meiner

224 961 383 1011 gerechten
396 963 693 1015 Uuternehmungen
715 969 824 1014 geben.
877 971 999 1010 Werde
1015 971 1063 1020 ich

226 1006 321 1055 nicht,
337 1009 431 1062 durch
445 1013 541 1058 dieſes
549 1003 764 1061 himmliſche
770 1013 877 1060 Licht
890 1015 1063 1064 erleuchtet,

221 1059 339 1104 geleitet
358 1059 406 1107 und
422 1056 573 1112 gefuͤhret,
577 1055 614 1111 in
622 1063 792 1114 Anſehung
801 1068 921 1104 meines
928 1067 1062 1117 Schick⸗

221 1111 285 1156 ſals
305 1107 395 1163 ruhig
404 1108 491 1165 ſeyn?
523 1115 601 1156 Kan
616 1127 693 1155 man
707 1120 741 1155 in
763 1116 907 1168 ſicherern
921 1118 1062 1167 Haͤnden

215 1163 278 1212 ſich
288 1164 454 1212 befinden,
478 1167 531 1207 als
545 1170 579 1205 in
592 1171 658 1209 den
670 1168 808 1218 Haͤnden
824 1174 880 1210 des
894 1170 1060 1222 allerhoͤch⸗

219 1213 285 1256 ſten
300 1211 499 1262 Verſtandes
516 1212 570 1267 und
588 1212 646 1269 der
660 1216 933 1267 vollkommenſten
947 1220 1060 1262 Weis⸗

219 1266 332 1305 heit?

318 1314 402 1356 Mit
402 1318 499 1358 dieſer
506 1315 716 1361 Weisheit,
741 1328 791 1358 die
802 1323 886 1359 keine
903 1321 1062 1369 Grentzen

197 1356 288 1415 hat,
314 1352 355 1410 iſt
370 1369 406 1407 in
432 1364 532 1407 GOtt
550 1367 627 1418 eine
632 1365 750 1420 Macht
763 1366 962 1418 verbunden,
988 1371 1059 1410 wel⸗

218 1417 289 1467 cher
302 1418 405 1469 nichts
419 1419 598 1471 unmoͤglich
599 1417 676 1476 iſt:
691 1425 774 1466 Der
794 1425 894 1472 Herr
915 1427 958 1474 iſt
977 1428 1060 1470 mei⸗

215 1478 261 1510 ne
272 1470 498 1521 Befreyung,
509 1481 583 1512 vor
590 1484 686 1514 wem
694 1475 763 1521 ſolt
774 1470 823 1524 ich
836 1477 930 1525 mich
939 1475 1060 1527 fuͤrch⸗

212 1515 309 1556 ten?
354 1508 434 1559 Kan
462 1521 547 1559 mein
573 1518 738 1566 Zutrauen
765 1520 856 1567 beſſer
884 1522 1057 1572 gegruͤndet

186 1553 298 1610 ſeyn,
324 1566 378 1607 als
392 1564 453 1613 auf
461 1569 521 1606 den
536 1568 676 1618 ewigen
686 1567 782 1616 Fels,
806 1572 888 1611 dem
902 1572 1056 1621 ſtarcken

212 1619 293 1657 und
306 1607 518 1670 lebendigen
531 1620 673 1667 GOtt,
694 1626 748 1660 der
765 1621 860 1670 durch
881 1628 971 1664 einen
992 1628 1055 1664 ein⸗

213 1675 310 1721 tzigen
332 1676 448 1718 Winck
468 1678 566 1722 ſeines
588 1678 704 1726 allezeit
723 1679 940 1730 wirckſahmen
968 1685 1054 1724 Wil⸗

206 1720 286 1757 lens
306 1709 354 1761 die
373 1719 554 1770 feindlichen
576 1720 679 1769 Heere
696 1714 866 1772 zerſtreuen
887 1726 967 1771 kan,
1004 1730 1054 1765 die

212 1769 309 1815 mich
326 1769 573 1822 verſchlingen
584 1773 737 1816 wollen!
790 1777 927 1820 Sollten
942 1782 982 1826 ſie
992 1777 1052 1825 ſich

213 1812 293 1862 auch
312 1819 376 1857 alle
388 1819 613 1868 verſammlen,
647 1821 727 1870 mich
747 1822 840 1870 durch
865 1823 932 1870 ihre
951 1825 1050 1870 große

202 1865 339 1920 Menge
349 1857 390 1913 zu
402 1869 642 1918 unterdruͤcken;
665 1873 697 1920 ſo
704 1872 868 1925 fuͤrchtet
881 1874 949 1922 ſich
955 1877 1052 1917 den⸗

952 1923 1045 1978 noch
