1641 2419
598 357 674 407 360

806 350 974 407 Feldzug
996 352 1063 396 der
1078 346 1273 397 Alliirten

466 1559 576 1605 Bewe⸗

466 1619 588 1653 gungen

469 1662 519 1691 der

466 1680 589 1726 Haupt⸗

466 1734 566 1757 armee

467 1772 520 1807 des
534 1772 604 1813 Her⸗

467 1822 543 1862 zogs

468 1862 587 1904 Ferdi⸗

474 1908 582 1938 nands.

471 1954 532 1994 Jm

475 1984 592 2027 Junio.

652 454 724 497 Die
750 448 878 494 Staͤrke
915 452 967 487 der
998 444 1138 493 Koͤnigl.
1159 432 1451 497 Franzoͤſiſchen

604 501 766 545 Armeen
788 499 821 537 in
846 494 1064 546 Deutſchland
1088 485 1283 549 detreffend,
1320 491 1350 539 ſo
1376 488 1452 536 ſetzet

605 559 671 596 eine
685 556 757 603 Liſte
773 552 820 590 die
832 549 1062 600 Hauptarmee,
1088 553 1183 587 unter
1196 550 1265 585 dem
1273 542 1453 593 Marſchall

603 609 746 656 Herzoge
765 615 846 646 von
867 600 1050 654 Broglio,
1081 602 1144 650 auf
1166 613 1231 649 103
1244 597 1458 647 Bataillons,

605 663 681 700 oder
709 670 828 708 70555
853 653 992 701 Mann;
1030 664 1078 701 92
1102 650 1297 695 Escadrons
1318 648 1461 694 Reuter,

607 718 683 752 oder
703 720 822 757 14720
839 706 980 753 Mann;
1010 717 1057 754 24
1065 700 1253 756 Escadrons
1270 698 1462 753 Dragoner,

610 767 684 805 oder
694 773 792 809 4320
806 758 937 807 Mann,
954 763 1020 799 und
1035 770 1078 798 an
1078 746 1223 808 leichten
1247 754 1382 800 Truppen
1401 749 1464 801 auf

612 826 711 864 8200
727 815 866 860 Mann,
893 814 1072 862 zuſammen
1086 808 1149 860 auf
1162 818 1314 857 97,795.
1328 806 1465 850 Mann.

608 876 680 919 Die
688 872 802 914 Armee
816 882 870 912 am
880 864 1142 919 Niederrhein
1156 862 1258 914 aber,
1284 868 1377 903 unter
1394 864 1464 902 dem

611 922 931 969 Generallieutenant
955 920 1086 969 Grafen
1107 927 1176 958 von
1200 916 1271 962 St.
1288 912 1464 964 Germain,

611 975 695 1017 wird
710 975 772 1023 auf
789 987 849 1022 32.
864 967 1087 1019 Bataillons,
1107 959 1191 1021 oder
1209 963 1320 1019 21920
1347 956 1466 1015 Mann,

612 1029 681 1066 und
700 1034 757 1070 28.
768 1022 965 1067 Escadrons
971 1016 1111 1066 Reuter,
1127 1023 1200 1060 oder
1205 1008 1323 1071 4480.
1323 1009 1469 1067 Mann;

616 1088 637 1127 8
659 1078 854 1123 Escadrons
873 1075 1073 1126 Dragoner,
1114 1078 1188 1115 oder
1210 1078 1304 1115 1280
1328 1068 1472 1118 Mann;

597 1136 681 1170 und
695 1127 739 1168 an
754 1129 883 1172 leichten
897 1117 1048 1174 Truppen
1064 1121 1126 1169 auf
1145 1133 1243 1171 3200
1255 1118 1389 1168 Mann,
1401 1118 1470 1168 alſo

614 1185 791 1232 zuſammen
814 1181 876 1225 auf
907 1184 1039 1228 30,880
1060 1175 1180 1218 Mann
1200 1173 1398 1224 angegeben:
1437 1172 1471 1220 ſo

615 1240 700 1289 daß,
726 1241 805 1282 nach
826 1237 941 1285 ſolcher
961 1232 1080 1285 Liſte,
1104 1234 1154 1273 die
1169 1230 1311 1277 Krone
1326 1226 1473 1281 Frank⸗

615 1292 715 1336 reich
727 1293 884 1340 128,675
895 1287 1013 1331 Mann
1029 1288 1092 1339 auf
1103 1281 1337 1336 Deutſchem
1347 1280 1474 1324 Boden

617 1347 695 1400 hat,
729 1351 896 1388 worunter
917 1344 965 1385 die
987 1340 1130 1393 fremden
1149 1338 1326 1389 Truppen,
1349 1334 1475 1389 ſowohl

616 1403 670 1445 als
690 1415 733 1442 10
750 1399 950 1444 Bataillons
972 1394 1167 1445 Landmilitz,
1198 1394 1248 1434 die
1273 1392 1308 1432 in
1332 1391 1477 1439 verſchie⸗

618 1463 716 1499 denen
738 1455 893 1500 Staͤdten
914 1447 1202 1505 Deutſchlands
1231 1446 1352 1496 liegen,
1392 1445 1474 1491 noch

617 1514 703 1546 nicht
722 1508 876 1546 begriffen
892 1508 973 1546 ſind.

669 1552 742 1604 Die
755 1556 980 1601 Hauptarmee
1000 1556 1058 1598 Sr.
1077 1543 1314 1597 Durchlaucht
1327 1558 1385 1589 des
1401 1546 1480 1592 Her⸗

619 1619 698 1663 zogs
713 1606 954 1660 Ferdinands
975 1608 1044 1658 fing
1065 1598 1135 1645 nun
1149 1604 1228 1645 auch
1242 1610 1305 1646 an,
1331 1599 1392 1648 ſich
1403 1607 1481 1644 vor⸗

620 1664 726 1702 waͤrts
747 1675 784 1709 zu
805 1662 967 1710 bewegen.
1019 1651 1104 1704 Wir
1114 1647 1234 1698 wollen
1258 1655 1307 1695 die
1324 1651 1482 1701 Berichte

621 1720 686 1752 von
703 1713 854 1756 derſelben
871 1708 1064 1758 mittheilen,
1090 1706 1122 1753 ſo
1137 1705 1196 1745 wie
1209 1702 1304 1755 ſolche
1319 1706 1397 1748 nach
1407 1703 1482 1742 und

622 1766 699 1806 nach
715 1773 778 1802 aus
796 1767 854 1800 den
869 1760 1099 1806 verſchiedenen
1105 1753 1481 1807 Hauptquartieren,

624 1824 698 1857 oder
714 1819 809 1861 durch
826 1811 1043 1859 Schreiben
1063 1810 1169 1853 derer
1180 1804 1369 1863 Officiers
1383 1811 1484 1852 ange⸗

623 1881 733 1914 langet
757 1867 839 1914 ſind.

675 1919 832 1965 Geſtern,
858 1914 912 1955 als
926 1914 981 1954 am
1001 1921 1064 1958 24.
1077 1907 1220 1964 Junii,
1245 1912 1339 1953 brach
1357 1914 1407 1947 die
1419 1914 1485 1947 Ar⸗

625 1983 692 2017 mee
708 1973 766 2019 bey
783 1970 964 2019 Wabern
980 1966 1059 2019 auf,
1083 1972 1148 2011 und
1163 1970 1241 2014 nach
1256 1967 1357 2009 einem
1370 1963 1485 2015 forcir⸗

1430 2027 1488 2060 ten
