1744 2301
828 281 877 335 18

1102 281 1191 330 Die
1207 289 1239 329 1.
1256 282 1423 331 Lection

831 360 868 409 ſo
882 362 1013 413 wenige
1028 362 1119 412 ſind,
1144 364 1266 413 welche
1280 366 1369 414 nicht
1378 368 1444 409 mit
1460 369 1550 412 einer
1564 371 1678 420 bloſſen

830 414 1247 463 Gehirn ⸗ Theologie,
1272 416 1414 465 ſondern
1423 412 1470 464 mit
1497 413 1581 466 einer
1589 422 1677 470 wah⸗

830 470 891 502 ren
908 456 1332 513 Hertzens ⸗ Theologie
1340 464 1550 516 ausgeruͤſtet
1558 463 1676 518 waͤren,

832 524 940 563 gegen
959 518 1016 558 der
1032 514 1345 571 Hoͤllen ⸗ Pforten
1366 530 1405 571 zu
1418 522 1555 571 ſtehen;
1575 524 1677 566 damit

828 569 914 617 doch
930 568 1142 617 dieienigen,
1170 568 1203 617 ſo
1227 571 1296 620 hier
1317 572 1580 622 Theologiam
1609 575 1680 617 ſtu-

830 618 956 661 diren,
978 628 1015 666 zu
1031 609 1158 668 rechten
1177 622 1347 671 Knechten
1367 624 1518 670 GOttes
1532 624 1676 673 gemacht

829 673 902 713 und
919 672 1091 721 zubereitet
1114 677 1279 720 werden,
1310 675 1431 724 welche
1449 675 1575 726 tuͤchtig
1596 679 1675 728 ſind,

829 727 898 766 das
919 724 1006 767 Amt
1029 729 1089 766 des
1106 727 1232 771 Neuen
1255 726 1478 776 Teſtaments
1492 739 1530 778 zu
1547 728 1674 781 fuͤhren,

827 776 902 815 und
925 774 1119 826 CHriſtum
1142 776 1177 816 in
1199 779 1262 818 den
1280 777 1416 821 Seelen
1441 787 1477 826 zu
1500 775 1675 825 verklaͤren.

827 828 937 873 Weil
951 839 1023 869 nun
1041 829 1094 870 die
1110 829 1239 880 Epiſtel
1251 841 1298 873 an
1306 832 1360 872 die
1369 830 1531 882 Hebraͤer
1544 835 1676 881 ſonder⸗

826 878 892 925 lich
913 877 1041 928 darauf
1057 878 1183 927 weiſet,
1209 881 1242 925 ſo
1267 882 1316 929 hat
1344 890 1402 922 man
1422 883 1464 929 ſie
1473 892 1546 932 zum
1556 884 1684 928 Grun⸗

825 929 869 970 de
892 928 985 977 legen
1001 931 1134 972 wollen.
1206 932 1261 976 Es
1276 933 1366 974 wird
1390 934 1482 976 denn
1496 934 1576 976 aber
1596 935 1687 984 auch

824 979 932 1022 dieſes
950 981 1055 1022 denen
1072 981 1310 1025 auditoribus
1317 983 1399 1034 aufs
1413 984 1513 1035 Hertz
1522 985 1593 1028 und
1602 987 1688 1033 Ge⸗

821 1029 941 1080 wiſſen
955 1031 1159 1080 gebunden,
1191 1034 1259 1083 daß
1275 1034 1310 1083 ſo
1330 1035 1491 1088 vielmehr
1511 1037 1564 1077 ein
1583 1035 1687 1086 iegli⸗

821 1081 898 1129 cher
914 1082 981 1132 auf
990 1083 1052 1131 ſich
1070 1082 1162 1133 ſelbſt
1171 1084 1243 1132 acht
1259 1084 1367 1134 haben
1381 1083 1499 1134 moͤge,
1521 1086 1595 1130 und
1607 1089 1687 1130 ein⸗

820 1129 965 1179 gedenck
982 1121 1076 1182 ſeyn,
1098 1141 1133 1173 er
1141 1133 1251 1174 werde
1263 1142 1322 1176 am
1337 1133 1493 1185 juͤngſten
1500 1136 1605 1187 Tage
1616 1131 1689 1183 da⸗

821 1194 897 1228 von
912 1184 1156 1236 Rechenſchaft
1170 1186 1274 1237 geben
1283 1188 1434 1240 muͤſſen,
1447 1189 1523 1231 wie
1532 1201 1566 1233 er
1574 1192 1685 1241 gehoͤ⸗

820 1237 873 1275 ret
892 1232 990 1283 habe.
1054 1236 1196 1283 Denn,
1221 1237 1287 1278 wie
1299 1246 1333 1277 er
1352 1235 1467 1288 hoͤret,
1481 1232 1525 1290 ſo
1544 1237 1616 1287 wird
1642 1235 1690 1286 er

820 1285 958 1334 Nutzen
970 1285 1081 1325 davon
1091 1284 1224 1335 haben,
1245 1288 1308 1328 und
1323 1288 1380 1329 mit
1387 1289 1544 1338 welchem
1550 1283 1685 1341 Maaſ⸗

819 1337 853 1386 ſe
871 1348 905 1379 er
923 1339 1028 1387 miſſet
1044 1340 1174 1388 indem,
1202 1341 1269 1388 daß
1288 1350 1322 1382 er
1335 1339 1483 1392 zuhoͤret,
1512 1345 1574 1385 mit
1592 1346 1671 1387 dem⸗

818 1390 934 1439 ſelben
955 1391 1044 1432 wird
1077 1391 1148 1438 ihm
1180 1392 1304 1434 wieder
1336 1391 1497 1444 gemeſſen
1531 1397 1671 1440 werden.

819 1443 939 1490 GOtt
960 1447 1017 1487 der
1032 1446 1143 1495 HErr
1173 1446 1248 1496 laſſe
1265 1450 1352 1489 denn
1382 1449 1465 1496 dieſe
1490 1452 1611 1494 Arbeit
1632 1453 1671 1492 in

817 1491 1022 1539 epiſtolam
1040 1493 1086 1529 ad
1106 1493 1296 1533 Hebræos
1311 1491 1464 1542 geſegnet
1481 1493 1578 1548 ſeyn,
1606 1497 1671 1538 und

815 1543 901 1593 gebe
908 1546 1049 1589 Gnade,
1065 1545 1132 1595 daß
1142 1548 1198 1590 der
1206 1547 1323 1598 Zweck
1333 1549 1394 1591 des
1403 1553 1538 1598 gantzen
1545 1550 1670 1593 Colle-

815 1591 872 1641 gii
882 1591 964 1641 doch
973 1592 1072 1642 moͤge
1079 1602 1125 1636 an
1135 1597 1220 1638 allen
1232 1597 1381 1645 erhalten
1392 1592 1558 1644 werden.

816 1684 918 1811 G

928 1704 1109 1754 Etreuer
1133 1704 1220 1752 und
1240 1701 1440 1764 gnaͤdiger
1470 1707 1681 1766 GOTT/

953 1757 1093 1812 ſegne/
1108 1773 1206 1812 was
1233 1770 1322 1812 ietzo
1348 1768 1584 1812 geſprochen
1608 1764 1670 1812 iſt/

811 1820 894 1875 zur
913 1813 1031 1874 Ehre
1056 1822 1203 1877 deines
1236 1822 1404 1881 heiligen
1446 1814 1664 1875 Namens/

1555 1891 1661 1944 ſegne
