1790 2624
426 331 504 394 der
504 331 620 394 Frau
620 331 854 394 Eliſabeth
854 331 1030 394 Rowe.

1180 329 1242 395 59

209 436 274 474 mer
295 439 357 473 und
372 438 524 485 Machten
543 439 598 473 der
613 435 788 487 Finſterniß
813 437 1022 476 uͤberwinden.
1074 437 1141 486 Jch
1166 437 1243 485 habe

206 486 279 521 dein
295 483 392 522 Wort
406 495 442 533 zu
463 484 595 521 meinem
609 482 726 531 Schutz
751 485 916 533 erwaͤhlet,
941 482 983 527 ich
1011 481 1090 531 habe
1112 496 1149 531 zu
1175 487 1244 521 dem

211 530 341 573 Namen
362 537 416 571 des
442 536 547 581 Herrn
569 532 668 567 meine
690 528 850 585 Zuflucht
871 541 1065 581 genommen,
1088 534 1140 578 laß
1165 532 1244 576 mich

209 582 308 630 froͤlich
324 586 410 633 ſeyn,
433 587 484 632 laß
501 584 577 627 mich
598 584 799 632 triumphiren
814 588 845 623 in
862 591 931 623 dem
947 583 1161 634 Heiligthum,
1177 588 1243 621 und

208 626 311 673 keinen
328 635 502 675 Gedanken
513 631 577 670 von
593 634 706 679 Furcht
724 637 796 670 oder
814 637 1006 683 Mißtrauen
1030 638 1135 681 hegen.
1185 634 1244 680 Laß

209 687 287 732 mich
302 691 402 736 hoffen
424 690 518 726 wider
540 686 699 735 Hofnung,
747 689 881 734 glauben
905 691 980 728 uͤber
1005 694 1063 729 den
1081 689 1245 734 Glauben,

206 738 269 773 mit
282 739 361 774 einer
373 728 564 784 Zuverſicht,
586 736 694 783 welche
707 737 820 787 gemaͤß
835 742 886 776 der
903 739 1039 784 Macht,
1065 738 1191 784 worauf
1200 738 1244 783 ich

205 788 304 828 traue,
311 772 382 822 und
398 789 450 823 der
465 782 739 835 Wahrhaftigkeit,
754 785 859 828 welche
874 787 930 830 ſich
944 788 1152 835 verpflichtet,
1167 784 1245 828 mich

206 846 244 883 zu
258 831 394 887 ſchuͤtzen.
454 838 515 888 Laß
523 836 585 893 die
587 832 714 888 Kraͤfte
735 843 787 878 der
804 840 898 889 Hoͤlle
920 852 956 887 zu
971 840 1147 886 Schanden
1171 849 1245 876 wer⸗

207 893 283 936 den;
310 894 349 930 da
363 891 406 939 ich
421 892 498 938 mich
515 896 569 930 des
577 894 682 942 Herrn
699 893 806 932 ruͤhme
821 896 884 929 und
893 894 998 929 deines
1006 895 1108 942 Heyls
1118 891 1248 941 erfreue!

257 937 324 989 Jch
340 944 418 990 kan,
446 943 490 989 ich
506 944 595 991 muß,
610 944 655 989 ich
671 933 752 992 darf
759 945 842 992 mein
857 942 974 991 Siegel
988 945 1104 988 darauf
1113 943 1249 987 drucken,

207 995 271 1041 daß
282 995 382 1035 GOtt
399 1002 466 1032 treu
488 995 535 1039 iſt.
586 994 653 1040 Jch
676 994 750 1039 darf
771 996 850 1043 ohne
870 995 1042 1033 Bedenken
1068 995 1247 1040 beſtaͤtigen,

207 1050 277 1081 was
291 1047 332 1081 du
347 1042 487 1089 bezeuget
503 1044 586 1088 haſt;
613 1045 657 1087 ich
680 1046 754 1088 darf
772 1048 850 1093 ohne
868 1046 1010 1089 Anſtand
1033 1051 1090 1083 den
1106 1048 1246 1084 Worten

207 1096 263 1132 des
276 1091 450 1133 lebendigen
466 1093 598 1132 GOttes
618 1093 824 1141 beypflichten.
874 1094 930 1140 Laß
938 1090 1026 1139 meine
1044 1095 1146 1132 Tritte
1167 1094 1249 1138 nicht

206 1139 334 1188 gleiten,
350 1130 463 1191 erhalte
478 1140 555 1186 mich
573 1142 631 1189 auf
644 1145 701 1179 den
716 1140 842 1190 Wegen
859 1145 914 1180 des
929 1141 1038 1180 Lebens
1052 1146 1117 1180 und
1134 1142 1248 1191 Heyls,

207 1197 320 1245 regiere
345 1196 409 1236 eine
435 1200 500 1248 jede
521 1197 734 1247 Bewegung,
763 1199 847 1236 dann
870 1201 911 1236 du
936 1197 992 1247 biſt
1014 1199 1095 1237 mein
1116 1197 1248 1245 einziger

205 1237 400 1296 Rathgeber.
452 1245 508 1295 Laß
523 1246 599 1293 mich
616 1247 694 1295 nicht
710 1248 795 1296 ſelbſt
810 1248 861 1296 fuͤr
884 1248 961 1294 mich
977 1248 1110 1291 waͤhlen.
1163 1249 1248 1288 Ver⸗

210 1303 292 1353 leyhe
308 1305 367 1341 mir
380 1304 483 1344 keinen
492 1303 655 1353 Vortheil,
669 1306 719 1343 als
732 1308 788 1345 den
803 1304 845 1351 ich
861 1316 896 1353 zu
914 1305 1014 1342 deiner
1023 1303 1109 1353 Ehre
1118 1304 1248 1352 gebrau⸗

209 1350 281 1395 chen
298 1350 403 1398 moͤge;
430 1351 640 1398 durchſtreiche
660 1353 708 1389 ein
721 1353 804 1399 jedes
822 1352 945 1397 Gebet,
968 1353 998 1397 ſo
1024 1354 1143 1391 deinem
1160 1354 1247 1396 Wil⸗

210 1402 258 1439 len
273 1402 351 1447 nicht
365 1400 478 1450 gemaͤß
493 1401 636 1450 geweſen.
689 1401 753 1450 Jch
768 1404 848 1450 ziehe
863 1404 965 1448 zuruͤck
980 1405 1044 1440 eine
1060 1406 1124 1450 jede
1140 1404 1247 1451 Bitte,

207 1445 249 1494 ſo
255 1444 335 1494 nicht
348 1451 407 1495 auf
427 1451 515 1488 deine
519 1449 780 1499 Verherrlichung
802 1448 944 1497 abzielet;
970 1449 1053 1496 dich,
1079 1453 1142 1487 und
1167 1450 1248 1497 nicht

206 1508 286 1549 mich
311 1508 397 1554 ſelbſt
420 1508 535 1553 moͤchte
557 1508 601 1552 ich
624 1508 723 1555 ehren.
773 1508 842 1548 Dir
866 1508 980 1555 moͤchte
1003 1507 1052 1555 ich
1074 1508 1157 1546 leben
1182 1513 1246 1546 und

208 1547 337 1602 ſterben.
387 1553 507 1600 Mache
522 1554 606 1592 deine
622 1553 724 1602 eigene
739 1553 993 1601 Bedingungen,
1017 1556 1079 1590 und
1095 1555 1183 1595 richte
1209 1556 1247 1601 ſie

207 1606 270 1652 ein,
286 1607 393 1646 wie
356 1601 391 1652 du
409 1607 486 1656 wilt,
503 1605 546 1654 ich
562 1606 669 1657 nehme
687 1605 750 1652 dich
769 1618 805 1654 zu
822 1608 955 1645 meinem
964 1608 1096 1655 einzigen
1105 1608 1196 1657 Theil
1214 1610 1244 1646 in

211 1657 318 1706 dieſem
334 1655 452 1704 Leben,
477 1648 540 1695 und
570 1657 601 1696 in
626 1658 683 1696 alle
697 1653 863 1706 Ewigkeit.
941 1649 1010 1696 Und
1026 1660 1084 1697 mit
1099 1659 1247 1696 vollkom⸗

208 1722 313 1751 mener
327 1712 561 1760 Einſtimmung
575 1710 791 1760 unterſchreibe
816 1707 875 1765 ich
874 1712 951 1759 mich
976 1715 1046 1750 dem
1062 1713 1167 1761 Herrn
1190 1712 1248 1750 mit

210 1761 325 1798 meiner
346 1763 457 1809 Hand.

225 1803 324 1855 1725.
339 1816 531 1854 Herbſtmonat
544 1824 580 1846 11.
594 1813 640 1846 als
655 1814 739 1855 ihrem
761 1813 977 1862 Geburts⸗Tage.

916 1892 973 1936 E.
982 1894 1119 1937 Rowe.

224 1956 340 2018 Sie
346 1974 544 2028 verrichtete
553 1969 680 2022 taͤglich
714 1975 843 2033 dreymal
861 1973 1033 2033 insgeheim
1052 1972 1107 2024 ihr
1115 1970 1249 2019 Gebet,

207 2043 273 2085 wie
286 2036 343 2094 aus
331 2036 574 2095 folgendem,
575 2051 646 2085 von
656 2042 747 2094 ihrer
755 2041 982 2098 Handſchrift
997 2053 1248 2096 genommenen

207 2100 356 2153 Vorſatz
366 2102 522 2152 erhellet:
534 2101 753 2152 ”Morgens,
763 2103 928 2151 Mittags
937 2105 1011 2144 und
1020 2102 1162 2152 Nachts
1176 2103 1248 2142 will

206 2152 281 2207 ”ich
288 2154 362 2209 dich
371 2153 518 2207 preiſen,
526 2156 598 2197 und
610 2154 701 2197 mein
710 2148 937 2214 beſtaͤndiges
952 2148 1048 2212 Opfer
1061 2159 1139 2196 dem
1150 2152 1248 2208 hoͤch⸗

203 2208 387 2273 ”ſten
323 2212 389 2267 und
403 2210 703 2270 unabhaͤnglichen
718 2215 852 2270 Weſen
878 2217 1107 2269 entrichten.”
1162 2220 1248 2260 Und

1176 2276 1244 2319 wie
