1662 2457
170 381 265 418 Engeln
280 392 353 421 loben
366 403 415 426 mit
428 396 548 431 Schalle,
559 402 658 435 ſingen:

169 428 246 463 Preiß
257 429 295 463 ſey
304 433 385 463 GOtt
385 434 417 464 in
426 435 467 462 der
479 433 559 469 Hoͤhe.

170 476 259 549 23.
261 463 329 536 G

329 464 406 513 rates
442 491 524 509 nunc
559 493 663 520 omnes

350 524 506 551 reddamus
522 532 672 558 Domino.

168 554 254 594 Deo,
279 566 331 601 qui
349 566 398 596 ſua
424 567 583 603 nativitate
607 577 674 600 nos

169 600 309 634 liberavit
331 602 366 632 de
389 601 537 636 diabolica
576 617 674 647 pote-

163 631 248 677 ſtate.

210 680 295 713 Huic
325 690 460 730 oportet,
472 703 507 723 ut
522 702 672 729 canamus

168 731 237 755 cum
251 720 361 766 angelis
377 728 508 773 ſemper:
554 745 673 773 Gloria

169 767 199 799 in
222 772 346 804 excelſis.

163 825 231 866 (24.
258 833 342 858 Nunc
355 838 530 867 Angelorum
544 828 670 883 Gloria.

179 870 299 903 (Erſtlich
311 871 441 904 intoniren
457 873 512 903 vier
525 874 643 907 Knaben.

200 910 225 930 1.
245 907 307 938 Den
318 908 357 936 die
369 908 456 944 Hirten
472 912 570 943 lobeten
582 910 671 949 ſehre,

198 947 225 969 2.
239 946 298 977 Und
329 946 371 978 die
394 948 480 981 Engel
510 948 571 984 noch
596 948 658 979 viel⸗

455 983 558 1017 mehre,

197 1019 223 1044 3.
234 1006 352 1045 Fuͤrcht't
365 1010 425 1045 ench
436 1010 530 1054 fuͤrbaß
538 1021 672 1063 nimmer⸗

464 1052 562 1085 mehre,

196 1088 223 1115 4.
229 1077 300 1116 Euch
305 1075 346 1123 iſt
345 1082 457 1119 gebohrn
469 1091 508 1115 ein
516 1082 603 1120 Koͤnig
617 1095 657 1125 der

445 1125 535 1154 Ehr'n.

220 1150 347 1189 (Darauf
356 1150 435 1190 ſinget
446 1157 490 1186 der
503 1156 601 1192 Chor.)

160 1198 238 1251 25.
249 1187 288 1252 H

291 1192 338 1230 eut
357 1187 408 1222 ſind
422 1192 462 1222 die
481 1192 562 1222 lieben
575 1196 666 1231 Enge⸗

318 1222 381 1258 lein,
398 1225 436 1253 im
451 1227 531 1257 hellen
544 1230 666 1261 Schein,

160 1243 301 1287 erſchienen
321 1257 367 1286 bey
386 1261 428 1287 der
447 1263 589 1299 Nachte:,:
608 1271 666 1294 den

156 1293 273 1329 Hirten,
298 1293 322 1331 ſo
341 1299 383 1333 ihr
395 1296 570 1337 Schaͤfelein,
581 1304 666 1337 beym

157 1327 371 1366 Mondenſchein,
390 1337 427 1361 im
463 1337 556 1365 weiten
584 1340 666 1372 Feld

158 1350 311 1395 bewachten.
349 1366 439 1407 Groſſe
451 1370 526 1401 Freud
535 1375 587 1407 und
594 1381 666 1410 gute

158 1396 251 1434 Maͤhr
251 1399 354 1438 woll'n
354 1403 412 1440 wir
412 1405 479 1442 euch
479 1407 666 1451 offenbahren,

158 1431 201 1469 die
201 1432 266 1475 euch
266 1434 328 1473 und
328 1436 405 1477 aller
405 1439 497 1482 Welt
497 1443 550 1484 ſoll
550 1445 666 1485 wieder⸗

156 1468 265 1509 fahren:
292 1475 406 1513 GOttes
417 1478 497 1518 Sohn
508 1480 543 1521 iſt
550 1480 657 1524 Menſch

153 1506 297 1541 gebohren,
297 1511 341 1542 iſt
341 1512 460 1546 Menſch
460 1516 594 1551 gebohrn,
594 1521 666 1555 hat

154 1536 274 1579 verſoͤhnt
274 1540 330 1585 des
330 1542 444 1597 Vaters
444 1546 534 1600 Zorn,
534 1549 592 1598 des
592 1551 666 1616 Va⸗

156 1586 212 1618 ters
222 1587 299 1622 Zorn.

388 1623 413 1643 2.

192 1659 215 1681 1.
232 1654 264 1691 Zu
277 1656 336 1688 dem
351 1655 393 1690 die
403 1657 508 1692 Weiſen
521 1654 609 1703 kam'n
609 1661 666 1704 ge⸗

460 1705 551 1733 ritten,

188 1726 215 1747 2.
216 1711 315 1756 Gold,
332 1720 507 1764 Weyhrauch,
524 1725 656 1767 Myrrhen

320 1761 439 1798 brachten
457 1767 488 1801 ſie
499 1766 585 1800 mitte.

188 1803 212 1832 3.
234 1795 291 1830 Sie
304 1798 390 1835 fielen
409 1799 492 1832 nied'r
527 1807 579 1837 auf
601 1799 666 1839 ihre

453 1838 538 1880 Knie:

181 1876 206 1900 4.
214 1868 327 1902 Gelobet
340 1869 398 1908 ſeyſt
411 1864 456 1910 du,
467 1876 560 1907 HErr!
566 1879 662 1914 allhie.

154 1905 231 1936 Sein
254 1907 338 1942 Sohn
362 1910 403 1937 die
426 1904 534 1945 goͤttlich
565 1916 666 1953 Maje⸗

158 1936 207 1970 ſtaͤt
242 1938 302 1972 euch
331 1942 439 1976 gegeben
467 1948 524 1979 hat,
545 1959 597 1982 und
616 1955 666 1977 ein

153 1977 261 2012 Menſch
274 1975 353 2014 laſſen
368 1981 507 2016 werden:;:
523 1985 561 2013 ein
568 1985 666 2022 Jung⸗

154 2007 215 2040 frau
236 2010 280 2044 ihn
298 2011 424 2043 gebohren
443 2016 491 2049 hat
509 2024 535 2046 in
548 2024 655 2060 Davids

154 2047 264 2082 Stadt,
278 2044 313 2080 da
332 2049 375 2083 ihr
390 2050 435 2084 ihn
456 2053 543 2088 finden
561 2061 658 2091 werdet

155 2081 257 2113 liegend
279 2091 307 2115 in
327 2084 405 2116 ein'm
427 2086 594 2125 Krippelein,
612 2102 664 2127 na⸗

156 2115 229 2147 ckend
248 2121 307 2152 bloß
321 2121 374 2151 und
386 2119 484 2155 elende,
498 2126 546 2157 daß
560 2132 587 2157 er
599 2134 666 2155 euer

155 2154 239 2191 Elend
252 2151 296 2197 ſoll
301 2154 357 2199 von
366 2157 424 2196 euch
437 2161 551 2195 wenden.
576 2167 666 2196 GOt⸗

685 402 724 435 tes
743 402 825 436 Sohn
844 402 872 428 iſt
893 406 997 438 Menſch
1015 404 1135 439 gebohrn,
1151 403 1185 432 iſt

685 437 789 469 Menſch
803 439 930 473 gebohrn,
947 441 994 471 hat
1009 442 1124 472 verſoͤhnt
1137 443 1183 473 des

683 460 786 516 Vaters
805 477 885 514 Zorn,
903 480 947 507 des
962 479 1062 511 Vaters
1074 479 1153 516 Zorn.

925 533 937 554 3.

681 560 743 586 I.
763 556 844 590 Freut
854 559 914 593 euch
928 558 1001 591 heute
1015 557 1065 593 mit
1071 552 1183 590 Maria,

709 596 733 614 2.
752 585 793 622 Jn
810 591 852 622 der
879 590 1054 622 himmliſchen
1075 592 1184 628 Hierar⸗

974 629 1038 654 chia,

718 658 731 683 3.
760 651 811 682 Da
811 651 859 682 die
878 655 955 688 Engel
969 657 1051 692 ſingen
1062 660 1112 700 alle

716 692 734 714 4.
761 686 804 720 Jn
826 682 882 723 dem
906 697 1023 729 Himmel
1049 697 1110 729 hoch
1130 693 1184 728 mit

956 740 1068 769 Schalle.

717 746 839 788 Darnach
861 752 943 798 ſingen
972 765 1017 798 die
1039 763 1183 804 Engelein:

672 790 768 823 GOtt
786 790 895 823 gebuͤhrt
913 800 990 825 allein
1007 804 1036 831 in
1050 805 1103 835 der
1123 803 1179 842 Hoͤh

671 821 767 859 Preiß
767 827 839 862 und
839 831 978 869 Ehre:,:
993 837 1089 873 Groß
1089 837 1183 878 Friede

672 855 752 892 wird
752 858 806 898 auf
806 860 904 903 Erden
904 865 977 906 ſeyn,
993 869 1043 907 des
1043 871 1127 908 ſollen
1127 875 1183 910 ſich

672 885 721 923 die
741 893 872 927 Menſchen
884 901 975 937 freuen
990 906 1066 944 ſehre
1081 914 1132 942 und
1141 917 1182 944 ein

676 923 873 967 Wohlgefallen
878 934 940 970 han,
946 939 997 978 daß
1010 944 1055 981 der
1062 945 1186 985 Heyland

673 955 709 994 iſt
735 961 875 999 kommen,
885 969 932 994 hat
943 976 1005 1009 euch
1026 982 1052 1014 zu
1066 984 1110 1017 gut
1126 988 1183 1017 eu'r

683 999 782 1033 Fleisch
782 1004 826 1035 an
840 1001 888 1039 ſich
904 1015 1068 1048 genommen.
1102 1018 1185 1053 GOt⸗

683 1029 727 1072 tes
742 1031 825 1079 Sohn
840 1036 875 1076 iſt
878 1038 994 1078 Meuſch
1000 1044 1132 1086 gebohrn,
1149 1051 1184 1086 iſt

684 1074 788 1111 Menſch
803 1075 932 1112 gebohrn,
944 1084 993 1113 hat
1004 1083 1123 1125 verſoͤhnt
1135 1091 1183 1122 des

681 1103 785 1144 Vaters
804 1108 883 1153 Zorn,
896 1113 942 1148 des
953 1114 1054 1153 Vaters
1066 1120 1144 1156 Zorn.

913 1166 931 1190 4.

709 1197 731 1221 1.
746 1193 822 1225 Lobet
836 1197 885 1225 alle
900 1198 1038 1231 Menſchen
1052 1200 1157 1237 gleiche,

706 1229 731 1252 2.
750 1226 863 1259 GOttes
876 1229 958 1265 Sohn
978 1234 1036 1261 vom
1049 1234 1183 1270 Himmel⸗

939 1264 1028 1296 reiche.

717 1308 740 1330 3.
761 1303 818 1333 Uns
831 1310 859 1335 zu
870 1305 945 1336 Troſt
960 1306 989 1338 iſt
1003 1316 1028 1338 er
1041 1308 1177 1344 gebohren,

712 1327 738 1369 4.
752 1335 800 1368 Lob
816 1338 861 1368 und
876 1337 953 1376 Preiß
967 1342 1006 1373 ſey
1022 1342 1105 1374 GOtt
1118 1346 1178 1375 dem

959 1371 1072 1411 HErren.

713 1402 770 1431 Die
782 1401 878 1433 Hirten
885 1408 1013 1442 ſprachen:
1031 1413 1100 1448 Nun
1112 1416 1184 1454 wol⸗

666 1423 748 1475 an,ſo
748 1436 809 1476 laßt
809 1439 872 1475 uns
872 1442 955 1481 gahn,
955 1447 1021 1483 und
1021 1453 1098 1488 dieſe
1098 1438 1178 1494 Ding

675 1474 849 1513 erfahren:,:
854 1476 898 1509 die
913 1487 967 1509 uns
979 1486 1025 1512 der
1035 1489 1119 1519 HErr
1128 1489 1175 1522 hat

673 1509 750 1547 kund
750 1512 873 1549 gethan,
881 1522 912 1546 er
914 1515 990 1555 wird
1001 1518 1083 1560 indeß
1097 1519 1176 1565 unſer

666 1533 751 1579 Vieh
751 1545 831 1582 wohl
831 1545 992 1588 bewahren.
992 1553 1070 1590 Da
1070 1556 1176 1595 funden

666 1576 710 1615 ſie
710 1577 771 1617 das
771 1579 926 1621 Kindlein
926 1585 971 1622 in
971 1586 1122 1629 Tuͤchelein
1122 1592 1176 1630 ge⸗

666 1617 773 1655 huͤllet,
795 1622 843 1652 das
860 1624 910 1655 alle
934 1627 1010 1658 Welt
1026 1630 1078 1657 mit
1095 1627 1174 1661 ſeiner

666 1655 774 1687 Macht
786 1660 899 1694 erfuͤllet.
935 1665 1047 1698 GOttes
1057 1666 1137 1703 Sohn
1141 1665 1179 1707 iſt

677 1683 782 1717 Menſch
809 1685 934 1724 gebohrn,
959 1696 987 1731 iſt
1013 1697 1116 1736 Menſch
1132 1707 1180 1735 ge⸗

672 1721 772 1767 bohrn,
798 1730 844 1758 hat
863 1727 982 1765 verſoͤhnt
1012 1733 1057 1762 des
1074 1734 1179 1765 Vaters

666 1764 760 1802 Zorn,
777 1768 822 1798 des
831 1770 934 1804 Vaters
942 1772 1020 1809 Zorn.

839 1878 894 1911 D.
894 1879 949 1912 M.
998 1882 1023 1914 L.

679 1921 758 1982 26.
760 1916 818 1987 D

818 1919 846 1957 er
859 1929 917 1958 Tag
927 1922 971 1945 der
986 1922 1013 1949 iſt
1025 1921 1046 1949 ſo
1052 1928 1181 1964 Freuden⸗

835 1958 904 1989 reich
920 1966 984 1987 aller
1001 1965 1182 1997 Creature:,:

681 1986 757 2024 Denn
777 1991 889 2022 GOttes
915 1995 997 2022 Sohn
1017 2000 1078 2020 vom
1102 1999 1182 2029 Him⸗

681 2028 808 2059 melreich,
824 2027 885 2061 uͤber
898 2028 939 2058 die
953 2030 1072 2069 Nature,
1083 2037 1136 2070 von
1149 2037 1187 2076 ei⸗

679 2069 723 2092 ner
746 2063 876 2100 Jungfrau
890 2064 924 2100 iſt
924 2064 1054 2104 gebohrn;
1077 2072 1186 2103 Maria,

666 2098 714 2121 du
737 2100 786 2128 biſt
800 2106 977 2131 auserkohrn,
990 2107 1040 2135 daß
1057 2100 1091 2128 du
1106 2107 1191 2141 Mut⸗

668 2136 718 2168 ter
735 2136 847 2170 werdeſt.
911 2134 982 2161 Was
1018 2139 1122 2176 geſchah
1160 2143 1189 2183 ſo

666 2171 864 2202 wunderlich?
900 2170 1013 2202 GOttes
1029 2176 1111 2208 Sohn
1127 2182 1188 2204 vom
