1767 2802
756 535 936 587 Nachdem
961 539 1040 581 aber
1066 540 1276 596 nunmehro,
1314 551 1409 590 unter
1444 547 1626 602 goͤttlichem

675 603 887 658 Beyſtande,
914 607 964 649 ein
977 608 1101 661 billiger
1118 611 1321 666 Vergleich,
1347 617 1401 660 bis
1420 617 1485 670 auf
1492 620 1625 670 Ratifi⸗

674 674 781 714 cation
798 679 853 714 der
873 674 974 728 hohen
996 676 1247 733 Herrſchaften,
1274 684 1450 737 getroffen,
1483 688 1548 730 und
1563 699 1624 731 un⸗

673 747 756 782 term
770 739 918 791 heutigen
929 742 1017 783 dato
1030 744 1205 800 gezeichnet
1218 752 1349 793 worden
1367 752 1431 806 iſt;
1454 756 1520 797 und
1534 755 1624 797 dann

674 808 756 860 nicht
767 806 828 859 nur
866 813 922 858 Ew.
945 809 1095 874 Herzogl.
1102 817 1251 870 Durchl.
1267 821 1385 875 ſolchen
1400 827 1453 869 als
1468 828 1518 870 ein
1530 830 1621 871 Mit⸗

671 869 715 912 tel
732 863 780 922 zu
793 863 1029 925 Unterhaltung
1051 882 1142 926 guter
1156 872 1426 940 Nachbarſchaſt
1445 874 1667 938 anzuſehen

669 946 803 999 geruhet
817 949 941 1003 haben,
970 953 1099 1003 ſondern
1124 956 1191 1008 wir
1200 957 1283 1008 auch
1303 961 1364 1004 mit
1382 961 1525 1010 Grunde
1545 974 1619 1008 ver⸗

666 1015 783 1067 ſichern
798 1019 933 1070 koͤnnen,
951 1020 1015 1072 daß
1026 1022 1083 1073 bey
1097 1025 1209 1077 unſers
1220 1025 1486 1083 allergnaͤdigſten
1498 1032 1617 1084 Herrn

665 1086 803 1137 Koͤnigl.
812 1091 945 1139 Maytt.
960 1091 1125 1146 ebenwohl
1139 1095 1208 1138 eine
1218 1098 1333 1150 wahre
1347 1099 1615 1155 Freundſchafts⸗

663 1145 833 1199 Begierde
848 1153 914 1196 und
931 1137 1099 1204 Neigung
1115 1164 1174 1200 vor
1188 1157 1266 1203 Ew.
1286 1157 1445 1214 Herzogl.
1461 1160 1613 1215 Durchl.

663 1225 728 1267 und
737 1223 842 1270 Dero
852 1226 1186 1283 Durchlauchtigſtes
1192 1233 1304 1283 Haus
1309 1239 1361 1279 die
1369 1237 1613 1288 Bewegungs⸗

661 1278 798 1327 Urſache
817 1286 960 1329 geweſen
973 1286 1040 1329 ſey,
1066 1288 1130 1332 auf
1146 1280 1252 1328 einen
1269 1283 1433 1345 Vergleich
1463 1283 1525 1343 ſich
1544 1295 1611 1337 ein⸗

657 1344 812 1397 zulaßen:
838 1348 905 1396 So
915 1350 1036 1395 koͤnnen
1051 1338 1116 1397 wir
1130 1353 1231 1408 deſſen
1244 1354 1361 1411 Erfolg
1374 1355 1458 1411 nicht
1476 1360 1609 1414 anders,

658 1424 712 1468 als
726 1425 790 1469 wie
804 1426 873 1472 eine
888 1425 1083 1486 gluͤckliche,
1113 1434 1180 1478 und
1199 1433 1280 1488 auch
1298 1435 1355 1489 fuͤr
1376 1443 1442 1484 uns
1463 1441 1612 1495 erfreuli⸗

656 1496 710 1548 che
743 1495 975 1553 Begebenheit
994 1502 1195 1558 betrachten;
1236 1506 1309 1555 Und
1334 1510 1495 1565 erkuͤhnen
1528 1517 1608 1564 uns,

655 1568 735 1614 Ew.
758 1568 919 1622 Herzogl.
946 1572 1099 1628 Durchl.
1122 1578 1204 1629 dazu
1230 1576 1467 1635 unterthaͤnigſt
1493 1585 1607 1634 Gluͤck

652 1646 692 1687 zu
708 1640 889 1694 wuͤnſchen.

726 1706 817 1756 Von
839 1710 894 1751 der
917 1709 978 1759 bey
1002 1710 1105 1763 deßen
1121 1712 1357 1771 Behandlung
1391 1726 1456 1762 von
1488 1719 1603 1766 vorbe⸗

650 1778 824 1823 nanntem
846 1776 1031 1833 Landrathe
1077 1783 1267 1835 erwieſenen
1312 1788 1602 1844 Geſchicklichkeit,

648 1835 806 1886 Klugheit
819 1838 893 1879 und
903 1836 1071 1890 Sorgfalt
1085 1849 1143 1891 vor
1158 1841 1236 1892 Ew.
1263 1843 1433 1897 Herzogl.
1446 1846 1603 1901 Durchl.

648 1910 752 1963 hohes
765 1911 946 1964 Jntereße,
970 1916 1108 1965 wuͤrden
1124 1912 1188 1968 wir
1207 1914 1264 1973 ein
1271 1921 1391 1973 großes
1405 1923 1467 1971 Lob
1485 1926 1601 1980 hinzu⸗

645 1976 785 2030 zufuͤgen
800 1987 864 2025 uns
881 1981 966 2026 nicht
980 1984 1142 2037 enthalten
1163 1987 1306 2041 koͤnnen,
1332 1999 1429 2035 wenn
1447 1994 1532 2045 nicht
1545 1997 1597 2041 die

644 2061 709 2095 von
724 2049 818 2102 Jhro
827 2051 1002 2106 getroffene
1016 2055 1186 2111 Auswahl
1195 2063 1254 2106 der
1260 2061 1391 2117 Perſon
1393 2058 1503 2127 dieſes
1520 2061 1596 2127 nach

642 2120 746 2171 ſeinen
758 2119 960 2176 ruͤhmlichen
974 2123 1220 2182 Eigenſchaften
1228 2129 1288 2182 bey
1302 2138 1369 2182 uns
1386 2136 1469 2185 viele
1498 2137 1596 2190 Jahre

640 2189 699 2242 her
713 2190 888 2242 bekannten
895 2192 1073 2241 Cavaliers
1090 2206 1130 2249 zu
1145 2198 1312 2254 Fuͤhrung
1328 2203 1415 2249 einer
1419 2196 1453 2262 ſo
1463 2204 1591 2258 wichti⸗
