<?xml version='1.0' encoding='utf-8'?>
<PcGts xmlns="http://schema.primaresearch.org/PAGE/gts/pagecontent/2019-07-15" xmlns:xsi="http://www.w3.org/2001/XMLSchema-instance" pcGtsId="PAGE_01" xsi:schemaLocation="http://schema.primaresearch.org/PAGE/gts/pagecontent/2019-07-15 http://schema.primaresearch.org/PAGE/gts/pagecontent/2019-07-15/pagecontent.xsd">
  <Metadata>
    <Creator>OCR-D DFG Phase III</Creator>
    <Created>2024-01-19T13:09:33Z</Created>
    <LastChange>2024-01-19T13:09:33Z</LastChange>
    <Comments>ODEM: OCR-D extension for mass digitization (2021-2024)</Comments>
  </Metadata>
  <Page imageFilename="urn+nbn+de+gbv+3+1-728857-p0038-4_ger.jpg" imageWidth="1385" imageHeight="2007" type="content" primaryLanguage="German">
    <Border>
      <Coords points="384,250 1254,250 1254,1788 384,1788"/>
    </Border>
    <ReadingOrder>
      <OrderedGroup id="ro_1651835601548" caption="Regions reading order">
        <RegionRefIndexed index="0" regionRef="region0003"/>
        <RegionRefIndexed index="1" regionRef="TextRegion_1649837869061_3251"/>
        <RegionRefIndexed index="2" regionRef="TextRegion_1649837869061_3250"/>
        <RegionRefIndexed index="3" regionRef="region0005"/>
        <RegionRefIndexed index="4" regionRef="region0006"/>
        <RegionRefIndexed index="5" regionRef="region0007"/>
        <RegionRefIndexed index="6" regionRef="TextRegion_1649837891395_3259"/>
        <RegionRefIndexed index="7" regionRef="TextRegion_1649837914219_3269"/>
      </OrderedGroup>
    </ReadingOrder>
    <TextRegion orientation="0.2622494" readingDirection="left-to-right" id="region0003" custom="readingOrder {index:0;}">
      <Coords points="390,361 1243,355 1243,450 390,456"/>
      <TextLine id="region0003_line0001" custom="readingOrder {index:0;}">
        <Coords points="920,358 916,363 854,359 821,362 813,359 792,359 742,365 702,364 698,360 678,360 676,364 635,360 554,361 514,367 504,367 499,363 471,364 466,368 456,368 450,361 390,361 390,413 658,406 691,414 696,411 740,407 791,406 798,415 816,405 829,403 972,401 1081,404 1109,411 1151,411 1166,409 1184,402 1242,400 1242,359 1101,357 1075,362 1031,362 1004,361 999,357 988,358 983,362 939,363 935,358"/>
        <Word id="region0003_line0001_word0000" custom="readingOrder {index:0;}">
          <Coords points="396,370 497,370 497,407 396,407"/>
          <TextEquiv conf="0.53971374">
            <Unicode>Suͤnd'</Unicode>
          </TextEquiv>
        </Word>
        <Word id="region0003_line0001_word0001" custom="readingOrder {index:1;}">
          <Coords points="511,374 566,373 566,402 511,403"/>
          <TextEquiv conf="0.96376693">
            <Unicode>und</Unicode>
          </TextEquiv>
        </Word>
        <Word id="region0003_line0001_word0002" custom="readingOrder {index:2;}">
          <Coords points="581,369 641,369 641,403 581,403"/>
          <TextEquiv conf="0.9658352">
            <Unicode>Tod</Unicode>
          </TextEquiv>
        </Word>
        <Word id="region0003_line0001_word0003" custom="readingOrder {index:3;}">
          <Coords points="670,409 708,409 708,367 656,367 656,406 658,406"/>
          <TextEquiv conf="0.96596414">
            <Unicode>m),</Unicode>
          </TextEquiv>
        </Word>
        <Word id="region0003_line0001_word0004" custom="readingOrder {index:4;}">
          <Coords points="728,373 783,372 783,400 728,401"/>
          <TextEquiv conf="0.9198593">
            <Unicode>und</Unicode>
          </TextEquiv>
        </Word>
        <Word id="region0003_line0001_word0005" custom="readingOrder {index:5;}">
          <Coords points="888,402 888,368 796,368 796,410 807,410 816,405 829,403"/>
          <TextEquiv conf="0.8392097">
            <Unicode>hatten</Unicode>
          </TextEquiv>
        </Word>
        <Word id="region0003_line0001_word0006" custom="readingOrder {index:6;}">
          <Coords points="908,370 1035,369 1035,398 908,399"/>
          <TextEquiv conf="0.95584166">
            <Unicode>einander</Unicode>
          </TextEquiv>
        </Word>
        <Word id="region0003_line0001_word0007" custom="readingOrder {index:7;}">
          <Coords points="1055,375 1102,375 1102,400 1055,400"/>
          <TextEquiv conf="0.9611195">
            <Unicode>am</Unicode>
          </TextEquiv>
        </Word>
        <Word id="region0003_line0001_word0008" custom="readingOrder {index:8;}">
          <Coords points="1239,400 1239,365 1115,366 1115,406 1174,405 1184,402"/>
          <TextEquiv>
            <Unicode>Jnnern</Unicode>
          </TextEquiv>
        </Word>
        <TextEquiv>
          <Unicode>Suͤnd' und Tod m), und hatten einander am Jnnern</Unicode>
        </TextEquiv>
      </TextLine>
      <TextLine id="region0003_line0002" custom="readingOrder {index:1;}">
        <Coords points="925,402 816,406 799,415 799,441 804,446 885,447 900,452 1074,447 1083,441 1083,413 1076,407"/>
        <Word id="region0003_line0002_word0000" custom="readingOrder {index:0;}">
          <Coords points="855,417 900,417 900,445 855,445"/>
          <TextEquiv conf="0.9174354">
            <Unicode>der</Unicode>
          </TextEquiv>
        </Word>
        <Word id="region0003_line0002_word0001" custom="readingOrder {index:1;}">
          <Coords points="1025,448 1025,414 922,415 922,451"/>
          <TextEquiv conf="0.9078059">
            <Unicode>Pforte</Unicode>
          </TextEquiv>
        </Word>
        <TextEquiv conf="0.91262066">
          <Unicode>der Pforte</Unicode>
        </TextEquiv>
      </TextLine>
      <TextEquiv>
        <Unicode>Suͤnd' und Tod m), und hatten einander am Jnnern
der Pforte</Unicode>
      </TextEquiv>
    </TextRegion>
    <TextRegion orientation="0.2622494" readingDirection="left-to-right" id="TextRegion_1649837869061_3251" custom="readingOrder {index:1;}">
      <Coords points="390,483 1244,477 1245,591 390,591"/>
      <TextLine id="region0004_line0001" custom="readingOrder {index:0;}">
        <Coords points="827,480 818,483 525,483 487,488 472,488 467,484 447,487 425,483 390,483 392,539 427,539 455,531 502,529 580,529 585,536 595,537 602,528 613,528 619,535 628,535 634,529 766,528 772,535 781,534 788,527 872,525 888,522 931,529 953,529 960,526 1125,525 1135,531 1145,531 1155,525 1244,523 1244,480 1244,479 1240,478 1202,479 1199,482 1178,483 1150,482 1141,479 1060,479 1054,483 1037,483 1032,479 1023,479 1018,483 982,484 965,480"/>
        <Word id="region0004_line0001_word0000" custom="readingOrder {index:0;}">
          <Coords points="397,494 445,494 445,533 397,533"/>
          <TextEquiv>
            <Unicode>Jn</Unicode>
          </TextEquiv>
        </Word>
        <Word id="region0004_line0001_word0001" custom="readingOrder {index:1;}">
          <Coords points="461,496 521,496 521,525 461,525"/>
          <TextEquiv conf="0.92586064">
            <Unicode>dem</Unicode>
          </TextEquiv>
        </Word>
        <Word id="region0004_line0001_word0002" custom="readingOrder {index:2;}">
          <Coords points="653,528 653,491 538,492 538,529 580,529 583,533 597,533 602,528 613,528 617,533 629,533 634,529"/>
          <TextEquiv conf="0.92586064">
            <Unicode>Geſicht.</Unicode>
          </TextEquiv>
        </Word>
        <Word id="region0004_line0001_word0003" custom="readingOrder {index:3;}">
          <Coords points="676,492 754,492 754,525 676,525"/>
          <TextEquiv conf="0.9265203">
            <Unicode>Weit</Unicode>
          </TextEquiv>
        </Word>
        <Word id="region0004_line0001_word0004" custom="readingOrder {index:4;}">
          <Coords points="847,525 847,493 773,494 773,532 783,531 788,527"/>
          <TextEquiv conf="0.92093354">
            <Unicode>ſtand</Unicode>
          </TextEquiv>
        </Word>
        <Word id="region0004_line0001_word0005" custom="readingOrder {index:5;}">
          <Coords points="894,523 902,523 902,492 860,492 860,523 882,523 888,522"/>
          <TextEquiv conf="0.92093354">
            <Unicode>die</Unicode>
          </TextEquiv>
        </Word>
        <Word id="region0004_line0001_word0006" custom="readingOrder {index:6;}">
          <Coords points="1013,525 1013,491 911,492 911,525 931,529 953,529 960,526"/>
          <TextEquiv conf="0.92638075">
            <Unicode>Pforte</Unicode>
          </TextEquiv>
        </Word>
        <Word id="region0004_line0001_word0007" custom="readingOrder {index:7;}">
          <Coords points="1027,494 1073,494 1073,523 1027,523"/>
          <TextEquiv conf="0.9265518">
            <Unicode>des</Unicode>
          </TextEquiv>
        </Word>
        <Word id="region0004_line0001_word0008" custom="readingOrder {index:8;}">
          <Coords points="1239,523 1239,489 1089,490 1089,525 1125,525 1131,528 1148,528 1155,525"/>
          <TextEquiv conf="0.92491186">
            <Unicode>Abgrunds</Unicode>
          </TextEquiv>
        </Word>
        <TextEquiv>
          <Unicode>Jn dem Geſicht. Weit ſtand die Pforte des Abgrunds</Unicode>
        </TextEquiv>
      </TextLine>
      <TextLine id="region0004_line0002" custom="readingOrder {index:1;}">
        <Coords points="888,523 881,528 803,530 798,535 798,562 803,567 896,569 903,576 921,576 928,570 958,571 966,575 1025,572 1030,567 1030,546 1027,542 1018,540 1018,531 1013,526 931,530"/>
        <Word id="region0004_line0002_word0000" custom="readingOrder {index:0;}">
          <Coords points="928,570 978,570 978,531 856,531 856,568 896,569 897,570"/>
          <TextEquiv conf="0.9150865">
            <Unicode>eroͤffnet,</Unicode>
          </TextEquiv>
        </Word>
        <TextEquiv conf="0.9150865">
          <Unicode>eroͤffnet,</Unicode>
        </TextEquiv>
      </TextLine>
      <TextEquiv>
        <Unicode>Jn dem Geſicht. Weit ſtand die Pforte des Abgrunds
eroͤffnet,</Unicode>
      </TextEquiv>
    </TextRegion>
    <TextRegion orientation="0.2622494" readingDirection="left-to-right" id="TextRegion_1649837869061_3250" custom="readingOrder {index:2;}">
      <Coords points="390,591 1245,591 1246,695 392,701"/>
      <TextLine id="region0004_line0003" custom="readingOrder {index:0;}">
        <Coords points="1021,597 1010,605 993,607 911,607 879,599 837,600 820,607 800,603 794,608 776,610 753,609 746,601 736,601 726,609 700,610 651,610 593,602 585,602 579,608 566,609 533,610 517,605 506,605 500,611 490,604 481,604 472,609 427,606 422,603 399,604 392,605 392,653 449,653 470,655 476,660 494,660 502,654 528,651 644,649 696,651 704,657 717,657 723,652 729,652 735,659 745,659 753,651 867,650 873,646 1014,647 1020,655 1031,655 1037,647 1050,646 1245,644 1245,600 1204,602 1199,598 1190,598 1182,602 1158,604 1152,598 1139,598 1132,605 1109,601 1104,605 1060,606 1054,605 1047,598"/>
        <Word id="region0004_line0003_word0000" custom="readingOrder {index:0;}">
          <Coords points="398,609 461,609 461,642 398,642"/>
          <TextEquiv conf="0.9271115">
            <Unicode>Und</Unicode>
          </TextEquiv>
        </Word>
        <Word id="region0004_line0003_word0001" custom="readingOrder {index:1;}">
          <Coords points="498,610 476,610 476,649 532,649 532,610 501,610 500,611"/>
          <TextEquiv conf="0.9279185">
            <Unicode>ſpie</Unicode>
          </TextEquiv>
        </Word>
        <Word id="region0004_line0003_word0002" custom="readingOrder {index:2;}">
          <Coords points="557,610 638,609 638,639 557,640"/>
          <TextEquiv conf="0.91271156">
            <Unicode>wilde</Unicode>
          </TextEquiv>
        </Word>
        <Word id="region0004_line0003_word0003" custom="readingOrder {index:3;}">
          <Coords points="750,606 729,606 726,609 700,610 659,610 659,648 831,647 831,606 822,606 820,607 815,606 796,606 794,608 776,610 753,609"/>
          <TextEquiv conf="0.9235707">
            <Unicode>verzehrende</Unicode>
          </TextEquiv>
        </Word>
        <Word id="region0004_line0003_word0004" custom="readingOrder {index:4;}">
          <Coords points="907,606 852,606 852,645 997,645 997,606 993,607 911,607"/>
          <TextEquiv conf="0.9089987">
            <Unicode>Flammen</Unicode>
          </TextEquiv>
        </Word>
        <Word id="region0004_line0003_word0005" custom="readingOrder {index:5;}">
          <Coords points="1054,605 1019,605 1019,646 1050,646 1122,645 1122,605 1104,605 1060,606"/>
          <TextEquiv conf="0.9238047">
            <Unicode>hinaus</Unicode>
          </TextEquiv>
        </Word>
        <Word id="region0004_line0003_word0006" custom="readingOrder {index:6;}">
          <Coords points="1140,607 1171,607 1171,637 1140,637"/>
          <TextEquiv conf="0.9174105">
            <Unicode>in</Unicode>
          </TextEquiv>
        </Word>
        <Word id="region0004_line0003_word0007" custom="readingOrder {index:7;}">
          <Coords points="1189,608 1241,607 1241,637 1189,638"/>
          <TextEquiv conf="0.9295975">
            <Unicode>das</Unicode>
          </TextEquiv>
        </Word>
        <TextEquiv conf="0.9213905">
          <Unicode>Und ſpie wilde verzehrende Flammen hinaus in das</Unicode>
        </TextEquiv>
      </TextLine>
      <TextLine id="region0004_line0004" custom="readingOrder {index:1;}">
        <Coords points="873,647 867,651 805,651 801,656 802,685 811,694 877,697 912,694 1002,696 1010,694 1013,690 1012,666 1008,663 988,663 979,654 953,653 949,650 917,653 899,651 893,647"/>
        <Word id="region0004_line0004_word0000" custom="readingOrder {index:0;}">
          <Coords points="958,695 958,656 854,656 854,695 877,697 912,694"/>
          <TextEquiv conf="0.92315704">
            <Unicode>Chaos,</Unicode>
          </TextEquiv>
        </Word>
        <TextEquiv conf="0.92315704">
          <Unicode>Chaos,</Unicode>
        </TextEquiv>
      </TextLine>
      <TextEquiv>
        <Unicode>Und ſpie wilde verzehrende Flammen hinaus in das
Chaos,</Unicode>
      </TextEquiv>
    </TextRegion>
    <TextRegion orientation="0.2622494" readingDirection="left-to-right" id="region0005" custom="readingOrder {index:3;}">
      <Coords points="391,728 1245,722 1246,817 392,823"/>
      <TextLine id="region0005_line0001" custom="readingOrder {index:0;}">
        <Coords points="820,725 811,731 768,732 756,727 727,727 721,732 701,733 616,733 595,727 531,728 524,734 485,734 480,730 464,733 458,728 391,728 392,778 636,775 647,780 657,780 662,776 726,774 732,780 742,780 748,774 829,772 834,777 843,778 853,772 926,769 936,773 957,774 1191,769 1201,776 1214,776 1222,768 1245,767 1245,723 1078,724 1075,727 1050,728 1043,728 1038,724 910,725 906,728 892,725 886,730 852,730 849,725"/>
        <Word id="region0005_line0001_word0000" custom="readingOrder {index:0;}">
          <Coords points="397,738 531,738 531,773 397,773"/>
          <TextEquiv conf="0.91915303">
            <Unicode>Seitdem</Unicode>
          </TextEquiv>
        </Word>
        <Word id="region0005_line0001_word0001" custom="readingOrder {index:1;}">
          <Coords points="549,737 660,736 660,774 549,775"/>
          <TextEquiv conf="0.92153776">
            <Unicode>Satan,</Unicode>
          </TextEquiv>
        </Word>
        <Word id="region0005_line0001_word0002" custom="readingOrder {index:2;}">
          <Coords points="807,773 807,736 683,737 683,775 698,775 726,774 727,775 748,774 748,774"/>
          <TextEquiv conf="0.9270646">
            <Unicode>nachdem</Unicode>
          </TextEquiv>
        </Word>
        <Word id="region0005_line0001_word0003" custom="readingOrder {index:3;}">
          <Coords points="880,770 880,735 822,735 822,772 829,772 834,777 844,777 853,772"/>
          <TextEquiv conf="0.9270646">
            <Unicode>ihm</Unicode>
          </TextEquiv>
        </Word>
        <Word id="region0005_line0001_word0004" custom="readingOrder {index:4;}">
          <Coords points="893,739 935,739 935,768 893,768"/>
          <TextEquiv conf="0.93022126">
            <Unicode>die</Unicode>
          </TextEquiv>
        </Word>
        <Word id="region0005_line0001_word0005" custom="readingOrder {index:5;}">
          <Coords points="947,736 1057,735 1057,770 947,771"/>
          <TextEquiv conf="0.9277432">
            <Unicode>Suͤnde</Unicode>
          </TextEquiv>
        </Word>
        <Word id="region0005_line0001_word0006" custom="readingOrder {index:6;}">
          <Coords points="1081,736 1124,736 1124,767 1081,767"/>
          <TextEquiv conf="0.92547554">
            <Unicode>die</Unicode>
          </TextEquiv>
        </Word>
        <Word id="region0005_line0001_word0007" custom="readingOrder {index:7;}">
          <Coords points="1241,767 1241,733 1143,734 1143,770 1191,769 1197,773 1216,773 1222,768"/>
          <TextEquiv conf="0.9273556">
            <Unicode>Riegel</Unicode>
          </TextEquiv>
        </Word>
        <TextEquiv conf="0.925702">
          <Unicode>Seitdem Satan, nachdem ihm die Suͤnde die Riegel</Unicode>
        </TextEquiv>
      </TextLine>
      <TextLine id="region0005_line0002" custom="readingOrder {index:1;}">
        <Coords points="887,770 882,773 855,774 843,779 831,776 800,778 795,783 795,809 800,814 872,815 885,819 925,819 927,816 962,819 962,819 1031,817 1036,812 1035,788 1031,785 1019,785 1017,777 1013,774 957,775 934,774 926,770"/>
        <Word id="region0005_line0002_word0000" custom="readingOrder {index:0;}">
          <Coords points="975,811 975,773 853,773 853,807 870,808 883,812 923,812 925,809 960,812"/>
          <TextEquiv>
            <Unicode>eroͤffnet,</Unicode>
          </TextEquiv>
        </Word>
        <TextEquiv>
          <Unicode>eroͤffnet,</Unicode>
        </TextEquiv>
      </TextLine>
      <TextEquiv>
        <Unicode>Seitdem Satan, nachdem ihm die Suͤnde die Riegel
eroͤffnet,</Unicode>
      </TextEquiv>
    </TextRegion>
    <TextRegion orientation="0.2622494" readingDirection="left-to-right" id="region0006" custom="readingOrder {index:4;}">
      <Coords points="391,844 1245,838 1245,909 391,915"/>
      <TextLine id="region0006_line0001" custom="readingOrder {index:0;}">
        <Coords points="1151,840 1132,842 1119,848 1061,851 1042,849 1028,852 1021,852 1019,847 1012,843 1000,844 991,853 982,852 976,846 966,845 958,845 951,850 822,854 798,853 792,847 782,847 775,852 754,848 744,852 738,847 704,854 677,854 672,849 648,854 643,849 632,850 628,847 617,847 607,853 585,853 575,852 570,847 561,848 545,854 511,856 505,850 494,850 475,851 462,858 420,851 391,851 391,900 452,900 482,906 489,900 495,905 505,905 513,899 610,896 615,905 626,906 634,897 670,896 722,898 729,905 737,905 743,899 750,906 758,906 765,898 777,899 783,904 791,904 797,899 818,903 829,898 857,895 875,895 883,901 904,898 949,898 954,902 962,902 971,895 987,894 997,901 1006,900 1012,895 1028,901 1037,901 1045,895 1070,895 1079,901 1087,901 1097,894 1117,892 1244,888 1244,845 1228,845 1225,839"/>
        <Word id="region0006_line0001_word0000" custom="readingOrder {index:0;}">
          <Coords points="436,853 397,854 397,894 601,893 601,853 546,853 545,854 511,856 508,853 470,853 462,858"/>
          <TextEquiv conf="0.92312324">
            <Unicode>Unerſchrocken</Unicode>
          </TextEquiv>
        </Word>
        <Word id="region0006_line0001_word0001" custom="readingOrder {index:1;}">
          <Coords points="646,852 614,852 614,895 742,895 742,852 713,852 704,854 677,854 675,852 657,852 648,854"/>
          <TextEquiv conf="0.92845124">
            <Unicode>hindurch</Unicode>
          </TextEquiv>
        </Word>
        <Word id="region0006_line0001_word0002" custom="readingOrder {index:2;}">
          <Coords points="751,853 797,852 797,893 751,894"/>
          <TextEquiv conf="0.91760844">
            <Unicode>ſich</Unicode>
          </TextEquiv>
        </Word>
        <Word id="region0006_line0001_word0003" custom="readingOrder {index:3;}">
          <Coords points="808,855 931,855 931,891 808,891"/>
          <TextEquiv conf="0.9130431">
            <Unicode>gewagt;</Unicode>
          </TextEquiv>
        </Word>
        <Word id="region0006_line0001_word0004" custom="readingOrder {index:4;}">
          <Coords points="981,851 954,851 954,891 987,891 987,852 982,852"/>
          <TextEquiv conf="0.9270146">
            <Unicode>ſie</Unicode>
          </TextEquiv>
        </Word>
        <Word id="region0006_line0001_word0005" custom="readingOrder {index:5;}">
          <Coords points="1020,849 998,850 998,891 1066,890 1066,850 1061,851 1044,849 1040,849 1028,852 1021,852"/>
          <TextEquiv conf="0.9281932">
            <Unicode>ſagte</Unicode>
          </TextEquiv>
        </Word>
        <Word id="region0006_line0001_word0006" custom="readingOrder {index:6;}">
          <Coords points="1078,857 1141,857 1141,891 1078,891"/>
          <TextEquiv conf="0.9252592">
            <Unicode>zum</Unicode>
          </TextEquiv>
        </Word>
        <Word id="region0006_line0001_word0007" custom="readingOrder {index:7;}">
          <Coords points="1149,846 1241,845 1241,884 1149,885"/>
          <TextEquiv conf="0.9113792">
            <Unicode>Tode:</Unicode>
          </TextEquiv>
        </Word>
        <TextEquiv conf="0.921759">
          <Unicode>Unerſchrocken hindurch ſich gewagt; ſie ſagte zum Tode:</Unicode>
        </TextEquiv>
      </TextLine>
      <TextEquiv conf="0.921759">
        <Unicode>Unerſchrocken hindurch ſich gewagt; ſie ſagte zum Tode:</Unicode>
      </TextEquiv>
    </TextRegion>
    <TextRegion orientation="0.2622494" readingDirection="left-to-right" id="region0007" custom="readingOrder {index:5;}">
      <Coords points="404,968 1245,962 1245,1069 404,1075"/>
      <TextLine id="region0007_line0001" custom="readingOrder {index:0;}">
        <Coords points="1186,964 1184,978 1158,976 1153,972 1124,973 1117,969 1109,969 1097,978 1085,979 1058,978 1052,972 1037,972 1029,978 996,980 985,979 979,972 967,972 960,976 924,973 873,981 831,981 823,974 812,975 808,972 797,973 787,980 772,981 766,975 757,975 750,982 683,982 673,978 662,979 657,975 643,975 637,981 609,982 575,982 537,977 439,978 434,983 434,1013 437,1017 443,1018 449,1028 634,1024 639,1031 649,1032 656,1024 664,1030 679,1030 685,1024 752,1024 790,1024 796,1033 806,1032 815,1024 845,1024 855,1027 863,1021 926,1025 961,1024 971,1029 984,1025 1002,1027 1029,1024 1034,1028 1043,1028 1050,1023 1086,1021 1091,1021 1097,1027 1105,1027 1111,1022 1122,1028 1132,1028 1137,1024 1174,1027 1178,1024 1244,1019 1244,977 1235,973 1207,977 1206,964"/>
        <Word id="region0007_line0001_word0000" custom="readingOrder {index:0;}">
          <Coords points="547,978 500,981 496,993 496,1022 624,1011 624,981 609,982 575,982"/>
          <TextEquiv conf="0.88525337">
            <Unicode>Warum</Unicode>
          </TextEquiv>
        </Word>
        <Word id="region0007_line0001_word0001" custom="readingOrder {index:1;}">
          <Coords points="659,977 642,977 642,1017 713,1017 713,982 683,982 673,978 662,979"/>
          <TextEquiv>
            <Unicode>ſitzen</Unicode>
          </TextEquiv>
        </Word>
        <Word id="region0007_line0001_word0002" custom="readingOrder {index:2;}">
          <Coords points="768,977 755,977 750,982 728,982 728,1011 781,1011 781,980 772,981"/>
          <TextEquiv conf="0.96376413">
            <Unicode>wir</Unicode>
          </TextEquiv>
        </Word>
        <Word id="region0007_line0001_word0003" custom="readingOrder {index:3;}">
          <Coords points="811,974 796,974 795,974 795,1018 864,1018 864,981 831,981 823,974 812,975"/>
          <TextEquiv conf="0.9629997">
            <Unicode>hier,</Unicode>
          </TextEquiv>
        </Word>
        <Word id="region0007_line0001_word0004" custom="readingOrder {index:4;}">
          <Coords points="881,988 899,988 899,1012 881,1012"/>
          <TextEquiv conf="0.9305145">
            <Unicode>o</Unicode>
          </TextEquiv>
        </Word>
        <Word id="region0007_line0001_word0005" custom="readingOrder {index:5;}">
          <Coords points="933,973 918,973 912,974 912,1016 1012,1015 1012,979 996,980 985,979 980,973 964,973 960,976"/>
          <TextEquiv conf="0.9638445">
            <Unicode>Sohn,</Unicode>
          </TextEquiv>
        </Word>
        <Word id="region0007_line0001_word0006" custom="readingOrder {index:6;}">
          <Coords points="1055,975 1034,975 1034,1014 1060,1014 1060,978 1058,978"/>
          <TextEquiv>
            <Unicode>ſo</Unicode>
          </TextEquiv>
        </Word>
        <Word id="word_1649837973208_3300" custom="readingOrder {index:7;}">
          <Coords points="1074,978 1085,979 1097,978 1109,969 1117,969 1124,973 1153,972 1158,976 1178,977 1178,1013 1074,1014"/>
          <TextEquiv>
            <Unicode>muͤßig;</Unicode>
          </TextEquiv>
        </Word>
        <Word id="region0007_line0001_word0008" custom="readingOrder {index:8;}">
          <Coords points="1243,1019 1243,976 1235,973 1207,977 1206,964 1192,964 1192,1021 1226,1020"/>
          <TextEquiv conf="0.9229011">
            <Unicode>und</Unicode>
          </TextEquiv>
        </Word>
        <TextEquiv>
          <Unicode>Warum ſitzen wir hier, o Sohn, ſo muͤßig; und</Unicode>
        </TextEquiv>
      </TextLine>
      <TextLine id="region0007_line0002" custom="readingOrder {index:1;}">
        <Coords points="863,1022 855,1028 825,1026 804,1033 803,1066 807,1069 872,1071 876,1068 878,1071 896,1071 898,1068 1026,1066 1031,1061 1031,1034 1024,1028 982,1027 971,1030 963,1027 905,1027 892,1022"/>
        <Word id="region0007_line0002_word0000" custom="readingOrder {index:0;}">
          <Coords points="969,1066 969,1030 859,1030 859,1070 873,1070 876,1068 877,1070 896,1070 898,1068"/>
          <TextEquiv conf="0.9224836">
            <Unicode>ſchauen</Unicode>
          </TextEquiv>
        </Word>
        <TextEquiv conf="0.9224836">
          <Unicode>ſchauen</Unicode>
        </TextEquiv>
      </TextLine>
      <TextEquiv>
        <Unicode>Warum ſitzen wir hier, o Sohn, ſo muͤßig; und
ſchauen</Unicode>
      </TextEquiv>
    </TextRegion>
    <TextRegion orientation="0.2622494" type="catch-word" readingDirection="left-to-right" id="TextRegion_1649837891395_3259" custom="readingOrder {index:6;} structure {type:catch-word;}">
      <Coords points="424,1073 1246,1067 1246,1128 424,1128"/>
      <TextLine id="region0008_line0002" custom="readingOrder {index:0;}">
        <Coords points="1076,1069 1075,1096 1081,1102 1082,1114 1087,1119 1148,1120 1173,1115 1178,1125 1190,1125 1198,1121 1209,1121 1218,1116 1226,1128 1230,1114 1246,1113 1246,1095 1245,1071 1228,1068"/>
        <Word id="word_1649837891426_3262" custom="readingOrder {index:0;}">
          <Coords points="1130,1074 1239,1073 1239,1103 1231,1104 1227,1118 1194,1118 1191,1115 1179,1115 1174,1105 1149,1110 1130,1109"/>
          <TextEquiv conf="0.92489904">
            <Unicode>Frucht⸗</Unicode>
          </TextEquiv>
        </Word>
        <TextEquiv conf="0.92489904">
          <Unicode>Frucht⸗</Unicode>
        </TextEquiv>
      </TextLine>
      <TextEquiv>
        <Unicode>Frucht⸗</Unicode>
      </TextEquiv>
    </TextRegion>
    <TextRegion orientation="0.2622494" type="footnote" readingDirection="left-to-right" id="TextRegion_1649837914219_3269" custom="readingOrder {index:7;} structure {type:footnote;}">
      <Coords points="424,1128 1246,1128 1250,1688 604,1761 425,1746 415,1712"/>
      <TextLine id="region0008_line0003" custom="readingOrder {index:0;}">
        <Coords points="780,1134 775,1139 773,1150 756,1150 749,1147 725,1149 720,1145 709,1145 704,1149 640,1151 628,1148 609,1152 602,1143 588,1143 583,1148 545,1149 536,1153 526,1147 456,1149 448,1156 426,1157 426,1194 454,1201 466,1201 553,1193 649,1190 983,1189 1011,1189 1016,1193 1026,1193 1031,1189 1108,1187 1246,1187 1246,1146 1146,1146 1141,1142 1130,1142 1126,1145 1120,1139 1112,1139 1104,1148 1049,1148 1044,1140 1033,1139 1029,1142 1017,1140 1007,1147 929,1149 905,1147 898,1138 890,1138 881,1146 864,1147 832,1142 797,1143 793,1134"/>
        <Word id="region0008_line0003_word0000" custom="readingOrder {index:0;}">
          <Coords points="431,1156 431,1180 468,1180 468,1148 456,1149 448,1156"/>
          <TextEquiv conf="0.9603765">
            <Unicode>m)</Unicode>
          </TextEquiv>
        </Word>
        <Word id="region0008_line0003_word0001" custom="readingOrder {index:1;}">
          <Coords points="485,1148 485,1177 539,1177 539,1151 536,1153 526,1147"/>
          <TextEquiv conf="0.9693599">
            <Unicode>Die</Unicode>
          </TextEquiv>
        </Word>
        <Word id="region0008_line0003_word0002" custom="readingOrder {index:2;}">
          <Coords points="554,1155 554,1182 661,1181 661,1157 640,1158 628,1155 609,1159 602,1150 588,1150 583,1155"/>
          <TextEquiv>
            <Unicode>Suͤnde</Unicode>
          </TextEquiv>
        </Word>
        <Word id="region0008_line0003_word0003" custom="readingOrder {index:3;}">
          <Coords points="675,1150 675,1172 726,1172 726,1149 725,1149 720,1145 709,1145 704,1149"/>
          <TextEquiv conf="0.963858">
            <Unicode>und</Unicode>
          </TextEquiv>
        </Word>
        <Word id="region0008_line0003_word0004" custom="readingOrder {index:4;}">
          <Coords points="740,1152 740,1179 789,1178 789,1152 779,1152 774,1144 772,1155 755,1155 748,1152"/>
          <TextEquiv conf="0.963858">
            <Unicode>der</Unicode>
          </TextEquiv>
        </Word>
        <Word id="region0008_line0003_word0005" custom="readingOrder {index:5;}">
          <Coords points="806,1151 806,1180 870,1180 870,1155 865,1156 833,1151"/>
          <TextEquiv conf="0.8872123">
            <Unicode>Tod</Unicode>
          </TextEquiv>
        </Word>
        <Word id="region0008_line0003_word0006" custom="readingOrder {index:6;}">
          <Coords points="897,1150 889,1150 885,1153 885,1184 999,1184 999,1159 928,1161 904,1159"/>
          <TextEquiv conf="0.96533126">
            <Unicode>kommen</Unicode>
          </TextEquiv>
        </Word>
        <Word id="region0008_line0003_word0007" custom="readingOrder {index:7;}">
          <Coords points="1015,1141 1015,1175 1069,1175 1069,1148 1049,1148 1044,1140 1033,1139 1029,1142 1017,1140"/>
          <TextEquiv conf="0.9634585">
            <Unicode>hier</Unicode>
          </TextEquiv>
        </Word>
        <Word id="region0008_line0003_word0008" custom="readingOrder {index:8;}">
          <Coords points="1120,1139 1112,1139 1104,1148 1085,1148 1085,1170 1175,1170 1175,1146 1146,1146 1141,1142 1130,1142 1126,1145"/>
          <TextEquiv conf="0.9637994">
            <Unicode>wieder</Unicode>
          </TextEquiv>
        </Word>
        <Word id="region0008_line0003_word0009" custom="readingOrder {index:9;}">
          <Coords points="1190,1146 1190,1171 1242,1170 1242,1146"/>
          <TextEquiv conf="0.9637994">
            <Unicode>von</Unicode>
          </TextEquiv>
        </Word>
        <TextEquiv>
          <Unicode>m) Die Suͤnde und der Tod kommen hier wieder von</Unicode>
        </TextEquiv>
      </TextLine>
      <TextLine id="region0008_line0004" custom="readingOrder {index:1;}">
        <Coords points="1105,1202 1096,1209 1074,1210 1053,1210 1047,1204 1035,1205 1030,1210 1009,1211 989,1211 984,1206 965,1209 933,1205 882,1205 866,1210 840,1211 834,1205 825,1205 814,1211 786,1212 758,1206 711,1205 686,1211 658,1207 625,1207 621,1210 597,1213 434,1216 429,1221 429,1247 440,1256 500,1256 507,1261 516,1261 521,1256 544,1258 548,1255 564,1254 572,1255 578,1261 586,1261 595,1252 612,1252 619,1262 641,1260 647,1252 753,1257 774,1254 801,1253 805,1256 838,1253 846,1262 855,1262 860,1258 886,1261 947,1260 994,1251 1029,1250 1034,1254 1048,1251 1103,1250 1141,1252 1148,1256 1195,1256 1200,1259 1247,1250 1247,1222 1246,1208 1170,1209 1143,1207 1135,1203 1119,1205 1115,1202"/>
        <Word id="region0008_line0004_word0000" custom="readingOrder {index:0;}">
          <Coords points="484,1221 569,1220 569,1249 484,1250"/>
          <TextEquiv conf="0.861436">
            <Unicode>neuem</Unicode>
          </TextEquiv>
        </Word>
        <Word id="region0008_line0004_word0001" custom="readingOrder {index:1;}">
          <Coords points="612,1253 638,1253 638,1215 587,1215 587,1253 594,1253 595,1252 612,1252"/>
          <TextEquiv conf="0.94708925">
            <Unicode>auf</Unicode>
          </TextEquiv>
        </Word>
        <Word id="region0008_line0004_word0002" custom="readingOrder {index:2;}">
          <Coords points="650,1215 697,1215 697,1243 650,1243"/>
          <TextEquiv conf="0.933058">
            <Unicode>den</Unicode>
          </TextEquiv>
        </Word>
        <Word id="region0008_line0004_word0003" custom="readingOrder {index:3;}">
          <Coords points="713,1213 874,1212 874,1252 713,1253"/>
          <TextEquiv conf="0.90939796">
            <Unicode>Schauplatz.</Unicode>
          </TextEquiv>
        </Word>
        <Word id="region0008_line0004_word0004" custom="readingOrder {index:4;}">
          <Coords points="908,1213 959,1213 959,1250 908,1250"/>
          <TextEquiv>
            <Unicode>Jch</Unicode>
          </TextEquiv>
        </Word>
        <Word id="region0008_line0004_word0005" custom="readingOrder {index:5;}">
          <Coords points="973,1213 1058,1212 1058,1245 973,1246"/>
          <TextEquiv conf="0.85512084">
            <Unicode>berufe</Unicode>
          </TextEquiv>
        </Word>
        <Word id="region0008_line0004_word0006" custom="readingOrder {index:6;}">
          <Coords points="1078,1210 1141,1210 1141,1244 1078,1244"/>
          <TextEquiv conf="0.9191162">
            <Unicode>mich</Unicode>
          </TextEquiv>
        </Word>
        <Word id="region0008_line0004_word0007" custom="readingOrder {index:7;}">
          <Coords points="1152,1216 1243,1215 1243,1248 1152,1249"/>
          <TextEquiv>
            <Unicode>wegen</Unicode>
          </TextEquiv>
        </Word>
        <TextEquiv>
          <Unicode>neuem auf den Schauplatz. Jch berufe mich wegen</Unicode>
        </TextEquiv>
      </TextLine>
      <TextLine id="region0008_line0005" custom="readingOrder {index:2;}">
        <Coords points="1181,1260 1172,1266 1126,1268 1093,1265 1041,1271 1031,1271 1025,1264 1015,1263 1007,1272 951,1271 946,1267 907,1274 858,1273 849,1272 841,1266 773,1268 738,1273 721,1271 716,1267 702,1269 686,1265 678,1265 670,1273 661,1274 639,1274 612,1269 529,1277 498,1275 492,1272 432,1272 427,1277 427,1303 439,1317 523,1319 578,1314 625,1316 631,1319 664,1315 682,1315 686,1318 733,1314 837,1317 841,1314 861,1313 923,1313 932,1318 941,1318 946,1314 1119,1308 1190,1308 1224,1314 1247,1313 1247,1268 1196,1266 1189,1260"/>
        <Word id="region0008_line0005_word0000" custom="readingOrder {index:0;}">
          <Coords points="498,1275 483,1275 483,1305 559,1305 559,1275 549,1275 529,1277"/>
          <TextEquiv>
            <Unicode>dieſer</Unicode>
          </TextEquiv>
        </Word>
        <Word id="region0008_line0005_word0001" custom="readingOrder {index:1;}">
          <Coords points="702,1269 674,1269 670,1273 661,1274 639,1274 612,1269 581,1271 581,1306 756,1306 756,1270 738,1273 721,1271 718,1269"/>
          <TextEquiv conf="0.8672456">
            <Unicode>allegoriſchen</Unicode>
          </TextEquiv>
        </Word>
        <Word id="region0008_line0005_word0002" custom="readingOrder {index:2;}">
          <Coords points="846,1270 778,1271 778,1305 868,1304 868,1273 858,1273 849,1272"/>
          <TextEquiv conf="0.95969766">
            <Unicode>Weſen</Unicode>
          </TextEquiv>
        </Word>
        <Word id="region0008_line0005_word0003" custom="readingOrder {index:3;}">
          <Coords points="897,1273 897,1305 945,1305 945,1271 923,1271 907,1274"/>
          <TextEquiv conf="0.95755804">
            <Unicode>auf</Unicode>
          </TextEquiv>
        </Word>
        <Word id="region0008_line0005_word0004" custom="readingOrder {index:4;}">
          <Coords points="1028,1268 1010,1268 1007,1272 970,1271 970,1302 1055,1301 1055,1269 1041,1271 1031,1271"/>
          <TextEquiv conf="0.96567124">
            <Unicode>meine</Unicode>
          </TextEquiv>
        </Word>
        <Word id="region0008_line0005_word0005" custom="readingOrder {index:5;}">
          <Coords points="1112,1266 1079,1267 1079,1305 1241,1304 1241,1267 1202,1266 1160,1266 1126,1268"/>
          <TextEquiv conf="0.95972854">
            <Unicode>Anmerkung</Unicode>
          </TextEquiv>
        </Word>
        <TextEquiv>
          <Unicode>dieſer allegoriſchen Weſen auf meine Anmerkung</Unicode>
        </TextEquiv>
      </TextLine>
      <TextLine id="region0008_line0006" custom="readingOrder {index:3;}">
        <Coords points="1168,1323 1162,1328 1130,1325 1100,1331 1082,1331 1072,1326 1064,1326 1057,1331 1050,1324 1039,1324 1035,1327 1022,1325 975,1336 907,1335 894,1326 883,1326 879,1330 832,1329 819,1334 789,1336 766,1336 756,1329 745,1329 742,1332 688,1331 666,1335 636,1332 623,1336 435,1337 430,1342 430,1368 439,1381 495,1381 504,1378 535,1377 576,1382 604,1378 629,1380 639,1377 696,1376 697,1384 702,1389 714,1388 719,1377 740,1377 744,1380 773,1378 783,1378 789,1383 798,1383 806,1378 844,1376 851,1383 881,1385 889,1375 927,1375 935,1384 943,1384 951,1379 968,1379 973,1383 1011,1377 1027,1380 1034,1373 1042,1381 1051,1381 1058,1374 1062,1377 1107,1374 1115,1375 1122,1381 1141,1380 1147,1375 1177,1374 1190,1389 1207,1391 1212,1386 1211,1373 1247,1372 1247,1333 1210,1333 1199,1324 1183,1328 1178,1323"/>
        <Word id="region0008_line0006_word0000" custom="readingOrder {index:0;}">
          <Coords points="484,1342 541,1342 541,1369 484,1369"/>
          <TextEquiv conf="0.93257123">
            <Unicode>zum</Unicode>
          </TextEquiv>
        </Word>
        <Word id="region0008_line0006_word0001" custom="readingOrder {index:1;}">
          <Coords points="568,1338 677,1338 677,1371 568,1371"/>
          <TextEquiv conf="0.92891616">
            <Unicode>zweyten</Unicode>
          </TextEquiv>
        </Word>
        <Word id="region0008_line0006_word0002" custom="readingOrder {index:2;}">
          <Coords points="764,1334 703,1335 703,1378 719,1378 719,1377 740,1377 741,1378 817,1377 817,1334 789,1336 766,1336"/>
          <TextEquiv conf="0.86245155">
            <Unicode>Geſange</Unicode>
          </TextEquiv>
        </Word>
        <Word id="region0008_line0006_word0003" custom="readingOrder {index:3;}">
          <Coords points="902,1332 838,1332 838,1374 919,1374 919,1335 907,1335"/>
          <TextEquiv conf="0.82169783">
            <Unicode>Seite</Unicode>
          </TextEquiv>
        </Word>
        <Word id="region0008_line0006_word0004" custom="readingOrder {index:4;}">
          <Coords points="939,1342 1002,1341 1002,1373 939,1374"/>
          <TextEquiv conf="0.9362022">
            <Unicode>179.</Unicode>
          </TextEquiv>
        </Word>
        <Word id="region0008_line0006_word0005" custom="readingOrder {index:5;}">
          <Coords points="1022,1331 1109,1331 1109,1371 1022,1371"/>
          <TextEquiv>
            <Unicode>dieſer</Unicode>
          </TextEquiv>
        </Word>
        <Word id="region0008_line0006_word0006" custom="readingOrder {index:6;}">
          <Coords points="1205,1329 1124,1330 1124,1379 1142,1378 1147,1375 1177,1374 1180,1378 1211,1378 1211,1373 1244,1372 1244,1333 1210,1333"/>
          <TextEquiv>
            <Unicode>Edition.</Unicode>
          </TextEquiv>
        </Word>
        <TextEquiv>
          <Unicode>zum zweyten Geſange Seite 179. dieſer Edition.</Unicode>
        </TextEquiv>
      </TextLine>
      <TextLine id="region0008_line0007" custom="readingOrder {index:4;}">
        <Coords points="524,1390 519,1393 433,1394 428,1399 428,1426 436,1432 437,1438 441,1441 567,1438 613,1442 635,1439 697,1439 702,1443 710,1443 715,1439 781,1441 844,1437 896,1440 905,1437 963,1436 999,1438 1003,1440 1052,1437 1057,1441 1066,1441 1071,1437 1118,1435 1164,1435 1168,1438 1207,1435 1215,1440 1224,1439 1231,1435 1248,1435 1248,1393 1190,1394 1182,1388 1171,1388 1167,1391 1132,1388 1092,1395 1073,1393 1069,1396 971,1396 965,1389 953,1389 947,1396 931,1397 880,1389 844,1393 829,1390 819,1393 812,1388 802,1388 795,1393 753,1392 721,1396 715,1391 704,1391 696,1397 689,1390 681,1390 675,1394 660,1392 656,1395 617,1396 612,1392 603,1392 594,1396 571,1397"/>
        <Word id="region0008_line0007_word0000" custom="readingOrder {index:0;}">
          <Coords points="483,1399 588,1398 588,1431 483,1432"/>
          <TextEquiv conf="0.5831873">
            <Unicode>Milton</Unicode>
          </TextEquiv>
        </Word>
        <Word id="region0008_line0007_word0001" custom="readingOrder {index:1;}">
          <Coords points="601,1401 648,1401 648,1434 601,1434"/>
          <TextEquiv conf="0.8429634">
            <Unicode>hat</Unicode>
          </TextEquiv>
        </Word>
        <Word id="region0008_line0007_word0002" custom="readingOrder {index:2;}">
          <Coords points="662,1399 737,1399 737,1435 662,1435"/>
          <TextEquiv conf="0.959937">
            <Unicode>dieſer</Unicode>
          </TextEquiv>
        </Word>
        <Word id="region0008_line0007_word0003" custom="readingOrder {index:3;}">
          <Coords points="751,1399 851,1398 851,1432 751,1433"/>
          <TextEquiv>
            <Unicode>Bruͤcke</Unicode>
          </TextEquiv>
        </Word>
        <Word id="region0008_line0007_word0004" custom="readingOrder {index:4;}">
          <Coords points="867,1398 938,1398 938,1432 867,1432"/>
          <TextEquiv conf="0.9536997">
            <Unicode>ſchon</Unicode>
          </TextEquiv>
        </Word>
        <Word id="region0008_line0007_word0005" custom="readingOrder {index:5;}">
          <Coords points="953,1397 990,1397 990,1427 953,1427"/>
          <TextEquiv conf="0.932565">
            <Unicode>im</Unicode>
          </TextEquiv>
        </Word>
        <Word id="region0008_line0007_word0006" custom="readingOrder {index:6;}">
          <Coords points="1005,1401 1114,1401 1114,1432 1005,1432"/>
          <TextEquiv conf="0.9137919">
            <Unicode>zweyten</Unicode>
          </TextEquiv>
        </Word>
        <Word id="region0008_line0007_word0007" custom="readingOrder {index:7;}">
          <Coords points="1128,1397 1243,1396 1243,1431 1128,1432"/>
          <TextEquiv conf="0.9156501">
            <Unicode>Geſange</Unicode>
          </TextEquiv>
        </Word>
        <TextEquiv>
          <Unicode>Milton hat dieſer Bruͤcke ſchon im zweyten Geſange</Unicode>
        </TextEquiv>
      </TextLine>
      <TextLine id="region0008_line0008" custom="readingOrder {index:5;}">
        <Coords points="1142,1448 1135,1455 1126,1454 1121,1450 1092,1450 1068,1458 1050,1460 1031,1459 1025,1452 1014,1452 1007,1459 989,1459 983,1452 972,1452 966,1459 943,1457 938,1453 927,1453 922,1457 861,1459 834,1458 811,1453 751,1456 746,1452 737,1452 732,1456 718,1454 713,1457 683,1454 677,1458 666,1459 592,1457 571,1460 565,1454 539,1453 531,1461 433,1462 428,1467 428,1493 440,1501 577,1501 595,1503 599,1506 664,1500 818,1500 822,1503 832,1503 837,1499 863,1499 895,1505 945,1500 963,1500 969,1505 977,1505 983,1500 1020,1501 1025,1504 1061,1500 1083,1500 1088,1504 1097,1504 1114,1500 1120,1507 1130,1507 1142,1502 1146,1497 1151,1497 1158,1503 1190,1503 1211,1509 1221,1504 1225,1499 1248,1498 1248,1457 1213,1458 1187,1454 1182,1450 1158,1454 1152,1448"/>
        <Word id="region0008_line0008_word0000" custom="readingOrder {index:0;}">
          <Coords points="569,1458 533,1458 531,1461 485,1461 485,1497 611,1496 611,1458 583,1458 571,1460"/>
          <TextEquiv>
            <Unicode>erwaͤhnt,</Unicode>
          </TextEquiv>
        </Word>
        <Word id="region0008_line0008_word0001" custom="readingOrder {index:1;}">
          <Coords points="648,1461 699,1461 699,1491 648,1491"/>
          <TextEquiv conf="0.9626697">
            <Unicode>und</Unicode>
          </TextEquiv>
        </Word>
        <Word id="region0008_line0008_word0002" custom="readingOrder {index:2;}">
          <Coords points="719,1460 758,1460 758,1492 719,1492"/>
          <TextEquiv conf="0.9320911">
            <Unicode>die</Unicode>
          </TextEquiv>
        </Word>
        <Word id="region0008_line0008_word0003" custom="readingOrder {index:3;}">
          <Coords points="771,1461 908,1460 908,1494 771,1495"/>
          <TextEquiv conf="0.91660064">
            <Unicode>Meynung</Unicode>
          </TextEquiv>
        </Word>
        <Word id="region0008_line0008_word0004" custom="readingOrder {index:4;}">
          <Coords points="952,1457 929,1458 929,1494 1071,1493 1071,1457 1068,1458 1050,1460 1031,1459 1029,1457 1008,1457 1007,1459 989,1459 987,1457 967,1457 966,1459"/>
          <TextEquiv conf="0.9326091">
            <Unicode>derjenigen</Unicode>
          </TextEquiv>
        </Word>
        <Word id="word_1649838220335_3424" custom="readingOrder {index:5;}">
          <Coords points="1091,1454 1126,1454 1135,1455 1136,1454 1161,1454 1186,1453 1187,1454 1187,1497 1152,1498 1151,1497 1146,1497 1145,1498 1091,1498"/>
          <TextEquiv>
            <Unicode>ſcheint</Unicode>
          </TextEquiv>
        </Word>
        <Word id="word_1649838220335_3423" custom="readingOrder {index:6;}">
          <Coords points="1187,1454 1213,1458 1244,1457 1244,1497 1187,1497"/>
          <TextEquiv>
            <Unicode>ge⸗</Unicode>
          </TextEquiv>
        </Word>
        <TextEquiv>
          <Unicode>erwaͤhnt, und die Meynung derjenigen ſcheint ge⸗</Unicode>
        </TextEquiv>
      </TextLine>
      <TextLine id="region0008_line0009" custom="readingOrder {index:6;}">
        <Coords points="1217,1507 1206,1511 1202,1516 1195,1511 1183,1511 1176,1516 1130,1517 1122,1510 1114,1510 1102,1517 1098,1511 1088,1510 1079,1517 1059,1517 1052,1511 1044,1511 1035,1518 1006,1514 974,1521 885,1520 879,1514 868,1514 861,1519 853,1519 848,1515 838,1515 831,1519 807,1517 803,1514 777,1515 769,1519 746,1522 674,1521 663,1515 655,1515 648,1520 566,1519 562,1517 551,1517 538,1522 531,1514 519,1514 510,1524 433,1529 430,1533 431,1559 441,1569 490,1570 547,1564 583,1563 604,1565 609,1568 640,1564 671,1564 675,1567 689,1564 714,1566 720,1563 741,1562 838,1561 869,1564 912,1562 917,1567 926,1567 932,1562 963,1562 985,1566 990,1563 1019,1560 1048,1562 1052,1559 1104,1559 1108,1562 1175,1560 1179,1563 1195,1560 1222,1560 1227,1564 1249,1560 1248,1517"/>
        <Word id="region0008_line0009_word0000" custom="readingOrder {index:0;}">
          <Coords points="534,1517 515,1517 510,1524 485,1525 486,1557 595,1556 594,1519 566,1519 562,1517 549,1517 538,1522"/>
          <TextEquiv>
            <Unicode>gruͤndet</Unicode>
          </TextEquiv>
        </Word>
        <Word id="region0008_line0009_word0001" custom="readingOrder {index:1;}">
          <Coords points="608,1525 636,1525 637,1555 609,1555"/>
          <TextEquiv>
            <Unicode>zu</Unicode>
          </TextEquiv>
        </Word>
        <Word id="region0008_line0009_word0002" custom="readingOrder {index:2;}">
          <Coords points="670,1519 653,1519 654,1554 719,1554 718,1521 674,1521"/>
          <TextEquiv conf="0.9087968">
            <Unicode>ſeyn,</Unicode>
          </TextEquiv>
        </Word>
        <Word id="region0008_line0009_word0003" custom="readingOrder {index:3;}">
          <Coords points="735,1521 736,1552 824,1551 823,1519 763,1519 746,1522"/>
          <TextEquiv conf="0.9671074">
            <Unicode>welche</Unicode>
          </TextEquiv>
        </Word>
        <Word id="region0008_line0009_word0004" custom="readingOrder {index:4;}">
          <Coords points="853,1519 839,1519 840,1555 989,1555 988,1519 983,1519 974,1521 885,1520 884,1519 861,1519"/>
          <TextEquiv conf="0.961247">
            <Unicode>behaupten,</Unicode>
          </TextEquiv>
        </Word>
        <Word id="region0008_line0009_word0005" custom="readingOrder {index:5;}">
          <Coords points="1027,1517 1006,1517 1007,1551 1054,1551 1053,1517 1036,1517 1035,1518"/>
          <TextEquiv conf="0.9635312">
            <Unicode>daß</Unicode>
          </TextEquiv>
        </Word>
        <Word id="region0008_line0009_word0006" custom="readingOrder {index:6;}">
          <Coords points="1068,1517 1131,1517 1132,1552 1069,1552"/>
          <TextEquiv conf="0.9635312">
            <Unicode>dieſe</Unicode>
          </TextEquiv>
        </Word>
        <Word id="region0008_line0009_word0007" custom="readingOrder {index:7;}">
          <Coords points="1144,1524 1172,1524 1173,1551 1145,1551"/>
          <TextEquiv conf="0.96894175">
            <Unicode>zu</Unicode>
          </TextEquiv>
        </Word>
        <Word id="region0008_line0009_word0008" custom="readingOrder {index:8;}">
          <Coords points="1198,1513 1181,1514 1182,1555 1244,1554 1243,1515 1235,1513 1203,1513 1202,1516"/>
          <TextEquiv>
            <Unicode>fruͤh</Unicode>
          </TextEquiv>
        </Word>
        <TextEquiv>
          <Unicode>gruͤndet zu ſeyn, welche behaupten, daß dieſe zu fruͤh</Unicode>
        </TextEquiv>
      </TextLine>
      <TextLine id="region0008_line0010" custom="readingOrder {index:7;}">
        <Coords points="1182,1573 1177,1577 1163,1575 1154,1579 1150,1576 1139,1576 1128,1580 1085,1579 1080,1574 1067,1575 1061,1579 1031,1575 1027,1578 1008,1578 1000,1584 972,1584 963,1576 955,1576 946,1584 920,1583 915,1578 901,1578 896,1582 888,1582 881,1576 869,1576 864,1580 832,1578 782,1585 739,1584 733,1578 722,1579 717,1576 709,1576 700,1584 675,1583 663,1579 608,1585 581,1584 576,1579 565,1579 559,1584 517,1580 511,1585 502,1586 435,1589 430,1594 430,1620 441,1631 483,1632 510,1629 577,1629 597,1626 619,1631 624,1626 687,1625 718,1626 723,1630 732,1630 737,1626 776,1625 808,1629 813,1625 853,1623 864,1623 869,1627 898,1624 905,1628 930,1625 978,1629 1056,1621 1061,1628 1073,1630 1082,1622 1160,1621 1180,1622 1182,1628 1193,1637 1203,1636 1208,1627 1214,1627 1220,1622 1249,1621 1249,1580 1226,1580 1216,1575 1208,1575 1200,1581 1193,1573"/>
        <Word id="region0008_line0010_word0000" custom="readingOrder {index:0;}">
          <Coords points="486,1586 486,1622 625,1621 625,1585 503,1585 502,1586"/>
          <TextEquiv>
            <Unicode>geſchehene</Unicode>
          </TextEquiv>
        </Word>
        <Word id="region0008_line0010_word0001" custom="readingOrder {index:1;}">
          <Coords points="674,1583 641,1583 641,1620 811,1619 811,1582 803,1582 782,1585 739,1584 737,1582 702,1583 700,1584 675,1583"/>
          <TextEquiv conf="0.9179775">
            <Unicode>Erwaͤhnung</Unicode>
          </TextEquiv>
        </Word>
        <Word id="region0008_line0010_word0002" custom="readingOrder {index:2;}">
          <Coords points="920,1583 833,1583 833,1618 934,1618 934,1583"/>
          <TextEquiv conf="0.9602591">
            <Unicode>Urſache</Unicode>
          </TextEquiv>
        </Word>
        <Word id="region0008_line0010_word0003" custom="readingOrder {index:3;}">
          <Coords points="970,1583 953,1583 953,1619 1000,1619 1000,1584 972,1584"/>
          <TextEquiv conf="0.908442">
            <Unicode>ſey,</Unicode>
          </TextEquiv>
        </Word>
        <Word id="region0008_line0010_word0004" custom="readingOrder {index:4;}">
          <Coords points="1032,1582 1079,1582 1079,1621 1032,1621"/>
          <TextEquiv conf="0.96504927">
            <Unicode>daß</Unicode>
          </TextEquiv>
        </Word>
        <Word id="region0008_line0010_word0005" custom="readingOrder {index:5;}">
          <Coords points="1099,1584 1151,1584 1151,1612 1099,1612"/>
          <TextEquiv>
            <Unicode>uns</Unicode>
          </TextEquiv>
        </Word>
        <Word id="region0008_line0010_word0006" custom="readingOrder {index:6;}">
          <Coords points="1200,1581 1165,1581 1165,1621 1180,1622 1182,1627 1215,1626 1220,1622 1243,1621 1243,1580 1201,1581 1200,1581"/>
          <TextEquiv conf="0.96269906">
            <Unicode>dieſer</Unicode>
          </TextEquiv>
        </Word>
        <TextEquiv>
          <Unicode>geſchehene Erwaͤhnung Urſache ſey, daß uns dieſer</Unicode>
        </TextEquiv>
      </TextLine>
      <TextLine id="region0008_line0011" custom="readingOrder {index:8;}">
        <Coords points="891,1636 884,1646 789,1645 784,1640 774,1641 765,1646 749,1647 624,1648 616,1642 607,1642 600,1647 572,1642 554,1646 544,1639 536,1639 530,1644 439,1643 433,1649 433,1675 440,1681 443,1689 463,1691 724,1688 770,1689 773,1691 780,1691 785,1691 789,1688 833,1686 893,1690 975,1686 1198,1685 1222,1688 1249,1688 1249,1644 1158,1643 1152,1638 1143,1638 1136,1643 1081,1644 1055,1636 1007,1636 993,1644 989,1644 983,1638 972,1638 966,1646 907,1646 902,1637"/>
        <Word id="region0008_line0011_word0000" custom="readingOrder {index:0;}">
          <Coords points="552,1644 486,1645 486,1681 656,1680 656,1647 624,1648 618,1644 603,1644 600,1647 585,1644 560,1644 554,1646"/>
          <TextEquiv conf="0.88791513">
            <Unicode>Bruͤckenbau</Unicode>
          </TextEquiv>
        </Word>
        <Word id="region0008_line0011_word0001" custom="readingOrder {index:1;}">
          <Coords points="800,1645 766,1645 765,1646 749,1647 677,1647 677,1682 817,1681 817,1645"/>
          <TextEquiv>
            <Unicode>nunmehr</Unicode>
          </TextEquiv>
        </Word>
        <Word id="region0008_line0011_word0002" custom="readingOrder {index:2;}">
          <Coords points="904,1642 886,1642 884,1646 833,1645 833,1682 945,1682 945,1646 907,1646"/>
          <TextEquiv conf="0.95129496">
            <Unicode>weniger</Unicode>
          </TextEquiv>
        </Word>
        <Word id="region0008_line0011_word0003" custom="readingOrder {index:3;}">
          <Coords points="972,1645 1000,1645 1000,1676 972,1676"/>
          <TextEquiv conf="0.95836985">
            <Unicode>in</Unicode>
          </TextEquiv>
        </Word>
        <Word id="region0008_line0011_word0004" custom="readingOrder {index:4;}">
          <Coords points="1080,1644 1023,1644 1023,1681 1244,1680 1244,1644 1183,1643 1100,1644 1081,1644"/>
          <TextEquiv conf="0.91366386">
            <Unicode>Verwunderung</Unicode>
          </TextEquiv>
        </Word>
        <TextEquiv>
          <Unicode>Bruͤckenbau nunmehr weniger in Verwunderung</Unicode>
        </TextEquiv>
      </TextLine>
      <TextLine id="region0009_line0001" custom="readingOrder {index:9;}">
        <Coords points="423,1710 422,1741 430,1750 436,1752 483,1754 487,1757 508,1755 513,1759 526,1759 531,1755 589,1754 601,1742 601,1714 595,1709"/>
        <Word id="region0009_line0001_word0000" custom="readingOrder {index:0;}">
          <Coords points="548,1748 548,1715 486,1715 486,1750 487,1751 508,1749 510,1751 528,1751 531,1749"/>
          <TextEquiv conf="0.9299384">
            <Unicode>ſetzt.</Unicode>
          </TextEquiv>
        </Word>
        <TextEquiv conf="0.9299384">
          <Unicode>ſetzt.</Unicode>
        </TextEquiv>
      </TextLine>
      <TextEquiv>
        <Unicode>m) Die Suͤnde und der Tod kommen hier wieder von
neuem auf den Schauplatz. Jch berufe mich wegen
dieſer allegoriſchen Weſen auf meine Anmerkung
zum zweyten Geſange Seite 179. dieſer Edition.
Milton hat dieſer Bruͤcke ſchon im zweyten Geſange
erwaͤhnt, und die Meynung derjenigen ſcheint ge⸗
gruͤndet zu ſeyn, welche behaupten, daß dieſe zu fruͤh
geſchehene Erwaͤhnung Urſache ſey, daß uns dieſer
Bruͤckenbau nunmehr weniger in Verwunderung
ſetzt.</Unicode>
      </TextEquiv>
    </TextRegion>
  </Page>
</PcGts>
