1667 2424
541 475 645 524 gers
668 486 720 524 an
722 473 896 532 einem,
923 475 1145 536 Sempronii
1166 481 1405 543 Beklagten
1424 470 1502 533 an⸗

542 528 650 590 dern
669 538 835 596 Theils.
896 543 1002 595 Nach
1022 543 1146 597 dieſem
1169 545 1291 600 folgen
1316 550 1372 593 die
1390 549 1500 604 Nah⸗

541 595 624 646 men
642 606 703 645 der
718 596 958 660 Partheyen,
969 619 1003 646 v.
1023 620 1055 646 c.

657 655 846 714 Chriſtian
872 660 1098 717 Haberechts
1114 659 1283 716 Klaͤgers
1301 675 1350 710 an
1366 665 1500 721 einem,

656 715 809 774 Martin
862 721 1043 779 Zaͤnckers
1083 725 1306 788 Beklagten
1357 726 1497 774 andern

617 782 802 844 Theils.

534 828 696 895 Wobey
694 832 741 899 zu
767 838 922 885 mercken
939 842 985 896 a)
1000 841 1075 896 daß
1091 841 1186 895 nicht
1209 832 1288 897 eben
1312 840 1496 901 nothwen⸗

534 903 599 955 dig
619 889 687 955 des
710 918 906 957 Klaͤgers,
927 894 1076 964 ſondern
1100 897 1186 965 auch
1215 909 1404 957 bisweilen
1424 915 1491 957 des

530 947 745 1016 Beklagten
770 951 891 1018 Nahme
913 953 1017 1015 voran
1043 956 1179 1021 geſetzt
1192 953 1319 1013 werde.
1351 952 1492 1015 Ueber⸗

531 1012 659 1077 haupt
668 1008 713 1080 iſt
713 1012 906 1080 derjenige
921 1019 976 1081 zu
985 1018 1108 1082 erſt
1075 1027 1117 1080 zu
1125 1015 1414 1093 benennen,
1341 1018 1399 1080 der
1424 1025 1494 1086 itzi⸗

529 1081 606 1134 ges
624 1070 843 1138 Verfahren
864 1083 960 1131 und
974 1072 1101 1147 Urthel
1128 1081 1386 1145 hauptſaͤchlich
1412 1075 1492 1134 ver⸗

529 1140 692 1195 anlaſſet.
752 1145 891 1196 Dieſes
910 1147 951 1198 iſt
978 1148 1034 1198 bey
1044 1143 1132 1200 dem
1130 1133 1276 1208 erſten,
1292 1135 1488 1208 ingleichen

527 1201 597 1256 bey
615 1206 696 1246 dem
721 1195 950 1261 End⸗Urthel
966 1200 1134 1260 Klaͤger,
1165 1205 1238 1262 alſo
1264 1210 1357 1253 wird
1355 1202 1385 1260 in
1429 1209 1489 1263 ſel⸗

528 1257 635 1311 bigen
658 1250 750 1311 auch
768 1252 892 1313 dieſer
912 1269 964 1316 zu
983 1247 1065 1322 erſt
1088 1253 1279 1324 benennet,
1299 1253 1487 1319 hingegen

527 1307 628 1372 wenn
654 1303 849 1378 Beklagter
869 1308 1048 1385 gelaͤutert
1067 1329 1165 1384 oder
1183 1319 1401 1385 appelliret,
1421 1323 1487 1382 hat

524 1380 635 1437 dieſer
653 1374 736 1431 das
752 1377 867 1440 Urthel
877 1373 1124 1445 verurſachet,
1138 1384 1216 1443 alſo
1240 1378 1321 1437 wird
1339 1380 1419 1451 auch
1448 1387 1487 1436 in

524 1429 673 1501 ſolchem
693 1428 781 1506 Fall,
791 1438 838 1492 in
854 1438 1203 1502 Leuterungs⸗ oder
1211 1438 1484 1507 Appellations⸗

525 1494 709 1558 Urtheln,
696 1493 1001 1565 Beklagtens
1026 1492 1172 1571 Nahme
1201 1501 1325 1570 zuerſt
1356 1503 1484 1567 geſetzt.

522 1557 571 1623 b)
576 1554 688 1617 Daß
712 1553 789 1615 alle
789 1549 1069 1621 Jntereſſenten
1092 1555 1282 1628 beſonders
1307 1561 1484 1623 benennet

523 1608 661 1674 werden
687 1607 867 1691 muͤſſen.
891 1616 1031 1689 Denn,
1038 1622 1107 1682 wer
1128 1631 1177 1674 im
1185 1622 1378 1684 Eingange
1388 1625 1485 1685 nicht

523 1676 706 1737 erwehnt,
725 1676 839 1737 wider
858 1689 928 1735 den
954 1679 1048 1741 kann
1048 1680 1154 1756 auch
1163 1695 1235 1738 das
1252 1682 1367 1757 Urthel
1389 1683 1484 1746 nicht

521 1734 776 1804 rechtskraͤftig
796 1734 962 1799 werden,
955 1744 1141 1808 derſelbe
1167 1740 1257 1804 wird
1277 1741 1357 1808 auch
1385 1754 1482 1809 nicht

522 1815 612 1854 vom
628 1796 769 1856 Judice
784 1808 834 1851 ad
848 1803 1133 1867 publicandum
1151 1801 1291 1871 citiret,
1303 1810 1384 1866 und
1394 1814 1484 1873 darf

522 1862 566 1921 zu
589 1869 698 1909 denen
723 1853 1111 1929 Urthels⸗Gebuͤhren
1137 1863 1256 1926 nichts
1263 1861 1481 1929 beytragen,

520 1930 565 1973 es
588 1914 676 1982 muß
693 1914 845 1981 dahero
860 1929 957 1984 nicht
980 1924 1088 1977 allein
1112 1927 1285 1988 Klaͤgers
1314 1926 1381 1991 und
1398 1933 1479 1984 Be⸗

520 1980 685 2047 klagten,
706 1973 857 2043 ſondern
878 1989 970 2050 auch
982 2001 1012 2053 z.
1038 1991 1075 2040 E.
1095 1982 1154 2046 des
1160 1985 1479 2055 Jntervenienten

521 2049 699 2103 Nahmen
716 2040 922 2107 exprimiret
934 2043 1112 2110 werden,
1125 2055 1177 2108 ja,
1198 2056 1307 2101 wenn
1320 2058 1480 2111 mehrere

520 2103 668 2168 Klaͤger
683 2106 774 2163 oder
794 2096 963 2178 Beklagte
981 2099 1090 2179 ſeyn,
1117 2116 1153 2174 ſo
1171 2110 1269 2176 nicht
1282 2115 1482 2176 durchgaͤn⸗
