1556 2250
184 431 339 470 verſionis
364 433 489 470 italicae
510 438 627 473 veteris
662 436 858 481 teſtamenti,
890 451 974 488 quae
998 445 1107 483 adhuc

181 482 268 519 Italis
298 482 411 519 noſtris
439 485 494 519 vix
522 498 560 522 ac
580 497 620 521 ne
643 489 697 522 vix
714 488 847 536 quidem
872 492 1032 534 innotuit,
1060 498 1105 531 ob

180 533 390 571 intercluſum
405 536 566 573 bellorum
598 539 686 573 cauſa
721 543 955 578 commercium
985 547 1105 582 biblio-

177 597 304 633 parum.
342 591 444 630 Allein
461 591 511 629 die
522 593 628 640 wahre
640 595 750 641 Urſach
767 599 877 643 ſolcher
893 598 1146 648 Verſpaͤtung

179 645 250 672 war
272 636 365 683 theils
381 640 434 675 der
450 638 522 678 Tod
538 644 594 678 des
610 641 703 680 erſten
722 641 978 693 Herausgebers,
1006 648 1101 696 theils

178 686 232 718 der
251 681 423 729 Entſchluß
448 687 503 721 des
519 675 763 733 Buchfuͤhrers,
792 684 872 732 nicht
891 692 970 738 eher,
987 694 1037 729 als
1049 695 1100 730 bis

175 737 239 773 das
256 746 352 784 ganze
366 736 467 777 Werk
486 741 596 781 wuͤrde
609 741 797 791 vollſtaͤndig
814 744 904 791 ſeyn,
926 753 1027 785 etwas
1044 753 1099 789 da⸗

175 794 238 824 von
248 798 285 836 zu
293 787 475 838 verkaufen.
514 793 567 833 S.
579 794 732 833 Biblioth.
740 799 854 834 raiſon.
865 801 967 837 Tom.
981 804 1096 841 XLVI.

171 842 209 883 P.
232 859 262 881 I.
291 856 322 884 p.
345 851 423 884 190.

248 887 357 932 Außer
391 878 617 932 verſchiedenen
647 886 764 925 andern
796 896 858 927 aus
889 891 942 930 der
975 893 1099 933 weltbe⸗

172 938 316 989 ruͤhmten
342 936 576 987 Congregation
594 947 652 983 des
674 947 746 995 heil.
764 948 916 989 Maurus
933 949 1093 1001 hervorge⸗

170 995 304 1030 tretenen
326 989 453 1039 ſchoͤnen
477 992 634 1043 Werken,
661 1004 771 1035 woran
799 1002 851 1037 der
874 999 959 1046 Herr
988 1001 1032 1041 de
1057 1005 1095 1042 la

170 1037 261 1087 Ruͤe
281 1036 397 1093 fleißig
397 1036 670 1095 mitgearbeitet,
687 1048 892 1096 beſchaͤfftiget
907 1065 939 1088 er
958 1051 1014 1099 ſich
1038 1066 1094 1093 an⸗

168 1093 224 1139 itzo
240 1089 454 1138 insbeſondere
469 1094 529 1132 mit
543 1098 595 1132 der
610 1096 763 1144 Ausgabe
778 1101 832 1136 des
849 1100 965 1141 vierten
981 1104 1093 1149 Theils

166 1146 222 1182 der
251 1140 369 1185 Werke
399 1147 456 1183 des
489 1140 694 1197 Origenes,
740 1157 854 1188 wovon
888 1152 949 1198 ſein
972 1154 1091 1204 Oheim

166 1191 247 1240 1740
277 1192 328 1232 die
362 1187 437 1243 drey
472 1196 568 1243 erſten
601 1207 643 1237 an
675 1202 736 1239 das
761 1200 836 1248 Licht
859 1203 992 1253 geſtellet
1020 1207 1090 1255 hat.

165 1252 259 1296 Man
281 1250 363 1291 kann
392 1251 449 1303 ſich
480 1252 651 1304 Hoffnung
680 1255 829 1308 machen,
869 1260 985 1308 ſolchen
1016 1263 1092 1306 bald

162 1313 202 1350 zu
223 1303 426 1354 erhalten.

503 1380 696 1421 VIII.

163 1441 289 1512 Herr
345 1436 504 1511 Franz
577 1445 818 1519 Chriſtoph
865 1452 1092 1526 Janneck,

291 1507 444 1563 Aſſeſſor
471 1515 533 1556 der
550 1513 882 1562 Malerakademie
910 1526 954 1570 zu

559 1576 691 1616 Wien.

153 1624 272 1748 D

275 1656 304 1695 ie
325 1652 479 1703 Malerey
499 1655 540 1704 iſt
560 1655 750 1712 ohnſtreitig'
761 1651 825 1708 eine
835 1662 890 1700 der
905 1664 1088 1712 anmuthig⸗

272 1704 356 1753 ſten
379 1708 444 1745 und
454 1701 649 1758 nuͤtzlichſten
664 1711 799 1755 Kuͤnſte.
851 1714 924 1755 Sie
948 1718 1002 1755 hat
1025 1717 1085 1755 mit

157 1756 261 1804 Recht
276 1760 345 1799 von
363 1760 423 1797 den
446 1761 649 1812 alleraͤlteſten
670 1763 778 1812 Zeiten
804 1766 857 1816 her
879 1771 964 1818 ihren
991 1770 1083 1820 Platz

157 1813 252 1846 unter
272 1808 330 1845 den
366 1807 469 1853 freyen
490 1810 656 1861 Kuͤnſten,
688 1821 725 1860 zu
750 1815 847 1854 denen
869 1818 993 1863 ehedem
1016 1827 1085 1857 ver⸗

157 1858 310 1908 ſchiedene
330 1859 586 1911 Wiſſenſchaften
602 1863 689 1914 ſelbſt
704 1867 861 1918 gerechnet
873 1870 1016 1917 wurden,
1032 1870 1083 1911 be⸗

157 1907 307 1955 hauptet,
333 1912 399 1947 und
430 1920 466 1949 es
488 1913 612 1963 gehoͤret
636 1917 713 1962 auch
739 1919 908 1966 allerdings
933 1921 999 1959 eine
1020 1924 1082 1964 Art

159 1965 214 2003 der
245 1960 465 2015 Wiſſenſchaft
487 1967 586 2014 dazu,
620 1978 677 2007 um
700 1969 756 2019 ſich
783 1973 815 2008 in
839 1970 989 2021 derſelben
1014 1975 1081 2022 her⸗
