2658 2899
984 502 1101 553 ihm:
1131 502 1232 549 Wie
1245 505 1325 547 kan
1345 502 1416 549 ein
1442 502 1592 567 Menſch
1607 508 1804 568 gebohren
1825 514 2010 571 werden,
2037 508 2156 568 wenn
2182 530 2225 571 er
2251 523 2310 573 alt
2334 525 2413 582 iſt?

986 567 1066 603 kan
1079 574 1121 603 er
1139 565 1236 612 auch
1250 562 1472 611 wiederum
1489 565 1532 613 in
1551 565 1672 625 ſeiner
1685 569 1859 625 Mutter
1888 566 1981 624 Leib
2008 578 2134 635 gehen
2159 582 2246 630 und
2265 582 2409 641 geboh⸗

985 632 1058 664 ren
1071 618 1256 668 werden?
1284 612 1438 681 JEſus
1456 633 1709 680 antwortete:
1731 623 1933 691 Warlich,
1945 633 2126 693 warlich,
2144 642 2199 693 ich
2212 641 2303 700 ſage
2319 646 2410 693 dir:

985 683 1053 721 Es
1070 681 1119 726 ſei
1132 682 1257 727 denn,
1285 677 1366 731 daß
1381 678 1541 735 jemand
1559 682 1755 741 gebohren
1773 691 1904 738 werde
1919 696 2002 741 aus
2018 695 2107 744 dem
2124 697 2291 757 Waſſer
2316 703 2405 750 und

951 735 1122 788 Geiſt,
1149 736 1187 789 ſo
1201 735 1279 782 kan
1295 745 1338 785 er
1355 737 1458 792 nicht
1472 742 1517 787 in
1540 742 1616 791 das
1632 746 1756 805 Reich
1785 749 1963 803 GOttes
1992 753 2191 806 kommen.
2281 763 2404 809 Was

981 800 1081 836 vom
1098 789 1236 846 Fleiſch
1261 790 1457 849 gebohren
1473 795 1601 849 wird,
1632 800 1710 847 das
1725 803 1771 859 iſt
1782 801 1945 863 Fleiſch,
1961 807 2047 855 und
2062 813 2158 858 was
2176 821 2274 862 vom
2286 813 2403 870 Geiſt

981 851 1179 901 gebohren
1194 851 1322 903 wird,
1353 853 1432 900 das
1449 853 1496 910 iſt
1510 851 1640 915 Geiſt.
1716 855 1816 917 Laß
1828 863 1934 919 dichs
1949 866 2051 922 nicht
2067 870 2288 925 wundern,
2316 872 2399 932 daß

975 909 1031 953 ich
1050 910 1113 948 dir
1138 907 1270 959 geſagt
1295 907 1416 960 habe:
1466 906 1553 967 Jhr
1588 904 1725 972 muͤſſet
1749 927 1830 967 von
1845 926 1989 969 neuem
2008 922 2207 980 gebohren
2221 920 2398 979 werden.

976 966 1074 1010 Der
1098 966 1235 1014 Wind
1261 967 1402 1022 blaͤſet,
1440 979 1508 1017 wo
1532 981 1575 1020 er
1602 966 1718 1028 will,
1761 980 1845 1027 und
1869 984 1927 1029 du
1947 981 2078 1041 hoͤreſt
2113 988 2195 1042 ſein
2221 989 2398 1041 Sauſen

974 1023 1110 1066 wohl,
1135 1024 1228 1062 aber
1244 1022 1300 1064 du
1317 1019 1425 1075 weiſt
1442 1021 1564 1076 nicht,
1596 1033 1680 1072 von
1694 1034 1871 1078 wannen
1886 1041 1930 1080 er
1942 1032 2122 1090 koͤmmt,
2148 1041 2234 1087 und
2253 1033 2397 1098 wohin

973 1085 1018 1121 er
1032 1079 1182 1132 faͤhret:
1212 1079 1306 1135 Alſo
1324 1080 1370 1136 iſt
1388 1084 1451 1130 ein
1466 1081 1660 1142 jeglicher,
1689 1089 1758 1135 der
1773 1096 1857 1138 aus
1873 1097 1964 1145 dem
1979 1094 2105 1153 Geiſt
2121 1099 2320 1159 gebohren
2335 1103 2399 1159 iſt.

970 1134 1231 1180 Nicodemus
1248 1138 1487 1183 antwortete
1505 1137 1589 1184 und
1614 1137 1749 1201 ſprach
1769 1150 1821 1198 zu
1840 1144 1949 1199 ihm:
2008 1150 2109 1201 Wie
2127 1163 2226 1201 mag
2252 1143 2394 1212 ſolches

969 1196 1169 1242 zugehen?
1203 1194 1360 1250 JEſus
1380 1200 1622 1246 antwortete
1634 1201 1720 1248 und
1747 1199 1880 1259 ſprach
1896 1213 1949 1260 zu
1971 1206 2082 1259 ihm:
2121 1203 2225 1269 Biſt
2240 1218 2300 1264 du
2321 1219 2394 1265 ein

967 1254 1140 1303 Meiſter
1160 1258 1203 1296 in
1217 1254 1384 1312 Jſrael,
1415 1256 1500 1303 und
1516 1256 1673 1318 weiſſeſt
1696 1264 1774 1313 das
1797 1263 1927 1323 nicht?
1971 1266 2189 1326 Warlich,
2208 1270 2392 1331 warlich,

964 1312 1022 1359 ich
1040 1313 1127 1362 ſage
1144 1314 1234 1362 dir:
1258 1311 1363 1363 Wir
1379 1315 1518 1370 reden,
1545 1318 1624 1366 das
1639 1321 1722 1370 wir
1735 1321 1891 1380 wiſſen,
1917 1326 2004 1376 und
2020 1336 2185 1387 zeugen,
2212 1333 2292 1380 das
2306 1338 2390 1384 wir

962 1369 1125 1415 geſehen
1140 1369 1289 1418 haben,
1306 1370 1389 1412 und
1409 1369 1476 1423 ihr
1490 1370 1650 1427 nehmet
1664 1375 1782 1431 unſer
1796 1369 1985 1443 Zeugniß
1999 1382 2103 1438 nicht
2117 1395 2187 1433 an.
2248 1386 2390 1440 Glaͤu⸗

960 1425 1028 1465 bet
1052 1422 1121 1473 ihr
1143 1422 1271 1474 nicht,
1311 1423 1400 1480 wenn
1437 1424 1515 1485 ich
1530 1430 1619 1486 euch
1644 1441 1727 1481 von
1753 1427 1947 1494 irdiſchen
1977 1441 2132 1498 Dingen
2156 1443 2270 1499 ſage,
2306 1448 2391 1496 wie

962 1476 1124 1521 wuͤrdet
1152 1476 1222 1527 ihr
1248 1474 1439 1533 glaͤuben,
1463 1479 1599 1533 wenn
1620 1482 1681 1536 ich
1697 1481 1784 1540 euch
1809 1485 1904 1542 von
1914 1489 2187 1553 himmliſchen
2207 1487 2384 1556 Dingen

959 1537 1081 1588 ſagen
1093 1534 1258 1583 wuͤrde?
1285 1538 1385 1587 Und
1399 1540 1591 1591 niemand
1605 1541 1742 1598 faͤhret
1756 1558 1832 1602 gen
1846 1544 2057 1605 Himmel,
2077 1561 2181 1605 denn
2201 1551 2283 1608 der
2281 1568 2389 1610 vom

957 1595 1147 1649 Himmel
1172 1594 1375 1650 hernieder
1395 1594 1580 1647 kommen
1600 1597 1677 1659 iſt,
1716 1604 1878 1661 nemlich
1902 1610 1972 1655 des
2015 1611 2223 1659 Menſchen
2249 1620 2395 1668 Sohn,

958 1657 1031 1687 der
1062 1657 1121 1690 im
1145 1654 1334 1704 Himmel
1361 1652 1424 1705 iſt.
1510 1653 1612 1704 Und
1637 1657 1725 1708 wie
1741 1658 1891 1716 Moſes
1922 1663 1968 1711 in
1990 1666 2068 1715 der
2090 1665 2270 1724 Wuͤſten
2293 1674 2376 1719 eine

956 1711 1171 1756 Schlange
1189 1710 1349 1759 erhoͤhet
1365 1711 1462 1762 hat;
1496 1712 1576 1757 alſo
1602 1712 1705 1770 muß
1729 1716 1799 1764 des
1819 1715 2036 1778 Menſchen
2057 1722 2193 1779 Sohn
2212 1723 2376 1786 erhoͤhet

953 1772 1136 1814 werden,
1166 1769 1243 1821 auf
1254 1768 1333 1821 daß
1351 1770 1446 1822 alle,
1466 1765 1609 1822 die
1557 1777 1601 1828 an
1623 1773 1695 1830 ihn
1706 1772 1882 1837 glaͤuben,
1892 1781 2039 1840 nicht
2058 1776 2264 1845 verlohren
2288 1799 2389 1839 wer⸗

951 1826 1047 1876 den,
1078 1827 1244 1883 ſondern
1261 1832 1338 1877 das
1359 1831 1480 1889 ewige
1496 1833 1624 1888 Leben
1639 1838 1783 1894 haben.

950 1907 1044 2015 E

1048 1929 1066 1965 s
1084 1908 1121 1949 iſt
1140 1915 1311 1961 unſtreitig
1329 1917 1379 1963 ein
1398 1916 1590 1965 ſchaͤdlicher
1602 1911 1763 1961 Wahn,
1786 1929 1888 1972 wenn
1905 1904 1957 1959 die
1974 1905 2185 1980 Menſchen,
2212 1931 2263 1974 die
2290 1971 2396 1976 noch

1070 1971 1156 2017 keine
1171 1967 1301 2012 Gnade
1319 1964 1447 2020 haben,
1468 1975 1637 2018 ſprechen:

1165 2034 1245 2096 Es
1265 2033 1318 2103 iſt
1337 2034 1458 2105 nicht
1476 2031 1642 2109 noͤthig
1661 2042 1709 2109 ſo
1726 2041 1863 2116 heilig
1899 2046 1948 2118 zu
1953 2051 2184 2115 werden.

942 2119 1038 2168 Wir
1054 2122 1178 2165 wollen
1190 2124 1297 2173 dieſes

1159 2175 1190 2223 I.
1210 2171 1445 2234 Gruͤndlich
1464 2179 1734 2239 wiederlegen,
1745 2190 1841 2238 und

1152 2235 1206 2278 II.
1245 2239 1402 2294 zeigen,
1448 2240 1526 2288 wie
1549 2243 1632 2291 wir
1659 2237 1732 2308 alle
1763 2240 1918 2313 koͤnnen
1925 2252 2014 2303 und
2042 2252 2198 2315 muͤſſen
2220 2256 2359 2316 heilige

1225 2306 1441 2367 Menſchen
1458 2304 1678 2366 werden.
