1530 2224
551 422 652 467 „Du!
680 424 761 467 hoͤrſt
783 426 841 466 du,
870 420 951 457 alter
970 419 1198 463 Hauspatron!

638 479 699 516 Du
721 479 821 520 kannſt
843 478 924 518 wohl
947 476 997 515 fuͤr
1018 479 1097 511 mein
1117 478 1251 518 Wachen

553 537 626 580 Bey
647 541 695 572 dir
714 538 756 571 im
776 536 870 573 Bette
890 535 1015 573 meinem
1036 534 1169 577 Sohn

640 597 715 640 Zum
736 598 827 639 Krieg
851 600 895 640 itzt
917 596 1040 639 Waffen
1060 596 1201 636 machen:

555 658 602 694 Er
624 658 660 699 iſt
679 656 750 697 doch
772 655 859 697 unſer
879 653 995 695 Sohn,
1026 656 1088 689 und
1105 654 1185 688 waͤr'

555 717 601 752 Er
623 719 705 752 todt,
736 718 775 749 du
797 714 889 750 lieber
911 713 1011 755 Gott,
1042 713 1144 754 woher

639 770 739 808 Dann
758 771 845 810 einen
856 775 997 811 zweyten
1020 770 1191 813 nehmen?ᵃ

553 895 636 937 „Du
656 896 712 940 biſt
734 899 782 931 ein
804 894 898 930 lieber
917 899 1005 934 guter
1025 892 1149 931 Mann!

641 949 700 985 Du
722 949 786 992 haſt
808 950 843 983 es
865 948 898 988 ja
920 950 970 981 der
992 946 1075 984 alten

556 1008 642 1052 Frau
664 1009 774 1051 Thetis
796 1011 856 1043 und
877 1007 981 1044 Auror
997 1004 1117 1048 gethan,
1138 1013 1174 1056 *)

643 1067 725 1111 Trotz
748 1066 830 1107 ihren
851 1066 947 1101 vielen
971 1064 1100 1107 Falten:

560 1128 629 1169 Thu
651 1128 739 1163 mir's
764 1135 825 1159 nun
849 1125 939 1166 auch,
968 1124 1051 1164 Herr
1072 1123 1249 1165 Ehgemahl,

559 1183 626 1221 Und
649 1185 702 1223 laß
725 1184 811 1224 durch
834 1183 928 1223 dieſen
950 1182 1019 1219 Kuß
1042 1182 1154 1215 einmal

643 1240 724 1283 Dich
746 1241 906 1276 wiederum
928 1240 1104 1277 erwaͤrmen.
1125 1241 1180 1282 **)

1285 1376 1371 1409 Elek⸗

599 1563 628 1596 *)
664 1575 734 1582 —
768 1571 838 1580 —
873 1572 942 1581 —
977 1560 1015 1587 Te
1030 1559 1083 1586 filia
1098 1559 1175 1585 Nerei

651 1608 691 1635 Te
704 1613 794 1643 potuit
807 1606 921 1635 lacrimis
934 1605 1060 1634 Tithonia
1076 1606 1177 1633 flectere
1193 1609 1303 1638 conjux.

1006 1663 1063 1691 Lib.
1079 1665 1151 1692 VIII.
1166 1671 1191 1690 v.
1208 1665 1267 1694 383.
1284 1658 1336 1694 ſeq.

599 1744 645 1777 **)
665 1738 789 1770 Dixerat,
808 1746 834 1765 et
847 1737 930 1766 niveis
946 1736 1007 1764 hinc
1022 1742 1100 1770 atque
1114 1734 1175 1763 hinc
1188 1735 1255 1763 Diva
1268 1735 1373 1762 lacertis

654 1784 825 1813 Cunctantem
839 1783 961 1820 amplexu
974 1782 1049 1810 molli
1063 1783 1144 1810 fovet.

1003 1837 1062 1866 Lib.
1077 1839 1154 1869 VIII.
1169 1845 1194 1866 v.
1212 1840 1271 1871 387.
1287 1834 1339 1869 ſeq.
