1718 2438
240 518 480 559 Hermiontes
480 514 547 574 ſahe
572 516 696 574 hierauf
712 519 792 569 mich
800 514 888 569 ſteiff
891 529 949 560 an/
975 529 1033 560 um

141 568 207 605 aus
231 566 355 608 meinen
377 566 495 615 Augen
512 577 547 615 zu
558 572 773 623 erforſchen/
789 577 865 608 was
876 572 988 612 allhier
998 578 1035 616 zu

140 611 220 662 thun
231 614 290 664 ſey.
321 615 393 665 Jch
404 620 468 665 gab
477 621 542 666 ihm
554 624 630 658 aber
640 627 739 668 durch
749 625 878 661 Minen
887 626 955 658 und
965 624 1036 659 Au⸗

140 672 386 715 gen⸗Wincken
396 682 431 721 zu
442 673 626 722 verſtehen/
637 677 701 720 daß
711 683 744 714 er
756 677 932 720 mitfahren
944 677 1039 720 ſolte;

140 716 216 757 Und
223 721 272 761 er/
280 723 337 759 der
357 720 544 768 Hiſpanien
553 728 587 759 in
598 729 709 768 dieſem
721 728 838 765 Stuͤck
850 729 935 767 nicht
945 729 974 767 ſo
984 735 1039 765 ge⸗

142 762 277 818 faͤhrlich
294 771 346 811 als
372 772 590 820 Welſchland
604 779 741 824 ſchaͤtzte/
759 779 838 818 lieſſe
848 781 906 817 ſich
916 780 1039 818 endlich

142 810 239 859 darzu
250 812 420 864 bewegen/
440 827 482 855 da
493 834 527 855 er
536 829 688 862 ohnedem
697 832 777 863 ſeine
792 834 958 864 unruhige
968 834 1039 857 Ge⸗

144 863 280 908 dancken
290 872 397 909 etwas
414 880 449 915 zu
460 880 639 908 vertreiben
654 882 767 919 ſuchte.

243 926 295 969 Er
303 925 381 976 fuhr
396 928 547 976 demnach
573 931 689 981 dahin/
704 938 754 975 und
776 934 821 968 ich
833 940 967 968 wartete
978 934 1039 969 mit

143 967 301 1022 groͤſſerer
334 967 500 1021 Ungedult
519 979 581 1022 auf
590 981 640 1015 die
660 982 918 1024 Wiederkunfft
936 989 1038 1024 ſeiner

138 1022 295 1072 Perſon/
310 1022 367 1068 als
364 1026 486 1069 meiner
510 1027 723 1076 Geſundheit.
777 1036 832 1069 Es
858 1041 969 1074 verzog
980 1042 1039 1077 ſich

141 1070 197 1114 bis
209 1072 242 1116 in
252 1073 300 1117 die
309 1073 557 1130 Mitternacht/
581 1079 635 1123 ehe
644 1081 690 1124 ich
701 1082 757 1125 ihn
768 1088 887 1115 wieder
901 1093 936 1121 zu
949 1094 1040 1123 ſehen

143 1125 278 1176 bekam;
305 1126 427 1179 Daher
442 1127 488 1181 ich
504 1130 548 1185 mir
575 1131 631 1179 bey
652 1134 681 1178 ſo
693 1136 812 1178 langen
837 1138 1039 1178 Auſſenblei⸗

141 1173 203 1216 ben
213 1176 377 1227 allerhand
385 1178 534 1228 Sorgen
552 1187 694 1235 machte/
703 1194 769 1221 und
779 1192 940 1217 Heroald
952 1194 1040 1231 nebſt

144 1224 286 1266 Villaro
303 1227 421 1269 bereits
436 1235 631 1276 ungehalten
653 1239 823 1277 ſchienen/
847 1243 910 1275 daß
928 1245 974 1282 ich
988 1247 1040 1278 ihn

144 1273 243 1323 darzu
254 1275 418 1329 beredet/
425 1289 498 1319 weil
511 1289 607 1325 ihnen
625 1292 673 1319 die
698 1294 969 1317 Converſation
982 1302 1041 1320 des

138 1328 385 1386 Jtaliaͤniſchen
394 1335 683 1388 Frauenzimmers
692 1346 770 1386 noch
780 1347 814 1376 in
824 1347 957 1385 friſchen
969 1351 1041 1379 An⸗

146 1386 277 1429 dencken
293 1389 359 1433 lag.

246 1439 312 1487 So
324 1432 401 1485 bald
411 1441 653 1482 Hermiontes
661 1443 737 1483 aber
747 1448 781 1482 in
795 1449 880 1481 mein
889 1450 1039 1490 Zimmer

144 1480 264 1525 wieder
280 1491 390 1529 trate/
405 1491 500 1533 ſahen
509 1496 574 1525 wir
584 1496 639 1535 bey
650 1499 715 1533 ihm
725 1502 793 1524 eine
803 1502 897 1534 ſolche
922 1506 1040 1528 Mun⸗

146 1534 339 1584 trigkeit
300 1539 356 1591 des
358 1539 545 1592 Geſichts/
538 1548 665 1580 daraus
672 1551 737 1579 wir
749 1550 817 1580 kein
829 1558 1039 1588 unangeneh⸗

146 1592 217 1627 mes
226 1589 444 1634 Tractament
453 1594 628 1641 ſchloſſen/
655 1602 722 1633 und
740 1603 866 1643 ſehnten
877 1612 945 1632 uns
955 1611 1040 1643 recht

144 1633 215 1684 ſehr
224 1640 303 1689 nach
312 1637 411 1692 deſſen
422 1644 624 1690 Erzehlung.

248 1693 444 1745 Hiſpanien
472 1700 516 1748 iſt
540 1703 629 1746 doch
653 1705 819 1747 redlicher
844 1710 882 1740 in
908 1712 1037 1748 dieſem

145 1726 288 1771 Stuͤcke
298 1745 355 1774 als
370 1748 631 1809 Welſchland/
657 1766 773 1805 waren
795 1765 1036 1823 Hermiontes

146 1785 226 1839 erſte
237 1786 386 1847 Worte/
386 1802 523 1832 denn
492 1811 530 1847 es
532 1811 635 1843 heget
643 1817 733 1859 weit
748 1818 856 1858 edlere
871 1818 1036 1864 Damen,

146 1844 222 1883 und
230 1841 312 1895 gibt
320 1846 391 1886 mir
398 1856 552 1895 zugleich
561 1867 720 1919 wieder/
718 1877 807 1912 was
813 1873 885 1919 mir
893 1873 1037 1919 ſelbiges

143 1907 371 1949 genommen.
431 1902 537 1946 Was
563 1919 667 1953 ſagen
700 1921 791 1960 Jhro
811 1924 955 1960 Durchl.
966 1933 1036 1952 fing

130 1940 187 1998 ich
203 1956 256 1991 vor
272 1947 421 2000 Freuden
433 1956 511 1993 uͤber
526 1966 607 2003 dieſe
607 1974 726 2023 Reden
737 1982 815 2025 an/
842 1978 922 2027 gibt
932 1978 1040 2021 ihnen

141 1994 341 2050 Hiſpanien
350 2007 510 2057 wieder/
508 2021 592 2064 was
599 2024 832 2071 Welſchland
848 2033 1036 2071 geraubet/

136 2045 177 2093 ſo
186 2049 322 2103 muͤſſen
332 2057 378 2104 ſie
395 2061 479 2093 dero
490 2071 639 2103 geliebte
669 2076 874 2126 Printzeßin
891 2079 1036 2124 Arione
