1694 2538
1043 396 1099 425 350

766 464 847 501 „Jch
867 465 916 503 ſah
937 466 965 504 ſo
985 467 1044 500 kalt
1062 469 1093 500 in
1111 470 1209 503 deinen
1228 470 1320 509 Tod,
1340 473 1394 507 wie
1413 474 1453 513 ich

688 513 740 548 „in
762 514 825 546 dein
844 513 997 554 Erwachen
1024 525 1072 550 am
1100 518 1237 555 Strande
1257 520 1370 558 blickte;
1388 524 1453 563 doch

684 569 793 607 „dieſes
806 570 924 607 ahndete
945 570 982 609 ich
1005 571 1086 612 nicht,
1103 571 1154 619 und
1174 574 1286 616 glaubte
1307 576 1376 615 mich
1396 585 1454 613 von

686 628 814 662 „deinem
839 628 932 667 Joche
954 628 1079 670 befreyt;
1109 630 1175 663 aber
1195 639 1248 666 aus
1263 635 1363 668 deiner
1382 636 1454 671 Ret⸗

684 690 776 719 „tung
804 684 892 716 merke
919 687 975 723 ich,
1005 688 1059 724 daß
1087 691 1139 722 das
1160 690 1363 732 tiefſinnende
1393 695 1451 726 und

682 741 922 780 „ferneſehende
944 743 1095 784 Schickſal
1115 741 1163 788 das
1173 747 1263 781 Blatt
1282 748 1451 789 aufgeſchla⸗

683 803 757 830 „gen
780 796 846 832 hat,
875 798 962 836 deſſen
989 798 1102 838 Jnhalt
1134 800 1189 832 mir
1221 800 1386 844 verborgen
1404 803 1449 843 iſt,

681 850 767 887 „weil
788 852 836 884 ihn
857 853 919 884 dein
938 855 1033 891 eignes
1051 855 1127 894 Herz
1150 856 1315 895 beſtimmen
1330 861 1409 899 ſoll.“

756 899 898 936 „Darum
925 906 1022 932 warne
1055 905 1093 939 ich
1127 906 1183 940 dich
1212 908 1296 940 nicht
1310 909 1378 941 uͤber
1405 904 1448 942 die

679 952 797 992 „That,
818 958 860 988 die
880 956 927 996 ſich
947 956 1008 996 jetzt
1025 956 1148 1000 unruhig
1170 959 1198 992 in
1219 962 1325 996 deinem
1346 955 1448 1004 Buſen

676 1026 813 1068 „waͤlzt.“

757 1084 859 1117 „Sieh
875 1078 907 1096 zu
929 1070 1027 1114 deinen
1038 1069 1146 1101 Fuͤßen,
1167 1073 1224 1095 und
1242 1078 1336 1112 nimm
1355 1065 1447 1107 dieſen

676 1133 750 1164 „vor
770 1128 814 1160 dir
835 1129 975 1170 liegenden
992 1130 1210 1177 Siegelring
1184 1128 1257 1178 auf.
1263 1137 1360 1175 Einſt
1375 1144 1456 1170 wer⸗

676 1186 751 1219 „den
772 1184 814 1216 die
833 1183 989 1225 Menſchen
1013 1186 1114 1225 ſagen,
1133 1192 1179 1221 der
1194 1184 1291 1234 Zufall
1309 1192 1377 1231 habe
1394 1193 1445 1230 ihn

674 1246 752 1271 „von
776 1241 837 1265 dem
858 1239 961 1275 Finger
982 1241 1033 1270 des
1058 1239 1196 1278 Beſitzers
1207 1238 1352 1286 geſtreift;
1372 1238 1446 1285 viel⸗

673 1295 779 1323 „leicht
790 1295 881 1325 denkſt
901 1295 942 1320 du
959 1299 990 1321 es
1005 1293 1107 1328 ſelbſt,
1136 1297 1204 1325 denn
1218 1289 1267 1338 ſo
1274 1290 1363 1326 nennt
1376 1295 1443 1338 Jhr

671 1348 739 1378 „die
763 1338 1012 1383 Begebenheiten,
1032 1348 1116 1379 deren
1135 1346 1305 1390 verborgene
1323 1351 1442 1393 Urſache

673 1397 764 1430 „Jhr
784 1397 858 1430 nicht
877 1395 948 1434 faßt.
988 1395 1071 1436 Nach
1089 1396 1185 1432 Euren
1207 1400 1293 1436 Sinn
1314 1399 1442 1443 entſchei⸗

669 1457 741 1496 „det
758 1458 788 1497 ja
805 1457 881 1501 wohl
902 1461 970 1500 auch
993 1463 1041 1497 der
1060 1462 1124 1503 Fall
1147 1466 1224 1500 eines
1246 1465 1361 1506 Ringes
1379 1475 1439 1501 von

667 1515 750 1552 „dem
775 1514 877 1554 Finger
901 1516 981 1548 eines
1006 1517 1101 1553 Eures
1130 1520 1264 1560 Gleichen
1289 1521 1361 1556 uͤber
1381 1527 1437 1557 das

667 1569 898 1599 „gegenwaͤrtige
924 1570 981 1595 und
1008 1567 1143 1606 kuͤnftige
1163 1560 1252 1612 Gluͤck
1272 1569 1349 1602 eines
1370 1561 1440 1616 Lan⸗

667 1628 758 1656 „des,
778 1626 831 1650 das
852 1611 1009 1665 Millionen
1020 1624 1153 1668 Lebender
1166 1623 1244 1665 traͤgt
1255 1620 1322 1659 und
1338 1627 1443 1666 naͤhrt.

736 1669 922 1720 „Verwahre
951 1681 1003 1712 den
1031 1681 1112 1721 Ring
1142 1684 1235 1723 wohl,
1263 1684 1320 1715 und
1349 1686 1437 1721 ordne

668 1735 758 1768 „uͤber
778 1737 821 1765 die
843 1736 963 1774 reifende
976 1735 1130 1777 Ereigniſſe
1154 1733 1216 1783 nach
1232 1732 1340 1784 freyem
1333 1742 1464 1779 Sinn.

666 1788 847 1835 „Nochmals
878 1792 962 1834 bluͤht
988 1797 1051 1832 dein
1073 1796 1169 1834 Gluͤsk
1188 1797 1245 1831 und
1265 1799 1430 1842 Abdallah
