2839 3446
980 474 1061 522 fur

749 529 814 553 pro,
834 527 865 543 ou
878 527 947 552 pour
961 529 991 545 en
997 522 1148 554 françois.]
1179 522 1231 555 Fuͤr
1244 522 1325 553 mich;

749 564 793 606 fuͤr
812 562 871 606 dich;
888 563 931 600 fuͤr
946 567 1008 596 alle:
1027 566 1103 603 pour
1103 565 1175 603 moi;
1195 567 1268 602 pour
1268 565 1328 602 toi;

749 611 823 640 pour
838 611 911 631 tous.
963 602 1015 641 Fuͤr
1033 605 1107 636 einen
1125 604 1223 635 bitten:
1257 603 1329 641 prier

754 642 935 680 [interceder]
956 653 1026 681 pour
1039 644 1167 680 quelcun.
1207 646 1275 675 Eins
1289 644 1327 679 fuͤr

753 684 802 711 das
816 683 905 711 andere
919 683 1047 716 nehmen:
1070 680 1186 717 prendre
1189 679 1256 718 l'un
1256 679 1330 718 pour

753 717 857 756 I'autre.

715 754 752 801 Er
753 760 789 796 iſt
804 760 852 795 fuͤr
857 759 929 796 mich:
950 759 971 788 il
986 759 1024 788 eſt
1040 759 1103 797 pour
1112 759 1184 790 moi:
1204 760 1232 788 il
1232 760 1272 788 me
1279 759 1330 798 ſa-

754 798 856 835 voriſe;
878 800 900 826 il
912 792 954 837 eſt
959 800 1025 828 dans
1040 809 1091 827 mes
1105 799 1223 829 interêts.

717 840 780 873 Das
796 840 823 869 iſt
837 835 879 871 fuͤr
895 838 975 873 mich:
1002 837 1058 867 cela
1072 837 1109 865 eſt
1124 849 1194 877 pour
1207 840 1279 868 moi:
1310 838 1334 866 il

755 874 827 913 m'eſt
840 874 921 907 utile;
943 881 1122 913 avantageux.

719 917 781 952 Für
795 915 858 951 mich
873 917 918 946 kan
929 916 963 952 ich
979 921 1005 948 es
1027 916 1086 953 wohl
1097 914 1227 960 geſchehen
1241 918 1333 956 laſſen:

758 961 828 990 pour
841 954 910 984 moi,
921 957 962 990 j'y
978 958 1102 982 conſens.

721 1004 781 1040 Für
795 1003 870 1036 einen
883 1006 972 1037 reden:
1001 1004 1089 1043 parler
1109 1014 1181 1043 pour
1196 1004 1333 1042 quelcun;

758 1050 788 1072 en
804 1043 830 1075 ſa
846 1042 954 1075 faveur.

720 1086 784 1118 Für
796 1084 870 1123 einen
885 1083 1022 1133 bezahlen:
1036 1083 1114 1133 paîer
1122 1092 1187 1130 pour
1202 1085 1330 1123 quelcun;

759 1131 790 1149 en
801 1121 831 1159 ſa
847 1121 929 1152 place.

719 1165 780 1198 Fur
793 1173 872 1195 etwas
887 1168 933 1199 gut
951 1164 1025 1203 ſeyn;
1052 1165 1131 1202 buͤrge
1145 1166 1262 1205 werden:
1287 1173 1332 1205 ga-

756 1219 839 1238 rantir
851 1218 907 1238 une
921 1212 1020 1245 choſe;
1041 1222 1076 1241 en
1089 1213 1234 1250 répondre.

718 1252 781 1289 Für
796 1255 876 1282 etwas
893 1255 939 1283 gut
951 1252 1026 1288 ſeyn,
1046 1252 1154 1284 dienen:
1189 1255 1248 1282 être
1267 1253 1334 1280 bon.

756 1293 810 1324 Die
825 1284 919 1326 artzney
939 1293 966 1329 iſt
974 1298 1018 1327 gut
1034 1293 1075 1326 fuͤr
1082 1295 1128 1323 das
1142 1293 1232 1328 fieber:
1249 1289 1279 1327 ce
1292 1299 1333 1317 re-

756 1330 839 1360 mede
855 1331 892 1359 eſt
908 1333 964 1359 bon
979 1341 1049 1368 pour
1063 1333 1088 1360 la
1101 1331 1195 1359 fiévre.

718 1368 791 1401 Für,
805 1367 848 1391 de.
887 1366 941 1400 Fuͤr
955 1367 1002 1395 das
1017 1367 1073 1400 geld
1087 1366 1139 1396 will
1153 1367 1189 1403 ich
1198 1367 1240 1398 ein
1253 1370 1334 1404 kleid;

758 1414 850 1449 buͤcher
866 1421 898 1444 ꝛc.
926 1414 1042 1449 kauffen:
1082 1414 1117 1442 de
1139 1422 1183 1443 cet
1205 1420 1301 1453 argent
1330 1412 1334 1438 à

756 1450 930 1481 m'acheterai
960 1461 1000 1480 un
1025 1451 1123 1485 habit;
1171 1451 1219 1480 des
1243 1450 1333 1480 livres.

759 1484 812 1519 Für
818 1484 869 1518 das
885 1484 1068 1520 macher ⸗ lohn
1087 1485 1112 1523 ſo
1130 1483 1179 1518 viel
1203 1487 1343 1524 bezahlen:

755 1524 840 1572 païer
844 1523 913 1566 tant
913 1523 969 1566 de
969 1523 1005 1565 la
1012 1524 1115 1572 façon.
1129 1524 1228 1570 Sich
1231 1524 1285 1571 fuͤr
1285 1524 1336 1567 et⸗

756 1576 811 1603 was
837 1573 993 1605 bedancken:
1035 1569 1180 1601 remercier
1211 1568 1334 1610 quelcun

756 1605 842 1626 d'une
857 1604 961 1625 faveur.

718 1644 789 1680 Für,
805 1654 829 1671 v.
846 1646 926 1675 Vor.

717 1688 778 1725 Für
790 1691 849 1716 und
868 1686 935 1724 für,
972 1690 1036 1718 adv.
1064 1688 1332 1720 continuellement;

755 1729 1021 1772 perpetuellement;
1042 1729 1254 1759 inceſſamment.

717 1767 878 1810 Fuͤrbas,
898 1780 967 1807 adv.
978 1777 1065 1814 [vieux
1086 1784 1152 1813 mot]
1166 1770 1261 1814 kuͤnftig
1272 1773 1334 1814 hin:

754 1822 930 1844 dorenavant.

715 1852 844 1887 Fürbas,
859 1851 971 1889 [weiter]
986 1852 1047 1889 plus
1062 1859 1150 1880 outre.

714 1893 907 1942 Fuͤrbitte;
939 1906 1099 1941 Vorbitte,
1119 1900 1185 1941 ſ.f.
1200 1906 1328 1938 interces-

716 1945 841 1986 ſion
841 1945 940 1983 Eine
940 1945 1067 1984 fuͤrbitte
1069 1945 1226 1981 einlegen:
1228 1945 1330 1976 inter-

752 1986 832 2024 poſer
840 1986 889 2015 ſon
904 1986 1092 2016 interceſſion;
1110 1984 1276 2016 interceder.

715 2018 889 2068 Oeffentliche
913 2026 1022 2052 fuͤrbitte
1044 2019 1090 2065 fuͤr
1118 2019 1194 2060 einen
1222 2020 1331 2063 Landes⸗

754 2075 814 2104 oder
829 2069 1078 2110 Gerichts ⸗ Herrn:
1113 2070 1216 2109 prieres
1237 2066 1328 2099 nomi-

751 2102 834 2145 nales.

713 2145 851 2191 Fürbitte
866 2144 908 2184 der
921 2142 1049 2186 heiligen,
1065 2141 1108 2185 fuͤr
1121 2145 1161 2181 die
1175 2143 1328 2187 glaͤubigen:

749 2187 878 2228 ſuffrages
905 2187 952 2218 des
969 2188 1062 2218 ſaints.
1093 2192 1132 2224 [t.
1152 2188 1262 2228 d'egliſe
1278 2187 1328 2217 Ro-

749 2221 845 2262 maine.

709 2258 885 2303 Fürbitten;
909 2255 1080 2299 vorbitten,
1094 2263 1153 2294 v.n.
1166 2254 1327 2295 interceder.

698 2303 884 2334 Fürbitter;
910 2299 1088 2329 Vorbitter,
1103 2297 1131 2332 ſ.
1144 2302 1177 2321 m.
1200 2293 1329 2327 interceſ-

749 2342 819 2383 ſeur.

710 2379 865 2430 Furche,
891 2387 988 2425 Fuhr,
1003 2386 1065 2425 ſ.f.
1082 2390 1114 2423 [t.
1128 2390 1160 2416 de
1171 2388 1326 2428 laboureur]

748 2435 811 2460 raïe.
841 2432 942 2461 Gerade
957 2432 1059 2465 furchen
1075 2433 1173 2465 ziehen:
1194 2432 1261 2457 faire
1278 2432 1325 2456 des

746 2476 816 2498 raïes
831 2471 943 2497 droites.
967 2471 1022 2501 Die
1034 2472 1092 2501 erſte
1105 2473 1181 2505 fuhr:
1201 2474 1326 2498 enraïeu-

745 2528 795 2550 re;
827 2521 914 2546 raïon.
966 2517 1035 2551 Eine
1054 2520 1106 2558 ſehr
1127 2519 1206 2551 breite
1225 2518 1324 2554 furche:

747 2557 842 2596 enrue.

709 2606 886 2644 Furcht;
906 2596 1030 2643 Forcht,
1030 2596 1102 2643 ſ.f.
1102 2596 1239 2643 crainte;
1239 2600 1329 2643 peur.

740 2653 957 2680 apprehenſion.
995 2648 1052 2678 Die
1064 2648 1148 2678 furcht
1161 2648 1278 2676 Gottes:
1291 2646 1327 2674 la

746 2685 849 2708 crainte
872 2682 905 2709 de
923 2682 1008 2710 Dieu.
1057 2681 1115 2713 Vor
1130 2681 1212 2717 furcht
1228 2681 1322 2712 beben:

746 2722 877 2750 trembler
894 2722 928 2750 de
941 2731 1019 2760 peur.
1065 2723 1158 2754 Einem
1173 2723 1230 2754 eine
1243 2722 1324 2757 furcht

747 2762 881 2801 einjagen:
904 2761 1014 2795 donner
1028 2759 1062 2777 de
1075 2761 1101 2777 la
1115 2762 1183 2787 peur
1198 2758 1243 2780 [de
1259 2758 1327 2788 l'ap-

749 2799 926 2835 prehenſion]
932 2799 959 2840 à
967 2798 1097 2837 quelcun.
1137 2798 1236 2833 Wegen
1247 2796 1321 2835 ſeiner

746 2838 849 2872 eigenen
866 2840 945 2875 kraͤfte
961 2848 1005 2874 hat
1024 2848 1049 2873 er
1068 2841 1124 2870 eine
1138 2845 1222 2875 billige
1238 2840 1320 2873 furcht

750 2875 784 2894 an
798 2871 843 2899 ſich
861 2876 993 2904 verſpuͤren
1016 2877 1109 2904 laſſen:
1137 2876 1161 2911 il
1161 2879 1186 2911 a
1204 2876 1256 2912 fait
1276 2880 1320 2904 pa-

748 2907 835 2929 roître
850 2914 904 2929 une
912 2914 981 2945 juſte
993 2915 1110 2945 défiance
1119 2914 1153 2930 de
1161 2914 1200 2930 ſes
1208 2918 1320 2940 propres

746 2937 845 2974 forces.

709 2979 823 3018 Göttin
837 2985 886 3014 der
898 2981 1014 3029 furcht,
1008 2985 1035 3033 ſ.
1042 2984 1193 3038 f.crainte.
1211 2985 1319 3035 [Déeſſe

749 3020 794 3045 des
806 3019 912 3045 anciens
924 3026 1041 3055 payens.]

710 3058 763 3096 Jch
778 3057 840 3093 ſtehe
852 3057 878 3086 in
899 3058 972 3091 ſteter
987 3061 1084 3091 furcht,
1110 3066 1138 3088 es
1151 3063 1250 3092 moͤchte
1264 3064 1315 3093 ihm

747 3100 792 3139 ein
808 3096 891 3134 unfall
909 3098 1053 3139 begegnen;
1076 3103 1108 3144 je
1127 3105 1174 3137 ſuis
1199 3110 1263 3140 dans
1280 3122 1313 3134 un

1612 486 1693 530 fur

1391 522 1478 545 doute
1497 523 1656 556 perpetuel,
1680 522 1748 556 qu'il
1765 527 1802 548 ne
1821 516 1861 547 lui
1878 522 1976 547 arrive

1393 564 1513 603 quelque
1530 567 1660 595 malheur.

1355 603 1511 641 Fürchten;
1534 604 1680 643 förchten,
1697 615 1724 633 v.
1734 616 1761 638 a.
1794 606 1861 642 Sich
1875 604 1968 644 fürch⸗

1394 650 1458 677 ten,
1493 655 1519 675 v.
1528 653 1558 675 r.
1588 645 1728 677 craindre;
1763 644 1968 683 apprehender;

1395 680 1470 709 avoir
1485 692 1562 719 peur.
1609 683 1678 714 Gott
1691 682 1823 719 fuͤrchten;
1848 682 1968 711 craindre

1394 716 1479 747 Dieu.
1519 719 1604 748 Einen
1625 720 1712 752 feind,
1748 720 1790 747 ein
1812 715 1918 750 ungluͤck
1936 723 1969 747 ꝛc.

1395 760 1527 795 fuͤrchten:
1566 760 1756 798 apprehender
1781 769 1821 789 un
1844 760 1970 793 ennemi;

1395 809 1435 828 un
1451 800 1583 830 malheur.
1632 802 1683 837 Jch
1704 800 1817 836 fuͤrchte,
1841 799 1876 836 ich
1891 801 1971 831 werde

1396 846 1426 873 zu
1440 837 1494 875 ſpaͤt
1512 842 1642 870 kommen:
1664 838 1862 876 j'apprehende
1877 847 1931 875 que
1942 834 1972 875 je

1397 875 1516 904 n'arrive
1529 885 1590 913 trop
1604 877 1671 905 tard.
1709 877 1765 909 Die
1780 876 1875 912 reichen
1890 874 1971 914 fuͤrch⸗

1396 919 1441 946 ten
1460 916 1506 953 ſich
1521 925 1548 953 zu
1569 919 1681 954 ſterben:
1719 919 1758 947 les
1774 916 1862 946 riches
1877 925 1971 953 appre-

1397 954 1524 983 hendent
1538 961 1602 990 [ont
1614 958 1693 993 peur]
1709 955 1743 985 de
1758 955 1868 986 mourir.
1904 950 1971 992 Sich

1399 999 1444 1024 vor
1458 995 1501 1025 der
1522 995 1593 1031 ſtrafe
1613 992 1750 1031 fuͤrchten:
1780 993 1900 1023 crainare
1915 998 1973 1029 [ap-

1399 1035 1566 1074 prehender]
1583 1037 1606 1064 la
1620 1036 1758 1074 punition.
1781 1037 1878 1072 Nichts
1891 1027 1974 1071 fuͤrch⸗

1398 1074 1455 1103 ten,
1469 1070 1515 1106 ſich
1535 1078 1579 1101 vor
1593 1071 1676 1104 nichts
1690 1070 1820 1107 fuͤrchten:
1839 1079 1875 1098 ne
1891 1069 1975 1098 crain-

1400 1104 1446 1133 dre
1460 1107 1704 1140 [n'apprehender;
1724 1104 1831 1132 n'avoir
1843 1111 1911 1138 peur
1925 1101 1972 1139 de]

1399 1143 1460 1179 rien.
1486 1144 1558 1161 Man
1571 1144 1682 1168 fuͤrchtet
1694 1144 1793 1165 ſich
1759 1143 1800 1172 vor
1814 1142 1855 1172 der
1855 1141 1973 1162 erkaͤnnt⸗

1399 1184 1444 1217 niß
1457 1182 1535 1221 ſeiner
1549 1183 1632 1219 ſelbſt,
1652 1185 1711 1215 weil
1732 1191 1794 1215 man
1810 1183 1879 1219 nicht
1897 1184 1922 1220 ſo
1937 1184 1974 1219 iſt,

1399 1225 1446 1255 wie
1466 1233 1528 1255 man
1549 1226 1608 1262 ſeyn
1628 1227 1712 1262 ſollte:
1744 1235 1782 1253 on
1796 1225 1881 1253 craint
1898 1226 1933 1254 de
1964 1221 1982 1257 ſe

1399 1259 1563 1284 connoître,
1583 1263 1630 1289 par
1644 1263 1675 1284 ce
1691 1257 1777 1290 qu'on
1790 1255 1858 1281 n'eſt
1872 1262 1918 1290 pas
1934 1258 1973 1282 tel

1400 1297 1488 1331 qu'on
1503 1296 1614 1322 devroit
1627 1297 1697 1325 être.

1360 1338 1590 1379 †Furchterlich,
1602 1342 1663 1379 adj.
1676 1342 1816 1379 horrible;
1831 1338 1975 1380 épouvan-

1361 1384 1509 1421 table;
1509 1384 1578 1424 qui
1578 1384 1688 1421 donne
1688 1384 1742 1422 de
1742 1384 1785 1422 la
1785 1384 1867 1423 peur.
1871 1384 1973 1417 Ein

1399 1416 1604 1453 fuͤrchterliches,
1631 1417 1796 1454 entſetzliches
1813 1417 1891 1451 ding:
1926 1418 1971 1447 dé-

1399 1461 1476 1482 mon.
1499 1457 1544 1491 [ſe
1555 1458 1597 1481 dit
1610 1463 1641 1482 en
1644 1458 1711 1490 ſtile
1725 1455 1883 1490 burleſque.]

1360 1501 1525 1552 Furchtlos,
1535 1502 1592 1536 adj.
1608 1516 1656 1549 qui
1670 1508 1708 1546 eſt
1725 1508 1778 1543 ſans
1792 1513 1903 1543 crainte,
1915 1512 1974 1540 ſans

1400 1554 1478 1583 peur.

1359 1571 1543 1613 Furchtſam;
1582 1572 1753 1612 forchtſam,
1778 1572 1836 1610 adj.
1859 1572 1972 1609 timide;

1398 1616 1521 1649 craintif;
1539 1618 1714 1657 apprehenſif;
1727 1616 1859 1651 peureux.
1867 1616 1973 1656 Furcht⸗

1396 1654 1450 1681 ſam
1465 1657 1510 1681 bey
1525 1658 1584 1676 dem
1598 1657 1675 1683 ſpiel,
1699 1659 1732 1677 da
1747 1656 1816 1676 einer
1837 1655 1911 1677 kaum
1924 1657 1971 1680 das

1396 1695 1458 1727 hertz
1473 1696 1518 1726 hat
1533 1695 1599 1727 ſechs
1615 1697 1737 1726 pfennige
1752 1698 1780 1723 zu
1793 1697 1895 1723 wagen:
1925 1701 1971 1722 co-

1394 1733 1500 1769 rottier.

1355 1772 1597 1812 Furchtſamkeit;
1625 1775 1856 1808 Forchtſamkeit,
1864 1774 1929 1812 ſ.f.
1938 1775 1976 1806 ti-

1390 1810 1505 1841 midité;
1523 1810 1731 1846 apprehenſion.

1355 1853 1592 1892 Furchtſamlich;
1620 1852 1847 1893 forchtſamlich,
1859 1854 1922 1882 adv.
1937 1853 1970 1884 ti-

1392 1888 1555 1918 midement.

1355 1920 1540 1985 Fuͤrdern,
1555 1942 1582 1964 v.
1594 1933 1739 1969 fördern.

1358 1977 1487 2034 Furie,
1492 1992 1516 2032 ſ.
1518 1986 1549 2031 f.
1568 1993 1663 2023 furie;
1678 1992 1835 2031 eumenide.

1355 2027 1481 2071 Furier,
1487 2026 1555 2071 ſ.m.
1567 2029 1696 2069 fourrier.

1355 2065 1485 2121 Fuͤrſt,
1501 2076 1560 2116 ſ.m.
1585 2076 1682 2117 Prince.
1721 2075 1796 2112 Fuͤrſt
1810 2078 1854 2106 des
1866 2078 1964 2109 Reichs

1391 2128 1488 2161 Prince
1502 2122 1561 2161 de
1561 2120 1713 2160 l'empire.
1764 2125 1969 2161 Vollmaͤchtiger

1384 2163 1483 2201 Fuͤrſt:
1503 2162 1600 2200 Prince
1614 2164 1770 2202 ſouverain.
1806 2163 1897 2202 Einen
1906 2170 1967 2204 zum

1391 2201 1494 2231 Fuͤrſten
1509 2201 1629 2226 machen:
1655 2201 1730 2220 créer
1749 2201 1842 2228 [faire]
1857 2201 1967 2226 Prince;

1390 2243 1482 2264 élever
1495 2241 1617 2274 quelcun
1630 2242 1644 2265 à
1657 2240 1682 2265 la
1696 2241 1801 2276 dignité
1818 2240 1852 2266 de
1860 2241 1965 2270 Prince.

1351 2292 1470 2325 Kleiner
1485 2295 1585 2331 Fuͤrſt,
1593 2292 1659 2331 ſ.m.
1674 2294 1707 2332 [t.
1720 2295 1752 2323 de
1762 2293 1873 2332 mépris]
1888 2294 1966 2325 Prin-

1389 2332 1491 2371 cipion.
1529 2335 1573 2371 Jn
1581 2334 1687 2370 Jtalien
1700 2335 1770 2371 giebt
1776 2339 1804 2365 es
1816 2328 1885 2370 viele
1896 2328 1979 2373 kleine

1388 2369 1515 2410 Fuͤrſten:
1534 2369 1573 2409 il
1573 2371 1617 2408 y
1617 2371 1636 2409 a
1655 2379 1799 2422 beaucoup
1813 2385 1965 2413 de|Princi-

1388 2407 1475 2444 pions
1475 2410 1523 2445 en
1525 2406 1627 2442 Italie.

1350 2444 1458 2487 *Fuͤrſt
1468 2445 1512 2463 der
1532 2436 1677 2467 ſinſterniß:
1709 2435 1809 2481 Priuce
1826 2436 1874 2464 des
1886 2446 1965 2460 tene-

1389 2486 1460 2509 bres.

1349 2521 1594 2560 Fürſten ⸗ banck,
1605 2519 1669 2558 ſ.f.
1688 2529 1770 2559 rang;
1802 2520 1900 2550 ſeſſion
1914 2521 1964 2550 des

1387 2563 1515 2594 Princes,
1535 2563 1552 2590 à
1567 2564 1595 2591 la
1608 2564 1678 2591 diéte
1689 2565 1722 2591 de
1735 2563 1863 2598 l'empire.
1907 2565 1966 2598 Auf

1380 2603 1432 2630 der
1442 2602 1596 2631 weltlichen,
1613 2607 1757 2630 geiſtlichen
1771 2602 1961 2631 Fuͤrſten⸗banck

1383 2640 1469 2673 ſitzen:
1508 2636 1585 2671 tenir
1600 2638 1721 2670 [avoir]
1739 2642 1809 2675 rang
1829 2637 1970 2678 [ſeſſion]

1387 2691 1452 2709 avec
1465 2681 1505 2711 les
1518 2682 1628 2711 Princes
1641 2681 1788 2713 ſeculiers;
1808 2681 1962 2712 eccleſiaſti-

1387 2730 1464 2756 ques.

1347 2749 1543 2786 Fürſten⸗hut,
1556 2760 1617 2782 ſ.m.
1638 2750 1746 2779 bonnet
1758 2750 1793 2778 de
1801 2750 1908 2782 Prince.

1348 2790 1559 2827 Fürſten⸗lehen,
1577 2786 1635 2812 ſ.n.
1651 2785 1704 2824 fief
1723 2785 1748 2801 de
1755 2785 1871 2823 Prince;
1883 2788 1962 2822 Prin-

1379 2835 1493 2866 cipauté
1510 2833 1643 2862 relevante
1660 2836 1695 2861 en
1709 2825 1767 2857 ſief.

1345 2868 1561 2906 Fürſten⸗luſt,
1585 2866 1612 2904 ſ.
1627 2867 1657 2905 f.
1687 2867 1903 2898 divertiſſement
1924 2867 1959 2897 de

1383 2909 1479 2932 Prince.

1357 2933 1581 2983 Fürſtenmäßig,
1612 2938 1671 2975 adj.
1701 2939 1874 2969 convenable
1891 2954 1905 2978 à
1922 2950 1953 2982 un

1382 2990 1488 3025 Prince.
1525 2985 1594 3025 Sich
1608 2983 1659 3021 mit
1673 2981 1897 3023 Fuͤrſtenmaͤßigen
1912 2986 1957 3026 guͤ⸗

1381 3032 1439 3051 tern
1462 3026 1599 3054 verſehen:
1636 3022 1664 3046 ſe
1678 3023 1810 3054 pourvoir
1828 3023 1863 3048 de
1878 3023 1956 3049 biens

1379 3066 1565 3105 convenables
1577 3064 1591 3086 à
1609 3067 1642 3087 un
1651 3061 1765 3088 Prince;
1782 3062 1906 3096 capables
1920 3067 1948 3101 de

1377 3106 1505 3141 ſoûtenir
1517 3106 1542 3143 la
1556 3100 1659 3134 qualité
1673 3100 1709 3139 de
1715 3101 1824 3141 Prince.

2180 486 2259 532 fur
2310 484 2398 528 fuß

1993 521 2225 558 Fürſten ⸗ rath,
2244 528 2265 555 ſ.
2279 529 2313 551 m.
2334 524 2440 548 conſeil
2459 524 2614 558 [chambre]

2033 567 2082 596 des
2094 567 2211 601 Princes,
2227 570 2244 596 à
2259 569 2286 596 la
2300 568 2370 596 diéte
2384 570 2416 597 de
2430 569 2558 607 l'empire.

1996 608 2182 644 Fuͤrſten⸗ſitz,
2196 606 2257 643 ſ.m.
2273 606 2410 636 reſidence
2424 607 2459 636 de
2468 609 2574 639 Prince.

1996 647 2238 683 Fürſten⸗ſtand,
2251 646 2271 683 ſ.
2285 655 2318 674 m.
2338 655 2403 684 rang
2424 647 2556 686 [dignité]
2573 648 2609 676 de

2034 685 2139 713 Prince.
2192 686 2278 714 Einen
2295 684 2321 714 in
2343 688 2392 714 den
2406 685 2611 721 Fuͤrſten ⸗ ſtand

2035 721 2154 754 erheben:
2187 722 2278 746 élever
2296 724 2414 754 quelcun
2426 727 2440 761 à
2456 727 2482 748 la
2504 724 2610 758 dignité

2031 756 2070 797 de
2087 762 2193 792 Prince.

1999 803 2213 840 Fürſten⸗ſtaat,
2230 795 2255 844 ſ.
2260 812 2288 830 m.
2297 799 2352 830 êtat
2359 802 2394 831 de
2403 802 2509 832 Prince.

1998 841 2189 878 Fürſten⸗tag,
2201 841 2221 878 ſ.
2232 851 2265 870 m.
2279 842 2311 877 [t.
2326 851 2355 868 en
2370 840 2443 869 droit
2464 842 2611 873 d'Allema-

2033 881 2098 916 gne]
2114 878 2253 907 aſſemblée
2268 879 2303 907 de
2313 878 2429 906 Princes.

1999 910 2212 956 Fuͤrſtenthum,
2220 920 2243 957 ſ.
2258 930 2283 951 n.
2297 916 2481 956 Principauté.

1999 958 2216 995 Fürſtenthum:
2244 958 2281 995 [t.
2295 956 2436 995 conſacré]
2455 958 2616 996 Principau-

2036 1004 2099 1024 tez:
2126 996 2229 1025 certain
2244 997 2322 1025 ordre
2336 998 2367 1025 de
2381 996 2552 1026 l'hierarchie
2571 1006 2613 1025 ce-

2039 1037 2105 1077 leſte.

2000 1072 2153 1109 Fürſtinn,
2163 1071 2219 1111 ſ.f.
2240 1068 2383 1103 Princeſſe.

2001 1110 2153 1141 Fürſtlich,
2167 1113 2222 1141 adj.
2236 1112 2270 1132 de
2287 1112 2398 1139 prince;
2417 1110 2465 1142 qui
2479 1109 2614 1142 apartient

2040 1149 2063 1184 à
2063 1153 2104 1184 un
2117 1150 2218 1190 prince.
2258 1150 2404 1197 Fuͤrſtlicher
2416 1155 2497 1195 ſtand,
2517 1155 2613 1169 hoheit,

2039 1188 2198 1216 einkommen
2208 1193 2241 1215 ꝛc.
2259 1194 2342 1220 rang;
2369 1191 2490 1224 dignité;
2506 1198 2613 1214 revenu

2039 1227 2073 1255 de
2088 1226 2188 1264 prince.
2217 1229 2250 1268 Jn
2267 1228 2434 1263 Fuͤrſtlichen
2449 1231 2559 1264 dienſten
2570 1232 2613 1265 ſte⸗

2038 1264 2101 1293 hen:
2124 1264 2182 1283 être
2195 1269 2228 1283 au
2242 1267 2343 1284 ſervice
2357 1267 2395 1283 du
2410 1268 2512 1293 prince.

2002 1312 2070 1343 Eure
2083 1310 2217 1349 Fuͤrſtliche
2230 1311 2503 1349 Durchlauchtigkeit:
2534 1313 2612 1351 [qua-

2038 1348 2087 1378 lité
2101 1351 2179 1387 qu'on
2192 1351 2279 1378 donne
2293 1359 2348 1376 aux
2361 1351 2499 1389 perſonnes
2512 1358 2543 1379 de
2556 1353 2611 1380 l'un

2037 1382 2068 1407 &
2082 1383 2112 1412 de
2122 1385 2223 1423 l'autre
2226 1385 2307 1429 ſexe]
2320 1387 2403 1422 Vôtre
2418 1389 2522 1429 Alteſſe
2530 1391 2612 1426 Sere-

2038 1421 2150 1450 niſſime.

2000 1474 2145 1512 Fürſtlich,
2158 1476 2220 1504 adv.
2235 1483 2272 1504 en
2284 1473 2386 1512 prince.
2425 1476 2510 1508 Einen
2527 1476 2611 1514 Fuͤrſt⸗

2038 1517 2084 1553 lich
2099 1517 2270 1554 empfangen;
2301 1517 2441 1549 bedienen:
2467 1518 2610 1552 recevoir:;

2037 1549 2131 1580 traiter
2146 1551 2267 1591 quelcun
2282 1561 2317 1580 en
2330 1551 2432 1589 prince.

2001 1583 2112 1639 Furt,
2122 1600 2145 1640 ſ.
2165 1610 2187 1629 m.
2201 1597 2262 1639 gué.
2299 1599 2390 1635 Durch
2402 1600 2451 1634 den
2459 1599 2513 1638 furt
2522 1601 2616 1645 ſetzen:

2036 1644 2120 1680 paſſer
2132 1656 2189 1675 une
2207 1645 2307 1676 riviere
2325 1647 2339 1674 à
2351 1643 2412 1684 gué.

2000 1684 2137 1732 *Furtz,
2149 1692 2173 1731 ſ.
2187 1701 2222 1722 m.
2239 1698 2296 1729 pet.

1996 1735 2064 1772 †‡*
2076 1734 2113 1765 Er
2121 1724 2183 1775 haͤlt
2197 1736 2225 1765 es
2238 1732 2334 1769 gewiß,
2347 1733 2396 1765 wie
2410 1734 2485 1766 einen
2499 1730 2560 1772 furtz
2572 1733 2610 1766 im

2037 1773 2197 1814 ſchnuptuch:
2226 1779 2310 1814 prov.
2318 1774 2341 1807 il
2352 1778 2379 1813 le
2391 1777 2482 1809 tient,
2500 1782 2610 1809 comme

2033 1811 2061 1839 le
2074 1819 2157 1843 vent;
2177 1811 2199 1838 il
2214 1821 2250 1841 ne
2264 1812 2346 1841 l'aura
2356 1811 2466 1850 jamais;
2488 1821 2518 1839 en
2527 1812 2610 1850 prov.

2034 1855 2075 1884 s'il
2086 1865 2123 1883 ne
2138 1855 2209 1883 tient
2219 1856 2278 1883 rien
2291 1855 2327 1883 de
2341 1856 2403 1891 plus
2417 1855 2519 1890 chaud,
2524 1848 2553 1897 il
2553 1851 2607 1885 n'a

2034 1895 2088 1927 que
2101 1890 2169 1918 faire
2183 1892 2218 1919 de
2230 1892 2340 1923 ſoufler.

1996 1930 2148 1967 Fürtzgen,
2161 1927 2223 1965 ſ.n.
2242 1929 2316 1969 petit
2327 1938 2385 1969 pet.
2430 1916 2484 1964 Ein
2497 1930 2637 1971 fuͤrtzgen

2036 1979 2125 2014 laſſen:
2143 1975 2211 2005 faire
2224 1986 2262 2005 un
2276 1975 2347 2015 petit
2359 1983 2415 2014 pet.

1997 1999 2182 2059 Fuͤruͤber;
2187 2012 2361 2051 vorüber,
2389 2015 2433 2052 [le
2449 2017 2557 2044 dernier
2572 2010 2608 2058 eſt

2033 2071 2058 2097 le
2071 2068 2203 2112 meilleur]
2216 2069 2277 2097 adv.
2293 2068 2410 2106 paſſant;
2438 2068 2487 2107 qui
2494 2066 2507 2104 a
2531 2069 2608 2108 paſſé.

2032 2105 2150 2134 Wartet,
2166 2112 2206 2141 bis
2223 2111 2266 2142 der
2281 2119 2355 2144 regen
2369 2110 2474 2142 fuͤruͤber
2487 2112 2544 2148 ſey:
2566 2116 2607 2140 at-

2029 2144 2129 2171 tendez
2146 2143 2201 2181 que
2213 2143 2238 2176 la
2252 2144 2331 2176 pluïe
2345 2141 2393 2175 ſoit
2408 2141 2507 2181 paſſée.

1991 2174 2068 2233 Fuͤr
2086 2181 2161 2226 und
2182 2176 2253 2238 fuͤr,
2269 2200 2298 2226 v.
2311 2197 2386 2234 Für.

1993 2230 2191 2280 Fürwahr,
2207 2241 2271 2271 adv.
2289 2248 2326 2268 en
2338 2236 2434 2269 vérité.

1995 2284 2165 2343 Fuͤrwitz;
2202 2295 2353 2331 Vorwitz,
2365 2293 2391 2332 ſ.
2405 2304 2439 2327 m.
2461 2291 2602 2328 curioſité;

2030 2339 2160 2369 temerité.
2189 2340 2296 2368 Seinen
2309 2339 2402 2372 fuͤrwitz
2416 2336 2518 2372 buͤſſen:
2536 2341 2602 2366 con-

2027 2398 2119 2422 tenter
2137 2388 2163 2420 ſa
2182 2385 2317 2419 curioſité.
2338 2389 2422 2419 Aus
2441 2388 2535 2423 fuͤrwitz
2552 2383 2601 2420 ſich

2030 2430 2054 2452 in
2069 2422 2156 2458 gefahr
2177 2428 2280 2456 wagen:
2307 2419 2443 2458 s'expoſer
2455 2431 2503 2460 par
2515 2427 2601 2452 teme-

2030 2457 2089 2489 rité.

1991 2493 2032 2539 ‡*
2037 2488 2160 2518 Fürwitz
2177 2487 2261 2515 macht
2272 2488 2394 2517 jungfern
2405 2489 2507 2520 theuer:
2523 2485 2600 2522 prov.

2028 2538 2081 2553 une
2099 2530 2222 2551 curioſité
2238 2532 2370 2552 blâmable
2388 2533 2440 2566 [la
2452 2523 2604 2570 temerité]

2000 2574 2160 2612 entraine
2155 2572 2223 2609 des
2223 2572 2358 2611 accidens
2356 2577 2493 2608 fâcheux.

1992 2615 2165 2654 fürwitzig;
2194 2623 2367 2655 vorwitzig,
2390 2620 2449 2657 adj.
2474 2620 2600 2650 curieux;

2027 2656 2177 2690 temeraire.

1987 2695 2214 2725 Fürwitziglich;
2242 2697 2460 2726 vorwitziglich,
2474 2697 2536 2727 adv.
2550 2679 2633 2716 cu-

2027 2741 2204 2774 rieuſement;
2226 2736 2457 2771 temerairement.

1989 2778 2082 2818 Fuß,
2094 2792 2159 2824 ſ.m.
2170 2799 2222 2826 pié.
2252 2792 2311 2834 Der
2325 2791 2424 2831 rechte;
2443 2790 2524 2831 lincke
2537 2787 2595 2822 fuß:

2025 2835 2051 2860 le
2074 2837 2112 2868 pié
2131 2831 2215 2872 droit;
2246 2849 2359 2873 gauche.
2406 2836 2460 2873 Die
2479 2836 2600 2865 fordern:

2025 2870 2127 2905 hintern
2142 2873 2220 2907 fuͤſſe:
2246 2879 2290 2897 les
2305 2873 2368 2911 piés
2374 2873 2408 2898 de
2425 2871 2541 2903 devant;
2560 2866 2594 2895 de

2024 2910 2139 2935 derriere.
2182 2899 2242 2942 Auf
2253 2911 2334 2944 fuͤſſen
2349 2912 2448 2943 gehen:
2474 2904 2594 2936 marcher

2023 2944 2064 2969 ſur
2076 2947 2119 2985 ſes
2134 2945 2198 2978 piés.
2251 2952 2346 2987 Einem
2362 2948 2410 2977 auf
2429 2931 2476 2976 den
2492 2942 2535 2977 fuß
2546 2942 2596 2970 tre⸗

2021 2992 2083 3027 ten:
2123 2990 2247 3027 marcher
2266 2989 2310 3030 ſur
2324 2990 2352 3028 le
2370 2991 2416 3029 pié
2430 2991 2445 3024 à
2466 2977 2594 3009 quelcun.

2021 3026 2071 3053 Die
2086 3025 2145 3058 fuͤſſe
2160 3028 2325 3055 ausſtrecken:
2349 3028 2461 3051 étendre
2476 3024 2515 3050 les
2529 3016 2594 3058 piés.

2021 3066 2078 3092 Mit
2104 3064 2182 3098 ſuͤſſen
2203 3071 2305 3091 treten:
2342 3067 2439 3110 fouler
2461 3071 2512 3090 aux
2529 3055 2599 3096 piés.

2019 3096 2103 3142 Unter
2114 3109 2155 3147 die
2166 3107 2229 3148 fuͤſſe
2240 3111 2342 3143 treten:
2360 3106 2461 3137 mettre
2472 3096 2537 3129 ſous
2552 3088 2592 3108 ſes

2525 3139 2593 3177 piés.
