2293 2649
498 359 594 416 Heyl,
612 363 668 414 und
691 370 799 410 langes
814 367 918 406 Leben,
931 371 995 403 und
1004 369 1118 409 fernere
1133 367 1285 411 gluͤckliche
1303 368 1361 404 Re⸗

496 411 626 451 gierung
665 408 962 451 allerunterthaͤnigſt
994 409 1220 451 angewuͤnſchet
1242 409 1357 445 wuͤrde.

497 453 727 497 Deſſentwegen
738 453 811 490 uͤber
820 457 875 488 den
900 453 942 486 im
958 455 1045 495 Signo
1060 454 1232 496 bafindliche
1247 454 1358 492 Strich

496 493 552 526 des
572 494 642 524 Salis
652 495 711 528 das
721 496 844 525 VIVAT
852 492 906 526 mit
913 486 1028 532 gruͤnen
1042 492 1228 530 Buchſtaben
1243 492 1355 530 geſtan⸗

495 536 585 572 den;
608 531 718 578 Unter
736 533 791 575 dem
817 533 927 572 Strich
949 537 1000 567 der
1024 534 1147 574 Koͤnigl.
1163 536 1355 572 geſchrenckte

495 578 626 615 Nahme
646 580 864 612 FRIDERICVS
884 582 1099 616 AVGVSTVS,
1135 578 1191 611 mit
1206 575 1351 618 goldenen

493 615 600 648 Littern
614 619 677 650 und
691 613 816 657 Koͤnigl.
824 614 950 656 goldene
969 614 1067 651 Crone
1083 612 1267 656 geglaͤntzet;
1295 617 1354 649 Um

494 664 589 702 dieſes
608 656 821 706 Saltz⸗Zeichen
832 660 903 695 aber
914 661 1018 702 herum
1027 661 1061 702 iſt
1072 663 1117 696 die
1127 663 1257 703 deutſche
1267 662 1355 696 Uber⸗

493 705 604 750 ſchrifft
618 707 675 743 mit
697 707 811 742 bunten
834 706 1020 748 Buchſtaben
1036 715 1071 749 zu
1096 707 1171 747 leſen
1186 705 1334 748 geweſen:

605 757 690 799 Der
715 765 862 797 treuen
879 757 1061 802 Sachſen
1090 756 1190 798 Bau
1219 757 1303 796 und

889 817 1051 852 Pflicht.

492 855 633 896 Woraus
640 841 702 896 alſo
717 852 809 891 ſeiner
817 852 1061 888 Gewerckſchafft
1082 860 1112 884 in
1116 853 1357 891 Alten⸗Saltza,

492 912 597 950 welche
609 911 671 944 Sr.
682 903 807 950 Koͤnigl.
820 912 943 949 Majeſt.
954 911 1033 945 nebſt
1048 911 1130 949 Jhm
1144 912 1269 950 zugleich
1278 915 1356 941 Mil⸗

495 951 594 985 lionen
620 946 806 990 Vergnuͤgen
827 950 890 982 und
911 950 1019 990 langes
1036 949 1126 984 Leben
1148 946 1356 989 anwuͤnſchen,

494 982 591 1029 Signet
614 991 679 1022 und
694 981 818 1031 voͤlliger
836 989 958 1030 Nahme
974 991 1029 1023 des
1045 989 1261 1032 Saltzwerckes
1277 988 1354 1028 rauß

493 1030 693 1073 gekommen:
707 1035 781 1070 Der
787 1032 900 1074 treuen
919 1032 1047 1073 Sachſen
1068 1033 1125 1067 Bau
1148 1025 1212 1066 und
1222 1032 1351 1073 Pflicht,

480 1085 615 1120 VIVAT
635 1083 865 1118 FRIDERICVS
886 1083 1115 1119 AVGVSTVS,
1142 1077 1257 1117 Koͤnig
1290 1086 1357 1110 von

492 1118 612 1160 Pohlen
637 1124 697 1150 und
705 1115 912 1158 Chur⸗Fuͤrſt
930 1128 969 1154 zu
989 1118 1143 1157 Sachſen.
1185 1120 1244 1152 Als
1260 1119 1355 1158 dieſes

493 1158 714 1199 ausgebrandt,
725 1158 777 1198 hat
787 1167 817 1193 er
828 1159 860 1193 in
874 1158 1113 1199 continuirlichen
1130 1160 1231 1191 March
1246 1157 1356 1199 folgen⸗

494 1206 552 1236 den
561 1201 679 1244 Aufzug
689 1202 741 1236 bis
765 1195 870 1249 Nachts
889 1202 955 1243 nahe
974 1213 990 1246 2
1001 1202 1079 1244 Uhr,
1089 1203 1241 1242 ordiniret,
1257 1195 1318 1242 daß
1325 1212 1356 1237 er

495 1245 558 1281 Se.
568 1245 692 1281 Koͤnigl.
699 1241 830 1286 Majeſt.
838 1244 892 1283 als
899 1247 954 1280 den
964 1245 1055 1282 erſten
1070 1236 1180 1285 Koͤnig
1189 1245 1220 1277 in
1238 1245 1357 1285 Pohlen

493 1286 555 1322 aus
565 1289 632 1327 dem
639 1277 838 1329 Chur⸗Hauſe
853 1285 1001 1327 Sachſen,
1020 1293 1053 1328 zu
1071 1286 1249 1326 Erweiſung
1263 1288 1356 1326 ſeiner

493 1332 611 1365 Devoir,
628 1323 710 1372 durch
726 1329 767 1362 die
791 1321 861 1370 erſte
888 1325 1036 1366 Monarchie
1052 1328 1109 1362 mit
1126 1330 1358 1368 untermengten

495 1375 648 1417 Planeten
656 1374 848 1415 vorgeſtellet,
856 1372 1059 1414 wuͤnſchende,
1066 1375 1125 1412 daß
1136 1373 1225 1411 GOtt
1231 1367 1281 1410 der
1293 1373 1361 1409 All⸗

494 1405 643 1458 maͤchtige
656 1414 755 1449 durch
765 1414 809 1449 die
823 1416 889 1449 alle
891 1412 1121 1450 Rieſen⸗Groͤße
1140 1416 1203 1447 und
1226 1411 1357 1449 Staͤrcke

475 1450 711 1492 uͤberſteigende
727 1454 794 1485 Zeit
814 1456 879 1482 und
893 1448 981 1482 durch
1008 1448 1111 1482 gluͤckl.
1133 1447 1273 1485 Influence
1291 1447 1355 1462 und

476 1488 693 1535 Conjunction
703 1495 775 1530 aller
784 1494 947 1539 Planeten,
959 1493 1045 1530 Dero
1061 1494 1167 1536 Thron
1185 1494 1353 1538 befeſtigen,

498 1543 562 1577 und
573 1540 631 1581 auf
636 1543 680 1577 die
693 1534 792 1584 ſpaͤte
777 1540 1000 1587 Nachkommen
1016 1538 1193 1582 ebenmaͤßig
1208 1540 1357 1583 pflantzen

496 1581 553 1629 und
542 1586 735 1633 verewigen
742 1586 850 1632 wolle!

501 1626 533 1666 1)
550 1620 704 1661 Marchirte
723 1620 776 1671 ein
768 1618 937 1665 Regiment
944 1624 1116 1668 Soldaten,
1129 1623 1178 1670 und
1192 1626 1247 1661 mit
1256 1627 1358 1664 rother

498 1675 682 1718 Mundur
692 1672 756 1716 gelb
769 1666 1002 1717 aufgeſchlagen,
1010 1677 1073 1709 und
1080 1677 1181 1715 gelben
1193 1674 1358 1718 Struͤmpf⸗

541 1721 592 1763 fen
612 1724 633 1755 6
650 1722 759 1763 Mann
772 1721 845 1760 hoch
861 1728 915 1759 an.

483 1762 548 1803 2)
564 1757 696 1801 Darauf
705 1753 790 1800 ritte
823 1758 872 1794 der
890 1759 1006 1802 Herold
1035 1759 1095 1797 auf
1112 1762 1209 1797 einem
1237 1760 1356 1802 weiſſen

512 1802 663 1847 Zelter.

502 1843 541 1884 3)
558 1840 622 1877 Die
640 1838 774 1884 Paucker
785 1841 884 1883 und
875 1833 890 1888 9
900 1835 1077 1883 Trompeter
1090 1837 1148 1881 auf
1161 1836 1353 1881 Schimmeln

545 1886 609 1930 gelb
625 1883 673 1938 und
695 1887 757 1931 roth
773 1876 931 1938 gekleidet.
