<?xml version="1.0" encoding="utf-8"?>
<PcGts xmlns="http://schema.primaresearch.org/PAGE/gts/pagecontent/2019-07-15" xmlns:xsi="http://www.w3.org/2001/XMLSchema-instance" pcGtsId="PAGE_01" xsi:schemaLocation="http://schema.primaresearch.org/PAGE/gts/pagecontent/2019-07-15 http://schema.primaresearch.org/PAGE/gts/pagecontent/2019-07-15/pagecontent.xsd">
  <Metadata>
    <Creator>OCR-D DFG Phase III</Creator>
    <Created>2024-01-19T13:10:14Z</Created>
    <LastChange>2024-01-19T13:10:14Z</LastChange>
    <Comments>ODEM: OCR-D extension for mass digitization (2021-2024)</Comments>
  </Metadata>
  <Page imageFilename="https://opendata.uni-halle.de/retrieve/0cfb0af5-b37f-44c9-a408-2e2bb90dc2a4/00000210.jpg" imageWidth="1559" imageHeight="2324" type="content" primaryLanguage="German">
    <Border>
      <Coords points="215,114 161,2247 1440,2248 1490,128"/>
    </Border>
    <ReadingOrder>
      <OrderedGroup id="ro_1655446395977" caption="Regions reading order">
        <RegionRefIndexed index="4" regionRef="region0011"/>
      </OrderedGroup>
    </ReadingOrder>
    <TextRegion orientation="-0.80330336" readingDirection="left-to-right" id="region0011" custom="readingOrder {index:4;}">
      <Coords points="434,383 1398,383 1397,1983 433,1983"/>
      <TextLine id="region0011_line0001" custom="readingOrder {index:0;}">
        <Coords points="572,383 563,384 559,388 523,388 503,383 434,383 434,441 561,445 578,443 584,446 608,444 645,449 680,447 725,448 735,451 803,450 831,457 861,450 942,456 973,453 983,464 993,462 998,456 1024,455 1050,461 1053,457 1060,457 1072,451 1078,452 1083,457 1097,455 1185,459 1187,464 1192,466 1197,465 1205,456 1231,460 1238,467 1252,466 1255,459 1398,460 1398,410 1323,407 1317,399 1304,399 1296,407 1268,406 1266,397 1256,393 1242,395 1234,407 1144,404 1138,395 1117,392 1106,405 1075,405 1020,403 1015,399 999,402 997,394 993,391 972,392 967,397 960,391 952,391 945,396 942,403 838,402 830,401 827,391 822,387 810,388 801,400 786,399 780,394 772,394 766,399 722,399 710,397 700,390 690,390 683,395 660,394 658,389 651,385 640,385 629,392 593,389 587,384"/>
        <Baseline points="434,430 1398,450"/>
        <Word id="region0011_line0001_word0000" custom="readingOrder {index:0;}">
          <Coords points="476,396 548,397 547,443 475,442"/>
          <TextEquiv conf="0.9257087">
            <Unicode>den</Unicode>
          </TextEquiv>
        </Word>
        <Word id="region0011_line0001_word0001" custom="readingOrder {index:1;}">
          <Coords points="565,393 564,445 578,443 584,446 608,444 645,449 680,447 725,448 735,451 803,450 823,455 839,455 861,450 893,452 894,403 838,402 830,401 829,397 804,397 801,400 786,399 783,396 769,396 766,399 722,399 710,397 707,395 683,395 683,395 676,395"/>
          <TextEquiv conf="0.9284471">
            <Unicode>Landesvertraͤgen</Unicode>
          </TextEquiv>
        </Word>
        <Word id="region0011_line0001_word0002" custom="readingOrder {index:2;}">
          <Coords points="944,399 942,403 920,403 919,454 942,456 973,453 977,457 997,458 998,456 1017,455 1018,401 1017,401 1006,401 999,402 999,401"/>
          <TextEquiv conf="0.9143104">
            <Unicode>nicht</Unicode>
          </TextEquiv>
        </Word>
        <Word id="region0011_line0001_word0003" custom="readingOrder {index:3;}">
          <Coords points="1109,401 1106,405 1075,405 1033,403 1032,457 1037,458 1052,458 1053,457 1060,457 1072,451 1078,452 1083,457 1097,455 1185,459 1185,460 1201,460 1204,457 1205,406 1144,404 1142,401"/>
          <TextEquiv conf="0.9143104">
            <Unicode>zuwider,</Unicode>
          </TextEquiv>
        </Word>
        <Word id="region0011_line0001_word0004" custom="readingOrder {index:4;}">
          <Coords points="1239,402 1238,461 1254,461 1255,459 1393,459 1393,409 1323,407 1320,403 1300,402 1296,407 1268,406 1267,402"/>
          <TextEquiv conf="0.9271542">
            <Unicode>ſondern</Unicode>
          </TextEquiv>
        </Word>
        <TextEquiv conf="0.92198616">
          <Unicode>den Landesvertraͤgen nicht zuwider, ſondern</Unicode>
        </TextEquiv>
      </TextLine>
      <TextLine id="region0011_line0002" custom="readingOrder {index:1;}">
        <Coords points="568,443 562,445 558,453 434,452 434,502 471,502 489,505 496,511 505,503 564,502 578,506 583,510 616,510 624,516 638,515 642,510 743,506 786,506 798,512 999,512 1012,517 1023,525 1039,523 1045,517 1076,518 1084,514 1100,518 1362,519 1369,529 1397,524 1396,460 1372,461 1364,469 1355,467 1348,460 1335,461 1331,467 1328,461 1312,460 1304,467 1238,468 1225,466 1223,461 1217,457 1205,457 1195,467 1112,466 1103,465 1102,459 1097,456 1083,458 1078,453 1072,452 1059,458 1057,463 1024,456 1017,463 983,465 973,454 961,457 959,464 919,461 869,452 836,458 818,453 788,450 774,458 731,459 730,452 725,449 706,449 700,457 697,456 696,449 680,448 672,449 668,457 641,457 614,456 613,448 608,445 584,447"/>
        <Baseline points="434,492 1397,512"/>
        <Word id="region0011_line0002_word0000" custom="readingOrder {index:0;}">
          <Coords points="606,455 474,453 473,502 489,505 496,511 505,503 564,502 578,506 583,510 605,510"/>
          <TextEquiv conf="0.92253417">
            <Unicode>gemaͤß</Unicode>
          </TextEquiv>
        </Word>
        <Word id="region0011_line0002_word0001" custom="readingOrder {index:1;}">
          <Coords points="666,471 624,470 623,514 638,514 642,510 665,509"/>
          <TextEquiv conf="0.9219824">
            <Unicode>zu</Unicode>
          </TextEquiv>
        </Word>
        <Word id="region0011_line0002_word0002" custom="readingOrder {index:2;}">
          <Coords points="807,511 808,462 678,460 677,508 743,506 786,506 795,510"/>
          <TextEquiv conf="0.9219824">
            <Unicode>leben?</Unicode>
          </TextEquiv>
        </Word>
        <Word id="region0011_line0002_word0003" custom="readingOrder {index:3;}">
          <Coords points="831,464 927,465 926,511 830,510"/>
          <TextEquiv conf="0.9264791">
            <Unicode>Nur</Unicode>
          </TextEquiv>
        </Word>
        <Word id="region0011_line0002_word0004" custom="readingOrder {index:4;}">
          <Coords points="959,463 959,464 947,463 947,509 1001,509 1001,463 983,465 981,463"/>
          <TextEquiv conf="0.92770356">
            <Unicode>ein</Unicode>
          </TextEquiv>
        </Word>
        <Word id="region0011_line0002_word0005" custom="readingOrder {index:5;}">
          <Coords points="1023,457 1017,463 1013,463 1012,517 1019,522 1040,522 1045,517 1076,518 1084,514 1100,518 1183,518 1184,467 1112,466 1103,465 1102,459 1100,458 1084,458 1083,458 1083,458 1060,458 1059,458 1057,463 1030,457"/>
          <TextEquiv conf="0.91819566">
            <Unicode>Hoͤherer</Unicode>
          </TextEquiv>
        </Word>
        <Word id="region0011_line0002_word0006" custom="readingOrder {index:6;}">
          <Coords points="1200,466 1199,513 1292,515 1293,468 1270,467 1238,468 1229,466"/>
          <TextEquiv conf="0.9323024">
            <Unicode>kann</Unicode>
          </TextEquiv>
        </Word>
        <Word id="region0011_line0002_word0007" custom="readingOrder {index:7;}">
          <Coords points="1314,468 1313,519 1362,519 1366,525 1391,525 1392,525 1393,469 1364,469 1364,469 1362,469"/>
          <TextEquiv conf="0.9284803">
            <Unicode>dieß</Unicode>
          </TextEquiv>
        </Word>
        <TextEquiv conf="0.9249575">
          <Unicode>gemaͤß zu leben? Nur ein Hoͤherer kann dieß</Unicode>
        </TextEquiv>
      </TextLine>
      <TextLine id="region0011_line0003" custom="readingOrder {index:2;}">
        <Coords points="526,503 521,505 517,512 510,513 495,512 489,506 471,503 464,504 462,508 434,507 435,561 510,561 527,568 535,561 539,561 554,564 557,569 565,572 573,570 577,566 649,567 679,564 712,566 720,571 746,571 753,567 780,571 900,571 908,568 992,573 1001,567 1007,568 1020,573 1033,570 1048,573 1065,571 1073,580 1082,584 1092,582 1094,577 1107,577 1111,582 1121,584 1134,583 1141,577 1151,578 1162,572 1184,577 1194,584 1205,580 1206,577 1220,577 1276,577 1278,582 1287,585 1306,576 1397,579 1398,530 1369,530 1362,520 1350,519 1346,521 1344,528 1315,528 1310,519 1288,517 1282,519 1279,524 1252,523 1246,518 1238,518 1228,523 1182,526 1107,526 1104,519 1084,515 1075,518 1072,524 1023,526 1007,524 1006,518 999,513 982,515 978,522 920,521 868,518 861,511 848,511 838,517 810,517 783,507 743,507 677,510 654,516 624,517 601,514 596,509 583,511 578,507 564,503 550,506"/>
        <Baseline points="434,550 1397,569"/>
        <Word id="region0011_line0003_word0000" custom="readingOrder {index:0;}">
          <Coords points="653,519 472,516 471,561 510,561 527,568 535,561 539,561 554,564 557,569 565,572 573,570 577,566 649,567 652,566"/>
          <TextEquiv conf="0.93056154">
            <Unicode>befehlen.</Unicode>
          </TextEquiv>
        </Word>
        <Word id="region0011_line0003_word0001" custom="readingOrder {index:1;}">
          <Coords points="819,570 820,522 713,520 712,566 715,568 750,568 753,567 766,569"/>
          <TextEquiv conf="0.92540276">
            <Unicode>Wer</Unicode>
          </TextEquiv>
        </Word>
        <Word id="region0011_line0003_word0002" custom="readingOrder {index:2;}">
          <Coords points="846,522 939,524 938,568 845,566"/>
          <TextEquiv conf="0.9304959">
            <Unicode>kann</Unicode>
          </TextEquiv>
        </Word>
        <Word id="region0011_line0003_word0003" custom="readingOrder {index:3;}">
          <Coords points="964,522 963,568 998,568 1001,567 1007,568 1008,568 1049,569 1049,524 1023,526 1007,524 1006,522"/>
          <TextEquiv conf="0.92965966">
            <Unicode>aber</Unicode>
          </TextEquiv>
        </Word>
        <Word id="region0011_line0003_word0004" custom="readingOrder {index:4;}">
          <Coords points="1078,522 1077,579 1093,579 1094,577 1107,577 1108,579 1138,579 1141,577 1151,578 1162,572 1184,577 1188,579 1202,580 1202,524 1182,526 1107,526 1105,522"/>
          <TextEquiv conf="0.9284668">
            <Unicode>ſagen,</Unicode>
          </TextEquiv>
        </Word>
        <Word id="region0011_line0003_word0005" custom="readingOrder {index:5;}">
          <Coords points="1305,527 1235,526 1234,577 1276,577 1277,581 1293,581 1304,576"/>
          <TextEquiv conf="0.9300617">
            <Unicode>daß</Unicode>
          </TextEquiv>
        </Word>
        <Word id="region0011_line0003_word0006" custom="readingOrder {index:6;}">
          <Coords points="1344,527 1344,528 1334,528 1333,573 1391,574 1392,530 1369,530 1367,528"/>
          <TextEquiv conf="0.93028796">
            <Unicode>ein</Unicode>
          </TextEquiv>
        </Word>
        <TextEquiv conf="0.9292766">
          <Unicode>befehlen. Wer kann aber ſagen, daß ein</Unicode>
        </TextEquiv>
      </TextLine>
      <TextLine id="region0011_line0004" custom="readingOrder {index:3;}">
        <Coords points="497,561 434,563 435,621 467,622 485,619 493,622 519,623 556,619 560,622 608,625 610,630 619,633 628,630 630,625 638,629 648,627 653,622 699,626 833,624 849,634 860,634 868,629 898,629 929,630 943,638 956,628 970,631 1002,628 1018,634 1024,630 1038,630 1052,631 1054,635 1074,630 1113,632 1143,629 1164,633 1171,630 1186,630 1232,635 1377,637 1384,631 1394,631 1398,635 1397,590 1330,584 1327,579 1321,577 1306,577 1288,586 1279,583 1237,582 1232,578 1220,578 1215,581 1204,581 1194,585 1184,578 1162,573 1145,583 1082,585 1071,581 1065,572 1048,574 1033,571 1026,573 1022,579 1021,574 1007,569 997,570 992,577 973,577 969,574 950,577 944,570 926,570 921,574 915,569 908,569 899,572 896,578 878,579 843,578 834,571 823,571 815,578 769,576 762,568 730,575 717,573 712,567 689,565 679,565 674,573 666,574 565,573 539,562 535,562 527,569 522,569 515,563"/>
        <Baseline points="435,611 1397,626"/>
        <Word id="region0011_line0004_word0000" custom="readingOrder {index:0;}">
          <Coords points="471,573 471,621 485,619 493,622 519,623 556,619 560,622 608,625 610,630 616,632 622,632 628,630 630,625 638,629 648,627 653,622 699,626 833,624 849,634 860,634 868,629 898,629 929,630 941,637 945,637 956,628 970,631 971,631 972,580 883,579 878,579 857,578 815,578 815,578 808,578"/>
          <TextEquiv conf="0.9268763">
            <Unicode>Oberappellationsgericht</Unicode>
          </TextEquiv>
        </Word>
        <Word id="region0011_line0004_word0001" custom="readingOrder {index:1;}">
          <Coords points="1002,577 1002,628 1018,634 1024,630 1038,630 1052,631 1054,635 1074,630 1113,632 1113,584 1082,585 1071,581 1069,578 1023,577 1022,579 1021,577"/>
          <TextEquiv conf="0.92088944">
            <Unicode>hoͤher</Unicode>
          </TextEquiv>
        </Word>
        <Word id="region0011_line0004_word0002" custom="readingOrder {index:2;}">
          <Coords points="1149,580 1145,583 1134,583 1134,629 1143,629 1149,630 1169,630 1171,630 1186,630 1192,630 1192,583 1188,580"/>
          <TextEquiv conf="0.92941225">
            <Unicode>als</Unicode>
          </TextEquiv>
        </Word>
        <Word id="region0011_line0004_word0003" custom="readingOrder {index:3;}">
          <Coords points="1222,589 1283,589 1283,631 1222,631"/>
          <TextEquiv conf="0.92979217">
            <Unicode>der</Unicode>
          </TextEquiv>
        </Word>
        <Word id="region0011_line0004_word0004" custom="readingOrder {index:4;}">
          <Coords points="1302,586 1302,632 1381,632 1384,631 1394,631 1394,589 1359,586"/>
          <TextEquiv>
            <Unicode>Lan⸗</Unicode>
          </TextEquiv>
        </Word>
        <TextEquiv>
          <Unicode>Oberappellationsgericht hoͤher als der Lan⸗</Unicode>
        </TextEquiv>
      </TextLine>
      <TextLine id="region0011_line0005" custom="readingOrder {index:4;}">
        <Coords points="542,620 536,623 523,623 520,626 495,624 485,620 467,623 435,622 435,676 537,677 542,682 554,686 563,681 632,682 633,687 640,690 644,690 653,682 668,683 670,688 681,691 694,687 696,683 718,679 733,680 744,684 761,682 767,685 831,686 845,682 910,686 936,684 959,688 1082,691 1083,696 1088,699 1098,699 1110,691 1119,690 1131,690 1137,698 1142,698 1149,689 1296,691 1301,694 1398,696 1398,636 1394,632 1382,633 1377,638 1377,644 1289,641 1285,635 1272,635 1263,640 1234,640 1228,634 1214,633 1207,639 1191,640 1190,633 1186,631 1171,631 1167,634 1143,630 1134,635 1121,633 1112,640 1108,640 1108,633 1104,631 1082,632 1078,635 1074,631 1057,636 1038,631 1024,631 1018,635 1002,629 972,635 967,630 956,629 943,639 929,631 924,631 919,636 849,635 833,625 749,626 704,633 668,633 667,626 653,623 646,628 618,634 605,630 561,628 556,620"/>
        <Baseline points="435,665 1398,685"/>
        <Word id="region0011_line0005_word0000" custom="readingOrder {index:0;}">
          <Coords points="622,635 470,633 470,676 537,677 542,682 554,686 563,681 622,681"/>
          <TextEquiv conf="0.9309143">
            <Unicode>desherr</Unicode>
          </TextEquiv>
        </Word>
        <Word id="region0011_line0005_word0001" custom="readingOrder {index:1;}">
          <Coords points="709,636 638,635 638,689 640,690 644,690 653,682 668,683 670,688 681,691 694,687 696,683 709,680"/>
          <TextEquiv conf="0.9286518">
            <Unicode>ſey.</Unicode>
          </TextEquiv>
        </Word>
        <Word id="region0011_line0005_word0002" custom="readingOrder {index:2;}">
          <Coords points="909,640 772,638 772,685 831,685 845,682 909,685"/>
          <TextEquiv conf="0.8773916">
            <Unicode>Wenn</Unicode>
          </TextEquiv>
        </Word>
        <Word id="region0011_line0005_word0003" custom="readingOrder {index:3;}">
          <Coords points="983,686 983,642 929,641 929,684 936,684 943,685"/>
          <TextEquiv conf="0.92733544">
            <Unicode>die</Unicode>
          </TextEquiv>
        </Word>
        <Word id="region0011_line0005_word0004" custom="readingOrder {index:4;}">
          <Coords points="1256,643 994,639 994,688 1082,691 1083,696 1087,698 1098,698 1110,691 1119,690 1131,690 1137,698 1142,698 1149,689 1256,690"/>
          <TextEquiv conf="0.9257771">
            <Unicode>Reichsſtaͤnde</Unicode>
          </TextEquiv>
        </Word>
        <Word id="region0011_line0005_word0005" custom="readingOrder {index:5;}">
          <Coords points="1273,636 1272,690 1392,692 1393,638 1377,638 1377,638 1377,644 1289,641 1286,636"/>
          <TextEquiv conf="0.92866135">
            <Unicode>davor</Unicode>
          </TextEquiv>
        </Word>
        <TextEquiv conf="0.9197886">
          <Unicode>desherr ſey. Wenn die Reichsſtaͤnde davor</Unicode>
        </TextEquiv>
      </TextLine>
      <TextLine id="region0011_line0006" custom="readingOrder {index:5;}">
        <Coords points="467,676 435,677 434,736 597,740 599,744 609,746 619,740 643,737 664,740 693,737 710,743 718,737 746,740 762,737 821,737 855,741 875,740 884,743 896,740 917,753 926,753 933,746 968,747 975,744 983,744 988,751 1001,754 1026,746 1039,748 1047,755 1051,755 1061,748 1083,747 1187,749 1201,746 1217,747 1221,751 1244,748 1248,751 1278,752 1281,757 1290,761 1300,759 1310,750 1324,750 1329,758 1337,760 1353,758 1358,753 1398,752 1398,704 1335,702 1327,695 1315,695 1309,701 1303,701 1302,696 1296,692 1276,693 1274,699 1273,693 1269,691 1257,691 1251,697 1239,696 1235,692 1204,690 1168,697 1165,697 1163,692 1149,690 1142,699 1137,699 1131,691 1119,691 1113,697 1088,700 945,696 944,689 936,685 922,684 909,694 872,690 860,683 845,683 823,689 789,688 761,683 729,685 718,680 708,681 681,692 667,689 662,683 653,683 644,691 640,691 634,688 554,687 542,683 537,678 520,679 512,684 497,681 491,676"/>
        <Baseline points="434,725 1398,742"/>
        <Word id="region0011_line0006_word0000" custom="readingOrder {index:0;}">
          <Coords points="617,690 470,688 469,736 597,740 599,744 603,744 610,744 616,741"/>
          <TextEquiv conf="0.9229162">
            <Unicode>halten,</Unicode>
          </TextEquiv>
        </Word>
        <Word id="region0011_line0006_word0001" custom="readingOrder {index:1;}">
          <Coords points="722,695 651,694 650,738 664,740 693,737 710,743 718,737 721,737"/>
          <TextEquiv conf="0.9285602">
            <Unicode>daß</Unicode>
          </TextEquiv>
        </Word>
        <Word id="region0011_line0006_word0002" custom="readingOrder {index:2;}">
          <Coords points="813,696 751,695 750,737 761,737 762,737 812,737"/>
          <TextEquiv conf="0.92535365">
            <Unicode>der</Unicode>
          </TextEquiv>
        </Word>
        <Word id="region0011_line0006_word0003" custom="readingOrder {index:3;}">
          <Coords points="830,693 829,737 855,741 875,740 884,743 896,740 912,750 928,750 933,746 966,746 966,696 945,696 944,694"/>
          <TextEquiv conf="0.76804566">
            <Unicode>Kayſer</Unicode>
          </TextEquiv>
        </Word>
        <Word id="region0011_line0006_word0004" custom="readingOrder {index:4;}">
          <Coords points="1101,709 991,707 990,748 1018,748 1026,746 1039,748 1040,748 1059,749 1061,748 1083,747 1101,747"/>
          <TextEquiv conf="0.9295325">
            <Unicode>gegen</Unicode>
          </TextEquiv>
        </Word>
        <Word id="region0011_line0006_word0005" custom="readingOrder {index:5;}">
          <Coords points="1121,698 1120,743 1174,744 1175,699 1142,698 1142,699 1137,699 1136,698"/>
          <TextEquiv conf="0.93244094">
            <Unicode>die</Unicode>
          </TextEquiv>
        </Word>
        <Word id="region0011_line0006_word0006" custom="readingOrder {index:6;}">
          <Coords points="1191,698 1190,748 1201,746 1217,747 1221,751 1244,748 1248,751 1278,752 1280,755 1303,755 1310,750 1324,750 1327,756 1354,756 1358,753 1389,752 1389,703 1335,702 1332,700 1310,699 1309,701 1303,701 1302,699"/>
          <TextEquiv>
            <Unicode>Reichsge⸗</Unicode>
          </TextEquiv>
        </Word>
        <TextEquiv>
          <Unicode>halten, daß der Kayſer gegen die Reichsge⸗</Unicode>
        </TextEquiv>
      </TextLine>
      <TextLine id="region0011_line0007" custom="readingOrder {index:6;}">
        <Coords points="784,737 751,739 735,743 728,738 718,738 710,744 693,738 682,743 655,743 643,738 609,747 525,744 520,740 505,743 498,736 486,739 472,737 469,740 434,740 434,799 467,798 472,803 484,803 494,796 506,797 508,801 515,803 531,792 542,794 551,790 572,790 587,795 632,795 687,790 727,792 754,797 780,795 786,799 802,801 851,796 864,800 870,806 876,806 885,798 918,798 923,801 939,802 945,809 955,809 961,803 995,803 999,800 1029,805 1167,807 1180,808 1182,813 1187,815 1196,815 1201,813 1203,808 1221,806 1231,806 1235,811 1248,814 1252,809 1295,807 1397,811 1398,759 1337,761 1329,759 1324,751 1310,751 1304,755 1303,760 1290,762 1282,758 1249,757 1244,749 1221,752 1217,748 1193,747 1186,750 1181,757 1101,756 1099,749 1083,748 1070,750 1065,755 1047,756 1039,749 1026,747 1021,749 1019,754 1001,755 988,752 983,745 975,745 967,748 966,753 917,754 896,741 884,744 875,741 855,742 821,738"/>
        <Baseline points="434,784 740,781 995,793 1397,799"/>
        <Word id="region0011_line0007_word0000" custom="readingOrder {index:0;}">
          <Coords points="550,748 471,747 470,801 471,802 485,802 494,796 506,797 508,801 513,802 515,802 531,792 542,794 549,790"/>
          <TextEquiv conf="0.9259082">
            <Unicode>ſetze</Unicode>
          </TextEquiv>
        </Word>
        <Word id="region0011_line0007_word0001" custom="readingOrder {index:1;}">
          <Coords points="660,753 584,752 583,793 584,794 635,794 659,792"/>
          <TextEquiv conf="0.9259082">
            <Unicode>und</Unicode>
          </TextEquiv>
        </Word>
        <Word id="region0011_line0007_word0002" custom="readingOrder {index:2;}">
          <Coords points="745,795 746,752 691,751 690,790 727,792 743,794"/>
          <TextEquiv conf="0.92938733">
            <Unicode>die</Unicode>
          </TextEquiv>
        </Word>
        <Word id="region0011_line0007_word0003" custom="readingOrder {index:3;}">
          <Coords points="774,749 773,796 780,795 786,799 802,801 851,796 864,800 869,805 877,805 885,798 918,798 923,801 939,802 943,806 958,806 961,803 995,803 999,800 1029,805 1144,807 1145,757 1101,756 1100,753 1067,753 1065,755 1047,756 1043,753 1020,752 1019,754 1001,755 988,752 988,752 966,752 966,753 917,754 912,751"/>
          <TextEquiv>
            <Unicode>Wahlcapitulation</Unicode>
          </TextEquiv>
        </Word>
        <Word id="region0011_line0007_word0004" custom="readingOrder {index:4;}">
          <Coords points="1187,755 1186,811 1201,811 1203,808 1221,806 1231,806 1235,811 1238,811 1249,811 1252,809 1253,808 1253,757 1249,757 1248,755"/>
          <TextEquiv conf="0.9254853">
            <Unicode>ſich</Unicode>
          </TextEquiv>
        </Word>
        <Word id="region0011_line0007_word0005" custom="readingOrder {index:5;}">
          <Coords points="1303,758 1303,760 1292,762 1291,803 1387,804 1388,759 1337,761 1329,759 1329,758"/>
          <TextEquiv conf="0.9309115">
            <Unicode>einer</Unicode>
          </TextEquiv>
        </Word>
        <TextEquiv>
          <Unicode>ſetze und die Wahlcapitulation ſich einer</Unicode>
        </TextEquiv>
      </TextLine>
      <TextLine id="region0011_line0008" custom="readingOrder {index:7;}">
        <Coords points="687,791 640,794 613,800 585,800 583,795 572,791 551,791 540,796 531,793 515,804 505,802 484,804 435,804 434,856 486,858 497,853 527,852 540,848 550,858 554,854 562,854 570,847 582,850 612,847 622,850 642,847 652,852 684,850 756,854 773,862 784,859 787,855 851,854 859,845 865,847 870,855 937,856 945,853 959,856 987,853 995,859 1002,860 1006,856 1087,857 1092,860 1169,863 1191,860 1209,862 1215,867 1236,865 1397,869 1398,818 1315,815 1307,814 1300,808 1287,808 1279,813 1250,815 1235,812 1231,807 1221,807 1211,809 1207,815 1196,816 1129,811 1124,805 1111,805 1104,811 1019,812 1016,805 1010,802 999,801 994,809 945,810 924,806 918,799 905,799 899,806 896,801 885,799 876,807 870,807 858,804 857,800 851,797 833,799 827,803 787,802 780,796 754,798 727,793"/>
        <Baseline points="435,842 650,838 1397,858"/>
        <Word id="region0011_line0008_word0000" custom="readingOrder {index:0;}">
          <Coords points="633,801 521,799 515,804 505,802 484,804 467,804 467,856 489,856 497,853 527,852 540,848 548,856 550,857 554,854 562,854 570,847 582,850 612,847 622,850 632,848"/>
          <TextEquiv conf="0.91899353">
            <Unicode>groͤſſern</Unicode>
          </TextEquiv>
        </Word>
        <Word id="region0011_line0008_word0001" custom="readingOrder {index:1;}">
          <Coords points="809,806 665,804 664,851 684,850 756,854 769,860 778,860 784,859 787,855 808,854"/>
          <TextEquiv conf="0.9270769">
            <Unicode>Macht</Unicode>
          </TextEquiv>
        </Word>
        <Word id="region0011_line0008_word0002" custom="readingOrder {index:2;}">
          <Coords points="837,805 836,854 851,854 859,845 865,847 870,855 937,856 945,853 959,856 987,853 994,858 1003,858 1006,856 1010,856 1011,808 994,807 994,809 945,810 926,806 877,805 876,807 870,807 863,805"/>
          <TextEquiv conf="0.64661103">
            <Unicode>bediene,</Unicode>
          </TextEquiv>
        </Word>
        <Word id="region0011_line0008_word0003" custom="readingOrder {index:3;}">
          <Coords points="1067,811 1036,811 1036,853 1178,855 1178,814 1150,812"/>
          <TextEquiv conf="0.9300986">
            <Unicode>werden</Unicode>
          </TextEquiv>
        </Word>
        <Word id="region0011_line0008_word0004" custom="readingOrder {index:4;}">
          <Coords points="1213,811 1212,864 1265,865 1266,814 1250,815 1235,812 1235,811"/>
          <TextEquiv>
            <Unicode>ſie</Unicode>
          </TextEquiv>
        </Word>
        <Word id="region0011_line0008_word0005" custom="readingOrder {index:5;}">
          <Coords points="1288,814 1287,857 1384,859 1384,817 1315,815 1308,814"/>
          <TextEquiv conf="0.9250491">
            <Unicode>denn</Unicode>
          </TextEquiv>
        </Word>
        <TextEquiv>
          <Unicode>groͤſſern Macht bediene, werden ſie denn</Unicode>
        </TextEquiv>
      </TextLine>
      <TextLine id="region0011_line0009" custom="readingOrder {index:8;}">
        <Coords points="859,846 851,855 861,862 807,860 773,863 693,856 684,851 650,855 641,848 630,848 616,854 611,848 597,848 586,850 582,856 579,856 577,851 569,848 562,855 554,855 550,859 540,849 531,850 523,857 486,859 434,857 435,905 532,907 540,913 553,904 565,904 570,907 582,908 588,914 597,915 604,912 605,908 631,906 643,915 650,914 654,909 713,906 719,913 757,911 761,917 768,919 783,918 791,912 800,911 873,912 886,909 1012,917 1038,911 1050,916 1073,914 1083,921 1092,915 1118,915 1127,923 1134,918 1145,916 1148,920 1208,921 1208,925 1217,929 1225,928 1234,921 1243,919 1397,925 1397,877 1256,872 1250,867 1230,871 1229,867 1215,868 1209,863 1203,866 1191,861 1181,863 1178,870 1151,870 1126,867 1117,861 1104,861 1098,866 1093,866 1092,861 1087,858 1068,857 1062,864 1060,859 1054,857 1043,857 1038,860 1006,857 1002,861 995,860 987,854 963,859 945,854 938,856 934,861 930,855 916,854 908,860 891,858 884,861 866,861 869,854 865,848"/>
        <Baseline points="435,894 1397,914"/>
        <Word id="region0011_line0009_word0000" custom="readingOrder {index:0;}">
          <Coords points="526,853 523,857 486,859 467,858 467,905 497,906 548,906 553,904 565,904 569,906 571,907 571,854 563,853 562,855 554,855 550,859 544,853"/>
          <TextEquiv conf="0.931463">
            <Unicode>wohl</Unicode>
          </TextEquiv>
        </Word>
        <Word id="region0011_line0009_word0001" custom="readingOrder {index:1;}">
          <Coords points="586,854 586,910 604,910 605,908 631,906 637,911 652,911 654,909 654,855 650,855 650,855 650,855"/>
          <TextEquiv conf="0.931535">
            <Unicode>ſich</Unicode>
          </TextEquiv>
        </Word>
        <Word id="region0011_line0009_word0002" custom="readingOrder {index:2;}">
          <Coords points="672,857 672,908 713,906 717,911 756,911 757,911 757,911 795,912 800,911 832,911 832,861 807,860 773,863 710,857"/>
          <TextEquiv conf="0.93025565">
            <Unicode>dagegen</Unicode>
          </TextEquiv>
        </Word>
        <Word id="region0011_line0009_word0003" custom="readingOrder {index:3;}">
          <Coords points="859,846 853,853 853,856 861,862 853,862 852,903 900,904 901,859 891,858 884,861 866,861 869,854 865,848 859,846"/>
          <TextEquiv conf="0.9279742">
            <Unicode>an</Unicode>
          </TextEquiv>
        </Word>
        <Word id="region0011_line0009_word0004" custom="readingOrder {index:4;}">
          <Coords points="916,860 916,904 970,905 970,861 935,860 934,861 934,860"/>
          <TextEquiv conf="0.92272204">
            <Unicode>die</Unicode>
          </TextEquiv>
        </Word>
        <Word id="region0011_line0009_word0005" custom="readingOrder {index:5;}">
          <Coords points="979,860 979,914 1022,915 1038,911 1047,915 1060,915 1073,914 1075,915 1091,916 1092,915 1118,915 1119,916 1144,916 1145,916 1145,916 1273,918 1273,873 1256,872 1250,867 1230,871 1229,867 1215,868 1209,863 1209,863 1203,866 1196,863 1182,863 1181,863 1178,870 1151,870 1126,867 1118,862 1103,862 1098,866 1093,866 1092,862 1064,861 1062,864 1061,861 1003,860 1002,861 997,860"/>
          <TextEquiv conf="0.9263881">
            <Unicode>Reichsgerichte</Unicode>
          </TextEquiv>
        </Word>
        <Word id="region0011_line0009_word0006" custom="readingOrder {index:6;}">
          <Coords points="1289,877 1387,878 1387,911 1289,910"/>
          <TextEquiv>
            <Unicode>wen⸗</Unicode>
          </TextEquiv>
        </Word>
        <TextEquiv>
          <Unicode>wohl ſich dagegen an die Reichsgerichte wen⸗</Unicode>
        </TextEquiv>
      </TextLine>
      <TextLine id="region0011_line0010" custom="readingOrder {index:9;}">
        <Coords points="553,905 540,914 492,910 485,906 435,906 434,960 512,965 524,961 541,961 552,965 563,962 614,966 624,963 673,970 711,969 713,976 721,979 730,977 733,970 765,970 773,967 847,971 868,970 879,973 881,979 887,983 899,981 905,973 952,974 957,971 1018,974 1023,971 1070,975 1107,974 1113,984 1117,985 1125,984 1132,977 1170,981 1183,976 1210,974 1308,980 1359,985 1364,988 1398,986 1396,933 1332,929 1324,922 1306,923 1300,928 1255,927 1254,922 1243,920 1234,922 1225,929 1217,930 1209,926 1148,925 1145,917 1134,919 1127,924 1118,916 1106,916 1101,919 1092,916 1083,922 1073,915 1065,915 1059,922 1049,922 1048,916 1032,912 1023,915 1019,923 1016,920 1007,920 1002,923 967,922 929,917 921,911 902,913 897,910 886,910 879,912 875,919 867,920 812,920 805,914 791,913 784,919 763,920 749,919 748,913 742,912 719,914 713,907 699,909 697,916 643,916 631,907 620,909 616,913 593,916 574,911 565,905"/>
        <Baseline points="434,951 1235,965 1397,975"/>
        <Word id="region0011_line0010_word0000" custom="readingOrder {index:0;}">
          <Coords points="566,919 467,918 466,962 512,965 524,961 541,961 552,965 563,962 566,962"/>
          <TextEquiv conf="0.9301376">
            <Unicode>den?</Unicode>
          </TextEquiv>
        </Word>
        <Word id="region0011_line0010_word0001" custom="readingOrder {index:1;}">
          <Coords points="684,969 684,923 599,922 599,964 614,966 624,963 664,968"/>
          <TextEquiv conf="0.93256116">
            <Unicode>oder</Unicode>
          </TextEquiv>
        </Word>
        <Word id="region0011_line0010_word0002" custom="readingOrder {index:2;}">
          <Coords points="744,922 702,921 702,969 711,969 713,976 719,978 723,978 730,977 733,970 744,970"/>
          <TextEquiv conf="0.9303741">
            <Unicode>iſt</Unicode>
          </TextEquiv>
        </Word>
        <Word id="region0011_line0010_word0003" custom="readingOrder {index:3;}">
          <Coords points="804,968 804,928 767,927 767,967 773,967 773,967 779,967"/>
          <TextEquiv conf="0.93100196">
            <Unicode>es</Unicode>
          </TextEquiv>
        </Word>
        <Word id="region0011_line0010_word0004" custom="readingOrder {index:4;}">
          <Coords points="921,922 820,921 820,969 847,971 868,970 879,973 881,979 884,981 894,981 899,981 905,973 921,973"/>
          <TextEquiv conf="0.9297044">
            <Unicode>wohl</Unicode>
          </TextEquiv>
        </Word>
        <Word id="region0011_line0010_word0005" custom="readingOrder {index:5;}">
          <Coords points="952,922 952,974 957,971 1018,974 1023,971 1070,975 1107,974 1112,982 1127,982 1132,977 1139,978 1139,924 1127,924 1127,924 1127,924 1019,923 1019,923 1019,923 1003,923 1002,923 976,922"/>
          <TextEquiv conf="0.9214988">
            <Unicode>natuͤrlich</Unicode>
          </TextEquiv>
        </Word>
        <Word id="region0011_line0010_word0006" custom="readingOrder {index:6;}">
          <Coords points="1206,939 1165,939 1165,980 1172,980 1183,976 1206,974"/>
          <TextEquiv conf="0.9291974">
            <Unicode>zu</Unicode>
          </TextEquiv>
        </Word>
        <Word id="region0011_line0010_word0007" custom="readingOrder {index:7;}">
          <Coords points="1237,929 1237,975 1308,980 1342,983 1386,984 1386,932 1357,930"/>
          <TextEquiv conf="0.92962074">
            <Unicode>denken,</Unicode>
          </TextEquiv>
        </Word>
        <TextEquiv conf="0.92926204">
          <Unicode>den? oder iſt es wohl natuͤrlich zu denken,</Unicode>
        </TextEquiv>
      </TextLine>
      <TextLine id="region0011_line0011" custom="readingOrder {index:10;}">
        <Coords points="524,962 515,969 488,966 477,962 435,963 434,1022 510,1024 512,1031 522,1029 527,1024 540,1026 607,1024 615,1034 619,1034 628,1024 707,1030 796,1030 816,1033 825,1040 834,1040 841,1035 843,1038 856,1040 863,1035 945,1034 952,1031 964,1034 1029,1033 1034,1037 1060,1031 1100,1035 1116,1033 1187,1041 1205,1040 1210,1037 1243,1041 1268,1037 1398,1041 1398,988 1389,987 1314,987 1308,981 1296,981 1290,986 1266,979 1210,975 1117,986 1112,984 1107,975 1093,977 1090,984 1083,984 1067,981 1058,973 1023,972 1012,981 1001,980 997,977 984,979 974,977 968,972 957,972 945,982 887,984 877,982 875,974 868,971 853,970 848,972 843,980 830,980 804,978 792,971 773,968 763,971 758,976 721,980 679,975 669,969 656,969 651,974 642,973 640,967 624,964 613,967 609,973 601,973 594,965 582,964 574,970 570,964 563,963 548,969 541,962"/>
        <Baseline points="434,1012 1398,1031"/>
        <Word id="region0011_line0011_word0000" custom="readingOrder {index:0;}">
          <Coords points="539,976 466,975 465,1022 510,1024 512,1031 522,1029 527,1024 538,1025"/>
          <TextEquiv conf="0.93034744">
            <Unicode>daß</Unicode>
          </TextEquiv>
        </Word>
        <Word id="region0011_line0011_word0001" custom="readingOrder {index:1;}">
          <Coords points="643,977 557,976 556,1025 607,1024 615,1034 619,1034 628,1024 642,1025"/>
          <TextEquiv conf="0.9220876">
            <Unicode>dieſe</Unicode>
          </TextEquiv>
        </Word>
        <Word id="region0011_line0011_word0002" custom="readingOrder {index:2;}">
          <Coords points="659,982 740,983 739,1027 658,1026"/>
          <TextEquiv conf="0.9220876">
            <Unicode>dem</Unicode>
          </TextEquiv>
        </Word>
        <Word id="region0011_line0011_word0003" custom="readingOrder {index:3;}">
          <Coords points="757,978 756,1030 796,1030 816,1033 822,1038 837,1038 841,1035 843,1038 845,1038 858,1038 863,1035 898,1035 899,984 887,984 877,982 876,980 843,979 843,980 830,980 815,979"/>
          <TextEquiv conf="0.9247591">
            <Unicode>Kayſer</Unicode>
          </TextEquiv>
        </Word>
        <Word id="region0011_line0011_word0004" custom="readingOrder {index:4;}">
          <Coords points="1062,982 946,980 945,982 914,983 914,1034 945,1034 952,1031 964,1034 1029,1033 1034,1037 1060,1031 1061,1031"/>
          <TextEquiv conf="0.9272034">
            <Unicode>mittelſt</Unicode>
          </TextEquiv>
        </Word>
        <Word id="region0011_line0011_word0005" custom="readingOrder {index:5;}">
          <Coords points="1078,985 1077,1032 1080,1033 1113,1033 1116,1033 1119,1033 1175,1034 1176,986 1121,985 1117,986 1115,985"/>
          <TextEquiv conf="0.921021">
            <Unicode>eines</Unicode>
          </TextEquiv>
        </Word>
        <Word id="region0011_line0011_word0006" custom="readingOrder {index:6;}">
          <Coords points="1384,1040 1385,989 1186,986 1185,1037 1209,1037 1210,1037 1214,1037 1261,1038 1268,1037 1348,1039"/>
          <TextEquiv conf="0.92630875">
            <Unicode>Mandats</Unicode>
          </TextEquiv>
        </Word>
        <TextEquiv conf="0.9248307">
          <Unicode>daß dieſe dem Kayſer mittelſt eines Mandats</Unicode>
        </TextEquiv>
      </TextLine>
      <TextLine id="region0011_line0012" custom="readingOrder {index:11;}">
        <Coords points="601,1025 593,1028 569,1025 561,1031 546,1033 540,1033 539,1027 535,1025 527,1025 522,1030 512,1033 435,1033 434,1082 538,1082 556,1085 565,1094 578,1092 579,1087 596,1087 598,1093 608,1095 618,1092 622,1087 649,1085 701,1087 740,1085 756,1088 839,1090 859,1089 864,1093 927,1090 982,1095 1084,1097 1103,1091 1108,1098 1107,1106 1110,1108 1120,1106 1125,1095 1145,1094 1176,1097 1177,1102 1184,1105 1196,1102 1199,1097 1221,1098 1226,1095 1397,1099 1398,1050 1337,1048 1336,1042 1331,1039 1320,1039 1301,1048 1286,1047 1284,1039 1281,1038 1261,1039 1256,1047 1239,1047 1221,1039 1210,1038 1202,1046 1182,1046 1150,1044 1141,1035 1121,1037 1116,1034 1100,1036 1060,1032 1048,1033 1039,1038 1029,1034 988,1034 967,1041 965,1035 952,1032 944,1035 942,1039 936,1034 921,1033 915,1038 825,1041 819,1038 805,1038 804,1034 796,1031 783,1032 779,1037 656,1036 646,1035 644,1027 639,1025 628,1025 619,1035 615,1035 607,1025"/>
        <Baseline points="434,1072 1397,1088"/>
        <Word id="region0011_line0012_word0000" custom="readingOrder {index:0;}">
          <Coords points="682,1038 466,1035 465,1082 538,1082 556,1085 565,1094 578,1092 579,1087 596,1087 598,1093 608,1095 618,1092 622,1087 649,1085 681,1086"/>
          <TextEquiv conf="0.9273319">
            <Unicode>anbefehlen</Unicode>
          </TextEquiv>
        </Word>
        <Word id="region0011_line0012_word0001" custom="readingOrder {index:1;}">
          <Coords points="875,1044 713,1041 712,1086 740,1085 756,1088 839,1090 859,1089 864,1093 874,1092"/>
          <TextEquiv conf="0.92523515">
            <Unicode>werden,</Unicode>
          </TextEquiv>
        </Word>
        <Word id="region0011_line0012_word0002" custom="readingOrder {index:2;}">
          <Coords points="977,1091 978,1044 923,1043 922,1090 925,1090 927,1090 928,1090"/>
          <TextEquiv conf="0.9272627">
            <Unicode>die</Unicode>
          </TextEquiv>
        </Word>
        <Word id="region0011_line0012_word0003" custom="readingOrder {index:3;}">
          <Coords points="1010,1043 1009,1096 1084,1097 1103,1091 1108,1098 1107,1106 1110,1108 1120,1106 1125,1095 1145,1094 1176,1097 1177,1102 1184,1105 1196,1102 1199,1097 1221,1098 1226,1095 1384,1099 1385,1050 1337,1048 1337,1047 1303,1047 1301,1048 1286,1047 1286,1047 1256,1046 1256,1047 1239,1047 1237,1046 1202,1046 1202,1046 1182,1046 1168,1045"/>
          <TextEquiv conf="0.7184916">
            <Unicode>Wahlcapitulation</Unicode>
          </TextEquiv>
        </Word>
        <TextEquiv conf="0.8745803">
          <Unicode>anbefehlen werden, die Wahlcapitulation</Unicode>
        </TextEquiv>
      </TextLine>
      <TextLine id="region0011_line0013" custom="readingOrder {index:12;}">
        <Coords points="495,1082 490,1085 489,1091 434,1090 434,1143 513,1145 529,1152 539,1151 545,1146 574,1147 578,1152 588,1153 614,1144 660,1147 698,1143 705,1147 719,1148 726,1156 738,1156 746,1149 783,1151 789,1146 797,1146 806,1159 814,1157 818,1151 851,1153 862,1148 873,1150 878,1147 920,1150 967,1149 973,1152 1018,1154 1025,1160 1033,1160 1042,1152 1096,1154 1103,1160 1108,1160 1115,1154 1214,1155 1226,1153 1252,1157 1278,1154 1286,1159 1349,1160 1362,1168 1370,1167 1373,1163 1397,1163 1398,1107 1390,1107 1389,1101 1384,1098 1364,1098 1354,1102 1337,1097 1226,1096 1190,1106 1174,1103 1169,1098 1145,1095 1135,1096 1132,1102 1125,1102 1118,1108 1110,1109 1106,1106 1107,1098 1103,1092 1086,1097 1083,1103 933,1099 927,1091 913,1091 905,1098 878,1099 877,1093 864,1094 859,1090 846,1091 843,1099 831,1099 814,1096 747,1095 745,1088 740,1086 721,1086 716,1088 714,1094 666,1094 664,1088 649,1086 637,1088 635,1093 608,1096 577,1093 565,1095 558,1088 543,1091 542,1085 538,1083 524,1083 514,1087 507,1083"/>
        <Baseline points="434,1133 1253,1143 1397,1152"/>
        <Word id="region0011_line0013_word0000" custom="readingOrder {index:0;}">
          <Coords points="566,1097 464,1096 463,1143 513,1145 528,1151 532,1151 539,1151 545,1146 565,1146"/>
          <TextEquiv conf="0.9323526">
            <Unicode>nicht</Unicode>
          </TextEquiv>
        </Word>
        <Word id="region0011_line0013_word0001" custom="readingOrder {index:1;}">
          <Coords points="624,1110 582,1110 581,1152 588,1153 614,1144 623,1144"/>
          <TextEquiv conf="0.93283165">
            <Unicode>zu</Unicode>
          </TextEquiv>
        </Word>
        <Word id="region0011_line0013_word0002" custom="readingOrder {index:2;}">
          <Coords points="816,1101 645,1099 644,1145 660,1147 698,1143 705,1147 719,1148 726,1156 738,1156 746,1149 783,1151 789,1146 797,1146 805,1157 810,1157 814,1157 815,1155"/>
          <TextEquiv conf="0.92067116">
            <Unicode>brechen,</Unicode>
          </TextEquiv>
        </Word>
        <Word id="region0011_line0013_word0003" custom="readingOrder {index:3;}">
          <Coords points="1002,1104 850,1101 849,1152 851,1153 862,1148 873,1150 878,1147 920,1150 967,1149 973,1152 1001,1153"/>
          <TextEquiv conf="0.9280657">
            <Unicode>ſondern</Unicode>
          </TextEquiv>
        </Word>
        <Word id="region0011_line0013_word0004" custom="readingOrder {index:4;}">
          <Coords points="1069,1116 1027,1116 1026,1160 1033,1160 1042,1152 1068,1152"/>
          <TextEquiv conf="0.9287943">
            <Unicode>zu</Unicode>
          </TextEquiv>
        </Word>
        <Word id="region0011_line0013_word0005" custom="readingOrder {index:5;}">
          <Coords points="1093,1102 1092,1153 1096,1154 1100,1158 1110,1158 1115,1154 1214,1155 1226,1153 1245,1155 1246,1104 1199,1103 1190,1106 1174,1103 1124,1102 1118,1108 1110,1109 1106,1106 1106,1102"/>
          <TextEquiv conf="0.9248621">
            <Unicode>halten?</Unicode>
          </TextEquiv>
        </Word>
        <Word id="region0011_line0013_word0006" custom="readingOrder {index:6;}">
          <Coords points="1384,1112 1277,1110 1276,1154 1278,1154 1286,1159 1349,1160 1361,1167 1364,1167 1370,1167 1373,1163 1383,1163"/>
          <TextEquiv conf="0.9252268">
            <Unicode>Dieß</Unicode>
          </TextEquiv>
        </Word>
        <TextEquiv conf="0.92754346">
          <Unicode>nicht zu brechen, ſondern zu halten? Dieß</Unicode>
        </TextEquiv>
      </TextLine>
      <TextLine id="region0011_line0014" custom="readingOrder {index:13;}">
        <Coords points="691,1144 680,1147 676,1153 633,1152 627,1145 614,1145 605,1152 588,1154 434,1150 435,1201 549,1205 556,1212 567,1212 576,1206 607,1206 625,1202 630,1205 746,1209 752,1216 761,1216 767,1211 793,1212 808,1218 816,1217 824,1208 835,1208 838,1210 839,1219 846,1221 859,1218 867,1211 871,1212 874,1219 884,1222 892,1219 897,1211 928,1211 959,1206 977,1212 987,1219 998,1210 1025,1208 1079,1213 1155,1213 1164,1220 1179,1213 1266,1216 1272,1223 1281,1223 1289,1217 1311,1215 1335,1217 1338,1224 1348,1227 1359,1218 1397,1217 1397,1169 1287,1165 1286,1160 1278,1155 1260,1158 1258,1163 1244,1163 1243,1156 1226,1154 1217,1157 1213,1162 1107,1162 1096,1155 1085,1155 1076,1161 1058,1159 1052,1153 1042,1153 1033,1161 1018,1159 976,1161 975,1154 967,1150 954,1152 951,1160 920,1159 898,1158 896,1150 878,1148 873,1151 862,1149 851,1154 843,1153 841,1157 836,1158 806,1160 799,1148 789,1147 784,1151 783,1159 743,1155 726,1157 722,1154 710,1153 698,1144"/>
        <Baseline points="434,1190 1397,1207"/>
        <Word id="region0011_line0014_word0000" custom="readingOrder {index:0;}">
          <Coords points="464,1164 540,1165 540,1199 464,1198"/>
          <TextEquiv conf="0.9302712">
            <Unicode>nur</Unicode>
          </TextEquiv>
        </Word>
        <Word id="region0011_line0014_word0001" custom="readingOrder {index:1;}">
          <Coords points="598,1167 558,1166 557,1209 570,1209 576,1206 597,1206"/>
          <TextEquiv conf="0.93218195">
            <Unicode>zu</Unicode>
          </TextEquiv>
        </Word>
        <Word id="region0011_line0014_word0002" custom="readingOrder {index:2;}">
          <Coords points="614,1153 613,1204 625,1202 630,1205 746,1209 748,1211 765,1211 767,1211 768,1211 768,1157 743,1155 726,1157 722,1154"/>
          <TextEquiv conf="0.927393">
            <Unicode>denken,</Unicode>
          </TextEquiv>
        </Word>
        <Word id="region0011_line0014_word0003" custom="readingOrder {index:3;}">
          <Coords points="793,1152 792,1212 793,1212 808,1218 816,1217 824,1208 835,1208 838,1210 839,1219 841,1220 851,1220 859,1218 867,1211 871,1212 874,1219 878,1220 888,1220 892,1219 897,1211 928,1211 959,1206 977,1212 987,1219 998,1210 1012,1209 1013,1159 976,1161 975,1154 953,1154 951,1160 920,1159 898,1158 897,1153 854,1153 851,1154 843,1153 841,1157 836,1158 806,1160 801,1152"/>
          <TextEquiv conf="0.9307881">
            <Unicode>geſchweige</Unicode>
          </TextEquiv>
        </Word>
        <Word id="region0011_line0014_word0004" custom="readingOrder {index:4;}">
          <Coords points="1040,1162 1136,1163 1136,1207 1040,1206"/>
          <TextEquiv conf="0.9327254">
            <Unicode>denn</Unicode>
          </TextEquiv>
        </Word>
        <Word id="region0011_line0014_word0005" custom="readingOrder {index:5;}">
          <Coords points="1205,1173 1162,1173 1161,1217 1170,1217 1179,1213 1204,1213"/>
          <TextEquiv conf="0.9321133">
            <Unicode>zu</Unicode>
          </TextEquiv>
        </Word>
        <Word id="region0011_line0014_word0006" custom="readingOrder {index:6;}">
          <Coords points="1223,1162 1222,1214 1266,1216 1271,1222 1283,1222 1289,1217 1311,1215 1335,1217 1337,1222 1353,1223 1359,1218 1382,1217 1383,1168 1287,1165 1287,1163 1258,1162 1258,1163 1244,1163 1244,1162"/>
          <TextEquiv conf="0.88557225">
            <Unicode>behaup⸗</Unicode>
          </TextEquiv>
        </Word>
        <TextEquiv conf="0.924435">
          <Unicode>nur zu denken, geſchweige denn zu behaup⸗</Unicode>
        </TextEquiv>
      </TextLine>
      <TextLine id="region0011_line0015" custom="readingOrder {index:14;}">
        <Coords points="959,1207 945,1210 940,1219 894,1218 884,1223 872,1218 841,1221 835,1209 824,1209 816,1218 808,1219 688,1213 683,1208 674,1208 669,1213 632,1213 631,1206 625,1203 609,1206 607,1214 484,1209 479,1203 470,1203 463,1208 434,1208 435,1259 479,1258 503,1265 518,1261 536,1270 548,1265 575,1265 586,1268 596,1259 603,1258 615,1262 628,1254 638,1259 639,1266 663,1262 705,1265 843,1264 863,1265 868,1268 897,1265 902,1268 916,1265 923,1269 941,1270 942,1276 947,1279 969,1278 974,1276 976,1270 1087,1272 1093,1268 1111,1273 1142,1270 1148,1274 1209,1275 1217,1283 1234,1283 1244,1276 1260,1276 1266,1273 1365,1277 1366,1280 1398,1277 1397,1227 1368,1226 1362,1221 1348,1228 1332,1224 1316,1225 1315,1218 1311,1216 1298,1216 1294,1218 1292,1225 1217,1223 1193,1219 1184,1214 1179,1214 1168,1221 1151,1214 1144,1219 1117,1220 1042,1220 1041,1212 1038,1210 1025,1209 1015,1212 1011,1220 987,1220 977,1213"/>
        <Baseline points="435,1249 1397,1267"/>
        <Word id="region0011_line0015_word0000" custom="readingOrder {index:0;}">
          <Coords points="545,1265 545,1215 461,1214 461,1258 479,1258 501,1264 504,1264 518,1261 525,1264"/>
          <TextEquiv conf="0.9262813">
            <Unicode>ten,</Unicode>
          </TextEquiv>
        </Word>
        <Word id="region0011_line0015_word0001" custom="readingOrder {index:1;}">
          <Coords points="608,1210 607,1214 578,1213 578,1266 579,1266 588,1266 596,1259 603,1258 615,1262 628,1254 638,1259 639,1266 663,1262 686,1264 686,1211 671,1211 669,1213 632,1213 632,1210"/>
          <TextEquiv conf="0.92896837">
            <Unicode>zeiget</Unicode>
          </TextEquiv>
        </Word>
        <Word id="region0011_line0015_word0002" custom="readingOrder {index:2;}">
          <Coords points="709,1225 786,1227 786,1263 709,1261"/>
          <TextEquiv conf="0.93155324">
            <Unicode>von</Unicode>
          </TextEquiv>
        </Word>
        <Word id="region0011_line0015_word0003" custom="readingOrder {index:3;}">
          <Coords points="817,1216 816,1218 808,1219 804,1218 804,1262 899,1263 899,1218 894,1218 884,1223 872,1218 841,1221 838,1216"/>
          <TextEquiv conf="0.92803305">
            <Unicode>einer</Unicode>
          </TextEquiv>
        </Word>
        <Word id="region0011_line0015_word0004" custom="readingOrder {index:4;}">
          <Coords points="942,1216 940,1219 922,1219 922,1268 923,1269 941,1270 942,1276 942,1276 972,1277 974,1276 976,1270 1087,1272 1093,1268 1111,1273 1134,1271 1134,1219 1117,1220 1042,1220 1042,1218 1012,1217 1011,1220 987,1220 983,1217"/>
          <TextEquiv conf="0.923488">
            <Unicode>offenbaren</Unicode>
          </TextEquiv>
        </Word>
        <Word id="region0011_line0015_word0005" custom="readingOrder {index:5;}">
          <Coords points="1150,1220 1150,1274 1209,1275 1210,1276 1242,1277 1244,1276 1260,1276 1266,1273 1365,1277 1365,1278 1377,1278 1385,1278 1385,1226 1368,1226 1364,1222 1358,1222 1348,1228 1332,1224 1316,1225 1315,1222 1292,1221 1292,1225 1217,1223 1203,1220 1169,1220 1168,1221 1166,1220"/>
          <TextEquiv>
            <Unicode>Ungereimt⸗</Unicode>
          </TextEquiv>
        </Word>
        <TextEquiv>
          <Unicode>ten, zeiget von einer offenbaren Ungereimt⸗</Unicode>
        </TextEquiv>
      </TextLine>
      <TextLine id="region0011_line0016" custom="readingOrder {index:15;}">
        <Coords points="628,1255 615,1263 603,1259 596,1260 586,1269 565,1265 540,1271 518,1262 503,1266 502,1269 492,1268 486,1267 485,1262 479,1259 435,1260 434,1319 464,1318 481,1324 487,1319 626,1320 679,1328 688,1320 704,1325 737,1321 745,1325 832,1326 845,1330 854,1326 899,1327 905,1324 918,1327 986,1328 999,1320 1009,1329 1031,1326 1042,1333 1053,1327 1082,1328 1090,1325 1109,1329 1115,1334 1123,1334 1132,1328 1196,1333 1224,1334 1237,1331 1244,1339 1256,1334 1272,1334 1278,1331 1292,1335 1366,1337 1373,1330 1379,1330 1388,1337 1398,1337 1397,1284 1392,1284 1389,1278 1366,1281 1363,1284 1316,1283 1314,1277 1303,1276 1293,1284 1279,1283 1278,1276 1266,1274 1258,1277 1255,1283 1217,1284 1149,1281 1149,1275 1142,1271 1128,1274 1124,1280 1111,1279 1109,1273 1093,1269 1087,1273 1086,1279 1078,1279 1070,1272 1058,1272 1051,1278 1024,1278 1018,1272 1010,1272 1004,1278 947,1280 926,1275 924,1270 916,1266 902,1269 897,1266 886,1266 872,1272 863,1266 843,1265 835,1272 813,1274 794,1274 788,1266 771,1266 765,1273 713,1271 706,1267 690,1270 683,1263 663,1263 657,1267 653,1264 639,1267 637,1259"/>
        <Baseline points="434,1308 1398,1326"/>
        <Word id="region0011_line0016_word0000" custom="readingOrder {index:0;}">
          <Coords points="460,1267 459,1318 464,1318 475,1322 483,1322 487,1319 547,1319 547,1269 540,1271 532,1267 502,1267 502,1269 492,1268 487,1267"/>
          <TextEquiv conf="0.92968565">
            <Unicode>heit.</Unicode>
          </TextEquiv>
        </Word>
        <Word id="region0011_line0016_word0001" custom="readingOrder {index:1;}">
          <Coords points="622,1258 615,1263 603,1259 596,1260 587,1267 587,1319 626,1320 670,1326 680,1326 688,1320 704,1325 708,1324 708,1268 706,1267 690,1270 683,1263 663,1263 657,1267 653,1264 639,1267 637,1259 635,1258"/>
          <TextEquiv>
            <Unicode>Nicht</Unicode>
          </TextEquiv>
        </Word>
        <Word id="region0011_line0016_word0002" custom="readingOrder {index:2;}">
          <Coords points="767,1271 765,1273 723,1271 722,1323 737,1321 745,1325 832,1326 844,1330 846,1330 854,1326 866,1326 867,1272 836,1272 835,1272 813,1274 794,1274 792,1271"/>
          <TextEquiv conf="0.9321525">
            <Unicode>anderſt</Unicode>
          </TextEquiv>
        </Word>
        <Word id="region0011_line0016_word0003" custom="readingOrder {index:3;}">
          <Coords points="879,1272 878,1319 997,1320 999,1320 999,1320 1020,1321 1020,1274 1019,1273 1008,1273 1004,1278 947,1280 926,1275 925,1272"/>
          <TextEquiv conf="0.9130156">
            <Unicode>koͤmmt</Unicode>
          </TextEquiv>
        </Word>
        <Word id="region0011_line0016_word0004" custom="readingOrder {index:4;}">
          <Coords points="1032,1280 1071,1281 1071,1327 1032,1326"/>
          <TextEquiv conf="0.9295453">
            <Unicode>es</Unicode>
          </TextEquiv>
        </Word>
        <Word id="region0011_line0016_word0005" custom="readingOrder {index:5;}">
          <Coords points="1092,1272 1091,1324 1161,1325 1161,1281 1149,1281 1149,1275 1145,1272 1134,1272 1128,1274 1124,1280 1111,1279 1109,1273 1105,1272"/>
          <TextEquiv conf="0.8561227">
            <Unicode>mir</Unicode>
          </TextEquiv>
        </Word>
        <Word id="region0011_line0016_word0006" custom="readingOrder {index:6;}">
          <Coords points="1173,1287 1252,1288 1252,1331 1173,1330"/>
          <TextEquiv conf="0.91939837">
            <Unicode>vor,</Unicode>
          </TextEquiv>
        </Word>
        <Word id="region0011_line0016_word0007" custom="readingOrder {index:7;}">
          <Coords points="1266,1278 1265,1323 1383,1325 1384,1280 1374,1279 1366,1281 1363,1284 1316,1283 1314,1278 1299,1278 1293,1284 1279,1283 1278,1278"/>
          <TextEquiv conf="0.92652303">
            <Unicode>wenn</Unicode>
          </TextEquiv>
        </Word>
        <TextEquiv>
          <Unicode>heit. Nicht anderſt koͤmmt es mir vor, wenn</Unicode>
        </TextEquiv>
      </TextLine>
      <TextLine id="region0011_line0017" custom="readingOrder {index:16;}">
        <Coords points="997,1321 988,1327 985,1333 979,1333 970,1327 953,1327 945,1333 937,1334 921,1333 919,1328 912,1325 905,1325 897,1330 879,1326 872,1328 870,1332 843,1331 831,1327 828,1331 807,1333 746,1332 745,1326 737,1322 725,1324 722,1332 705,1330 703,1325 694,1321 688,1321 679,1329 661,1330 635,1328 633,1323 626,1321 617,1321 608,1328 569,1325 560,1319 545,1319 535,1325 516,1326 477,1325 464,1319 434,1320 434,1376 511,1380 554,1377 560,1380 580,1381 646,1378 680,1383 682,1387 693,1390 701,1388 703,1383 709,1380 757,1386 765,1381 784,1384 942,1389 951,1384 1000,1388 1006,1382 1012,1382 1021,1388 1042,1389 1044,1395 1055,1398 1064,1395 1066,1389 1125,1390 1133,1387 1248,1389 1302,1394 1398,1393 1398,1345 1389,1345 1388,1338 1379,1331 1373,1331 1366,1338 1365,1344 1294,1343 1293,1336 1286,1333 1271,1335 1269,1341 1259,1341 1256,1337 1243,1340 1237,1332 1227,1333 1221,1340 1184,1339 1149,1337 1143,1330 1132,1329 1122,1336 1107,1335 1105,1330 1094,1326 1082,1329 1053,1328 1044,1334 1028,1327 1010,1334 1004,1325"/>
        <Baseline points="434,1365 1398,1383"/>
        <Word id="region0011_line0017_word0000" custom="readingOrder {index:0;}">
          <Coords points="459,1330 524,1331 523,1375 458,1374"/>
          <TextEquiv conf="0.9306357">
            <Unicode>der</Unicode>
          </TextEquiv>
        </Word>
        <Word id="region0011_line0017_word0001" custom="readingOrder {index:1;}">
          <Coords points="540,1326 539,1378 554,1377 560,1380 580,1381 646,1378 680,1383 681,1385 702,1385 703,1383 709,1380 756,1386 757,1386 765,1381 765,1381 766,1332 746,1332 745,1329 723,1328 722,1332 705,1330 704,1328 680,1328 679,1329 661,1330 635,1328 635,1327 609,1327 608,1328 591,1327"/>
          <TextEquiv conf="0.9269665">
            <Unicode>Landesherr</Unicode>
          </TextEquiv>
        </Word>
        <Word id="region0011_line0017_word0002" custom="readingOrder {index:2;}">
          <Coords points="781,1377 857,1379 858,1334 809,1332 807,1333 781,1332"/>
          <TextEquiv conf="0.9284305">
            <Unicode>und</Unicode>
          </TextEquiv>
        </Word>
        <Word id="region0011_line0017_word0003" custom="readingOrder {index:3;}">
          <Coords points="927,1333 921,1333 919,1328 912,1325 905,1325 897,1330 879,1326 872,1328 870,1332 863,1331 863,1386 927,1388"/>
          <TextEquiv conf="0.8970122">
            <Unicode>die</Unicode>
          </TextEquiv>
        </Word>
        <Word id="region0011_line0017_word0004" custom="readingOrder {index:4;}">
          <Coords points="991,1325 988,1327 985,1333 979,1333 970,1327 953,1327 945,1333 938,1334 937,1389 942,1389 951,1384 1000,1388 1006,1382 1012,1382 1021,1388 1042,1389 1044,1394 1064,1395 1066,1389 1125,1390 1133,1387 1171,1388 1172,1338 1149,1337 1143,1330 1132,1329 1122,1336 1107,1335 1105,1330 1094,1326 1082,1329 1053,1328 1044,1334 1028,1327 1010,1334 1004,1325 1004,1325"/>
          <TextEquiv conf="0.8970122">
            <Unicode>Landſtaͤnde</Unicode>
          </TextEquiv>
        </Word>
        <Word id="region0011_line0017_word0005" custom="readingOrder {index:5;}">
          <Coords points="1186,1383 1380,1386 1380,1332 1379,1331 1373,1331 1366,1338 1365,1344 1294,1343 1293,1336 1286,1333 1271,1335 1269,1341 1259,1341 1256,1337 1243,1340 1237,1332 1227,1333 1221,1340 1186,1339"/>
          <TextEquiv conf="0.92827547">
            <Unicode>miteinan⸗</Unicode>
          </TextEquiv>
        </Word>
        <TextEquiv conf="0.9180554">
          <Unicode>der Landesherr und die Landſtaͤnde miteinan⸗</Unicode>
        </TextEquiv>
      </TextLine>
      <TextLine id="region0011_line0018" custom="readingOrder {index:17;}">
        <Coords points="1006,1383 1000,1389 1000,1393 951,1385 942,1390 914,1387 879,1394 806,1394 787,1393 786,1387 777,1382 765,1382 757,1387 746,1385 744,1390 709,1381 704,1383 701,1389 693,1391 657,1384 646,1379 615,1378 594,1381 575,1388 563,1387 561,1381 554,1378 543,1378 538,1381 537,1386 486,1382 475,1377 434,1378 434,1436 516,1437 531,1434 539,1437 601,1442 650,1443 674,1437 690,1441 793,1441 806,1450 843,1439 864,1440 869,1444 878,1444 892,1438 909,1438 919,1431 920,1438 936,1452 963,1452 1000,1444 1025,1443 1054,1447 1095,1445 1101,1448 1237,1451 1248,1450 1256,1441 1271,1450 1342,1451 1351,1448 1365,1451 1370,1448 1397,1452 1398,1403 1253,1400 1252,1392 1248,1390 1235,1390 1230,1393 1228,1399 1182,1397 1180,1391 1175,1389 1165,1389 1150,1397 1148,1391 1133,1388 1128,1390 1125,1397 1063,1396 1055,1399 1046,1396 1022,1396 1018,1386"/>
        <Baseline points="434,1425 818,1432 936,1424"/>
        <Word id="region0011_line0018_word0000" custom="readingOrder {index:0;}">
          <Coords points="459,1389 526,1390 525,1434 458,1433"/>
          <TextEquiv conf="0.9294559">
            <Unicode>der</Unicode>
          </TextEquiv>
        </Word>
        <Word id="region0011_line0018_word0001" custom="readingOrder {index:1;}">
          <Coords points="543,1388 580,1389 579,1435 542,1434"/>
          <TextEquiv conf="0.9294559">
            <Unicode>in</Unicode>
          </TextEquiv>
        </Word>
        <Word id="region0011_line0018_word0002" custom="readingOrder {index:2;}">
          <Coords points="737,1392 599,1390 598,1439 662,1439 674,1437 687,1440 736,1441"/>
          <TextEquiv conf="0.92832434">
            <Unicode>Streit</Unicode>
          </TextEquiv>
        </Word>
        <Word id="region0011_line0018_word0003" custom="readingOrder {index:3;}">
          <Coords points="753,1391 752,1441 793,1441 801,1446 816,1446 843,1439 864,1440 869,1444 878,1444 881,1442 881,1393 879,1394 806,1394 787,1393 786,1391"/>
          <TextEquiv conf="0.9227638">
            <Unicode>liegen.</Unicode>
          </TextEquiv>
        </Word>
        <Word id="region0011_line0018_word0004" custom="readingOrder {index:4;}">
          <Coords points="949,1386 942,1389 942,1447 984,1447 1000,1444 1025,1443 1054,1447 1066,1446 1066,1396 1063,1396 1055,1399 1046,1396 1022,1396 1018,1386 1002,1386 1000,1389 1000,1393 957,1386"/>
          <TextEquiv conf="0.92893165">
            <Unicode>Jener</Unicode>
          </TextEquiv>
        </Word>
        <Word id="region0011_line0018_word0005" custom="readingOrder {index:5;}">
          <Coords points="1094,1397 1186,1398 1185,1444 1093,1443"/>
          <TextEquiv conf="0.93128526">
            <Unicode>wird</Unicode>
          </TextEquiv>
        </Word>
        <Word id="region0011_line0018_word0006" custom="readingOrder {index:6;}">
          <Coords points="1228,1396 1228,1399 1206,1398 1206,1444 1252,1444 1256,1441 1262,1444 1379,1447 1379,1402 1253,1400 1252,1396"/>
          <TextEquiv>
            <Unicode>nimmer⸗</Unicode>
          </TextEquiv>
        </Word>
        <TextEquiv>
          <Unicode>der in Streit liegen. Jener wird nimmer⸗</Unicode>
        </TextEquiv>
      </TextLine>
      <TextLine id="region0011_line0019" custom="readingOrder {index:18;}">
        <Coords points="1256,1442 1246,1456 1220,1458 1163,1457 1158,1452 1148,1452 1142,1457 1118,1456 1103,1455 1102,1449 1095,1446 1082,1448 1078,1452 1071,1447 1054,1448 1032,1444 1000,1445 963,1453 936,1453 920,1439 914,1443 910,1439 892,1439 883,1442 880,1449 870,1449 864,1441 843,1440 836,1443 833,1448 806,1451 793,1442 774,1447 690,1447 689,1441 681,1438 662,1441 658,1447 541,1444 540,1438 523,1435 514,1438 511,1444 434,1443 434,1493 490,1489 499,1494 523,1494 529,1499 537,1499 550,1491 560,1490 568,1494 578,1493 590,1502 600,1496 616,1496 620,1500 637,1502 657,1494 674,1496 684,1492 697,1495 729,1496 742,1493 753,1499 760,1494 801,1498 805,1495 823,1494 835,1502 878,1499 885,1507 891,1507 901,1495 917,1498 953,1497 961,1500 992,1498 1006,1504 1029,1501 1037,1505 1067,1506 1118,1503 1192,1507 1212,1506 1217,1509 1235,1506 1262,1510 1339,1508 1370,1514 1382,1510 1397,1510 1398,1464 1390,1464 1387,1455 1377,1449 1365,1452 1351,1449 1342,1452 1306,1450 1274,1452"/>
        <Baseline points="434,1481 1397,1500"/>
        <Word id="region0011_line0019_word0000" custom="readingOrder {index:0;}">
          <Coords points="511,1443 511,1444 458,1443 457,1491 490,1489 496,1492 547,1493 550,1491 560,1490 564,1492 565,1445 541,1444 541,1444"/>
          <TextEquiv conf="0.93005514">
            <Unicode>mehr</Unicode>
          </TextEquiv>
        </Word>
        <Word id="region0011_line0019_word0001" custom="readingOrder {index:1;}">
          <Coords points="659,1444 658,1447 581,1445 581,1495 584,1498 596,1498 600,1496 616,1496 618,1498 645,1498 657,1494 674,1496 684,1492 697,1495 729,1496 742,1493 753,1499 758,1495 758,1447 690,1447 689,1445"/>
          <TextEquiv conf="0.93098235">
            <Unicode>zugeben,</Unicode>
          </TextEquiv>
        </Word>
        <Word id="region0011_line0019_word0002" custom="readingOrder {index:2;}">
          <Coords points="790,1450 789,1496 801,1498 805,1495 823,1494 835,1502 861,1500 862,1451 812,1450 806,1451 804,1450"/>
          <TextEquiv conf="0.92906046">
            <Unicode>daß</Unicode>
          </TextEquiv>
        </Word>
        <Word id="region0011_line0019_word0003" custom="readingOrder {index:3;}">
          <Coords points="885,1451 884,1505 892,1505 901,1495 917,1498 953,1497 961,1500 977,1498 978,1452 968,1451 963,1453 936,1453 934,1451"/>
          <TextEquiv conf="0.92906046">
            <Unicode>ſeine</Unicode>
          </TextEquiv>
        </Word>
        <Word id="region0011_line0019_word0004" custom="readingOrder {index:4;}">
          <Coords points="994,1452 993,1498 996,1500 1188,1503 1188,1457 1163,1457 1160,1454 1145,1454 1142,1457 1118,1456 1103,1455 1102,1453"/>
          <TextEquiv conf="0.90602213">
            <Unicode>Bediente</Unicode>
          </TextEquiv>
        </Word>
        <Word id="region0011_line0019_word0005" custom="readingOrder {index:5;}">
          <Coords points="1254,1443 1246,1456 1220,1458 1203,1457 1203,1502 1278,1503 1278,1451 1274,1452 1259,1443"/>
          <TextEquiv conf="0.90602213">
            <Unicode>und</Unicode>
          </TextEquiv>
        </Word>
        <Word id="region0011_line0019_word0006" custom="readingOrder {index:6;}">
          <Coords points="1380,1455 1296,1454 1295,1509 1339,1508 1363,1512 1373,1512 1379,1510"/>
          <TextEquiv conf="0.8560622">
            <Unicode>Raͤ⸗</Unicode>
          </TextEquiv>
        </Word>
        <TextEquiv conf="0.9124664">
          <Unicode>mehr zugeben, daß ſeine Bediente und Raͤ⸗</Unicode>
        </TextEquiv>
      </TextLine>
      <TextLine id="region0011_line0020" custom="readingOrder {index:19;}">
        <Coords points="484,1490 461,1497 434,1497 435,1551 476,1551 478,1557 491,1559 502,1551 513,1548 524,1551 531,1548 558,1548 564,1551 584,1552 589,1549 664,1553 763,1551 805,1556 808,1561 815,1564 830,1556 856,1553 862,1556 876,1554 882,1557 906,1558 914,1564 947,1561 953,1567 969,1568 981,1561 990,1561 997,1557 1015,1559 1023,1553 1028,1553 1041,1560 1107,1562 1120,1558 1182,1562 1194,1559 1208,1563 1250,1564 1263,1561 1273,1566 1318,1568 1320,1573 1325,1575 1330,1575 1344,1565 1397,1569 1397,1519 1386,1518 1383,1511 1370,1515 1352,1512 1344,1516 1343,1511 1339,1509 1318,1509 1312,1516 1280,1515 1245,1511 1235,1507 1217,1510 1202,1506 1195,1509 1136,1510 1129,1504 1118,1504 1108,1510 1074,1511 1046,1509 1029,1502 1018,1502 1009,1508 1003,1508 992,1499 977,1500 970,1507 960,1507 959,1501 953,1498 917,1499 901,1496 891,1508 885,1508 876,1505 830,1503 823,1495 805,1496 800,1500 760,1495 753,1500 742,1494 706,1499 684,1493 675,1500 669,1495 657,1495 637,1503 590,1503 578,1494 568,1495 560,1491 546,1494 543,1501 500,1499 498,1493"/>
        <Baseline points="435,1540 1397,1558"/>
        <Word id="region0011_line0020_word0000" custom="readingOrder {index:0;}">
          <Coords points="519,1505 457,1504 457,1551 476,1551 478,1557 491,1559 502,1551 513,1548 518,1549"/>
          <TextEquiv conf="0.9287471">
            <Unicode>the</Unicode>
          </TextEquiv>
        </Word>
        <Word id="region0011_line0020_word0001" custom="readingOrder {index:1;}">
          <Coords points="633,1506 542,1505 542,1548 558,1548 564,1551 584,1552 589,1549 633,1551"/>
          <TextEquiv conf="0.9231698">
            <Unicode>uͤber</Unicode>
          </TextEquiv>
        </Word>
        <Word id="region0011_line0020_word0002" custom="readingOrder {index:2;}">
          <Coords points="711,1508 656,1508 656,1552 664,1553 711,1552"/>
          <TextEquiv conf="0.92916596">
            <Unicode>die</Unicode>
          </TextEquiv>
        </Word>
        <Word id="region0011_line0020_word0003" custom="readingOrder {index:3;}">
          <Coords points="730,1506 729,1552 763,1551 805,1556 808,1561 815,1564 830,1556 856,1553 862,1556 876,1554 882,1557 906,1558 914,1564 947,1561 953,1567 969,1568 981,1561 990,1561 997,1557 1015,1559 1023,1553 1028,1553 1041,1560 1044,1560 1045,1510 888,1508 885,1508 885,1508"/>
          <TextEquiv conf="0.92453676">
            <Unicode>Rechtmaͤßigkeit</Unicode>
          </TextEquiv>
        </Word>
        <Word id="region0011_line0020_word0004" custom="readingOrder {index:4;}">
          <Coords points="1178,1560 1178,1517 1092,1516 1092,1559 1115,1559 1120,1558 1145,1559"/>
          <TextEquiv conf="0.9311123">
            <Unicode>oder</Unicode>
          </TextEquiv>
        </Word>
        <Word id="region0011_line0020_word0005" custom="readingOrder {index:5;}">
          <Coords points="1379,1518 1201,1515 1200,1560 1208,1563 1250,1564 1263,1561 1273,1566 1318,1568 1319,1571 1335,1571 1344,1565 1378,1567"/>
          <TextEquiv conf="0.43566787">
            <Unicode>Unrecht⸗</Unicode>
          </TextEquiv>
        </Word>
        <TextEquiv conf="0.8454">
          <Unicode>the uͤber die Rechtmaͤßigkeit oder Unrecht⸗</Unicode>
        </TextEquiv>
      </TextLine>
      <TextLine id="region0011_line0021" custom="readingOrder {index:20;}">
        <Coords points="1023,1554 1015,1560 997,1558 988,1562 985,1568 969,1569 884,1565 884,1559 879,1556 862,1557 856,1554 846,1553 836,1559 830,1557 815,1565 788,1555 763,1552 713,1559 686,1558 680,1552 669,1552 660,1558 652,1558 637,1550 624,1550 618,1558 611,1558 610,1552 606,1550 589,1550 578,1558 571,1559 567,1558 566,1553 558,1549 531,1549 525,1552 513,1549 502,1552 498,1559 490,1560 435,1558 434,1608 491,1607 499,1611 517,1611 521,1617 529,1619 547,1611 554,1611 561,1603 567,1603 570,1607 565,1617 571,1619 585,1609 658,1611 668,1602 678,1611 692,1609 713,1614 736,1611 755,1614 870,1613 884,1616 924,1614 936,1619 947,1610 953,1613 954,1625 965,1624 971,1619 985,1619 987,1623 997,1626 1006,1624 1009,1619 1018,1618 1154,1618 1159,1615 1194,1619 1227,1618 1232,1621 1251,1622 1254,1629 1262,1631 1270,1630 1277,1624 1398,1625 1397,1579 1371,1576 1369,1570 1362,1567 1343,1566 1330,1576 1319,1573 1274,1570 1272,1565 1263,1562 1235,1565 1231,1568 1206,1567 1205,1563 1194,1560 1185,1561 1178,1567 1142,1567 1137,1559 1120,1559 1111,1566 1042,1568 1042,1561"/>
        <Baseline points="434,1597 1398,1615"/>
        <Word id="region0011_line0021_word0000" custom="readingOrder {index:0;}">
          <Coords points="458,1559 457,1607 491,1607 499,1611 517,1611 520,1616 533,1617 547,1611 554,1611 561,1603 567,1603 570,1607 565,1617 567,1617 572,1617 585,1609 651,1610 651,1562 493,1559 490,1560 465,1559"/>
          <TextEquiv conf="0.92995995">
            <Unicode>maͤßigkeit</Unicode>
          </TextEquiv>
        </Word>
        <Word id="region0011_line0021_word0001" custom="readingOrder {index:1;}">
          <Coords points="728,1612 728,1566 667,1565 667,1603 668,1602 678,1611 692,1609 703,1612"/>
          <TextEquiv conf="0.9318614">
            <Unicode>der</Unicode>
          </TextEquiv>
        </Word>
        <Word id="region0011_line0021_word0002" custom="readingOrder {index:2;}">
          <Coords points="747,1561 746,1612 755,1614 870,1613 884,1616 924,1614 936,1619 947,1610 953,1613 953,1620 966,1621 966,1568 884,1565 884,1562 820,1562 815,1565 806,1561"/>
          <TextEquiv conf="0.92433465">
            <Unicode>Ausuͤbung</Unicode>
          </TextEquiv>
        </Word>
        <Word id="region0011_line0021_word0003" custom="readingOrder {index:3;}">
          <Coords points="996,1558 989,1561 989,1623 1006,1623 1009,1619 1018,1618 1101,1618 1101,1566 1042,1568 1042,1561 1036,1558 1017,1558 1015,1560 998,1558"/>
          <TextEquiv conf="0.93125093">
            <Unicode>ſeiner</Unicode>
          </TextEquiv>
        </Word>
        <Word id="region0011_line0021_word0004" custom="readingOrder {index:4;}">
          <Coords points="1121,1569 1121,1618 1154,1618 1159,1615 1194,1619 1227,1618 1232,1621 1251,1622 1253,1627 1273,1627 1277,1624 1377,1624 1377,1576 1371,1576 1369,1572 1334,1572 1330,1576 1319,1573 1301,1571"/>
          <TextEquiv>
            <Unicode>landesherrli⸗</Unicode>
          </TextEquiv>
        </Word>
        <TextEquiv>
          <Unicode>maͤßigkeit der Ausuͤbung ſeiner landesherrli⸗</Unicode>
        </TextEquiv>
      </TextLine>
      <TextLine id="region0011_line0022" custom="readingOrder {index:21;}">
        <Coords points="668,1603 658,1613 653,1610 639,1609 632,1611 628,1618 602,1618 601,1612 597,1610 585,1610 571,1620 566,1619 564,1616 569,1606 567,1604 561,1604 555,1610 556,1617 529,1620 497,1617 496,1611 491,1608 470,1608 465,1611 464,1616 436,1616 434,1667 475,1665 480,1670 493,1671 498,1669 563,1670 566,1675 584,1678 591,1669 597,1667 630,1667 639,1675 652,1677 661,1668 776,1672 846,1668 852,1669 860,1677 869,1671 875,1671 906,1674 913,1680 924,1681 935,1675 964,1675 971,1667 977,1666 986,1671 992,1679 1007,1674 1018,1676 1040,1669 1096,1671 1107,1675 1145,1678 1153,1687 1164,1686 1168,1679 1221,1682 1229,1678 1299,1684 1341,1681 1359,1682 1367,1685 1398,1682 1398,1632 1373,1632 1367,1626 1352,1625 1344,1631 1337,1632 1262,1632 1234,1628 1233,1623 1227,1619 1196,1619 1191,1625 1186,1625 1184,1618 1159,1616 1148,1625 1037,1622 1007,1624 997,1627 989,1624 954,1626 952,1613 944,1611 936,1620 937,1624 924,1615 909,1615 904,1618 903,1623 886,1623 883,1616 870,1614 857,1616 851,1622 834,1622 820,1621 815,1617 798,1620 771,1613 752,1615 736,1612 732,1615 713,1616 699,1614 692,1610 678,1612"/>
        <Baseline points="434,1655 1071,1661 1398,1672"/>
        <Word id="region0011_line0022_word0000" custom="readingOrder {index:0;}">
          <Coords points="464,1612 464,1616 456,1616 456,1665 475,1665 477,1667 543,1668 543,1618 529,1620 497,1617 496,1612"/>
          <TextEquiv conf="0.9273712">
            <Unicode>chen</Unicode>
          </TextEquiv>
        </Word>
        <Word id="region0011_line0022_word0001" custom="readingOrder {index:1;}">
          <Coords points="708,1615 699,1614 692,1610 678,1612 668,1603 658,1613 653,1610 639,1609 632,1611 628,1618 602,1618 601,1612 597,1610 585,1610 571,1620 566,1619 564,1616 569,1606 567,1604 561,1604 561,1669 563,1670 563,1671 589,1671 591,1669 597,1667 630,1667 635,1672 656,1672 661,1668 708,1669"/>
          <TextEquiv conf="0.9261888">
            <Unicode>Hoheit</Unicode>
          </TextEquiv>
        </Word>
        <Word id="region0011_line0022_word0002" custom="readingOrder {index:2;}">
          <Coords points="1062,1623 1037,1622 1007,1624 997,1627 989,1624 954,1626 952,1613 944,1611 936,1620 937,1624 924,1615 909,1615 904,1618 903,1623 886,1623 883,1616 870,1614 857,1616 851,1622 834,1622 820,1621 815,1617 798,1620 771,1613 752,1615 736,1612 735,1613 734,1671 776,1672 846,1668 852,1669 856,1673 865,1674 869,1671 875,1671 906,1674 906,1674 964,1675 971,1667 977,1666 986,1671 989,1675 1003,1675 1007,1674 1015,1675 1020,1675 1040,1669 1061,1670"/>
          <TextEquiv conf="0.9304949">
            <Unicode>Unterſuchungen</Unicode>
          </TextEquiv>
        </Word>
        <Word id="region0011_line0022_word0003" custom="readingOrder {index:3;}">
          <Coords points="1153,1621 1148,1625 1101,1624 1100,1672 1107,1675 1145,1678 1145,1679 1226,1680 1229,1678 1250,1680 1268,1680 1269,1632 1262,1632 1234,1628 1233,1623 1231,1622 1194,1621 1191,1625 1186,1625 1185,1621"/>
          <TextEquiv conf="0.92597693">
            <Unicode>anſtellen</Unicode>
          </TextEquiv>
        </Word>
        <Word id="region0011_line0022_word0004" custom="readingOrder {index:4;}">
          <Coords points="1347,1628 1344,1631 1337,1632 1297,1632 1297,1672 1376,1673 1376,1632 1373,1632 1369,1628"/>
          <TextEquiv conf="0.9316768">
            <Unicode>und</Unicode>
          </TextEquiv>
        </Word>
        <TextEquiv conf="0.92834175">
          <Unicode>chen Hoheit Unterſuchungen anſtellen und</Unicode>
        </TextEquiv>
      </TextLine>
      <TextLine id="region0011_line0023" custom="readingOrder {index:22;}">
        <Coords points="973,1667 964,1678 936,1679 924,1682 875,1672 869,1672 860,1678 852,1670 846,1669 777,1672 752,1678 691,1677 686,1670 661,1669 652,1678 636,1677 635,1671 630,1668 597,1668 591,1670 584,1679 495,1676 492,1671 480,1671 475,1666 463,1666 456,1668 452,1674 434,1673 434,1724 448,1724 449,1729 455,1730 485,1722 491,1726 510,1724 575,1724 582,1727 585,1736 599,1734 601,1728 609,1729 612,1736 623,1742 630,1738 636,1728 672,1728 685,1724 698,1727 736,1728 767,1723 788,1724 798,1729 824,1727 830,1730 859,1731 872,1741 876,1741 880,1729 924,1730 955,1725 966,1728 1022,1732 1031,1739 1039,1739 1048,1734 1071,1735 1072,1740 1083,1743 1090,1741 1095,1734 1108,1733 1114,1736 1171,1739 1187,1747 1202,1746 1208,1740 1224,1741 1228,1747 1234,1748 1242,1747 1249,1741 1263,1741 1269,1738 1329,1739 1333,1748 1341,1746 1351,1738 1364,1743 1370,1740 1397,1740 1398,1693 1367,1692 1366,1686 1359,1683 1341,1682 1336,1684 1333,1690 1288,1689 1283,1685 1273,1684 1268,1688 1246,1688 1245,1682 1229,1679 1220,1683 1217,1689 1153,1688 1108,1683 1105,1674 1096,1672 1083,1672 1074,1680 1062,1679 1060,1672 1040,1670 1029,1674 1025,1679 1007,1675 992,1680 986,1672"/>
        <Baseline points="434,1712 787,1714 1175,1729 1397,1729"/>
        <Word id="region0011_line0023_word0000" custom="readingOrder {index:0;}">
          <Coords points="455,1674 454,1729 458,1729 485,1722 491,1726 503,1724 503,1676 495,1676 494,1674"/>
          <TextEquiv conf="0.9225117">
            <Unicode>ſie</Unicode>
          </TextEquiv>
        </Word>
        <Word id="region0011_line0023_word0001" custom="readingOrder {index:1;}">
          <Coords points="586,1676 584,1679 523,1677 522,1724 575,1724 582,1727 585,1736 599,1734 601,1728 609,1729 612,1736 623,1742 630,1738 636,1728 672,1728 685,1724 698,1727 736,1728 752,1725 753,1678 752,1678 752,1678 748,1678 653,1677 652,1678 636,1677 636,1676"/>
          <TextEquiv conf="0.9283559">
            <Unicode>entſcheiden.</Unicode>
          </TextEquiv>
        </Word>
        <Word id="region0011_line0023_word0002" custom="readingOrder {index:2;}">
          <Coords points="955,1684 814,1682 813,1727 824,1727 830,1730 859,1731 872,1741 876,1741 880,1729 924,1730 954,1725"/>
          <TextEquiv conf="0.92423266">
            <Unicode>Wenn</Unicode>
          </TextEquiv>
        </Word>
        <Word id="region0011_line0023_word0003" custom="readingOrder {index:3;}">
          <Coords points="973,1674 972,1728 1022,1732 1029,1737 1041,1737 1048,1734 1052,1734 1053,1675 1028,1674 1025,1679 1007,1675 992,1680 987,1674"/>
          <TextEquiv conf="0.9265298">
            <Unicode>dieß</Unicode>
          </TextEquiv>
        </Word>
        <Word id="region0011_line0023_word0004" custom="readingOrder {index:4;}">
          <Coords points="1078,1681 1077,1741 1090,1741 1095,1734 1108,1733 1113,1735 1113,1683 1108,1683 1107,1681"/>
          <TextEquiv conf="0.93055445">
            <Unicode>ſo</Unicode>
          </TextEquiv>
        </Word>
        <Word id="region0011_line0023_word0005" custom="readingOrder {index:5;}">
          <Coords points="1219,1684 1217,1689 1153,1688 1132,1685 1132,1736 1161,1738 1264,1740 1269,1738 1304,1738 1304,1689 1288,1689 1283,1685 1271,1685 1268,1688 1246,1688 1245,1684"/>
          <TextEquiv conf="0.9293182">
            <Unicode>angehet:</Unicode>
          </TextEquiv>
        </Word>
        <Word id="region0011_line0023_word0006" custom="readingOrder {index:6;}">
          <Coords points="1337,1686 1336,1743 1344,1743 1351,1738 1364,1743 1370,1740 1374,1740 1374,1692 1367,1692 1366,1686"/>
          <TextEquiv conf="0.92811716">
            <Unicode>ſo</Unicode>
          </TextEquiv>
        </Word>
        <TextEquiv conf="0.92708856">
          <Unicode>ſie entſcheiden. Wenn dieß ſo angehet: ſo</Unicode>
        </TextEquiv>
      </TextLine>
      <TextLine id="region0011_line0024" custom="readingOrder {index:23;}">
        <Coords points="955,1726 916,1734 897,1734 893,1730 880,1730 876,1742 862,1735 830,1731 824,1728 798,1730 767,1724 746,1731 699,1733 697,1727 685,1725 671,1729 668,1734 634,1734 626,1743 610,1735 585,1737 581,1727 575,1725 553,1724 547,1730 529,1730 523,1725 510,1725 504,1730 492,1729 485,1723 475,1724 455,1731 434,1730 434,1781 448,1781 450,1788 458,1788 471,1780 545,1783 548,1789 560,1791 567,1788 569,1784 599,1782 667,1785 679,1782 684,1786 699,1789 703,1784 767,1781 853,1785 871,1783 879,1775 889,1785 944,1786 947,1792 955,1794 970,1787 991,1786 1050,1793 1197,1792 1229,1799 1291,1801 1295,1806 1307,1807 1316,1798 1326,1797 1331,1799 1333,1806 1340,1808 1353,1799 1397,1800 1398,1752 1365,1750 1364,1744 1356,1740 1351,1739 1334,1749 1318,1747 1316,1740 1313,1739 1300,1739 1287,1742 1285,1745 1277,1739 1269,1739 1262,1742 1260,1747 1251,1748 1187,1748 1120,1742 1108,1734 1095,1735 1090,1742 1083,1744 1066,1739 1031,1740 1024,1737 969,1735 965,1728"/>
        <Baseline points="434,1770 931,1774 1397,1789"/>
        <Word id="region0011_line0024_word0000" custom="readingOrder {index:0;}">
          <Coords points="533,1734 454,1733 453,1788 458,1788 471,1780 532,1782"/>
          <TextEquiv conf="0.9314142">
            <Unicode>ſind</Unicode>
          </TextEquiv>
        </Word>
        <Word id="region0011_line0024_word0001" custom="readingOrder {index:1;}">
          <Coords points="552,1733 551,1789 563,1789 567,1788 569,1784 596,1782 596,1736 585,1737 583,1733"/>
          <TextEquiv conf="0.9282316">
            <Unicode>ſie</Unicode>
          </TextEquiv>
        </Word>
        <Word id="region0011_line0024_word0002" custom="readingOrder {index:2;}">
          <Coords points="722,1736 633,1734 626,1743 618,1739 618,1782 667,1785 679,1782 684,1786 699,1789 703,1784 721,1783"/>
          <TextEquiv conf="0.9288509">
            <Unicode>mehr</Unicode>
          </TextEquiv>
        </Word>
        <Word id="region0011_line0024_word0003" custom="readingOrder {index:3;}">
          <Coords points="795,1782 796,1738 738,1737 737,1781 758,1781 767,1781 784,1781"/>
          <TextEquiv conf="0.9279316">
            <Unicode>als</Unicode>
          </TextEquiv>
        </Word>
        <Word id="region0011_line0024_word0004" custom="readingOrder {index:4;}">
          <Coords points="805,1735 804,1782 853,1785 871,1783 879,1775 889,1785 944,1786 946,1791 959,1792 970,1787 991,1786 1027,1790 1027,1738 1026,1737 878,1735 876,1742 863,1735"/>
          <TextEquiv conf="0.9248144">
            <Unicode>Landesherr</Unicode>
          </TextEquiv>
        </Word>
        <Word id="region0011_line0024_word0005" custom="readingOrder {index:5;}">
          <Coords points="1046,1741 1045,1787 1120,1788 1121,1742 1120,1742 1120,1742 1090,1742 1090,1742 1083,1744 1074,1741"/>
          <TextEquiv conf="0.9319749">
            <Unicode>und</Unicode>
          </TextEquiv>
        </Word>
        <Word id="region0011_line0024_word0006" custom="readingOrder {index:6;}">
          <Coords points="1140,1754 1248,1755 1247,1790 1139,1789"/>
          <TextEquiv conf="0.9263305">
            <Unicode>wenn</Unicode>
          </TextEquiv>
        </Word>
        <Word id="region0011_line0024_word0007" custom="readingOrder {index:7;}">
          <Coords points="1267,1742 1266,1798 1315,1799 1316,1798 1318,1798 1319,1747 1318,1747 1317,1743 1287,1742 1285,1745 1281,1742"/>
          <TextEquiv conf="0.9305941">
            <Unicode>ich</Unicode>
          </TextEquiv>
        </Word>
        <Word id="region0011_line0024_word0008" custom="readingOrder {index:8;}">
          <Coords points="1342,1744 1335,1747 1335,1801 1349,1801 1353,1799 1373,1799 1373,1750 1365,1750 1364,1744"/>
          <TextEquiv conf="0.9325132">
            <Unicode>ſo</Unicode>
          </TextEquiv>
        </Word>
        <TextEquiv conf="0.9291839">
          <Unicode>ſind ſie mehr als Landesherr und wenn ich ſo</Unicode>
        </TextEquiv>
      </TextLine>
      <TextLine id="region0011_line0025" custom="readingOrder {index:24;}">
        <Coords points="879,1776 871,1784 854,1785 848,1790 798,1782 785,1785 767,1782 717,1785 707,1786 703,1792 693,1787 672,1783 663,1791 618,1788 613,1783 599,1783 592,1788 568,1789 560,1792 485,1791 484,1783 471,1781 458,1789 434,1790 434,1846 448,1845 450,1849 459,1851 468,1849 475,1841 489,1839 502,1851 514,1849 522,1842 584,1841 588,1838 607,1841 637,1838 663,1844 668,1850 676,1850 683,1841 690,1841 698,1849 705,1845 785,1844 810,1839 860,1844 890,1841 911,1844 925,1842 939,1846 986,1849 987,1855 994,1860 1004,1860 1011,1849 1022,1849 1026,1852 1068,1853 1084,1849 1097,1855 1112,1856 1195,1857 1217,1853 1240,1855 1285,1853 1315,1853 1331,1857 1397,1857 1397,1805 1369,1805 1363,1800 1353,1800 1340,1809 1333,1807 1330,1799 1326,1798 1316,1799 1307,1808 1240,1804 1221,1797 1197,1793 1110,1794 1082,1800 1009,1796 1007,1791 998,1788 972,1789 955,1795 941,1793 935,1786 921,1785 914,1792 887,1792 888,1785"/>
        <Baseline points="434,1831 864,1831 1127,1844 1397,1846"/>
        <Word id="region0011_line0025_word0000" custom="readingOrder {index:0;}">
          <Coords points="466,1784 458,1789 440,1790 440,1841 475,1841 475,1841 489,1839 492,1841 536,1842 563,1841 563,1791 560,1792 485,1791 484,1784"/>
          <TextEquiv conf="0.92631584">
            <Unicode>ſagen</Unicode>
          </TextEquiv>
        </Word>
        <Word id="region0011_line0025_word0001" custom="readingOrder {index:1;}">
          <Coords points="600,1787 600,1839 607,1841 637,1838 661,1843 680,1843 683,1841 690,1841 692,1843 703,1844 703,1792 694,1787 666,1787 663,1791 618,1788 617,1787"/>
          <TextEquiv conf="0.9288769">
            <Unicode>darf,</Unicode>
          </TextEquiv>
        </Word>
        <Word id="region0011_line0025_word0002" custom="readingOrder {index:2;}">
          <Coords points="1083,1799 1082,1800 1009,1796 1007,1791 998,1788 972,1789 955,1795 941,1793 935,1786 921,1785 914,1792 887,1792 888,1785 879,1776 871,1784 854,1785 848,1790 798,1782 785,1785 767,1782 743,1783 742,1844 785,1844 810,1839 860,1844 890,1841 911,1844 925,1842 939,1846 986,1849 987,1855 992,1858 1004,1858 1011,1849 1022,1849 1026,1852 1068,1853 1083,1849"/>
          <TextEquiv conf="0.9252576">
            <Unicode>Oberlandesherr.</Unicode>
          </TextEquiv>
        </Word>
        <Word id="region0011_line0025_word0003" custom="readingOrder {index:3;}">
          <Coords points="1143,1796 1143,1845 1251,1846 1251,1804 1240,1804 1221,1797 1219,1796"/>
          <TextEquiv conf="0.9275447">
            <Unicode>Wer</Unicode>
          </TextEquiv>
        </Word>
        <Word id="region0011_line0025_word0004" custom="readingOrder {index:4;}">
          <Coords points="1280,1843 1374,1845 1374,1805 1369,1805 1363,1800 1353,1800 1340,1809 1333,1807 1330,1799 1326,1798 1316,1799 1307,1808 1280,1806"/>
          <TextEquiv conf="0.92733645">
            <Unicode>wird</Unicode>
          </TextEquiv>
        </Word>
        <TextEquiv conf="0.9270663">
          <Unicode>ſagen darf, Oberlandesherr. Wer wird</Unicode>
        </TextEquiv>
      </TextLine>
      <TextLine id="region0011_line0026" custom="readingOrder {index:25;}">
        <Coords points="810,1840 770,1847 698,1850 690,1842 683,1842 676,1851 648,1849 647,1843 637,1839 623,1839 614,1847 606,1847 605,1841 600,1839 588,1839 581,1847 576,1841 563,1840 553,1846 502,1852 489,1840 483,1840 473,1843 465,1851 434,1851 434,1896 483,1900 570,1901 593,1898 613,1899 620,1907 629,1907 643,1900 667,1900 675,1896 695,1899 716,1898 729,1901 770,1896 814,1901 903,1904 913,1905 919,1909 937,1905 959,1904 979,1907 1009,1906 1034,1910 1137,1911 1148,1909 1190,1909 1197,1912 1215,1910 1227,1915 1237,1910 1287,1912 1301,1915 1333,1912 1339,1915 1398,1917 1397,1865 1342,1863 1323,1859 1315,1854 1240,1856 1217,1854 1201,1858 1167,1862 1095,1861 1094,1855 1084,1850 1069,1853 1066,1860 1027,1859 1025,1852 1010,1850 1004,1861 994,1861 987,1856 958,1853 954,1850 936,1852 935,1846 925,1843 912,1844 908,1848 901,1842 890,1842 885,1844 881,1850 874,1850 843,1841"/>
        <Baseline points="434,1886 827,1888 1398,1906"/>
        <Word id="region0011_line0026_word0000" custom="readingOrder {index:0;}">
          <Coords points="466,1849 465,1851 451,1851 451,1895 542,1896 542,1850 520,1849 502,1852 499,1849"/>
          <TextEquiv conf="0.9263587">
            <Unicode>aber</Unicode>
          </TextEquiv>
        </Word>
        <Word id="region0011_line0026_word0001" custom="readingOrder {index:1;}">
          <Coords points="641,1851 563,1849 563,1900 570,1901 593,1898 613,1899 618,1905 631,1905 641,1901"/>
          <TextEquiv conf="0.93190175">
            <Unicode>dieß</Unicode>
          </TextEquiv>
        </Word>
        <Word id="region0011_line0026_word0002" custom="readingOrder {index:2;}">
          <Coords points="777,1853 662,1852 662,1898 670,1898 675,1896 689,1898 707,1898 716,1898 718,1898 747,1898 770,1896 777,1896"/>
          <TextEquiv conf="0.9299294">
            <Unicode>einem</Unicode>
          </TextEquiv>
        </Word>
        <Word id="region0011_line0026_word0003" custom="readingOrder {index:3;}">
          <Coords points="800,1851 800,1899 814,1901 903,1904 913,1905 919,1909 937,1905 959,1904 975,1906 975,1855 958,1853 958,1853"/>
          <TextEquiv conf="0.93050367">
            <Unicode>Gerichte</Unicode>
          </TextEquiv>
        </Word>
        <Word id="region0011_line0026_word0004" custom="readingOrder {index:4;}">
          <Coords points="1008,1853 1004,1861 994,1861 991,1859 991,1903 1232,1907 1232,1857 1207,1857 1201,1858 1167,1862 1095,1861 1094,1855 1093,1855 1068,1854 1066,1860 1027,1859 1025,1854"/>
          <TextEquiv conf="0.92625475">
            <Unicode>einraͤumen?</Unicode>
          </TextEquiv>
        </Word>
        <Word id="region0011_line0026_word0005" custom="readingOrder {index:5;}">
          <Coords points="1263,1860 1263,1907 1373,1909 1373,1864 1342,1863 1333,1861"/>
          <TextEquiv conf="0.9326479">
            <Unicode>Eben</Unicode>
          </TextEquiv>
        </Word>
        <TextEquiv conf="0.92959934">
          <Unicode>aber dieß einem Gerichte einraͤumen? Eben</Unicode>
        </TextEquiv>
      </TextLine>
      <TextLine id="region0011_line0027" custom="readingOrder {index:26;}">
        <Coords points="770,1897 762,1904 753,1899 740,1900 736,1904 722,1904 716,1899 706,1898 692,1904 686,1898 675,1897 668,1900 665,1906 629,1908 599,1908 597,1900 593,1899 580,1899 576,1901 573,1909 488,1906 479,1900 470,1899 464,1899 456,1905 435,1905 434,1968 435,1971 462,1974 467,1972 472,1964 484,1961 537,1961 587,1965 594,1971 606,1972 618,1965 651,1961 759,1960 904,1968 915,1978 926,1979 933,1971 938,1971 945,1980 959,1979 967,1971 987,1971 994,1981 1005,1982 1013,1972 1020,1971 1128,1973 1133,1982 1147,1984 1155,1974 1198,1974 1199,1978 1211,1982 1223,1978 1226,1974 1274,1973 1278,1976 1287,1977 1291,1974 1365,1973 1398,1968 1396,1924 1347,1922 1341,1921 1340,1917 1333,1913 1322,1913 1313,1919 1303,1919 1298,1914 1287,1913 1225,1918 1215,1911 1197,1913 1184,1910 1170,1912 1167,1916 1158,1911 1148,1910 1135,1912 1133,1917 1128,1919 1087,1920 1079,1919 1078,1913 1073,1910 1061,1909 1054,1917 1042,1917 1029,1916 1023,1910 1009,1907 996,1909 992,1913 966,1912 959,1905 937,1906 921,1910 908,1910 903,1905 887,1905 884,1910 868,1910 847,1907 836,1901 816,1901 809,1906 786,1906 784,1900"/>
        <Baseline points="434,1956 669,1950 1170,1965 1398,1959"/>
        <Word id="region0011_line0027_word0000" custom="readingOrder {index:0;}">
          <Coords points="452,1907 451,1969 469,1969 472,1964 484,1961 537,1961 587,1965 594,1971 608,1971 614,1967 615,1909 573,1908 573,1909 551,1908"/>
          <TextEquiv conf="0.9312835">
            <Unicode>ſowenig</Unicode>
          </TextEquiv>
        </Word>
        <Word id="region0011_line0027_word0001" custom="readingOrder {index:1;}">
          <Coords points="634,1909 726,1911 725,1960 633,1958"/>
          <TextEquiv conf="0.92997247">
            <Unicode>wird</Unicode>
          </TextEquiv>
        </Word>
        <Word id="region0011_line0027_word0002" custom="readingOrder {index:2;}">
          <Coords points="797,1961 798,1912 744,1911 743,1960 748,1960 759,1960 767,1960"/>
          <TextEquiv conf="0.9269635">
            <Unicode>die</Unicode>
          </TextEquiv>
        </Word>
        <Word id="region0011_line0027_word0003" custom="readingOrder {index:3;}">
          <Coords points="1027,1915 815,1912 814,1963 904,1968 912,1975 928,1975 933,1971 938,1971 941,1975 961,1976 967,1971 987,1971 990,1976 1009,1976 1013,1972 1020,1971 1026,1971"/>
          <TextEquiv conf="0.9253963">
            <Unicode>Landſchaft</Unicode>
          </TextEquiv>
        </Word>
        <Word id="region0011_line0027_word0004" custom="readingOrder {index:4;}">
          <Coords points="1043,1917 1042,1966 1117,1967 1117,1919 1087,1920 1079,1919 1078,1917"/>
          <TextEquiv conf="0.9314055">
            <Unicode>eine</Unicode>
          </TextEquiv>
        </Word>
        <Word id="region0011_line0027_word0005" custom="readingOrder {index:5;}">
          <Coords points="1247,1920 1136,1918 1135,1977 1152,1977 1155,1974 1198,1974 1199,1978 1199,1978 1221,1979 1223,1978 1226,1974 1246,1974"/>
          <TextEquiv conf="0.93155396">
            <Unicode>ſolche</Unicode>
          </TextEquiv>
        </Word>
        <Word id="region0011_line0027_word0006" custom="readingOrder {index:6;}">
          <Coords points="1258,1920 1257,1971 1365,1972 1372,1971 1372,1923 1347,1922 1343,1921"/>
          <TextEquiv conf="0.6605533">
            <Unicode>Eroͤr⸗</Unicode>
          </TextEquiv>
        </Word>
        <TextEquiv conf="0.89101833">
          <Unicode>ſowenig wird die Landſchaft eine ſolche Eroͤr⸗</Unicode>
        </TextEquiv>
      </TextLine>
      <TextEquiv>
        <Unicode>den Landesvertraͤgen nicht zuwider, ſondern
gemaͤß zu leben? Nur ein Hoͤherer kann dieß
befehlen. Wer kann aber ſagen, daß ein
Oberappellationsgericht hoͤher als der Lan⸗
desherr ſey. Wenn die Reichsſtaͤnde davor
halten, daß der Kayſer gegen die Reichsge⸗
ſetze und die Wahlcapitulation ſich einer
groͤſſern Macht bediene, werden ſie denn
wohl ſich dagegen an die Reichsgerichte wen⸗
den? oder iſt es wohl natuͤrlich zu denken,
daß dieſe dem Kayſer mittelſt eines Mandats
anbefehlen werden, die Wahlcapitulation
nicht zu brechen, ſondern zu halten? Dieß
nur zu denken, geſchweige denn zu behaup⸗
ten, zeiget von einer offenbaren Ungereimt⸗
heit. Nicht anderſt koͤmmt es mir vor, wenn
der Landesherr und die Landſtaͤnde miteinan⸗
der in Streit liegen. Jener wird nimmer⸗
mehr zugeben, daß ſeine Bediente und Raͤ⸗
the uͤber die Rechtmaͤßigkeit oder Unrecht⸗
maͤßigkeit der Ausuͤbung ſeiner landesherrli⸗
chen Hoheit Unterſuchungen anſtellen und
ſie entſcheiden. Wenn dieß ſo angehet: ſo
ſind ſie mehr als Landesherr und wenn ich ſo
ſagen darf, Oberlandesherr. Wer wird
aber dieß einem Gerichte einraͤumen? Eben
ſowenig wird die Landſchaft eine ſolche Eroͤr⸗</Unicode>
      </TextEquiv>
    </TextRegion>
  </Page>
</PcGts>
