2576 2990
950 562 1032 609 muß
1047 575 1079 603 er
1095 575 1140 605 an
1151 566 1237 607 einer
1252 567 1369 614 harten
1376 566 1577 619 Kranckheit
1589 571 1726 621 ſterben.
1752 569 1883 623 Daher
1894 573 1993 625 darff
2000 586 2082 619 man
2095 577 2182 621 denn
2188 578 2239 621 die
2247 576 2319 618 klei⸗

948 628 1013 660 nen
1021 619 1154 662 Kinder
1163 628 1230 661 von
1244 622 1308 663 den
1322 619 1530 672 wuͤrcklichen
1541 624 1701 671 Suͤnden
1710 625 1744 674 ſo
1757 634 1820 674 gar
1836 627 1904 670 rein
1917 628 2001 678 nicht
2011 629 2170 682 ſprechen.
2208 632 2248 677 O
2259 635 2316 674 der

946 670 1019 722 boͤſe
1032 673 1164 718 Baum
1178 670 1271 723 laͤſſet
1284 674 1345 721 ſich
1360 676 1440 718 bald
1459 677 1614 720 erkennen
1629 688 1675 719 an
1691 677 1798 728 ſeinen
1813 677 1907 731 boͤſen
1924 679 2118 735 Fruͤchten/
2115 684 2219 734 daher
2234 681 2317 729 auch

948 722 1059 763 weder
1066 719 1173 770 Jung
1176 717 1256 770 noch
1274 724 1322 767 Alt
1348 722 1402 775 fuͤr
1416 727 1491 769 dem
1510 726 1610 773 Tode
1626 728 1721 781 ſicher
1732 729 1779 781 iſt.
1831 731 1947 777 Denn
1962 731 2078 785 durch
2089 737 2193 777 einen
2204 736 2318 776 Men⸗

947 773 1049 823 ſchen
1065 774 1113 822 iſt
1124 778 1185 817 die
1200 773 1347 818 Suͤnde
1359 780 1398 818 in
1415 779 1475 820 die
1490 779 1610 822 Welt
1624 779 1862 833 gekommen/
1877 784 1954 824 und
1966 783 2084 836 durch
2100 789 2161 829 die
2174 784 2318 833 Suͤnde

946 829 1017 869 der
1025 821 1130 872 Tod/
1141 827 1217 867 und
1231 827 1282 873 iſt
1297 829 1375 879 alſo
1389 833 1454 872 der
1460 832 1550 875 Tod
1562 843 1608 879 zu
1624 833 1727 875 allen
1734 832 1942 888 Menſchen
1956 835 2144 888 hindurch
2157 839 2318 888 gedrun⸗

947 876 1043 925 gen/
1055 877 1205 918 dieweil
1222 877 1270 929 ſie
1282 879 1357 921 alle
1372 876 1594 932 geſuͤndiget
1610 881 1753 933 haben.
1768 888 1867 924 Rom.
1880 890 1919 929 V,
1936 900 1980 925 12.
2030 886 2158 938 Haben
2173 899 2242 932 nun
2255 890 2316 931 alle

948 927 1133 980 Menſchen
1146 925 1336 981 geſuͤndiget
1350 932 1467 982 welche
1479 934 1628 988 ſterben/
1630 936 1663 985 ſo
1678 936 1786 987 haben
1801 937 1883 988 auch
1898 940 1950 982 die
1963 940 2087 986 kleinen
2101 942 2232 986 Kinder
2245 944 2317 981 actu

950 981 1019 1024 und
1035 979 1203 1031 wuͤrcklich
1212 980 1420 1035 geſuͤndiget/
1425 984 1500 1034 weil
1515 978 1566 1041 ſie
1564 988 1688 1038 ſowohl
1705 989 1827 1039 ſterben
1843 991 1899 1034 als
1914 992 1966 1035 die
1982 993 2096 1037 Alten.
2148 995 2201 1040 Es
2212 992 2319 1041 moͤch⸗

950 1039 1002 1072 ten
1018 1041 1107 1081 zwar
1124 1034 1214 1083 wohl
1228 1033 1329 1081 einige
1345 1035 1551 1086 gedencken/
1551 1043 1631 1081 was
1645 1037 1725 1089 doch
1738 1042 1827 1091 wohl
1841 1042 1940 1085 kleine
1953 1043 2085 1088 Kinder
2100 1043 2153 1096 fuͤr
2171 1043 2318 1089 wuͤrckli⸗

947 1089 1000 1137 che
1010 1088 1145 1135 Suͤnde
1154 1085 1256 1140 thun/
1259 1090 1326 1140 daß
1336 1090 1377 1136 ſie
1388 1092 1470 1143 auch
1482 1095 1658 1144 deswegen
1674 1096 1748 1138 dem
1755 1098 1857 1143 Tode
1865 1099 2100 1152 unterworffen
2115 1103 2188 1150 ſeyn
2196 1102 2315 1151 ſolten:

946 1138 1045 1181 allein
1060 1149 1130 1183 wer
1142 1140 1226 1191 weiß
1241 1142 1309 1185 und
1323 1142 1418 1193 ſiehet
1432 1139 1546 1195 nicht/
1550 1147 1607 1187 der
1618 1155 1681 1187 nur
1689 1146 1756 1197 auf
1764 1148 1822 1192 der
1838 1148 1960 1193 kleinen
1969 1150 2101 1197 Kinder
2117 1153 2249 1205 Weſen
2264 1151 2315 1194 ein

947 1190 1057 1239 wenig
1073 1192 1147 1240 acht
1160 1190 1239 1242 hat/
1243 1194 1312 1239 wie
1320 1197 1377 1238 der
1384 1197 1476 1245 Eifer
1489 1198 1560 1241 und
1577 1199 1634 1241 der
1641 1198 1822 1252 Eigenſinn
1837 1201 1898 1250 bey
1913 1202 2012 1252 ihnen
2027 1203 2089 1257 ſich
2103 1202 2213 1255 herfuͤr
2230 1200 2319 1250 thut/

947 1243 1046 1276 wenn
1071 1240 1106 1275 es
1128 1237 1228 1279 kaum
1245 1238 1295 1280 ein
1310 1238 1465 1284 Viertel⸗
1481 1241 1558 1282 oder
1571 1240 1688 1290 halbes
1706 1244 1807 1293 Jahr
1829 1246 1880 1285 alt
1896 1246 1965 1300 iſt/
1965 1248 2034 1287 und
2057 1250 2136 1296 noch
2158 1259 2203 1290 an
2220 1247 2315 1298 ſeiner

945 1296 1085 1340 Mutter
1093 1294 1208 1345 Bruſt
1221 1297 1288 1343 auf
1296 1299 1372 1340 dem
1386 1297 1535 1350 Schooß
1547 1299 1663 1353 lieget;
1691 1300 1754 1343 wie
1765 1311 1847 1344 man
1860 1303 1952 1352 wohl
1967 1304 2022 1353 ehe
2036 1302 2169 1356 gehoͤret
2182 1307 2251 1351 und
2267 1316 2314 1348 er⸗

945 1342 1093 1391 fahren/
1102 1345 1168 1396 daß
1187 1346 1236 1388 ein
1255 1347 1350 1392 Kind
1364 1351 1431 1390 das
1449 1352 1571 1392 andere
1586 1349 1682 1401 ſcheel
1699 1351 1913 1406 angeſehen/
1920 1354 1988 1405 daß
2006 1361 2043 1397 es
2060 1357 2163 1400 neben
2179 1357 2246 1408 ihm
2264 1355 2315 1398 die

945 1396 1062 1449 Bruſt
1074 1397 1235 1448 geſogen/
1230 1400 1299 1442 und
1310 1410 1391 1445 man
1403 1402 1527 1452 dahero
1537 1404 1598 1447 mit
1610 1405 1688 1447 dem
1696 1406 1874 1455 Auguſtino
1888 1409 1946 1457 (g)
1955 1408 2047 1457 wohl
2059 1410 2157 1459 ſagen
2173 1409 2315 1459 moͤchte:

941 1449 1102 1489 Tantillus
1115 1462 1203 1498 puer,
1214 1461 1319 1487 tantus
1333 1456 1499 1501 peccator!
1525 1454 1593 1498 Ein
1602 1455 1722 1501 kleines
1729 1456 1846 1508 Kind/
1851 1456 1902 1500 ein
1913 1459 2034 1508 groſſer
2042 1459 2217 1517 Suͤnder!
2245 1461 2315 1507 So

943 1495 1038 1541 waͤre
1049 1504 1086 1541 es
1098 1511 1167 1541 nun
1184 1512 1228 1542 an
1241 1499 1334 1551 boͤſen
1346 1503 1498 1547 Kindern
1512 1506 1581 1549 kein
1589 1507 1790 1558 Wunder/
1786 1517 1886 1552 wenn
1898 1511 2010 1554 GOtt
2023 1512 2180 1560 dieſelben
2190 1505 2239 1559 als
2258 1512 2312 1554 ein

943 1545 1099 1596 Gaͤrtner
1109 1552 1177 1594 das
1194 1554 1289 1601 junge
1303 1553 1475 1600 Unkraut/
1482 1558 1538 1605 ehe
1551 1563 1588 1597 es
1603 1556 1655 1598 die
1670 1565 1773 1607 guten
1788 1554 1973 1613 Gewaͤchſe
1989 1562 2135 1615 erſticken
2145 1564 2223 1606 kan/
2256 1565 2372 1606 oder

939 1604 997 1647 als
1010 1604 1060 1647 ein
1069 1598 1185 1655 Jaͤger
1197 1606 1248 1647 die
1258 1609 1378 1654 jungen
1387 1607 1551 1661 Woͤlffe/
1553 1613 1609 1659 ehe
1627 1612 1669 1660 ſie
1681 1611 1855 1662 Schaden
1871 1614 1953 1663 thun
1965 1611 2104 1664 koͤnnen/
2118 1608 2313 1660 ausrottete/

940 1654 1005 1697 wie
1020 1657 1103 1705 auch
1115 1658 1174 1700 der
1189 1658 1302 1707 heilige
1317 1659 1448 1705 David
1462 1663 1569 1710 ſaget:
1596 1664 1686 1709 Ehe
1698 1665 1785 1713 ihre
1800 1667 1958 1709 Dornen
1972 1666 2072 1720 reiff
2078 1670 2229 1712 werden
2243 1677 2310 1709 am

939 1708 1225 1760 Dornſtrauch/
1235 1714 1336 1753 wird
1350 1712 1400 1761 ſie
1412 1717 1496 1756 dein
1515 1717 1620 1761 Zorn
1633 1717 1672 1764 ſo
1687 1715 1800 1767 friſch
1816 1717 2054 1768 wegreiſſen;
2073 1726 2116 1764 Pſ.
2132 1727 2243 1765 LVIll,
2263 1734 2311 1760 10.

937 1760 997 1800 als
1011 1769 1100 1803 etwa
1115 1763 1164 1804 die
1182 1762 1277 1812 boͤſen
1287 1763 1420 1809 Buben
1420 1764 1463 1808 zu
1470 1760 1620 1811 Bethel/
1627 1769 1680 1812 die
1688 1769 1750 1810 des
1757 1769 1953 1820 Propheten
1962 1768 2056 1821 Eliſaͤ
2064 1767 2239 1824 ſpotteten/
2240 1780 2306 1815 von

939 1807 1003 1847 den
1011 1802 1162 1853 Baͤren/
1181 1802 1219 1854 ſo
1214 1814 1281 1850 aus
1299 1811 1373 1851 dem
1392 1810 1533 1855 Walde
1544 1812 1677 1864 kamen/
1687 1812 1818 1865 zuriſſen
1834 1815 1991 1869 wurden/
2004 1832 2030 1854 2.
2046 1820 2126 1869 Reg.
2141 1821 2183 1859 Il,
2196 1828 2239 1864 23.
2250 1814 2305 1860 24.

939 1863 1034 1907 Daß
1051 1863 1129 1905 aber
1144 1865 1309 1910 GOTT
1324 1869 1382 1909 der
1390 1866 1499 1913 HErr
1514 1867 1598 1917 auch
1611 1868 1663 1911 die
1677 1869 1842 1919 frommen
1857 1872 1988 1917 Kinder
2003 1874 2064 1926 offt
2080 1876 2113 1919 in
2129 1877 2186 1918 der
2198 1878 2306 1924 zarten

937 1907 1098 1957 Kindheit
1113 1911 1235 1957 ſterben
1247 1907 1360 1962 laͤſſet/
1367 1913 1406 1963 iſt
1413 1913 1639 1965 bedencklich/
1637 1915 1718 1964 doch
1728 1917 1783 1966 ehe
1798 1917 2030 1971 begreifflich/
2024 1931 2124 1965 wenn
2141 1921 2232 1965 derer
2247 1919 2309 1965 El⸗

937 1969 1008 2005 tern
1020 1960 1090 2013 boͤſe
1106 1962 1205 2014 ſind/
1203 1966 1272 2008 und
1289 1965 1349 2017 ſich
1363 1977 1409 2007 an
1424 1965 1536 2011 GOtt
1549 1967 1726 2020 ſchwerlich
1742 1966 1955 2029 verſuͤndiget
1969 1974 2093 2025 haben/
2104 1976 2190 2017 denn
2207 1970 2307 2025 ſolche

936 2016 1055 2059 Eltern
1074 2016 1178 2066 achtet
1194 2019 1305 2064 GOtt
1315 2021 1373 2061 der
1387 2020 1496 2069 HErr
1510 2021 1596 2070 ihrer
1610 2022 1742 2068 Kinder
1755 2023 1841 2073 nicht
1855 2024 2012 2078 wuͤrdig/
2012 2027 2152 2077 ſondern
2169 2028 2308 2072 nimmet

938 2069 981 2115 ſie
993 2070 1091 2114 ihnen
1107 2081 1143 2119 zu
1156 2070 1259 2118 ihrem
1274 2073 1401 2120 groſſen
1411 2072 1604 2121 Hertzeleid.
1652 2076 1734 2127 Alſo
1747 2078 1851 2127 nahm
1863 2089 1897 2121 er
1912 2079 1969 2122 des
1991 2075 2124 2134 Koͤnigs
2141 2076 2310 2134 Jerobeam

937 2116 1052 2164 Sohn
1063 2116 1210 2164 hinweg/
1219 2118 1257 2164 an
1267 2117 1421 2166 welchem
1430 2113 1511 2169 noch
1523 2127 1634 2167 etwas
1640 2123 1759 2169 Gutes
1766 2122 1929 2177 gefunden
1945 2126 2054 2170 ward.
2065 2143 2086 2168 1.
2109 2133 2171 2180 Reg.
2189 2133 2257 2171 XIV,
2268 2139 2304 2170 17.

932 2168 1005 2215 So
1018 2171 1116 2212 ward
1123 2173 1184 2213 des
1194 2172 1346 2217 Davids
1354 2168 1541 2225 Ehebruch/
1546 2175 1579 2225 ſo
1586 2187 1622 2219 er
1628 2178 1691 2221 mit
1718 2176 1773 2231 der
1758 2176 1943 2230 Bathſeba
1953 2178 2138 2230 begangen/
2146 2177 2309 2234 beſtrafft/

934 2225 983 2268 da
997 2225 1159 2270 GOTT
1173 2228 1239 2269 das
1252 2221 1362 2268 Kind/
1369 2228 1508 2278 welches
1527 2228 1567 2275 ſie
1577 2231 1610 2272 in
1619 2229 1772 2280 Unehren
1781 2230 1842 2274 mit
1851 2232 2008 2276 einander
2017 2240 2166 2285 gezeuget
2178 2232 2307 2283 hatten/

933 2275 1060 2322 ſterben
1082 2275 1165 2323 ließ:
1187 2290 1213 2311 2.
1222 2281 1299 2313 Sam
1323 2281 1395 2321 XIl,
1411 2292 1457 2325 14.
1506 2278 1619 2324 GOtt
1635 2281 1707 2325 eilet
1723 2274 1785 2324 mit
1800 2282 1863 2324 den
1885 2282 2049 2334 frommen
2066 2287 2218 2331 Kindern
2233 2286 2302 2328 aus

932 2326 1049 2373 dieſem
1066 2322 1191 2368 Leben/
1199 2334 1294 2369 unter
1313 2328 1375 2370 den
1397 2328 1603 2381 Suͤndern/
1609 2332 1677 2373 und
1696 2334 1851 2375 werden
1867 2332 2121 2386 hingeruͤcket/
2139 2339 2219 2387 daß
2240 2337 2301 2377 die

930 2374 1113 2425 Boßheit
1134 2377 1246 2419 ihren
1263 2370 1459 2427 Verſtand
1473 2379 1575 2427 nicht
1589 2380 1793 2435 verkehre/
1803 2387 1896 2431 noch
1917 2384 2048 2434 falſche
2068 2387 2194 2436 Lehre
2213 2385 2331 2438 ihre

928 2428 1048 2474 Seele
1059 2428 1234 2477 betriege.
1266 2431 1371 2471 Denn
1387 2433 1468 2481 ihre
1480 2433 1599 2478 Seele
1610 2436 1772 2486 gefaͤllet
1782 2438 1921 2482 GOtt.
1930 2443 2067 2490 Sap.
2021 2439 2067 2493 IV,
2075 2455 2123 2478 10.
2134 2430 2217 2485 ſqq.

1052 2493 1085 2519 2.
1097 2480 1187 2525 Wie
1203 2478 1320 2525 ſchwer
1335 2479 1404 2522 und
1417 2478 1546 2525 betruͤbt
1563 2487 1599 2524 es
1615 2485 1678 2525 den
1698 2482 1814 2528 Eltern
1828 2486 1899 2529 und
1913 2486 2147 2535 Angehoͤrigen
2157 2483 2298 2535 fuͤrkoͤm⸗

2216 2545 2297 2585 met/

966 2583 1027 2622 (g)
1051 2586 1172 2617 Confeſſ.
1184 2585 1263 2616 lib.
1250 2581 1272 2619 I.
1273 2587 1496 2628 cap.
1355 2582 1377 2627 I2
1397 2589 1464 2628 Tom.
1475 2586 1502 2632 I.
1506 2592 1590 2629 p.70.
