1698 2523
1029 324 1110 357 230

638 409 663 448 ſe
680 409 750 447 freie
764 409 846 450 frohe
860 408 1116 453 Zuſammenkunft
1135 414 1192 447 mit
1209 412 1274 452 euch
1296 413 1373 448 keine
1387 414 1475 456 Rech⸗

636 462 719 496 nung
736 456 866 495 machen.

678 521 767 562 Herz.
785 524 881 559 O.tto.
904 526 954 560 So
972 523 1074 567 muͤſſet
1090 526 1135 565 ihr
1150 533 1204 567 gar
1228 526 1399 561 wunderbar
1418 532 1476 562 und

637 579 691 612 gar
710 573 811 614 ſchnell
830 573 930 615 erloͤſet
946 577 1062 610 worden
1085 577 1158 617 ſein!

675 641 772 682 Erzb.
797 643 920 684 Wezel.
957 645 1059 679 Wider
1083 645 1139 679 alle
1166 646 1346 687 Erwartung
1378 645 1478 688 ſchnell

635 693 693 723 und
722 692 792 732 auch
817 692 1009 734 wunderbar;
1043 697 1117 728 denn
1143 698 1197 730 wir
1221 696 1317 738 wiſſen
1344 702 1375 732 es
1400 697 1477 740 ſelbſt

634 738 704 778 noch
720 739 811 779 nicht:
834 742 889 774 wie
911 744 969 774 und
987 742 1151 784 wodurch?

674 807 764 848 Herz.
785 809 878 844 Otto.
900 811 972 846 Das
989 814 1079 853 wiſſet
1096 815 1140 852 ihr
1155 813 1235 854 ſelbſt
1253 815 1329 856 nicht
1348 814 1476 850 einmal?

633 853 758 889 Traun!
778 855 806 894 ſo
824 856 897 896 muß
914 859 960 890 ein
974 854 1071 898 Engel
1084 858 1195 893 Gottes
1213 859 1278 898 euch
1305 862 1350 894 die
1373 859 1476 895 Kerker

630 903 750 947 geoͤfnet
768 906 874 944 haben.

670 973 819 1015 Pfalzgr.
836 974 1005 1015 Friedrich.
1025 976 1078 1011 So
1098 977 1143 1016 ihr
1166 980 1222 1012 den
1234 977 1343 1019 Koͤnig
1366 977 1415 1018 fuͤr
1439 982 1476 1012 ei⸗

632 1028 687 1054 nen
706 1022 800 1064 Engel
818 1024 930 1059 Gottes
946 1025 1046 1065 halten
1070 1016 1256 1065 wollet—

669 1101 758 1142 Herz.
778 1104 871 1138 Otto.
893 1106 954 1145 Jhr
969 1105 1089 1146 ſcherzt,
1110 1105 1191 1146 Herr
1204 1106 1380 1150 Pfalzgraf!
1401 1109 1473 1148 dieſe

629 1148 725 1186 Ehre,
754 1152 812 1182 mit
832 1153 925 1183 einem
956 1142 1052 1193 Engel
1082 1151 1258 1192 verglichen,
1294 1157 1361 1185 oder
1392 1152 1474 1194 ſogar

630 1202 709 1241 ſelbſt
729 1201 816 1244 dafuͤr
841 1201 974 1243 gehalten
998 1210 1033 1242 zu
1060 1206 1190 1243 werden,
1220 1205 1255 1245 iſt
1280 1208 1346 1242 dem
1377 1204 1474 1247 Koͤnig

630 1250 691 1284 wol
710 1252 780 1291 noch
797 1254 874 1291 nicht
889 1251 1115 1294 wiederfahren!

668 1330 815 1371 Pfalzgr.
839 1331 1006 1373 Friedrich.
1034 1332 1093 1372 Jch
1124 1339 1195 1374 mag
1226 1333 1297 1374 auch
1325 1335 1401 1376 nicht
1426 1339 1474 1370 der

629 1378 710 1418 Erſte
726 1383 785 1414 und
803 1380 923 1422 Einzige
935 1381 1011 1421 ſein,
1032 1384 1082 1415 der
1099 1383 1162 1421 ihm
1193 1384 1280 1424 ſolche
1302 1386 1375 1425 hohe
1398 1385 1487 1425 Ehre

628 1429 836 1469 wiederfahren
854 1430 941 1470 laſſen
957 1430 1029 1465 will.
1072 1434 1182 1468 Soviel
1199 1434 1233 1474 iſt
1258 1434 1326 1468 aber
1344 1429 1410 1471 doch
1427 1443 1474 1475 ge⸗

629 1482 686 1512 wis
702 1483 760 1514 und
778 1483 833 1514 das
852 1481 962 1516 koͤnnen
979 1484 1035 1516 wir
1049 1484 1127 1521 nicht
1151 1482 1292 1526 leugnen,
1321 1487 1379 1526 daß
1401 1485 1473 1520 Nie⸗

627 1533 717 1564 mand
735 1534 858 1571 anders,
881 1533 930 1566 als
946 1537 993 1568 der
1010 1534 1108 1575 Koͤnig
1125 1550 1189 1567 ...

667 1607 757 1646 Herz.
781 1607 941 1652 Magnus.
972 1609 1038 1646 Und
1059 1612 1130 1651 noch
1155 1610 1288 1647 uͤberdies
1309 1620 1383 1654 ganz
1404 1612 1470 1654 frei⸗

626 1656 719 1698 willig
736 1674 775 1680 —

664 1737 758 1778 Erzb.
777 1738 899 1779 Wezel.
921 1739 1008 1777 Ohne
1017 1739 1205 1779 unſerBitten
1216 1740 1425 1782 undBegehren
1428 1744 1469 1779 —

664 1809 754 1851 Herz.
779 1813 873 1846 Otto.
905 1813 1001 1847 Wenn
1024 1817 1069 1854 ihr
1097 1816 1174 1853 nicht
1205 1815 1466 1857 freundſchaftliche

623 1860 772 1902 Kurzweil
799 1865 855 1896 mit
879 1865 937 1898 mir
959 1864 1065 1905 treibt,
1093 1864 1121 1905 ſo
1146 1863 1265 1907 begreif'
1285 1868 1357 1908 ich's
1378 1867 1465 1908 nicht.
