1519 2056
663 317 742 350 288

702 402 796 441 „uͤber
813 402 916 444 Dinge
934 398 1142 444 aufzuklaͤren,
1168 406 1251 436 deren
1268 403 1351 438 allei⸗

702 461 792 502 „nige
821 462 1011 503 Benennung
1042 459 1128 502 ſchon
1168 460 1350 502 hinreichend

702 520 852 559 „geweſen
882 520 948 562 ſeyn
980 514 1101 558 wuͤrde,
1141 519 1172 559 ſo
1202 518 1352 558 manchem

703 590 771 623 „die
797 587 898 627 Roͤthe
920 588 968 621 der
991 586 1130 626 Wangen
1155 593 1190 628 zu
1214 584 1349 625 bleichen,

704 646 789 680 „und
814 644 871 685 ſein
895 644 977 680 Blut
994 642 1033 677 im
1049 640 1238 684 ungeſtuͤmen
1254 642 1352 679 Creis⸗

704 705 799 746 „lauf
812 703 914 745 herum
932 712 966 746 zu
984 703 1104 741 treiben.

746 767 819 804 „Es
853 766 964 807 mochte
994 763 1161 807 ohngefaͤhr
1192 766 1238 800 ein
1266 765 1353 808 Jahr

701 822 797 867 „nach
822 826 929 862 meiner
953 825 1100 867 Ruͤckkehr
1122 826 1195 867 nach
1218 825 1352 868 Liſſabon

704 887 813 927 „ſeyn,
845 886 899 921 als
923 886 1000 920 mein
1026 885 1102 920 alter
1125 885 1351 927 Hausverwal⸗

703 949 786 981 „ter,
812 944 889 978 einer
911 946 961 977 der
982 940 1109 983 treuſten
1133 947 1222 976 unter
1244 943 1353 977 meiner

704 1010 951 1054 „Dienerſchaft,
976 1009 1065 1052 ſtarb.
1115 1010 1175 1053 Jch
1194 1009 1353 1053 ſchwankte

706 1068 817 1109 „lange
848 1068 900 1110 hin
929 1070 992 1102 und
1024 1065 1090 1108 her,
1132 1067 1171 1101 ob
1204 1067 1246 1108 ich
1271 1067 1386 1105 einen

706 1128 872 1169 „Fremden
889 1135 928 1161 an
945 1127 1039 1168 ſeinen
1053 1127 1134 1169 Platz
1151 1123 1269 1168 waͤhlen
1286 1127 1353 1169 ſoll⸗

705 1193 772 1226 „te,
798 1191 837 1223 da
852 1188 925 1231 ſeine
940 1185 1181 1229 Anhaͤnglichkeit
1195 1192 1257 1223 und
1273 1187 1352 1225 Liebe

706 1250 781 1293 „fuͤr
790 1252 861 1293 mich
869 1255 902 1286 es
919 1250 996 1292 nicht
1009 1250 1242 1292 wahrſcheinlich
1258 1250 1351 1292 mach⸗

706 1315 775 1349 „te,
809 1311 867 1351 daß
900 1309 940 1350 ich
964 1311 1045 1344 einen
1069 1307 1223 1351 aͤhnlichen
1247 1309 1351 1347 Mann

706 1373 761 1413 „ſo
779 1371 861 1411 leicht
877 1370 981 1405 wieder
995 1370 1096 1411 finden
1112 1367 1223 1404 wuͤrde.
1270 1370 1351 1406 End⸗

708 1434 786 1475 „lich
810 1433 863 1469 bot
887 1433 940 1475 ſich
964 1433 1020 1467 mir
1046 1433 1092 1467 ein
1128 1433 1268 1474 Spanier
1297 1432 1351 1468 mit

709 1495 852 1531 „Namen
878 1493 1037 1535 Fernando
1060 1500 1117 1531 an,
1150 1493 1268 1534 welcher
1289 1493 1352 1527 aus

708 1555 885 1592 „Eldorado
907 1550 1044 1596 gebuͤrtig
1066 1554 1133 1595 ſeyn
1149 1553 1265 1593 wollte,
1290 1554 1351 1588 und
