1606 2471
519 446 645 490 gleiches
655 448 812 495 Namens,
834 455 891 491 und
903 465 941 493 an
949 468 1040 506 einem
1053 481 1110 507 von
1124 470 1170 507 ihr
1187 480 1352 515 benannten
1363 489 1462 522 Meer⸗

518 495 606 535 buſen
621 500 671 531 der
687 499 792 543 Oſtſee.

562 549 580 570 2
604 539 726 583 Sellin,
748 550 792 578 ein
807 538 979 595 Staͤdtchen
1002 555 1064 591 und
1081 554 1203 601 Schloß
1226 569 1277 598 am
1297 561 1458 611 fellinſchen

514 580 590 619 See.

591 649 624 685 V
651 642 728 690 Die
737 646 897 705 Provinz
907 650 1014 703 Oeſel
1027 660 1153 718 gehoͤret
1168 668 1383 725 einigermaßen
1399 676 1458 708 mit

511 700 547 738 zu
564 694 634 730 dem
648 696 811 748 rigaiſchen
821 707 1097 759 Gouvernement,
1123 718 1159 760 iſt
1172 720 1244 754 aber
1261 725 1292 754 in
1309 730 1364 757 den
1381 731 1456 760 mei⸗

508 747 570 795 ſten
586 748 719 797 Sachen
734 758 939 798 unmittelbar
953 770 1014 798 von
1031 766 1098 802 dem
1123 771 1222 820 hohen
1246 777 1454 826 dirigirenden

506 801 656 853 Senate,
684 814 755 848 dem
771 812 927 859 deutſchen
943 816 1182 873 Juſtitzcollegio
1205 830 1268 865 und
1296 823 1451 881 deutſchen

503 854 778 903 Kammercontoir
792 877 829 911 zu
839 866 904 906 St.
912 868 1110 921 Petersburg
1120 875 1292 929 abhaͤngig,
1319 888 1383 920 und
1396 885 1451 924 be⸗

501 914 595 961 greift

550 956 579 988 1
579 956 651 991 Die
665 955 766 998 Jnſel
781 957 898 1005 Oeſel,
922 965 952 998 in
968 963 1149 1014 eſtheniſcher
1164 960 1306 1022 Sprache
1321 980 1447 1016 Curre⸗

498 998 584 1044 ſaar,
608 1004 667 1037 das
686 1006 728 1043 iſt,
750 1009 801 1040 der
817 1010 916 1048 Curen
930 1013 1027 1055 Jnſel,
1050 1017 1089 1051 im
1107 1019 1265 1068 Eingange
1281 1027 1334 1060 des
1352 1033 1443 1069 rigai⸗

497 1043 577 1082 ſchen
595 1041 807 1087 Meerbuſens,
830 1053 888 1090 auf
907 1051 1037 1094 welcher
1050 1058 1095 1094 die
1110 1058 1214 1101 Stadt
1236 1068 1441 1112 Arensburg

495 1089 539 1128 iſt.
584 1088 661 1137 Das
678 1089 839 1135 ehemalige
854 1096 974 1141 Schloß
989 1099 1201 1151 Sonnebutg
1218 1109 1251 1150 iſt
1267 1112 1362 1155 laͤngſt
1376 1122 1440 1151 ver⸗

493 1129 606 1167 wuͤſtet.

539 1179 558 1204 2
579 1172 646 1208 Die
662 1172 751 1210 kleine
767 1177 852 1218 Jnſel
869 1179 1003 1222 Moon.

537 1225 554 1255 3
578 1217 655 1254 Das
671 1218 826 1264 Jnſelchen
841 1225 975 1268 Runoe,
994 1229 1051 1270 auf
1059 1231 1194 1279 welchem
1209 1237 1372 1283 ſchwediſch
1388 1251 1439 1286 ge⸗

489 1259 571 1295 redet
591 1262 679 1295 wird.

576 1353 626 1384 10
652 1337 762 1393 Das
776 1342 967 1404 revalſche
982 1349 1331 1418 Gouvernement,

483 1415 558 1452 oder
580 1408 662 1461 das
675 1409 957 1474 Herzogthum
971 1420 1188 1484 Eſthland,
1212 1439 1340 1479 welches
1357 1442 1428 1480 dem

481 1462 715 1514 Herzogthume
721 1469 853 1516 Liefland
871 1477 902 1513 in
910 1477 1078 1526 Anſehung
1091 1488 1144 1520 der
1158 1486 1347 1534 natuͤrlichen
1355 1493 1428 1533 Be⸗

479 1504 673 1564 ſchaffenheit
686 1519 780 1567 gleich
794 1523 841 1568 iſt.
892 1518 961 1566 Die
967 1527 1127 1581 Eſthen,
1151 1528 1261 1579 welche
1274 1541 1333 1592 die
1327 1543 1425 1583 Bau⸗

477 1576 533 1602 ern
551 1569 644 1617 dieſer
661 1570 801 1621 Provinz
814 1573 916 1625 ſind,
934 1586 1025 1618 reden
1039 1581 1104 1623 eine
1122 1583 1290 1637 Sprache,
1316 1598 1425 1639 welche

477 1621 539 1651 von
553 1620 607 1654 der
620 1613 781 1668 finniſchen
799 1622 864 1672 ſehr
878 1619 982 1672 wenig
994 1631 1215 1682 unterſchieden
1233 1638 1281 1685 iſt.
1341 1644 1422 1684 Das

472 1669 623 1716 revalſche
633 1675 891 1720 Gouvernement
906 1680 944 1724 iſt
958 1683 989 1720 in
1005 1685 1033 1731 4
1033 1685 1190 1737 Diſtricte
1201 1692 1397 1750 abgetheilet.

552 1727 586 1768 1
586 1728 678 1771 Der
699 1729 855 1782 Diſtrict
875 1734 1035 1788 Harrien
1061 1745 1139 1786 wird
1163 1750 1196 1788 in
1213 1747 1329 1802 Oſt⸗
1354 1759 1419 1794 und

473 1777 763 1829 Weſt⸗Harrien
778 1777 985 1839 eingetheilet,
999 1796 1062 1830 und
1077 1799 1197 1849 enthaͤlt

521 1838 533 1861 1
559 1828 681 1870 Reval,
701 1838 837 1878 eſthniſch
849 1839 999 1882 Danilin,
1022 1844 1128 1892 lettiſch
1143 1851 1237 1889 Dani
1250 1854 1351 1900 pillis,
1368 1860 1415 1893 die

471 1870 536 1915 feſte
551 1874 735 1916 Hauptſtadt
753 1883 804 1916 des
822 1883 952 1927 Landes,
975 1885 1077 1932 welche
1094 1901 1133 1928 an
1149 1899 1201 1931 der
1214 1897 1314 1941 Oſtſee
1333 1899 1415 1943 liegt,

470 1914 531 1950 und
548 1915 599 1951 der
615 1917 683 1955 Sitz
695 1922 747 1955 des
764 1921 1035 1970 Gouvernements,
1055 1933 1107 1969 des
1115 1935 1445 1986 Oberlandgerichts,

467 1958 528 1993 und
538 1959 591 1993 des
606 1960 876 2008 ritterſchaftlichen
885 1968 1116 2018 Conſiſtoriums
1127 1984 1178 2019 der
1184 1979 1314 2027 Provinz
1324 1984 1412 2030 Eſth-

467 1998 540 2035 land
559 1999 602 2040 iſt,
625 1995 732 2043 ſtarken
750 2006 868 2045 Handel
884 2009 980 2050 treibt,
1006 2021 1086 2050 einen
1102 2024 1189 2061 guten
1207 2020 1315 2063 Hafen,
1340 2027 1408 2061 dar⸗

465 2045 517 2081 inn
534 2046 579 2080 ein
597 2046 680 2084 Theil
696 2051 747 2084 der
762 2052 870 2092 kaiſerl.
883 2056 985 2100 Flotte
1000 2058 1078 2106 liegt,
1104 2065 1273 2109 lutheriſche
1283 2068 1407 2113 Kirchen

461 2087 511 2134 fuͤr
528 2091 574 2128 die
586 2091 749 2138 deutſchen,
771 2099 951 2148 ſchwediſche
973 2107 1034 2143 und
1060 2103 1211 2157 eſthniſche
1233 2114 1406 2159 Gemeinen,
