1917 2719
351 364 430 403 der
430 364 878 403 Nationalreichthuͤmer.
878 364 941 403 IV
941 364 1046 403 B.5
1046 364 1225 403 Hauptſt.

1248 357 1317 410 127

303 468 366 517 auf
376 467 471 515 dieſen
486 462 602 506 Markt
622 461 765 500 kommen
787 456 913 505 moͤchte.
972 452 1086 502 Durch
1107 450 1199 499 beyde
1221 449 1326 499 beſtre⸗

306 520 395 561 beten
417 507 457 566 ſie
470 516 545 563 ſich,
568 513 655 562 ihren
677 512 784 551 reellen
806 507 923 558 Werth
944 509 1005 556 auf
1023 510 1072 545 die
1092 506 1241 552 naͤmliche
1263 505 1327 541 Art

305 590 345 628 zu
374 577 524 627 erhoͤhen,
554 578 613 616 wie
648 574 751 622 unſere
780 567 1089 621 Manufakturiſten,
1125 565 1217 610 durch
1253 563 1328 603 eben

279 635 493 685 dergleichen
512 632 764 683 Verfuͤgungen,
802 632 861 667 den
882 625 988 666 reellen
1008 623 1125 675 Werth
1148 624 1240 662 vieler
1260 631 1329 658 ver⸗

310 695 474 747 ſchiedener
496 693 597 734 Arten
617 702 678 731 von
703 686 1042 737 Manufakturwaaren
1067 682 1190 730 erhoͤhet
1211 681 1330 728 hatten.

311 751 477 800 Vielleicht
500 748 669 792 bemerkten
693 746 733 794 ſie
753 749 809 784 den
831 741 947 791 großen
966 744 1029 779 und
1045 739 1249 788 weſentlichen
1263 739 1331 776 Un⸗

310 809 449 862 terſchied
464 809 562 860 nicht,
589 812 646 848 den
661 807 709 845 die
723 803 835 845 Natur
855 799 994 852 zwiſchen
1016 802 1086 838 dem
1103 798 1254 837 Getraide
1267 799 1334 836 und

312 875 371 925 faſt
388 875 469 922 jeder
483 876 600 912 andern
614 868 678 911 Art
690 868 795 909 Guͤter
809 862 948 914 gemacht
963 862 1028 912 hat.
1086 857 1180 910 Setzt
1202 858 1252 908 ihr
1269 864 1334 895 ent⸗

314 938 414 976 weder
433 934 524 981 durch
540 934 588 972 ein
604 929 766 977 Monopol
785 926 846 974 auf
861 927 930 964 dem
956 919 1181 973 einheimiſchen
1204 918 1337 967 Markt,

311 994 386 1030 oder
401 991 464 1030 eine
478 981 634 1042 Praͤmie
655 986 716 1034 auf
729 986 778 1024 die
794 979 961 1031 Ausfuhr,
991 979 1093 1028 unſere
1108 974 1337 1023 Tuͤcher ⸗ oder

315 1038 697 1092 Leinenmanufakturiſten
709 1036 740 1075 in
757 1040 813 1076 den
828 1034 956 1080 Stand,
981 1033 1044 1080 ihre
1058 1031 1203 1070 Waaren
1222 1041 1278 1064 um
1296 1031 1339 1065 ei⸗

310 1118 377 1146 nen
391 1114 490 1147 etwas
506 1104 646 1156 theurern
660 1102 762 1154 Preiß
779 1112 815 1150 zu
835 1095 1020 1147 verkaufen,
1046 1098 1097 1135 als
1121 1096 1159 1142 ſie
1181 1094 1259 1142 ſonſt
1282 1096 1339 1131 da⸗

311 1154 370 1203 fuͤr
386 1152 565 1192 bekommen
579 1154 727 1195 koͤnnten;
751 1155 782 1192 ſo
795 1151 918 1193 erhoͤhet
933 1151 982 1189 ihr
999 1149 1079 1185 nicht
1103 1157 1151 1177 nur
1173 1146 1230 1189 den
1226 1145 1339 1175 Nenn⸗

312 1222 446 1271 ſondern
454 1220 534 1266 auch
550 1224 607 1257 den
622 1218 728 1256 reellen
738 1214 839 1264 Preiß
853 1215 943 1261 dieſer
953 1210 1108 1252 Waaren.
1134 1204 1208 1256 Jhr
1224 1204 1339 1252 macht,

310 1280 383 1327 daß
405 1279 443 1325 ſie
463 1276 529 1315 eine
548 1274 676 1322 groͤßere
690 1268 868 1312 Quantitaͤt
880 1267 993 1308 Arbeit
1006 1270 1071 1306 und
1084 1263 1343 1312 Nahrungsmit⸗

320 1334 361 1368 tel
377 1330 474 1377 werth
487 1331 625 1374 werden;
648 1325 699 1371 ihr
718 1323 890 1370 vermehret
909 1323 989 1364 nicht
1002 1330 1063 1356 nur
1076 1323 1132 1354 den
1150 1321 1342 1361 nominalen,

314 1386 450 1435 ſondern
472 1382 549 1428 auch
570 1385 626 1419 den
650 1380 754 1418 reellen
777 1377 937 1427 Gewinn,
969 1376 1028 1411 das
1050 1373 1134 1409 reelle
1156 1373 1344 1417 Vermoͤgen

323 1451 387 1488 und
401 1441 611 1486 Einkommen
626 1440 717 1491 dieſer
729 1434 1039 1488 Manufakturiſten,
1063 1434 1126 1470 und
1149 1431 1212 1481 ſetzt
1234 1431 1272 1478 ſie
1291 1434 1346 1467 da⸗

323 1499 418 1550 durch
432 1501 464 1541 in
476 1502 533 1539 den
547 1496 683 1545 Stand,
713 1496 864 1535 entweder
879 1488 969 1542 ſelber
984 1488 1075 1542 beſſer
1093 1500 1131 1536 zu
1144 1490 1249 1533 leben,
1274 1493 1349 1525 oder

319 1561 391 1601 eine
410 1559 537 1608 groͤßere
560 1555 733 1600 Quantitaͤt
753 1552 865 1597 Arbeit
886 1552 945 1594 mit
961 1551 1059 1601 dieſen
1083 1550 1246 1598 beſondern
1261 1549 1348 1586 Ma⸗

321 1603 509 1665 nufakturen
522 1624 559 1662 zu
573 1610 795 1662 beſchaͤfftigen.
850 1607 925 1657 Jhr
937 1609 1111 1653 beguͤnſtigt
1121 1609 1204 1652 dieſe
1219 1609 1349 1641 Manu⸗

329 1664 467 1714 fakturen
482 1667 613 1711 dadurch
629 1678 779 1720 wirklich,
803 1674 870 1713 und
891 1686 1009 1715 wendet
1028 1682 1120 1715 ihnen
1139 1671 1203 1717 eine
1222 1669 1353 1712 groͤßere

323 1728 507 1773 Quantitaͤt
527 1733 579 1770 der
602 1725 771 1777 Jnduſtrie
792 1731 846 1765 des
871 1739 984 1774 Landes
1004 1747 1060 1777 zu,
1087 1730 1138 1779 als
1163 1741 1218 1778 ſich
1238 1728 1350 1764 außer⸗

331 1800 402 1837 dem
415 1792 617 1844 vermuthlich
631 1802 694 1833 von
707 1791 793 1841 ſelbſt
804 1788 926 1837 darauf
939 1790 1023 1835 legen
1039 1798 1154 1834 wuͤrde.
1210 1785 1354 1831 Erhoͤhet

332 1852 383 1901 ihr
403 1849 477 1891 aber
499 1848 591 1898 durch
605 1846 679 1887 eben
692 1847 875 1895 dergleichen
890 1845 1054 1891 Anſtalten
1068 1855 1126 1890 den
1141 1855 1355 1891 Nenn⸗ oder

333 1910 506 1958 Geldpreiß
527 1913 582 1950 des
605 1907 794 1956 Getraides,
829 1906 860 1950 ſo
880 1904 1003 1951 erhoͤhet
1023 1903 1073 1948 ihr
1093 1905 1254 1943 deswegen
1271 1897 1355 1947 nicht

326 1967 410 2015 auch
424 1967 531 2008 damit
554 1965 652 2014 ſeinen
674 1963 780 2003 reellen
801 1962 931 2010 Werth.
1010 1960 1085 2004 Jhr
1108 1956 1280 2002 vermehret
1300 1958 1355 1990 da⸗

330 2025 428 2071 durch
443 2029 502 2067 das
516 2027 600 2065 reelle
614 2020 799 2069 Vermoͤgen
814 2022 877 2058 und
892 2018 1103 2057 Einkommen
1119 2015 1238 2061 unſerer
1253 2015 1357 2059 Pach⸗

337 2093 384 2124 ter
400 2089 470 2125 oder
482 2080 665 2130 Landeigner
685 2081 731 2119 im
747 2076 916 2125 geringſten
940 2075 1030 2119 nicht.
1087 2075 1161 2122 Jhr
1184 2075 1359 2119 beguͤnſ igt

340 2136 404 2174 und
416 2131 579 2179 erleichtert
597 2137 649 2180 den
665 2132 863 2182 Getraidbau
881 2129 1014 2169 dadurch
1036 2135 1135 2181 nicht;
1159 2134 1230 2179 weil
1247 2146 1296 2178 ihr
1320 2138 1365 2178 ſie

339 2197 473 2246 dadurch
494 2195 576 2243 nicht
595 2198 628 2237 in
647 2199 706 2235 den
723 2193 842 2235 Stand
864 2189 961 2239 ſetzet,
987 2192 1122 2235 mehrere
1146 2188 1301 2230 Feldleute
1317 2203 1362 2246 :u

341 2254 537 2308 unterhalten
551 2255 615 2296 und
625 2254 686 2296 mit
692 2254 763 2295 dem
771 2246 970 2291 Getraidbau
980 2260 1015 2297 zu
1024 2249 1245 2297 beſchaͤfftigen.
1295 2241 1363 2295 Die

1254 2317 1369 2358 Natur
