1593 2451
269 623 403 657 Onkel.
451 621 496 656 Es
513 625 585 655 wird
613 623 669 662 fehl
688 623 828 661 ſchlagen,
861 624 924 653 was
948 622 1002 652 wir
1018 625 1074 653 red⸗

225 672 274 704 lich
292 671 464 702 wollen.—
510 670 564 701 So
581 671 612 707 iſt
630 674 660 700 es
679 673 751 701 denn
771 671 849 704 wohl
869 668 989 708 noͤthig,
1013 671 1074 699 dem

224 723 299 753 alten
320 720 492 757 Bergmann
517 727 577 751 nun
596 719 677 751 Alles
699 728 732 759 zu
755 719 913 755 entdecken,
947 722 1010 750 was
1026 726 1075 748 um

223 775 276 815 ihn
294 776 343 812 her
357 773 489 814 vorgeht.
521 779 555 804 Er
570 779 630 804 ſinnt
644 780 709 801 einen
724 780 861 807 Augenblick
877 782 930 808 nach
972 774 1076 807 Nein!

225 833 268 856 mit
290 833 370 859 Muth.
412 826 512 862 Nein,
536 825 603 860 noch
621 826 765 859 nicht.—
812 826 854 857 Er
873 826 946 858 kann
962 826 1011 862 fuͤr
1028 826 1076 861 ſich

225 881 318 909 weder
340 875 518 915 vorſichtiger
541 875 608 911 noch
632 875 744 914 emſiger
772 873 916 915 handeln,
958 877 1003 905 als
1022 878 1078 907 wir

226 929 258 956 es
290 926 350 961 jetzt
376 922 424 961 fuͤr
456 923 506 962 ihn
539 922 698 962 thun.—
765 920 835 959 Fort
866 930 900 961 zu
930 924 1076 961 Heinigs!

223 983 257 1008 Er
273 980 339 1012 geht,
361 981 408 1009 ihm
424 980 535 1013 begegnen
552 981 651 1007 Madam
667 981 804 1010 Bergmann
821 981 866 1004 und
881 981 1010 1010 Henriette.

407 1135 607 1182 Sechſter
656 1135 889 1181 Auftritt.

306 1344 497 1384 Voriger.
547 1344 706 1378 Madam
747 1344 988 1381 Bergmann.

527 1398 758 1438 Henriette.

263 1509 494 1551 Henriette.
546 1509 600 1549 Jſt
616 1508 693 1544 Karl
711 1510 785 1547 nicht
804 1509 890 1547 hier?

262 1572 404 1605 Onkel.
426 1563 471 1611 Er
509 1569 539 1609 iſt
556 1570 820 1607 ausgegangen—

261 1632 499 1672 Henriette.
543 1632 615 1670 Ach!
648 1640 709 1664 nun
728 1632 760 1671 iſt
776 1633 868 1664 meine
886 1631 995 1670 Freude
1011 1639 1070 1663 ver⸗

219 1686 335 1719 dorben.
380 1684 477 1719 Wenn
493 1692 524 1716 er
538 1684 604 1721 doch
621 1687 656 1716 da
671 1684 766 1717 waͤre!

260 1749 372 1782 Mad.
403 1743 645 1787 Bergmann.
702 1747 790 1786 Sage
816 1748 873 1778 mir
903 1756 973 1782 nur,
1006 1754 1069 1778 was

217 1810 253 1838 du
270 1806 300 1836 in
317 1805 412 1836 deiner
422 1805 529 1843 Freude
544 1812 596 1836 vor
613 1798 693 1845 haſt!
719 1808 781 1837 was
799 1805 831 1842 iſt
849 1804 1070 1844 geſchehen?—

259 1860 486 1902 Henriette.
503 1853 529 1894 zu
544 1864 617 1890 Onkel
639 1870 685 1898 Leſt
737 1860 779 1894 Er
802 1861 898 1897 muͤßte
918 1862 979 1901 hier
1004 1864 1069 1898 ſeyn

215 1911 259 1941 —
282 1917 346 1955 ach!
369 1932 414 1938 —
417 1912 530 1960 lieber
561 1911 633 1957 Herr
658 1917 729 1955 Leſt!
788 1934 797 1940 —
837 1915 976 1951 Mutter!
1015 1917 1068 1950 So

215 1973 289 2004 kann
306 1973 344 2008 ich
359 1975 392 2002 es
411 1971 470 2007 ihm
487 1969 562 2009 wohl
581 1973 626 2002 nie
642 1972 746 2002 wieder
765 1969 865 2009 ſagen,
888 1971 941 2001 wie
958 1970 996 2008 ich
1018 1970 1069 2000 ihn

213 2027 300 2063 liebe,
326 2030 389 2057 was
405 2031 434 2058 er
444 2027 506 2057 mir
526 2026 617 2065 iſt—
639 2042 681 2049 —
705 2025 780 2058 Karl
799 2026 831 2064 iſt
858 2025 903 2057 ein
921 2025 1068 2066 herrlicher

214 2084 346 2121 Menſch.

259 2142 393 2178 Onkel.
439 2141 515 2177 Was
530 2141 563 2183 iſt
582 2146 656 2176 denn
673 2141 874 2182 vorgefallen?
