1749 2677
614 493 684 535 §.
709 497 795 528 112.

332 541 455 589 Einige
474 535 715 594 Schriftſteller
741 535 843 585 haben
860 535 1042 584 geglaubet,
1071 551 1108 575 es
1135 545 1184 586 ſey

250 604 416 647 rathſam,
448 598 511 646 daß
527 608 617 643 man,
642 606 686 633 an
712 596 790 644 ſtatt
814 598 904 637 einen
923 593 1102 645 Patienten
1126 611 1186 636 un⸗

249 654 450 706 vermeidlich
474 656 681 695 umkommen
697 664 734 700 zu
751 652 864 704 laſſen,
892 649 971 692 eine
996 654 1063 701 ſehr
1088 665 1185 700 unge⸗

250 719 337 766 wiſſe
349 724 417 755 und
436 707 625 766 gefaͤhrliche
641 706 828 763 Operation
850 713 1035 763 vornehme,
1044 715 1187 759 naͤmlich

251 769 317 828 daß
337 771 415 819 man
434 777 501 822 eine
522 765 694 826 Oeffnung
720 774 843 824 mache,
866 774 960 819 durch
976 773 1087 821 welche
1124 779 1186 813 das

249 842 379 892 Waſſer
386 827 625 891 herauslaufen
636 838 749 881 koͤnne.
807 839 913 880 Allein
931 839 962 889 ſo
980 838 1030 886 oft
1041 838 1095 877 als
1110 839 1187 889 dieſe

250 884 435 945 Operation
455 894 492 945 iſt
512 894 673 950 angeſtellt
692 897 842 943 worden,
854 893 902 952 ſo
919 892 967 944 oft
983 893 1021 943 iſt
1039 894 1115 939 auch
1133 899 1188 934 der

249 943 418 1004 Ausgang
421 947 645 1011 ungluͤcklich
648 941 797 1012 geweſen
801 943 863 1004 h)
874 959 945 995 und
968 957 1025 991 der
1044 942 1191 1004 Patient

251 998 479 1066 geſtorben.

620 1068 681 1121 §.
703 1068 797 1121 113.

307 1118 422 1183 Wenn
438 1155 487 1183 die
505 1143 690 1180 Operation
706 1143 829 1184 jemals
854 1142 1082 1171 unternommen
1108 1145 1190 1179 wer⸗

249 1201 311 1239 den
327 1199 422 1248 ſollte,
452 1197 485 1246 ſo
504 1197 617 1246 muͤßte
635 1199 685 1237 die
699 1195 872 1247 Oeffnung
894 1184 1085 1247 vermittelſt
1103 1198 1189 1235 einer

647 1259 758 1302 M
785 1257 804 1302 2

1108 1258 1188 1298 Lan⸗

252 1356 291 1399 h)
310 1353 388 1392 Ein
406 1355 558 1404 Wundarzt
582 1353 688 1397 oͤffnete
700 1356 794 1390 einem
807 1356 905 1390 Kinde
922 1362 973 1387 von
996 1358 1064 1386 neun
1092 1357 1188 1388 Mona⸗

302 1425 356 1458 ten
369 1422 423 1458 den
436 1417 542 1464 Kopf
558 1423 621 1457 und
631 1418 747 1460 brachte
755 1420 801 1456 ein
815 1419 920 1465 Pfund
934 1418 1049 1461 Waſſer
1063 1418 1186 1460 heraus;

298 1474 396 1517 allein
409 1473 482 1515 nach
498 1473 576 1517 ſechs
584 1476 646 1511 und
655 1472 768 1518 dreyſig
780 1473 928 1510 Stunden
942 1471 1019 1515 ſtarb
1028 1474 1086 1509 das
1094 1473 1188 1510 Kind.

303 1520 453 1575 Hildanus
467 1518 528 1555 obſ.
543 1522 671 1565 chirurg.
688 1521 775 1554 Cent.
793 1534 819 1557 v.
831 1519 889 1554 obſ.
903 1523 960 1574 17.
989 1532 1042 1546 —
1090 1521 1188 1555 Lecat

303 1578 369 1619 ließ
369 1577 431 1619 die
431 1576 575 1619 Waſſer
575 1576 688 1619 eines
688 1576 908 1619 Waſſerkopfs
908 1576 977 1619 zu
977 1576 1190 1619 verſchiedenen

303 1619 421 1679 Malen
421 1619 582 1680 heraus.
582 1619 649 1674 Er
649 1619 797 1673 bediente
797 1619 878 1681 ſich
878 1619 984 1681 hierzu
984 1619 1075 1672 eines
1075 1619 1189 1677 kurzen

305 1668 442 1711 Troicars
457 1672 515 1708 mit
524 1667 610 1720 einem
623 1673 743 1720 breiten
738 1673 861 1713 Rande,
886 1677 947 1709 und
962 1672 1018 1708 ließ
1033 1673 1076 1703 die
1083 1666 1189 1712 Roͤhre

262 1736 445 1782 deſſelben
461 1736 493 1771 in
520 1731 567 1771 der
576 1726 697 1778 Wunde
707 1733 821 1778 ſtecken.
871 1729 935 1771 Die
961 1727 1116 1775 Oeffnung
1143 1733 1188 1768 be⸗

309 1781 402 1820 deckte
419 1792 449 1818 er
456 1780 512 1818 mit
526 1776 617 1818 einem
626 1779 829 1826 Heftpflaſter,
855 1782 915 1816 das
924 1788 953 1813 er
966 1780 1100 1815 alsdann
1110 1785 1188 1821 weg⸗

298 1836 420 1876 nahm,
446 1826 533 1875 wenn
530 1826 572 1879 er
589 1834 688 1874 etwas
702 1839 764 1872 von
780 1838 844 1871 dem
864 1834 982 1877 Waſſer
997 1833 1111 1874 heraus
1130 1834 1189 1874 laſ⸗

298 1891 349 1935 ſen
363 1891 472 1933 wollte,
494 1891 556 1925 und
570 1889 663 1932 ſteckte
677 1893 712 1926 es
727 1890 835 1926 wieder
850 1888 969 1932 hinein,
995 1894 1083 1922 wenn
1099 1896 1128 1920 er
1141 1896 1188 1927 ge⸗

303 1945 372 1983 nug
387 1939 638 1983 herausgebracht
646 1949 685 1984 zu
699 1933 790 1985 haben
801 1932 957 1986 glaubte.
1013 1939 1094 1981 Auch
1125 1946 1189 1976 ver⸗

275 1993 387 2036 band
403 1993 441 2037 er
456 1996 511 2029 den
526 1992 614 2038 Kopf
621 1992 731 2037 allezeit
752 1992 826 2033 nach
839 1990 1037 2034 geſchehenem
1052 1991 1189 2033 Heraus⸗

303 2038 407 2091 laufen
422 2034 547 2086 ziemlich
565 2030 625 2083 feſt
632 2039 683 2088 mit
698 2044 748 2078 der
762 2041 871 2083 Binde,
893 2040 937 2074 die
952 2047 1023 2073 man
1049 2040 1093 2073 die
1113 2041 1189 2074 Ka⸗

295 2093 404 2140 peline
417 2103 525 2138 nennt.
568 2097 665 2137 Allein
681 2098 755 2136 aller
775 2098 864 2143 dieſer
892 2096 1116 2140 Vorſichtigkeit
1133 2105 1185 2131 un⸗

262 2143 440 2195 geachtet
460 2150 539 2195 ſtarb
559 2152 619 2187 das
637 2150 719 2190 Kind
738 2159 790 2187 am
811 2148 929 2194 fuͤnften
944 2147 1027 2189 Tage
1043 2147 1115 2189 nach
1142 2157 1190 2190 ge⸗

264 2205 456 2252 ſchehener
463 2203 649 2249 Operation;
673 2202 840 2250 Philoſoph.
847 2202 1002 2240 Transact.
1017 2202 1071 2238 for.
1084 2204 1191 2247 1751.

262 2245 420 2300 1752.
443 2251 509 2290 ſect.
527 2260 585 2297 40.
