3151 3689
489 752 575 786 Rime
593 749 720 783 Toſcani
741 762 757 782 e
769 751 853 782 Verſi
868 749 964 782 Latini
980 747 1017 779 da
1033 748 1139 780 diverſi
1156 746 1274 786 Autori,
1300 753 1377 778 com-

533 796 608 836 poſti
626 796 657 826 in
671 796 743 827 lode
759 798 789 826 di
804 798 878 828 Siſto
911 789 946 830 V.
953 794 1069 833 Fermo,
1094 797 1187 830 1590,
1209 799 1239 829 4.

491 837 577 875 Viele
593 837 691 878 einzele
734 833 773 874 in
769 840 823 869 den
845 834 1070 876 Sammlungen
1090 836 1213 868 anderer
1233 831 1376 875 zerſtreute

536 880 682 920 Gedichte.
726 879 893 918 Mazzuch.
910 878 1006 909 Scritt.

499 924 603 964 Baldi,
631 922 793 964 (Baldus,)
820 924 864 959 S.
882 921 992 957 Baldo
1010 923 1049 957 im
1068 919 1188 965 Joͤcher.

500 973 607 1017 Baldi,
634 972 893 1016 (Bernardinus,)
920 972 964 1007 S.
984 971 1116 1007 Baldus
1131 971 1201 1005 eben
1219 973 1282 1013 daſ.

500 1027 607 1069 Baldi,
632 1024 824 1069 (Camillus,)
850 1027 894 1062 S.
910 1024 1045 1060 Baldus
1059 1024 1131 1059 eben
1149 1027 1210 1068 daſ.

499 1076 607 1117 Baldi,
630 1073 854 1118 (Dominicus,)
880 1073 925 1109 ein
940 1075 1086 1109 Medicus
1100 1075 1163 1107 aus
1181 1071 1317 1115 Florenz,
1326 1079 1378 1105 um

449 1125 493 1160 die
518 1125 611 1165 Mitte
635 1125 688 1157 des
711 1120 830 1162 vorigen
858 1119 1124 1163 Jahrhundertes,
1159 1126 1219 1153 von
1244 1119 1378 1159 welchem

448 1171 523 1202 man
538 1164 776 1206 Diſputationem
788 1164 828 1195 de
851 1168 956 1200 Auro,
978 1162 1118 1205 Florenz,
1140 1163 1242 1202 1657,
1267 1165 1296 1201 8,
1316 1161 1377 1201 hat.

450 1210 618 1250 Mazzuch.
633 1211 729 1242 Scritt.

499 1249 605 1290 Baldi,
628 1244 864 1292 (Dominicus,)
893 1246 938 1282 ein
962 1242 1123 1288 Jtaliaͤner
1145 1249 1208 1280 und
1230 1242 1378 1288 Capitaͤn,

450 1303 481 1337 in
498 1305 546 1338 der
564 1300 651 1342 erſten
665 1297 767 1343 Haͤlfte
786 1301 840 1334 des
860 1294 1098 1341 gegenwaͤrtigen
1117 1296 1378 1337 Jahrhundertes,

448 1342 569 1384 welcher
584 1341 737 1374 Iſtruzioni
754 1351 772 1371 e
787 1342 913 1381 precetti
930 1339 1059 1376 militari,
1082 1339 1182 1377 Rom,
1203 1345 1305 1378 1717,
1329 1346 1377 1369 12.

450 1390 562 1433 ſchrieb.
608 1388 776 1430 Mazzuch.
794 1389 888 1420 Scritt.

498 1427 614 1454 Baldi,
640 1423 832 1456 (Gerhard,)
859 1423 905 1446 ein
928 1417 1041 1445 Servit
1063 1397 1132 1443 aus
1148 1413 1290 1451 Florenz,
1310 1413 1377 1441 wel⸗

451 1478 513 1518 cher
531 1486 564 1521 zu
576 1478 646 1519 Piſa
662 1487 702 1512 10
715 1477 799 1521 Jahr
814 1477 857 1513 die
871 1475 962 1520 Logik,
983 1479 1043 1511 und
1060 1484 1100 1516 25
1115 1474 1199 1517 Jahr
1215 1476 1259 1511 die
1279 1475 1375 1511 Theo⸗

451 1522 528 1562 logie
544 1522 652 1562 lehrte,
675 1520 833 1561 Conſultor
855 1523 903 1555 der
922 1517 1110 1560 Jnquiſition
1130 1524 1211 1555 war,
1233 1519 1293 1551 und
1315 1515 1376 1557 her⸗

452 1568 525 1607 nach
538 1567 688 1608 Profeſſor
704 1570 753 1602 der
766 1563 926 1606 Theologie
949 1567 1010 1599 und
1032 1563 1180 1601 Decanus
1202 1569 1235 1603 zu
1255 1561 1378 1606 Florenz

451 1609 546 1643 ward,
567 1614 616 1640 wo
633 1615 663 1641 er
680 1609 735 1641 den
748 1609 837 1646 17ten
852 1606 923 1643 Oct.
941 1606 1023 1639 1660
1040 1603 1129 1647 ſtarb.
1153 1604 1251 1640 Seine
1259 1600 1379 1644 Schrif⸗

453 1661 503 1691 ten
521 1656 600 1694 ſind:

493 1689 605 1716 Rerum
620 1682 770 1713 actualitas
794 1683 826 1712 in
852 1682 961 1712 ordine
980 1681 1016 1711 ad
1038 1679 1163 1712 motum.
1185 1678 1305 1721 Phyſica
1326 1678 1384 1710 dis-

508 1729 664 1770 quiſitio.
688 1729 819 1772 Florenz,
844 1729 936 1767 1642,
962 1727 1060 1765 1644,
1084 1732 1160 1769 zwey
1182 1726 1284 1767 Theile
1303 1725 1333 1759 in
1351 1733 1381 1764 4.

494 1774 650 1808 Catholica
666 1773 840 1806 Monarchia
857 1772 981 1807 Chriſti.
1004 1771 1143 1815 Florenz,
1169 1771 1266 1810 1645,
1291 1768 1384 1809 1652,

537 1824 605 1858 drey
627 1817 737 1858 Baͤnde
751 1818 783 1853 in
795 1819 863 1861 Fol.

493 1857 676 1891 Dialecticae
693 1855 911 1893 Inſtitutiones;
936 1857 997 1889 und
1013 1854 1116 1886 Novae
1131 1850 1277 1893 opinandi
1299 1851 1385 1884 ratio-

539 1914 615 1942 nes;
639 1911 701 1940 von
716 1904 839 1943 welchen
855 1902 965 1945 beyden
980 1902 1023 1938 die
1037 1901 1202 1944 Ausgaben
1214 1899 1384 1937 unbekannt

538 1952 609 1991 ſind.
654 1949 824 1990 Mazzuch.
846 1949 943 1982 Scritt.

503 1988 615 2031 Baldi,
640 1986 879 2033 (Innocentius,)
902 1987 950 2023 ein
971 1986 1119 2024 Carmelit
1138 1988 1203 2022 aus
1224 1986 1383 2027 Bologna,

455 2045 504 2075 wo
519 2048 548 2073 er
569 2046 650 2078 1544
664 2036 810 2080 gebohren
827 2046 901 2075 war,
924 2044 989 2071 war
1013 2036 1138 2080 Regens
1140 2030 1171 2076 in
1215 2034 1384 2077 verſchiede⸗

455 2093 512 2120 nen
527 2085 663 2127 Kloͤſtern
682 2084 776 2128 ſeines
796 2084 937 2123 Ordens,
959 2086 1044 2117 ward
1072 2085 1153 2123 1582
1178 2088 1212 2122 zu
1236 2081 1383 2122 Bologna

454 2126 586 2165 Doctor,
609 2130 670 2161 und
687 2127 764 2168 ſtarb
778 2126 898 2168 daſelbſt
914 2128 1006 2163 1608.
1029 2124 1112 2161 Man
1128 2122 1182 2163 hat
1197 2130 1259 2158 von
1269 2121 1353 2163 ihm:

497 2169 580 2201 Orat.
597 2168 638 2199 de
649 2166 788 2199 laudibus
803 2166 929 2198 civitatis
941 2169 1074 2198 Parmae.
1097 2164 1222 2205 Parma,
1238 2165 1332 2202 1587,
1351 2167 1383 2199 4.

493 2206 628 2242 Diſcorſo
643 2208 766 2239 intorno
780 2209 805 2239 a'
814 2206 929 2247 Miſterj
949 2207 1029 2238 della
1051 2208 1079 2239 S.
1103 2206 1202 2237 Croce
1221 2216 1235 2236 e
1251 2204 1342 2239 della
1355 2205 1383 2235 S.

541 2251 678 2285 Sindone
694 2251 750 2283 che
770 2251 802 2282 in
816 2251 930 2283 Torino
945 2249 965 2280 ſi
982 2248 1130 2282 conſerva.
1152 2248 1261 2286 Turin,
1287 2246 1378 2285 1605.

496 2286 664 2319 Iſtruzione
685 2294 742 2324 per
759 2285 888 2320 aſſiſtere
911 2293 969 2314 con
993 2284 1114 2322 profitto
1134 2284 1162 2313 al
1183 2285 1212 2314 S.
1235 2281 1384 2315 Sacrificio

540 2335 621 2366 della
638 2333 739 2367 Meſſa.
758 2334 907 2369 Mantua,
935 2332 1026 2367 1606,
1046 2340 1076 2373 4.
1097 2329 1266 2371 Mazzuch.
1288 2328 1386 2361 Scritt.

505 2374 612 2413 Baldi,
635 2374 831 2416 (Lazarus,)
857 2376 905 2409 ein
922 2374 1053 2413 Mahler
1070 2375 1134 2407 aus
1154 2373 1290 2415 Piſtoja,
1316 2370 1385 2405 wel⸗

457 2424 519 2465 cher
538 2421 617 2461 1623
633 2420 780 2461 gebohren
793 2427 867 2455 war,
889 2424 944 2454 den
959 2423 1077 2459 Petrus
1091 2428 1156 2453 von
1163 2422 1306 2451 Cortona
1318 2424 1384 2456 zum

454 2467 553 2507 Lehrer
571 2465 660 2505 hatte,
676 2467 737 2499 und
755 2472 834 2503 1703
848 2465 948 2500 ſtarb.
962 2467 1044 2498 Man
1054 2464 1108 2502 hat
1121 2469 1179 2495 von
1196 2464 1268 2501 ihm:
1285 2466 1384 2495 Breve

457 2504 651 2545 Compendio
668 2504 746 2536 della
761 2505 818 2536 vita
839 2505 876 2535 di
884 2506 912 2537 S.
927 2504 1056 2533 Lazzaro
1071 2505 1203 2534 Monaco
1214 2510 1237 2533 e
1258 2503 1381 2531 Pittore.

456 2546 551 2584 Rom,
577 2545 667 2581 1681,
690 2552 736 2578 12.
762 2543 930 2584 Mazzuch.
945 2544 1043 2584 Scritt.
1065 2542 1208 2577 Clement
1226 2542 1302 2575 Bibl.
1320 2551 1381 2572 cur.

476 2596 622 2644 Baldi,
646 2599 862 2646 (Matthias,)
891 2602 937 2637 ein
957 2599 1128 2642 Capuciner
1149 2602 1212 2636 aus
1233 2597 1382 2640 Venedig,

458 2647 499 2690 im
515 2649 636 2691 vorigen
651 2648 889 2700 Jahrhunderte,
911 2649 1031 2689 welcher
1046 2647 1166 2690 ſchrieb:

501 2697 643 2731 Giardino
659 2696 756 2727 fiorito
771 2695 801 2726 di
820 2695 921 2728 Maria.
944 2692 1091 2734 Venedig,
1114 2690 1206 2729 1634,
1228 2697 1257 2729 4.

501 2733 649 2767 Eſercizio
663 2732 694 2763 di
709 2730 771 2762 lodi
786 2728 965 2761 divotiſſime
983 2729 1014 2759 in
1031 2728 1127 2760 forma
1144 2727 1174 2759 di
1195 2726 1379 2760 ſalutazioni.

544 2781 690 2823 Venedig,
715 2780 812 2821 1664,
837 2784 865 2818 8.
908 2779 1079 2822 Mazzuch.
1103 2779 1198 2811 Scritt.
1242 2778 1345 2814 Bern.
1365 2785 1384 2811 a

543 2825 695 2863 Bononia
711 2824 785 2858 Bibl.
802 2824 966 2865 Capuccin.

509 2880 707 2930 Baldigara,
734 2871 926 2927 (Baptiſta,)
956 2880 1001 2915 ein
1016 2880 1197 2918 Venetianer
1211 2880 1242 2915 in
1257 2880 1306 2914 der
1328 2876 1386 2919 letz⸗

459 2935 509 2968 ten
523 2929 630 2975 Haͤlfte
647 2934 701 2967 des
718 2933 806 2967 16ten
819 2927 1079 2973 Jahrhundertes,
1094 2935 1155 2965 von
1167 2926 1298 2970 welchem
1315 2933 1386 2962 man

460 2974 533 3015 hat:
557 2975 647 3008 Delle
657 2974 723 3007 coſe
732 2970 939 3014 maraviglioſe
955 2972 1001 3003 de'
1010 2972 1089 3013 peſci
1101 2972 1205 3004 trovati
1219 2971 1280 3002 nell
1289 2977 1385 3009 acque

460 3016 540 3048 dolci
554 3025 572 3048 e
586 3014 656 3046 nell'
671 3023 766 3056 acque
780 3010 859 3052 ſalſe,
883 3023 901 3045 e
921 3012 1001 3043 delle
1017 3010 1083 3044 coſe
1107 3012 1201 3044 navali
1223 3012 1253 3044 di
1282 3010 1386 3043 diverſi

459 3062 601 3105 Principi.
624 3061 770 3104 Venedig,
795 3062 885 3103 1562,
923 3055 962 3099 8.
977 3060 1148 3102 Mazzuch.
1164 3061 1260 3095 Scritt.

511 3097 650 3149 Baldini,
674 3106 871 3152 (Franciscus
884 3102 1071 3150 Xaverius,)
1097 3105 1143 3142 ein
1159 3102 1310 3148 Marcheſe
1325 3103 1388 3138 und

1419 747 1634 796 Jtaliaͤniſcher
1642 750 1765 788 Dichter
1780 751 1839 784 aus
1854 748 2006 788 Piacenza,
2017 752 2080 780 war
2093 753 2174 785 1709
2189 745 2349 787 gebohren,

1420 794 1480 825 und
1496 790 1570 824 lebte
1586 790 1659 829 noch
1678 793 1769 830 1758.
1813 788 1910 829 Außer
1931 789 2023 821 vielen
2044 785 2152 824 einzeln
2178 786 2352 827 gedruckten

1420 830 1780 874 Gelegenheitsgedichten
1796 832 1827 873 iſt
1843 841 1872 866 er
1887 832 1958 866 auch
1977 831 2124 869 Verfaſſer
2139 833 2193 863 des
2208 835 2278 868 7ten
2288 831 2349 864 Ge⸗

1419 875 1528 916 ſanges
1542 875 1596 907 des
1610 875 1720 906 Poema
1737 873 1817 903 della
1831 872 2013 903 communita
2031 872 2061 902 di
2072 874 2217 902 Piacenza
2233 871 2260 900 al
2276 872 2347 902 Don

1422 916 1521 952 Carlo,
1547 918 1629 947 Duca
1647 916 1675 946 di
1691 916 1845 950 Piacenza,
1871 921 1960 953 1732.
2004 912 2170 951 Mazzuch.
2188 912 2282 943 Scritt.

1470 963 1610 1004 Baldini,
1639 960 1825 1008 (Johannes
1842 960 2050 1001 Franciscus,)
2075 960 2121 992 ein
2137 958 2349 1000 gelehrter
2301 953 2353 998 Or⸗

1420 1008 1650 1051 densgeiſtlicher
1672 1015 1732 1043 von
1761 1011 1809 1042 der
1834 1007 2058 1048 Congregation
2085 1009 2133 1039 der
2165 1005 2347 1043 Somasker,

1421 1062 1487 1090 war
1499 1058 1554 1088 den
1570 1058 1640 1094 4ten
1650 1054 1734 1096 Febr.
1749 1056 1829 1094 1677
1843 1062 1876 1096 zu
1884 1053 2004 1090 Breſcia
2020 1050 2177 1092 gebohren,
2183 1047 2252 1089 trat
2267 1052 2349 1090 1694

1423 1097 1453 1131 in
1470 1096 1563 1136 ſeinen
1578 1096 1692 1132 Orden,
1716 1094 1806 1133 lehrte
1824 1096 1853 1128 in
1869 1093 2027 1131 demſelben
2050 1096 2093 1126 die
2107 1091 2294 1134 Philoſophie
2319 1093 2348 1129 ſo

1421 1140 1503 1178 wohl
1520 1146 1553 1179 zu
1568 1137 1697 1179 Breſcia,
1715 1139 1766 1171 als
1780 1144 1814 1179 zu
1828 1138 1920 1174 Rom,
1937 1141 1997 1170 und
2012 1146 2052 1170 an
2066 1139 2130 1168 dem
2146 1134 2256 1177 letztern
2272 1135 2348 1170 Orte

1422 1183 1494 1223 auch
1509 1183 1552 1215 die
1570 1180 1741 1222 Theologie.
1787 1182 1830 1218 Er
1855 1181 2001 1215 bekleidete
2023 1179 2213 1219 verſchiedene
2236 1178 2348 1218 Ehren⸗

1422 1225 1514 1265 ſtellen
1530 1225 1559 1258 in
1575 1224 1676 1265 ſeinem
1690 1224 1804 1261 Orden,
1828 1221 1877 1256 bis
1895 1230 1923 1255 er
1942 1226 2021 1262 1748
2044 1219 2350 1259 General ⸗ Vicarius

1422 1269 1522 1302 ward,
1547 1268 1578 1299 in
1602 1266 1719 1307 welcher
1740 1264 1854 1302 Wuͤrde
1882 1273 1910 1298 er
1931 1270 2009 1305 1758
2029 1264 2101 1305 noch
2125 1264 2207 1298 lebte.
2253 1263 2349 1299 Seine

1422 1309 1578 1348 Schriften
1596 1309 1678 1346 ſind:

1462 1348 1581 1377 Lettera
1600 1342 1683 1384 ſopra
1698 1343 1727 1372 le
1740 1342 1825 1373 forze
1840 1341 1993 1382 moventi;
2018 1340 2048 1375 in
2064 1343 2112 1375 der
2135 1340 2273 1372 Raccolta
2295 1340 2351 1372 Ca-

1507 1393 1568 1428 log.
1584 1392 1625 1425 B.
1639 1399 1670 1427 4.

1461 1429 1658 1462 Meditazioni
1674 1426 1757 1466 ſopra
1777 1428 1805 1458 la
1826 1428 1960 1457 Paſſione
1982 1429 2012 1458 di
2032 1429 2054 1466 J.
2090 1420 2129 1469 C.
2130 1426 2235 1461 Rom,
2258 1428 2351 1461 1733,

1492 1471 1566 1508 12;
1590 1473 1651 1504 aus
1664 1473 1727 1504 dem
1743 1469 1931 1508 Spaniſchen
1947 1473 2000 1502 des
2024 1462 2060 1509 P.
2077 1469 2194 1507 Raxas.

1463 1507 1687 1550 Anmerkungen
1708 1516 1742 1548 zu
1771 1509 1835 1540 dem
1855 1507 2036 1547 Anaſtaſius
2063 1505 2350 1547 Bibliothecarius,

1506 1557 1536 1592 in
1555 1559 1603 1591 der
1620 1555 1773 1592 Ausgabe,
1797 1556 1889 1590 Rom,
1916 1562 2006 1593 1735,
2030 1554 2096 1594 Fol.

1464 1592 1626 1627 Relazione
1641 1591 1708 1624 dell'
1718 1595 1834 1623 Aurora
1847 1591 1972 1621 Boreale
1989 1591 2096 1621 veduta
2110 1589 2142 1618 in
2157 1589 2250 1620 Roma
2270 1588 2291 1618 li
2308 1590 2348 1621 16

1509 1638 1581 1668 Dec.
1606 1641 1694 1677 1737.
1720 1634 1812 1668 Rom,
1837 1621 1930 1673 1738,
1951 1640 1988 1670 4;
2012 1630 2157 1671 Venedig,
2183 1632 2275 1669 1738,
2296 1637 2327 1666 4.

1465 1681 1685 1717 Diſſertazione
1704 1678 1786 1721 ſopra
1810 1679 1923 1712 Vaſetti
1945 1680 1974 1711 di
2001 1682 2105 1714 Creta;
2129 1678 2160 1712 in
2180 1679 2235 1712 deu
2256 1675 2348 1716 Saggi

1513 1721 1543 1750 di
1560 1719 1715 1753 Diſſertaz.
1731 1717 1872 1748 Academ.
1890 1719 1981 1755 1738,
2005 1706 2063 1759 Th.
2079 1724 2108 1747 2.

1466 1764 1622 1799 Diſſertaz.
1647 1761 1730 1803 ſopra
1756 1768 1797 1809 un
1822 1761 1917 1794 antica
1939 1761 2047 1794 Piaſtra
2070 1761 2101 1792 di
2120 1761 2257 1798 Bronzo;
2280 1758 2351 1794 eben

1512 1821 1567 1852 daſ
1586 1818 1646 1855 Th.
1662 1826 1691 1851 3.

1469 1847 1651 1883 Numiſmata
1665 1846 1883 1886 Imperatorum
1904 1845 2105 1876 Romanorum
2126 1852 2181 1883 per
2196 1843 2251 1884 Jo.
2280 1844 2356 1879 Vail-

1513 1898 1582 1929 lant.
1600 1895 1700 1929 Editio
1715 1894 1810 1934 prima
1818 1897 1949 1927 Romana
1965 1895 2057 1925 aucta.
2081 1893 2173 1929 Rom,
2188 1885 2273 1938 1743,
2289 1885 2351 1937 Fol.

1511 1946 1579 1982 drey
1594 1938 1712 1978 Baͤnde.

1466 1979 1502 2010 Li
1518 1977 1632 2014 Alberi,
1650 1977 1748 2009 Iidillio
1765 1973 1911 2008 Franceſe
1928 1975 2057 2005 tradotto
2074 1974 2107 2004 in
2124 1973 2198 2005 verſi
2217 1973 2316 2006 Latini
2333 1981 2353 2003 e

1513 2025 1658 2060 Toſcana.
1682 2024 1812 2066 Florenz,
1837 2030 1928 2064 1751,
1953 2027 1980 2059 8.
2022 2021 2190 2062 Mazzuch.
2207 2023 2304 2055 Scritt.

1473 2068 1611 2109 Baldini,
1636 2066 1820 2114 (Johannes
1840 2066 1992 2108 Paulus,)
2017 2068 2079 2101 aus
2100 2066 2203 2109 Rom,
2230 2064 2303 2100 lebte
2320 2064 2350 2098 in

1425 2122 1474 2154 der
1490 2117 1577 2158 erſten
1594 2115 1701 2159 Haͤlfte
1720 2118 1772 2150 des
1786 2116 1909 2156 vorigen
1923 2113 2187 2156 Jahrhundertes,
2210 2115 2270 2148 und
2292 2113 2351 2153 gab

1427 2165 1462 2194 Li
1481 2163 1567 2193 Sette
1583 2162 1681 2196 Salmi
1698 2158 1913 2195 Penitenziali,
1936 2156 2077 2199 Florenz,
2100 2157 2199 2196 1629,
2222 2155 2255 2189 in
2275 2156 2353 2190 einer

1426 2202 1587 2243 poetiſchen
1603 2202 1803 2240 Ueberſetzung
1821 2200 1942 2241 heraus.
1986 2200 2156 2238 Mazzuch.
2173 2199 2267 2231 Scritt.

1476 2243 1616 2286 Baldini,
1642 2243 1843 2288 (Victorius,)
1871 2245 1916 2281 ein
1937 2243 2142 2282 Buchdrucker
2165 2250 2200 2285 zu
2223 2241 2353 2282 Ferrara

1426 2301 1478 2328 um
1496 2293 1548 2327 den
1567 2292 1689 2333 Anfang
1705 2292 1759 2324 des
1772 2289 1894 2330 vorigen
1911 2287 2167 2330 Jahrhundertes,
2190 2291 2222 2330 iſt
2232 2290 2353 2327 Verfaſ⸗

1427 2335 1468 2374 ſer
1481 2333 1531 2366 der
1539 2329 1727 2370 Cronologia
1735 2328 1923 2361 ecceleſiaſtica
1941 2329 1968 2358 la
1988 2328 2077 2367 quale
2085 2329 2227 2358 contiene
2242 2330 2272 2359 le
2281 2329 2350 2357 Vite

1428 2377 1477 2408 de'
1498 2369 1586 2418 ſommi
1606 2371 1749 2405 Pontifici.
1773 2370 1908 2414 Ferrara,
1937 2372 2034 2409 1600,
2060 2371 2159 2416 1604,
2183 2374 2210 2407 8.
2253 2370 2351 2406 Maz⸗

1425 2421 1510 2459 zuch.
1527 2422 1625 2452 Scritt.

1473 2455 1663 2494 Baldinotti,
1684 2451 1935 2498 (Hieronymus,)
1961 2454 2015 2486 aus
2031 2452 2115 2485 einer
2129 2449 2263 2490 adeligen
2288 2450 2348 2491 Fa⸗

1425 2502 1502 2536 milie
1510 2508 1548 2547 zu
1565 2501 1688 2540 Piſtoja,
1708 2507 1756 2533 wo
1771 2508 1800 2532 er
1814 2502 1844 2532 in
1861 2502 1911 2532 der
1922 2499 2010 2536 erſten
2028 2496 2133 2538 Haͤlfte
2152 2499 2205 2531 des
2224 2495 2348 2535 vorigen

1424 2547 1674 2584 Jahrhundertes
1691 2545 1736 2577 die
1748 2542 1950 2583 vornehmſten
1970 2541 2166 2582 Ehrenſtellen
2192 2540 2349 2576 bekleidete.

1423 2573 1507 2618 Man
1523 2579 1576 2617 hat
1592 2584 1652 2611 von
1668 2577 1745 2618 ihm:

1467 2625 1507 2654 La
1524 2619 1690 2660 Damigella
1703 2619 1824 2650 Comica
1844 2617 2030 2650 Commedia.
2052 2618 2142 2655 1608.

1467 2668 1670 2710 Verſchiedene
1685 2666 1782 2707 einzele
1795 2663 1927 2708 Aufſaͤtze
1942 2669 2001 2700 und
2016 2665 2128 2706 Briefe,
2154 2664 2184 2700 in
2207 2665 2262 2700 des
2287 2667 2352 2700 Va⸗

1512 2708 1600 2748 nozzi
1615 2710 1777 2742 Avvertim.
1796 2710 1879 2741 Polit.
1902 2711 1963 2743 und
1987 2709 2118 2741 Lettere.
2182 2705 2353 2747 Mazzuch.

1513 2757 1608 2789 Scritt.

1475 2794 1673 2838 Baldinotti,
1707 2793 1900 2837 (Thomas,)
1925 2793 1972 2829 ein
1993 2791 2208 2835 Jtaliaͤniſcher
2232 2793 2355 2833 Dichter

1428 2849 1489 2884 aus
1501 2847 1626 2890 Piſtoja,
1649 2853 1697 2882 wo
1713 2854 1741 2880 er
1754 2848 1808 2880 den
1819 2854 1857 2886 25
1866 2845 1938 2884 Apr.
1954 2853 2033 2885 1429
2047 2844 2193 2885 gebohren
2207 2851 2282 2879 war.
2311 2845 2355 2880 Er

1427 2895 1512 2928 ward
1526 2898 1587 2926 von
1603 2892 1704 2930 ſeinem
1718 2892 1823 2928 Vater,
1847 2890 2037 2926 Studierens
2059 2890 2174 2929 halber,
2199 2887 2272 2926 nach
2294 2888 2355 2929 Pa⸗

1427 2938 1477 2973 ris
1495 2937 1634 2980 geſchickt.
1677 2938 1736 2971 Als
1750 2936 1806 2974 ſein
1820 2935 1917 2971 Vater
1939 2933 2086 2974 geſtorben
2101 2941 2181 2969 war,
2204 2932 2304 2972 mußte
2327 2942 2358 2967 er

1428 2979 1482 3021 ſich
1495 2985 1596 3019 wegen
1610 2973 1774 3018 haͤuslicher
1796 2975 2057 3016 Angelegenheiten
2073 2974 2145 3014 nach
2161 2974 2260 3015 Hauſe
2277 2972 2359 3015 bege⸗

1431 3023 1497 3061 ben,
1520 3028 1568 3055 wo
1584 3030 1612 3055 er
1627 3021 1679 3060 ſich
1699 3021 1728 3054 in
1752 3018 1841 3061 einige
1864 3016 2118 3060 Frauenzimmer,
2144 3016 2299 3057 beſonders
2329 3017 2361 3052 in

1432 3066 1476 3100 die
1491 3065 1599 3101 Laura
1614 3062 1704 3100 Reali
1718 3065 1746 3102 ſo
1759 3062 1823 3103 ſehr
1837 3062 1981 3099 verliebte,
2004 3061 2063 3100 daß
2084 3070 2112 3094 er
2126 3063 2198 3096 viele
2221 3059 2363 3100 Gedichte

1433 3110 1491 3153 auf
1503 3109 1539 3151 ſie
1557 3109 1670 3150 ſchrieb.
1693 3108 1841 3149 Nachdem
1857 3108 1925 3147 dieſe
1942 3107 2024 3141 wilde
2038 3105 2114 3147 Hitze
2131 3105 2184 3147 bey
2204 3105 2264 3146 ihm
2279 3103 2364 3143 nach⸗
