1559 1941
326 271 579 324 Vierzehntes
608 268 780 321 Kapitel.

838 275 914 315 345

194 370 282 416 „den
297 369 363 417 (*)!
390 369 516 409 Gewiß,
550 367 660 408 ſpricht
683 368 735 401 der
756 366 855 408 Geiſt,
889 365 924 406 iſt

198 424 290 459 „nun
307 420 368 452 das
382 416 466 454 Ende
486 417 568 458 ihrer
587 413 718 454 Truͤbſal
733 416 771 448 da
794 415 856 446 und
872 414 926 446 der

199 455 308 507 „Lohn
338 464 426 504 ihres
453 460 695 505 rechtſchaffenen
727 461 925 501 Verhaltens

200 516 312 562 „folgt
328 518 421 559 ihnen
435 519 495 559 auf
507 520 574 553 dem
588 516 673 557 Fuſſe
691 517 807 556 nach!“

253 571 321 606 Und
335 576 398 604 nun
413 568 482 610 ſahe
495 567 538 607 ich
554 566 613 605 auf
630 567 691 599 und
711 564 847 600 erblickte
862 564 927 598 eine

202 623 298 663 weiſſe
325 622 455 662 Wolke,
494 616 556 657 auf
575 616 698 657 welcher
722 618 804 651 einer
824 614 875 654 ſaß
896 616 929 649 in

203 668 494 715 Menſchengeſtalt,
529 671 580 703 der
600 667 660 706 auf
683 667 792 707 ſeinem
816 665 929 705 Haupt

205 723 272 757 eine
291 722 403 763 goldne
422 720 526 756 Krone
547 717 651 759 hatte,
697 721 761 750 und
783 718 813 749 in
836 717 929 753 ſeiner

204 773 341 814 Rechten
359 773 425 806 eine
436 769 546 811 ſcharfe
554 768 670 809 Senſe.
711 767 838 806 Dieſem
838 766 930 804 ſchrie

205 823 254 857 ein
269 823 399 857 anderer
415 820 527 862 Engel,
554 821 606 852 der
628 820 689 852 aus
712 821 777 851 dem
801 818 930 855 Tempel

206 871 288 913 kam,
304 873 362 907 mit
370 870 462 912 heller
471 870 613 906 Stimme
621 873 780 907 entgegen:
807 868 931 904 „Haue

204 925 282 966 „ein
295 926 354 960 mit
369 926 474 960 deiner
485 922 602 964 Senſe,
632 921 711 955 denn
725 919 775 954 die
789 921 857 960 Zeit
878 921 931 953 der

205 973 352 1016 „Erndte
372 974 407 1016 iſt
430 974 488 1013 da,
528 973 588 1007 das
616 969 767 1007 Getraide
786 969 846 1006 auf
863 971 930 1001 dem

205 1025 326 1069 „Felde
345 1028 378 1069 iſt
398 1026 460 1066 reif
481 1026 543 1060 und
563 1022 705 1060 duͤrre.“
762 1021 818 1058 Da
840 1021 929 1063 erhob

208 1079 263 1114 der
279 1077 341 1117 auf
357 1081 410 1112 der
427 1077 537 1112 Wolke
557 1075 610 1114 ſaß
633 1075 710 1112 ſeine
731 1072 833 1112 Senſe
856 1069 931 1105 uͤber

208 1128 267 1163 den
288 1125 465 1166 Erdboden,
499 1124 560 1157 und
574 1120 694 1164 maͤhete
708 1122 767 1156 das
779 1126 932 1164 Getraide

211 1183 273 1214 von
290 1180 345 1213 den
358 1176 488 1219 Fluren.

261 1220 316 1267 Als
328 1227 398 1262 bald
406 1225 476 1260 kam
484 1222 556 1263 noch
562 1223 611 1257 ein
618 1224 748 1258 anderer
770 1220 865 1263 Engel,
887 1221 932 1265 aus

205 1277 278 1313 dem
292 1275 419 1316 Tempel
433 1276 483 1309 der
495 1276 536 1308 im
547 1272 686 1314 Himmel
700 1279 779 1310 war,
799 1286 929 1313 welcher

202 1328 362 1368 ebenfalls
378 1329 442 1362 eine
464 1326 574 1366 ſcharfe
591 1325 694 1364 Senſe
717 1323 813 1365 hatte.
871 1323 932 1358 Ein

206 1382 343 1418 anderer
357 1379 457 1420 Engel
472 1377 559 1418 aber,
592 1379 645 1411 der
665 1377 713 1411 die
728 1374 839 1416 Macht
859 1373 932 1408 uͤber

212 1432 274 1463 das
288 1428 388 1469 Feuer
408 1427 507 1468 hatte,
541 1429 607 1460 trat
629 1422 729 1464 hinter
751 1426 817 1458 dem
839 1428 937 1466 Altar

212 1475 325 1517 hervor
332 1478 395 1509 und
403 1473 487 1511 rufte
494 1475 551 1507 den
558 1474 616 1507 mit
624 1475 676 1505 der
689 1473 822 1511 ſcharfen
830 1473 932 1508 Senſe

212 1533 268 1569 zu:
291 1527 412 1569 „Haue
424 1535 473 1563 ein
485 1530 543 1561 mit
553 1528 654 1563 deiner
662 1525 761 1566 Senſe
771 1526 833 1560 und
842 1524 932 1564 maͤhe

940 564 997 597 14.

939 766 999 798 15.

943 1019 999 1052 16.

946 1222 1000 1254 17.

932 1331 1004 1357 18.

535 1590 611 1620 Y5

859 1585 932 1620 „die

254 1627 299 1666 (*)
315 1627 410 1665 Νεϰϱοι
419 1626 509 1663 Siehe
527 1631 623 1661 11,18.
