1832 2751
211 551 308 588 Dank
319 552 470 587 erkennen
485 545 601 584 wuͤrde.
655 548 814 589 Vielleicht
839 545 945 584 wuͤrde
967 547 1020 588 ſich
1043 545 1108 582 eine
1125 549 1207 582 Aus⸗

212 599 282 642 ſicht
300 611 334 644 zu
352 602 431 637 einer
449 598 608 642 Vorſorge
628 600 682 639 bey
704 597 820 641 daſiger
843 597 1003 632 Academie
1032 597 1103 630 oder
1129 600 1203 637 auch

212 651 242 688 in
261 657 377 689 andern
394 649 594 696 anſtaͤndigen
612 651 759 694 Dienſten
786 648 912 690 aͤußern,
939 650 1001 683 und
1027 647 1084 682 wie
1108 650 1204 691 gluͤck⸗

212 705 267 745 lich
286 704 393 740 wuͤrde
411 703 453 746 ich
471 705 545 744 mich
560 701 697 748 ſchaͤtzen,
724 709 815 736 wenn
832 702 873 738 ich
898 701 987 740 durch
1004 701 1074 737 Ew.
1090 701 1130 743 H.
1147 700 1206 742 guͤ⸗

211 758 274 801 tige
290 755 522 798 Vermittelung
542 755 619 795 dazu
636 754 787 796 gelangte.
840 754 900 796 Jch
918 753 994 793 weiß
1012 760 1094 794 zwar
1113 753 1205 792 nicht,

212 811 250 843 ob
276 811 337 844 und
368 809 425 844 wie
459 810 529 843 bald
556 808 597 849 ich
623 809 682 843 mir
705 807 794 843 Dero
817 804 1031 848 hochgeneigte
1057 804 1204 840 Antwort

211 854 404 896 verſprechen
421 844 514 895 darf;
540 855 615 888 aber
633 853 689 892 auf
706 852 785 887 allen
804 852 874 894 Fall
891 852 999 891 nehme
1019 852 1060 890 ich
1080 853 1140 884 mir
1156 854 1204 885 die

211 908 369 955 Freyheit,
390 910 487 946 meine
506 911 625 950 Adreſſe
645 905 859 951 beyzufuͤgen:
871 908 901 942 in
924 909 975 942 der
995 908 1125 947 Altſtadt
1146 909 1202 948 bey

211 964 305 1000 Mad.
323 962 423 1004 Franz
449 958 479 993 in
504 960 557 995 der
582 957 812 1001 neuſtaͤdtiſchen
842 958 977 1000 Straße.
1032 956 1202 998 Uebrigens

212 1015 288 1058 habe
312 1013 355 1055 ich
376 1012 424 1048 die
444 1012 527 1057 Ehre
552 1011 608 1048 mit
629 1012 683 1047 der
707 1008 974 1053 vollkommenſten
987 1007 1222 1051 Hochachtung

175 1075 248 1108 zu
269 1064 450 1109 verharren.

693 1180 730 1213 2.

782 1223 907 1253 Warſchau
929 1226 969 1249 den
986 1229 1007 1249 7.
1022 1224 1124 1252 Februar
1141 1225 1209 1250 1784.

312 1256 376 1285 Nach
402 1254 546 1283 Dombrova.

320 1316 391 1353 Ew.
410 1310 516 1359 guͤtige
542 1313 691 1358 Zuſchrift
714 1321 786 1348 vom
806 1324 857 1357 29.
881 1313 958 1348 Dec.
981 1312 1061 1354 habe
1086 1313 1126 1351 ich
1152 1322 1211 1346 vor

217 1376 237 1408 8
256 1368 364 1412 Tagen
385 1368 537 1411 erhalten,
562 1368 622 1402 und
641 1368 758 1401 daraus
778 1367 855 1407 nicht
884 1364 980 1408 wenig
999 1364 1206 1406 Beruhigung

217 1425 281 1457 und
305 1423 394 1465 Troſt
416 1419 595 1464 geſchoͤpfet.
649 1421 711 1458 Sie
737 1419 792 1463 hat
818 1419 894 1459 mich
917 1420 990 1458 auch
1017 1414 1209 1459 uͤberzeuget,

220 1475 282 1515 daß
300 1472 380 1508 mein
395 1474 566 1515 gemachtes
585 1474 660 1510 Bild
677 1482 738 1507 von
756 1471 881 1513 Jhnen,
906 1478 966 1504 von
986 1471 1100 1506 Seiten
1119 1472 1211 1507 Dero

218 1517 442 1567 edelmuͤthigen
463 1521 666 1564 Charakters,
693 1520 765 1559 noch
792 1520 882 1561 lange
909 1518 985 1559 nicht
1012 1516 1130 1561 guͤnſtig
1159 1527 1210 1558 ge⸗

217 1579 282 1618 nug
306 1574 462 1617 geweſen;
488 1570 637 1618 uͤbrigens
665 1583 735 1617 mag
762 1572 817 1608 den
847 1571 998 1617 Jrrthum
1025 1579 1130 1613 wegen
1155 1572 1212 1607 des

218 1631 331 1680 Jhnen
360 1627 556 1672 beygelegten
578 1626 743 1671 geiſtlichen
769 1626 918 1665 Standes
949 1628 995 1662 die
1024 1626 1212 1668 Deſſauiſche

221 1678 549 1725 Vertagsgeſellſchaft
569 1683 812 1720 verantworten,
839 1673 946 1713 welche
966 1680 1029 1714 Sie
1056 1677 1086 1710 in
1105 1677 1212 1719 Jhren

221 1728 491 1780 Ankuͤndigungen
514 1738 580 1771 zum
599 1731 659 1764 Abt
686 1731 822 1770 gemacht
844 1730 898 1770 hat
916 1730 956 1768 ᵉ).
1010 1730 1093 1764 Was
1118 1728 1150 1769 iſt
1178 1733 1214 1762 es

220 1781 277 1825 fuͤr
298 1777 359 1826 eine
384 1776 569 1829 Erquickung
587 1783 651 1817 und
670 1780 786 1821 Labſal,
813 1779 887 1817 nach
914 1779 943 1817 ſo
969 1777 1077 1813 vielem
1102 1787 1214 1811 unver⸗

221 1835 391 1876 ſchuldeten
409 1832 526 1874 Leiden,
552 1834 614 1868 und
633 1834 687 1874 bey
704 1832 759 1866 den
780 1830 963 1873 traurigſten
981 1830 1158 1872 Ausſichten
1181 1829 1213 1864 in

222 1885 269 1921 die
287 1882 423 1929 Zukunft
447 1882 533 1918 einen
559 1883 796 1921 edeldenkenden
825 1882 934 1917 Mann
956 1889 989 1922 zu
1012 1880 1134 1920 finden,
1161 1881 1217 1914 der

222 1937 279 1974 des
295 1927 470 1982 Mitleidens
491 1927 588 1983 faͤhig
607 1935 654 1978 iſt,
677 1936 731 1969 der
746 1932 843 1968 einem
862 1933 1077 1969 Unbekannten
1080 1928 1130 1972 zu
1152 1932 1214 1973 hel⸗

222 1988 277 2028 fen
301 1983 486 2029 verſpricht,
522 1987 586 2022 und
614 1987 645 2027 ſo
672 1981 899 2026 uneigennuͤtzig
926 1985 988 2017 und
1012 1979 1213 2025 großmuͤthig

222 2037 337 2075 Mittel
355 2038 447 2079 darzu
464 2031 617 2072 anbietet!
645 2036 701 2074 So
718 2033 803 2076 hatte
824 2025 864 2073 ich
885 2029 1025 2077 fuͤrwahr
1052 2032 1131 2073 nicht
1147 2040 1215 2067 ver⸗

222 2092 364 2136 muthet,
404 2090 468 2129 und
493 2091 563 2127 Ew.
587 2090 630 2133 H.
653 2090 754 2133 haben
782 2089 872 2124 darin
899 2089 996 2124 meine
1021 2088 1218 2131 Erwartung

199 2140 436 2187 uͤbertroffen;
453 2140 549 2178 meine
564 2149 659 2183 ganze
669 2136 858 2183 Bemuͤhung
872 2139 922 2178 ſoll
938 2140 1012 2173 aber
1028 2138 1099 2177 auch
1120 2139 1216 2180 dahin

223 2196 367 2240 gerichtet
390 2196 483 2238 ſeyn,
515 2194 607 2239 ſolche
633 2197 694 2230 und
720 2194 751 2236 ſo
774 2193 838 2229 viel
859 2191 1083 2236 Gewogenheit
1106 2193 1135 2234 ſo
1157 2192 1218 2229 viel

265 2259 295 2296 ᵉ)
314 2259 390 2289 Das
404 2260 470 2287 war
493 2246 533 2295 ich
556 2257 626 2294 auch
651 2258 825 2293 allerdings,
847 2262 908 2284 und
931 2250 969 2296 iſt
972 2248 1066 2292 jeder
1088 2263 1137 2283 der
1161 2266 1218 2285 das

322 2313 407 2355 petit
420 2314 517 2349 collet
534 2310 626 2356 traͤgt,
649 2311 726 2354 ohne
742 2313 851 2346 darum
865 2309 987 2355 geiſtlich
1006 2317 1039 2351 zu
1058 2309 1134 2351 ſeyn.
