1812 2715
566 461 625 495 66

865 454 1044 502 Viertes
1063 451 1323 508 Hauptſtuͤck.

563 555 784 604 Algemeinen,
811 556 941 608 ſondern
960 558 1068 599 Stuͤck
1091 569 1148 597 vor
1166 556 1273 597 Stuͤck
1297 560 1357 597 den
1372 554 1494 606 Jnhalt
1515 555 1622 594 deines

565 611 704 652 Gebets.
736 612 787 652 Leg
804 609 922 648 deinem
937 608 1057 655 Herzen
1075 610 1122 648 die
1151 604 1258 663 Fragen
1275 617 1349 646 vor:
1380 616 1456 646 was
1468 608 1544 657 fehlt
1561 607 1621 647 mir

565 673 669 717 noch?
701 683 767 708 was
790 667 846 720 fuͤr
862 672 1028 717 algemeine
1040 669 1248 719 Wohlthaten
1266 673 1329 707 und
1345 666 1623 716 Begnadigungen

568 733 691 774 Gottes
709 731 778 782 hab
789 731 830 775 ich
849 744 882 779 zu
900 730 1031 783 ſuchen?
1057 732 1162 778 welche
1177 729 1322 783 beſondre
1338 719 1536 786 Beduͤrfniſſe
1554 730 1624 769 mei⸗

567 804 625 831 ner
645 790 745 832 Seele
768 794 841 830 oder
863 789 983 829 meines
1008 789 1104 829 Leibes
1123 791 1188 837 ſind
1213 791 1267 837 iezt
1290 789 1491 835 vorhanden,
1520 793 1623 825 worin

567 854 653 893 mein
670 852 834 905 himliſcher
842 853 949 892 Vater
966 850 1026 890 mir
1043 851 1144 900 helfen
1160 854 1219 890 kan
1236 853 1300 889 und
1316 851 1418 900 muß?
1444 850 1546 896 Oder,
1555 858 1623 888 was

568 915 626 964 fuͤr
636 913 746 955 Gutes
760 914 814 965 hat
830 912 891 953 mir
900 911 987 954 Gott
1005 912 1156 960 erwieſen,
1166 911 1274 962 wofuͤr
1287 911 1332 957 ich
1349 909 1414 960 ihm
1434 910 1508 967 Dank
1524 913 1623 963 ſchul-

568 975 621 1024 dig
643 974 722 1013 bin?
750 974 856 1017 welche
872 985 948 1013 neue
963 974 1097 1019 Proben
1116 964 1211 1018 ſeiner
1227 972 1386 1021 Aufſicht,
1413 972 1625 1018 Verſorgung

567 1040 633 1073 und
645 1033 744 1082 Huͤlfe
759 1033 830 1083 hab'
846 1034 889 1079 ich
906 1034 993 1082 heute
1010 1037 1081 1071 oder
1099 1021 1150 1084 ſeit
1166 1033 1283 1079 kurzem
1299 1029 1532 1080 erfahren?
1508 1035 1529 1083 —
1560 1030 1625 1071 Um

568 1101 630 1135 das
648 1096 723 1134 noch
741 1094 880 1143 richtiger
897 1093 1066 1145 einzuſehn,
1081 1098 1145 1132 und
1163 1095 1245 1142 deſto
1260 1092 1388 1141 reichere
1397 1091 1541 1134 Materie
1554 1101 1626 1140 zum

568 1154 676 1192 Gebet
693 1163 728 1199 zu
745 1150 936 1194 bekommen,
966 1157 1033 1188 nim
1051 1149 1139 1188 lieber
1156 1148 1244 1198 heute
1260 1150 1369 1200 dieſen,
1387 1161 1518 1195 morgen
1535 1153 1625 1193 jenen

566 1214 638 1254 Teil
653 1216 759 1252 deiner
768 1212 926 1257 Pflichten
939 1222 992 1257 zur
1007 1209 1243 1259 Unterſuchung
1258 1217 1316 1248 vor
1334 1211 1401 1253 dir;
1427 1210 1487 1256 ſieh
1502 1221 1546 1255 zu,
1557 1217 1628 1245 was

567 1270 696 1321 verſehn
713 1269 765 1314 iſt,
795 1270 870 1318 faſſe
886 1269 933 1308 die
949 1270 1073 1309 Stuͤcke
1088 1268 1209 1316 ſogleich
1234 1269 1287 1305 ins
1302 1269 1407 1314 Kurze
1431 1273 1626 1313 zuſammen;

568 1331 651 1381 ſag's
668 1327 767 1372 Gott,
790 1328 846 1365 wie
861 1326 931 1364 du's
949 1326 1047 1364 einem
1066 1323 1211 1374 Freunde
1234 1324 1326 1374 ſagen
1351 1328 1501 1373 wuͤrdeſt:
1536 1329 1623 1372 „hier

569 1389 641 1431 hab'
653 1389 699 1434 ich
717 1388 850 1437 gefehlt,
877 1391 948 1425 dort
965 1388 1058 1434 auch:
1093 1386 1188 1436 ſtaͤrke
1202 1388 1281 1431 mich
1297 1387 1371 1437 alſo,
1409 1398 1414 1423 o
1424 1387 1543 1431 Vater,
1562 1389 1624 1431 daß

571 1429 615 1486 ich
631 1440 773 1489 richtiger
791 1438 958 1480 wandle!“
969 1464 1023 1475 —
1047 1439 1192 1490 Beſitzeſt
1209 1442 1251 1478 du
1267 1440 1298 1493 ſo
1312 1441 1371 1478 viel
1380 1440 1548 1490 Faͤhigkeit,
1573 1451 1625 1496 und

570 1516 679 1562 findeſt
698 1516 739 1551 du
758 1513 851 1557 durch
869 1510 955 1551 deine
973 1508 1176 1561 Erfahrung,
1207 1508 1268 1558 daß
1283 1511 1353 1551 dirs
1369 1506 1482 1558 nuͤzlich
1499 1505 1567 1560 ſey;
1593 1510 1625 1555 ſo

570 1571 683 1624 ſchreib
700 1571 747 1611 dir
766 1570 923 1620 allenfalls
942 1570 988 1610 die
1005 1566 1250 1617 Hauptpunkte,
1266 1569 1375 1615 welche
1390 1573 1433 1609 du
1448 1568 1536 1608 Gott
1556 1579 1626 1607 vor⸗

570 1640 717 1681 zutragen
734 1633 818 1682 haſt,
840 1631 925 1680 auf;
961 1632 1081 1675 wiewol
1103 1630 1147 1677 ich
1162 1630 1210 1671 dir
1234 1631 1315 1676 nicht
1330 1631 1439 1681 rathen
1457 1632 1536 1677 kan,
1563 1631 1628 1679 dich

573 1704 652 1741 ganz
669 1693 712 1731 an
736 1695 811 1745 dieſe
826 1692 985 1741 Methode
1001 1703 1037 1740 zu
1060 1687 1230 1739 gewoͤnen,
1271 1691 1340 1731 weil
1364 1690 1445 1744 ſonſt
1468 1699 1528 1729 aus
1546 1695 1628 1737 dem,

572 1759 643 1790 was
659 1750 814 1800 eigentlich
831 1764 881 1791 ein
899 1753 1001 1793 Werk
1020 1751 1126 1792 deines
1135 1747 1277 1799 Herzens
1293 1752 1364 1800 ſeyn
1379 1750 1443 1801 ſoll,
1461 1751 1525 1789 eine
1539 1748 1627 1797 bloße

572 1811 870 1860 Verſtandsuͤbung
886 1812 951 1848 und
968 1821 1018 1848 ein
1036 1810 1179 1858 ſtudirtes
1188 1812 1289 1851 Werk
1306 1814 1358 1849 der
1367 1811 1485 1857 Kunſt,
1501 1810 1628 1852 welches

573 1874 662 1915 Gott
679 1872 851 1919 unmoͤglich
869 1872 1000 1922 gefallen
1019 1873 1096 1915 kan,
1125 1873 1248 1911 werden
1264 1868 1379 1917 moͤgte.
1463 1868 1549 1916 Jede
1565 1872 1631 1922 alſo

573 1938 743 1984 angeſtellte
759 1937 902 1980 redliche
912 1929 1205 1988 Selbſtpruͤfung
1222 1934 1287 1983 gibt
1299 1934 1349 1972 dir
1366 1932 1465 1982 gewiß
1481 1945 1550 1983 zum
1560 1934 1629 1976 Ge⸗

573 1996 632 2035 bet
639 1995 745 2040 Anlaß
763 2004 876 2041 genug.
902 1991 954 2039 Ja
969 1996 1007 2040 ſie
1023 1994 1058 2041 iſt
1072 1993 1321 2041 gewiſſermaßen
1335 2003 1379 2029 an
1396 1991 1451 2038 ſich
1466 1992 1549 2045 ſelbſt
1564 1994 1630 2032 eine

573 2059 635 2097 Art
650 2063 707 2097 des
724 2057 859 2101 Gebets,
868 2057 899 2108 ſo
917 2057 987 2095 bald
1006 2060 1043 2103 ſie
1059 2056 1126 2098 mit
1140 2052 1261 2104 ſtetem
1277 2050 1436 2106 Hinſehn
1452 2052 1524 2107 auf
1527 2053 1629 2099 Gott

572 2114 753 2154 verbunden
776 2115 867 2153 wird.
927 2112 1037 2163 Dieſe
1052 2107 1325 2159 Vorbereitung
1349 2115 1428 2164 zum
1448 2110 1569 2155 Gebet
1587 2123 1631 2151 er⸗

573 2169 676 2216 fodert
692 2180 773 2212 zwar
790 2166 923 2215 weniger
941 2165 1227 2219 Aufmerkſamkeit,
1245 2174 1337 2205 wenn
1356 2174 1397 2205 du
1413 2168 1450 2208 in
1467 2168 1631 2216 irdiſchen

576 2229 897 2283 Angelegenheiten
915 2232 979 2267 und
994 2242 1048 2278 zur
1057 2229 1126 2278 Zeit
1141 2230 1195 2268 der
1210 2228 1304 2279 Noth
1317 2241 1352 2278 zu
1367 2228 1456 2270 Gott
1472 2231 1557 2266 deine
1565 2232 1630 2274 Zu⸗

573 2291 668 2338 flucht
682 2289 785 2336 nimſt.
842 2287 937 2332 Doch
955 2289 989 2335 iſt
1005 2290 1081 2334 auch
1101 2289 1187 2325 dann
1203 2283 1314 2325 immer
1331 2290 1407 2333 noch
1425 2293 1473 2327 die
1489 2292 1630 2326 Ueberle⸗

573 2358 660 2396 gung
679 2346 812 2399 nuͤzlich:
846 2355 937 2395 „was
956 2351 1013 2389 kan
1031 2350 1074 2399 ich
1096 2352 1150 2390 mit
1174 2345 1259 2403 Recht
1275 2358 1337 2388 von
1347 2347 1435 2390 Gott
1450 2349 1629 2398 begehren?

1565 2425 1630 2461 und
