1710 2472
241 388 356 432 Schill.
391 389 398 420 6
420 381 497 429 Pen.
516 379 617 424 Sterl.
643 380 732 426 (oder
756 379 846 424 1093
862 376 968 419 Rthlri
1000 380 1038 425 27
1037 377 1147 423 Stbr.
1167 376 1188 419 4
1202 375 1268 415 Dt.

241 437 350 478 Clev.)
374 434 532 475 beſtimmt.
594 434 663 474 Auf
681 426 776 472 dieſer
800 426 959 476 Pachtung
986 423 1102 461 werden
1128 433 1268 466 gehalten

247 487 314 528 10½
336 485 435 523 Stuͤck
451 485 601 532 Zugvieh;
644 480 687 520 12
706 480 810 525 Kuͤhe;
849 494 870 523 9
893 480 994 518 Stuͤck
1010 478 1184 521 Maſtvieh;
1217 489 1264 510 20

243 524 346 576 Stuͤck
366 530 474 579 junges
493 523 664 577 Rindvieh;
689 534 760 565 260
785 532 881 565 Stuͤck
901 532 1060 571 Schaafe,
1088 531 1193 568 wobey
1219 534 1268 559 die

243 587 471 630 Gemeinheiten
488 589 597 632 einiger
614 584 882 631 Pachtungen
822 584 882 632 mit
900 582 1098 625 eingerechnet
1114 584 1196 621 ſind;
1215 598 1266 605 —

243 647 326 680 dann
348 654 370 678 2
387 640 535 685 Knechte,
585 646 594 677 2
612 634 755 682 Maͤgde,
793 647 811 673 1
840 631 983 683 Junge,
1001 641 1065 670 und
1083 647 1102 675 3
1134 632 1270 669 Arbeiter

247 695 318 728 oder
335 682 532 731 Tageloͤhner.
565 690 677 727 Man
692 685 787 730 beſaͤet
806 690 864 720 das
884 687 1054 720 Ackerland
1067 692 1096 715 in
1116 690 1270 722 folgender

247 747 418 787 Ordnung:
457 751 525 791 27½
549 743 624 781 Acre
652 745 707 778 mit
722 740 875 784 Waizen;
896 740 970 774 26
970 740 1034 772 mit
1054 738 1179 778 Gerſte;
1223 742 1268 775 36

247 794 305 835 mit
318 791 458 837 Roggen,
476 803 508 829 u.
529 796 550 837 ſ.
571 799 641 836 w.;
651 783 741 832 20½
752 792 807 827 mit
824 791 944 832 Hafer;
974 788 1040 827 11½
1063 791 1118 823 mit
1138 791 1271 830 Erbſen;

249 851 287 883 6
301 844 357 879 mit
383 836 513 885 Bohnen
531 841 823 886 (wohlverſtanden
853 842 908 874 mit
974 841 1271 875 Futterbohnen,

249 902 368 937 wovon
377 896 428 939 ich
436 898 468 932 in
482 893 543 935 der
553 890 635 936 Note
653 894 841 939 ſpreche*);
873 901 918 941 14
940 892 981 925 mit
1016 890 1133 940 Ruͤben,
1156 898 1216 923 und
1228 894 1271 926 6½

1217 962 1274 992 mit

264 1018 425 1066 *)Noch
435 1020 488 1053 bis
502 1019 560 1060 jetzt
568 1013 634 1061 hat
634 1015 716 1060 man
732 1022 794 1058 uͤber
801 1019 861 1047 dies
875 1030 1028 1062 Erzeugniß
1043 1031 1088 1060 der
1106 1032 1274 1056 Landwirth⸗

321 1070 420 1102 ſchaft
433 1070 508 1101 nicht
521 1066 596 1103 einig
596 1066 725 1101 werden
734 1066 861 1098 koͤnnen.
907 1065 1129 1097 Wahrſcheinlich
1149 1069 1181 1093 iſt
1208 1068 1276 1092 dieſe

289 1107 626 1149 Futter ⸗ Sau ⸗ oder
642 1106 668 1142 ſo
689 1112 830 1140 genannte
853 1106 963 1147 Pferde
980 1113 1099 1143 Bohne,
1121 1112 1169 1130 die
1189 1109 1276 1131 Faba

337 1143 384 1181 der
401 1138 515 1183 Alten;
524 1140 648 1180 wiewohl
664 1143 737 1177 nicht
750 1151 781 1185 zu
796 1147 917 1175 laͤugnen
933 1147 983 1183 iſt,
1015 1149 1067 1177 daß
1093 1150 1134 1169 die
1153 1156 1274 1180 Bohnen

337 1190 385 1224 der
404 1182 487 1224 Alten
505 1193 569 1224 noch
573 1184 685 1229 kleiner
693 1185 802 1223 geweſen
814 1190 876 1221 ſeyn
886 1184 999 1220 muͤſſen.
1018 1186 1104 1217 Denn
1124 1186 1273 1219 Aëtius,

340 1225 473 1270 Galen,
501 1224 557 1264 und
585 1228 656 1271 And.
682 1228 774 1265 haben
802 1229 901 1259 Mittel
928 1229 1045 1262 gelehrt,
1069 1229 1205 1260 Bohnen,
1231 1229 1276 1254 die

287 1283 388 1313 ins
403 1280 467 1314 Ohr
481 1278 595 1317 gefallen
610 1284 713 1314 waren,
736 1275 830 1306 wieder
847 1275 946 1309 heraus
962 1277 996 1310 zu
1012 1273 1135 1309 bringen.
1179 1272 1276 1306 Dieſer

302 1325 470 1362 Umſtand
490 1321 546 1362 laͤßt
563 1320 730 1359 vermuthen,
756 1320 805 1356 daß
822 1324 860 1349 die
879 1316 1083 1356 Futterbohnen
1103 1317 1160 1348 eine
1175 1318 1277 1350 erbſen⸗

298 1366 450 1408 maͤßige
467 1365 559 1413 Groͤße
575 1356 680 1404 hatten.
724 1356 784 1397 Der
799 1365 854 1399 ſeel.
881 1370 1020 1399 Gesner
1039 1357 1088 1394 hat
1105 1368 1140 1389 im
1156 1358 1278 1394 Regiſter

343 1412 376 1449 zu
390 1400 442 1443 den
461 1401 590 1441 Auctor.
608 1402 655 1437 rei
671 1408 749 1436 rust.
770 1407 848 1439 (oder
863 1399 1031 1441 Zweybruͤck.
1046 1403 1135 1436 Ausg.
1150 1404 1183 1437 4r
1201 1401 1278 1441 Bd)

336 1448 387 1495 die
396 1443 549 1486 Meynung
562 1451 611 1480 des
620 1448 839 1481 Dodonaͤus
849 1450 978 1480 gebilligt.
1004 1449 1150 1481 Gesner
1165 1449 1277 1475 glaubte

342 1493 488 1521 vielleicht:
522 1488 737 1525 Dodonaͤus
766 1494 824 1526 rede
849 1495 902 1521 von
923 1491 969 1523 der
988 1486 1278 1531 Spargelwicke,

347 1530 645 1567 Spargel ⸗ erbſe
675 1530 728 1564 (τοῦ
735 1530 864 1563 ϰυάμου)
885 1530 934 1553 wie
956 1530 1155 1556 Saumaiſe
1175 1533 1279 1558 meynt,

289 1574 388 1603 die
401 1574 474 1610 aber
489 1570 584 1604 Lotus
600 1571 858 1609 tetragonobolus
885 1571 925 1601 iſt.
949 1576 1155 1610 Dodonaͤus
1175 1573 1234 1596 haͤlt
1249 1576 1279 1592 es

346 1609 392 1649 fuͤr
412 1608 481 1647 nicht
495 1623 563 1653 ganz
580 1607 846 1654 unwahrſcheinlich:
872 1610 921 1646 daß
932 1609 1015 1640 Faba
1030 1615 1158 1643 diejenige
1167 1616 1278 1643 Pflanze

346 1651 411 1692 ſeyn
427 1656 546 1694 moͤchte,
575 1656 670 1690 welche
696 1660 724 1683 er
746 1656 832 1681 Bona
857 1657 1031 1686 silvestris,
1062 1660 1129 1696 sive
1161 1660 1279 1700 faselus

348 1704 451 1737 nennet
473 1704 507 1745 (ſ.
527 1700 681 1737 Dodon.
705 1700 776 1731 hist.
800 1702 964 1739 pemptad.
990 1706 1021 1736 4.
1044 1701 1110 1727 Lib.
1133 1699 1173 1727 II.
1197 1708 1225 1726 c.
1246 1703 1280 1726 3.

338 1738 380 1781 p.
409 1741 498 1782 514.)
580 1745 659 1774 Dieſe
687 1745 720 1781 iſt
744 1746 824 1773 aber,
857 1748 908 1778 wie
938 1745 1080 1776 bekannt,
1112 1744 1152 1764 die
1187 1744 1282 1776 Vicia

348 1784 559 1821 narbonensis
587 1789 632 1826 der
656 1785 782 1821 heutigen
805 1780 967 1813 Botaniker.
1041 1782 1090 1810 Da
1124 1783 1188 1808 aber
1214 1785 1281 1812 dieſe

351 1826 466 1860 Ranken
480 1832 573 1865 wirft;
596 1829 621 1860 ſo
646 1826 717 1854 kann
731 1827 764 1858 ſie
789 1825 859 1853 nicht
878 1824 918 1850 die
936 1816 1020 1851 Faba
1047 1826 1091 1849 der
1114 1817 1194 1849 Alten
1206 1825 1280 1851 ſeyn.

351 1869 439 1902 Denn
455 1868 681 1908 Thevphraſt
666 1864 744 1904 (ſ.
752 1864 787 1910 De
810 1864 883 1896 hist.
895 1864 1031 1904 plantar.
1040 1863 1096 1893 lib.
1106 1863 1193 1894 VIII.
1203 1872 1232 1891 c.
1242 1867 1282 1899 3)

301 1909 410 1943 ſagt
429 1911 560 1946 deutlich:
579 1911 687 1941 Faba
705 1907 833 1942 (ϰυαμος)
857 1907 941 1933 inter
963 1907 1123 1940 legumina
1141 1910 1208 1929 sola
1224 1917 1280 1935 po-

351 1948 506 1988 tissimum
521 1953 632 1984 erecto
647 1953 739 1978 caule
755 1946 887 1978 constat.
905 1945 985 1980 vergl.
1010 1950 1102 1979 Plin.
1123 1952 1142 1977 l.
1165 1947 1281 1981 XVIII.

353 2008 380 2029 c.
399 1996 450 2030 30.
465 2001 504 2031 T.
519 1999 561 2033 II.
578 2008 610 2038 p.
628 1991 696 2034 143.
714 2001 790 2026 sect.
804 1993 853 2032 73.
881 1993 934 2023 ed.
959 1992 1083 2030 Hard.
1110 1997 1164 2020 und
1184 1995 1282 2020 Sau⸗

353 2040 464 2074 maiſe
482 2042 612 2076 exercit.
634 2039 733 2071 Plin.
750 2040 782 2070 in
805 2036 866 2069 Sol.
899 2037 936 2067 T.
957 2034 998 2067 II.
1027 2045 1059 2075 p.
1078 2037 1153 2066 682.
1185 2040 1213 2066 b.
1238 2038 1281 2068 B;

351 2082 424 2122 687.
441 2081 473 2119 b.
492 2083 526 2117 F.
542 2084 599 2116 und
617 2079 680 2114 688
696 2085 763 2120 seq.
