1511 2210
316 178 411 243 vor
411 178 484 243 der
484 178 690 243 Beichte,
690 178 749 243 in
749 178 827 243 der
827 178 995 243 Kirche.

1092 186 1152 232 67

174 261 330 325 bracht
356 262 468 326 hat;
515 260 579 323 ich
601 260 678 316 bin
713 256 845 327 nicht
868 256 1038 328 werth,
1054 262 1145 327 daß

175 331 239 395 ich
260 332 362 387 dein
402 332 531 389 Kind
557 332 701 395 heiſſe,
747 331 812 395 ich
833 332 954 387 waͤre
977 334 1145 394 werth,

176 395 266 461 daß
281 398 342 449 du
362 393 473 454 mich
504 384 599 451 aus
625 397 801 449 deinem
848 395 1006 460 Hauſſe
1031 396 1143 461 ſtieſ⸗

175 468 265 535 ſeſt,
309 471 403 524 und
424 469 744 527 nimmermehr
767 467 932 523 wieder
951 467 1142 533 aufneh⸗

176 540 293 596 meſt.
365 539 461 601 Jch
490 538 568 591 bin
594 541 670 593 der
689 538 882 601 Knecht,
928 541 1004 593 der
1047 539 1140 601 dir,

176 607 363 662 meinem
380 607 592 669 Herrn,
636 605 743 670 zehn
763 609 950 670 tauſend
968 609 1140 671 Pfund

174 669 365 732 ſchuldig
379 671 447 732 iſt,
491 670 586 726 und
598 668 711 732 habe
722 674 767 724 in
780 669 1007 732 Ewigkeit
1018 670 1139 732 nicht

174 755 225 809 zu
236 743 459 809 bezahlen.
528 745 625 806 Jch
644 745 722 797 bin
757 747 842 800 der
871 747 1013 800 Mann,
1060 749 1141 800 der

175 817 306 865 unter
322 814 393 867 die
412 810 618 869 Moͤrder
627 810 850 876 gefallen,
895 811 966 865 die
992 809 1142 873 haben

176 876 286 942 mich
298 881 605 942 ausgezogen,
632 879 731 934 und
731 879 818 934 des
832 877 1012 942 ſchoͤnen
1024 880 1144 938 Bil⸗

176 952 258 1007 des
271 950 454 1007 Gottes
474 945 711 1010 beraubet,
754 949 849 1004 und
867 946 1013 1012 haben
1025 947 1141 1011 mich

174 1030 234 1075 an
266 1018 370 1073 Leib
395 1019 490 1078 und
516 1018 640 1074 Seel
665 1019 707 1075 ſo
738 1017 832 1080 ſehr
856 1020 1144 1083 verwundet,

175 1087 263 1151 daß
275 1087 387 1147 mich
397 1087 493 1140 kein
504 1087 696 1148 Menſch
707 1087 851 1142 heilen
871 1086 989 1149 kan;
1035 1087 1143 1142 dar⸗

174 1169 250 1213 um
265 1157 353 1219 hilf
358 1157 421 1210 du
421 1157 536 1218 mir,
558 1157 677 1210 mein
699 1159 853 1210 GOtt
853 1159 953 1212 und
986 1153 1143 1221 HErr,

166 1227 328 1289 ſchaffe
340 1227 427 1277 mir
438 1228 685 1283 Beyſtand
704 1226 752 1277 in
762 1229 838 1280 der
882 1227 1012 1284 Noth,
1040 1229 1144 1282 denn

176 1295 592 1358 Menſchen⸗Huͤlfe
609 1297 660 1355 iſt
670 1296 766 1349 kein
780 1292 914 1356 nuͤtze.
959 1297 1145 1354 Bekeh⸗

177 1363 229 1416 re
229 1363 293 1420 du
305 1361 438 1424 mich,
483 1363 652 1425 HErr,
698 1362 741 1425 ſo
753 1366 900 1418 werde
916 1362 981 1425 ich
994 1363 1144 1428 bekeh⸗

178 1434 261 1494 ret,
308 1430 397 1492 hilf
410 1433 472 1484 du
516 1431 623 1491 mir,
642 1424 690 1489 ſo
731 1429 782 1491 iſt
801 1429 888 1485 mir
915 1428 1144 1494 geholfen,

177 1499 293 1556 denn
318 1500 380 1555 du
399 1497 482 1558 biſt
498 1498 616 1553 mein
638 1496 822 1555 Ruhm.
888 1486 963 1557 O
963 1486 1144 1563 HErr!

174 1562 242 1623 wer
277 1566 353 1623 kan
374 1569 465 1625 das
477 1565 575 1624 boͤſe
593 1565 727 1631 Herz
727 1565 917 1631 aͤndern,
960 1567 1054 1622 und
1073 1566 1146 1621 ein

171 1639 319 1688 neues
332 1623 567 1701 ſchaffen?
588 1635 706 1693 Du,
717 1633 887 1698 HErr,
904 1632 1062 1695 allein,
1081 1635 1145 1688 du

177 1708 380 1765 getreuer
407 1704 647 1767 Schoͤpfer
677 1704 725 1757 in
752 1709 892 1762 guten
928 1706 1145 1763 Werken.

166 1777 298 1830 Wer
320 1775 408 1831 kan
432 1766 503 1828 die
546 1772 684 1835 tiefen
707 1775 801 1829 und
822 1771 1146 1835 abſcheulichen

166 1845 633 1904 Suͤnden⸗Wunden
645 1845 822 1904 heilen?
864 1848 957 1904 Du
974 1848 1144 1911 HErr,

588 1912 650 1977 E
650 1912 712 1977 2

1045 1912 1140 1974 und
