1919 2827
611 498 675 524 ren,
692 492 759 519 aller
775 489 838 522 bart
855 489 886 522 iſt
901 477 1111 530 abgeſchnitten.

735 538 805 580 *Jer.
820 554 859 581 48,
874 556 910 584 37.
925 539 990 584 Ezch.
1005 556 1027 584 7,
1037 552 1072 579 18.

655 582 677 616 3.
699 568 753 616 Auf
770 577 848 611 ihren
870 579 961 617 gaſſen
983 578 1068 615 gehen
1089 577 1129 616 ſie
1129 578 1195 616 mit

611 616 701 655 ſaͤcken
725 623 880 653 umguͤrtet,
903 623 956 654 auf
970 623 1049 657 ihren
1066 623 1183 656 daͤchern

613 671 670 703 und
687 667 796 710 ſtraſſen
816 669 914 710 heulen
931 669 963 711 ſie
987 671 1050 708 alle,
1070 672 1126 705 und
1143 677 1184 709 ge⸗

612 711 667 753 hen
689 713 813 748 weinend
835 713 931 755 herab.

657 763 689 797 4.
699 757 816 798 Hesbon
824 761 879 793 und
890 759 989 797 Eleale
999 756 1130 801 ſchreyen,
1134 762 1185 795 daß

613 801 722 843 ‡mans
732 802 785 837 zu*
797 802 894 840 Jahza
905 802 993 841 hoͤret.
1004 803 1105 833 darum
1115 802 1195 850 weh⸗

614 847 711 879 klagen
722 846 763 871 die
773 848 922 880 geruͤſteten
939 843 973 888 in
987 844 1098 877 Moab:
1114 846 1195 875 denn

614 900 645 929 es
661 894 741 937 gehet
756 896 831 936 ihrer
852 898 915 938 ſeele
932 896 1006 932 uͤbel.

737 941 773 974 *4
782 937 853 974 Moſ.
868 945 908 968 21,
921 945 961 970 23.
977 937 1021 968 26.

657 992 680 1023 5.
691 984 800 1020 Mein*
815 983 875 1025 herz
892 982 1005 1027 ſchreyet
1040 979 1075 1025 zu
1070 984 1185 1021 Moab:

614 1028 706 1068 ‡ihre
718 1027 864 1070 fluͤchtigen
875 1027 972 1070 fliehen
989 1038 1042 1065 von
1051 1031 1098 1064 der
1108 1032 1183 1069 drey⸗

614 1071 742 1114 jaͤhrigen
761 1075 822 1113 kuh,
840 1073 883 1107 bis
893 1081 944 1113 gen
954 1075 1047 1114 Zoar:
1064 1077 1136 1111 denn
1152 1076 1183 1115 ſie

614 1114 703 1156 gehen
717 1125 767 1151 gen
777 1115 878 1157 Luhith
889 1115 988 1158 hinan,
997 1118 1053 1151 und
1063 1119 1177 1152 weinen;

614 1166 673 1195 und
689 1162 741 1201 auf
757 1165 817 1196 dem
837 1168 912 1203 wege
927 1172 957 1204 zu
972 1163 1137 1204 Horonaim
1150 1170 1181 1204 zu

612 1207 724 1250 erhebet
743 1209 789 1246 ſich
805 1209 847 1244 ein
863 1206 1116 1252 jammergeſchrey.

767 1255 836 1288 *Jer.
854 1247 888 1287 48,
905 1260 946 1287 34.
960 1254 1001 1287 36.

657 1283 688 1318 6.
692 1282 782 1323 Denn
791 1285 833 1320 die
842 1285 938 1327 waſſer
947 1294 976 1326 zu
986 1286 1117 1323 Nimrim
1127 1294 1183 1323 ver⸗

612 1327 712 1367 ſiegen,
735 1328 787 1369 daß
805 1330 858 1362 das
878 1328 931 1370 heu
947 1333 1108 1365 verdorret:
1125 1332 1183 1365 und

611 1379 666 1412 das
676 1385 744 1418 gras
753 1378 913 1420 verwelket,
930 1383 986 1416 und
1005 1378 1117 1422 waͤchſet
1125 1380 1182 1417 kein

612 1421 686 1463 gruͤn
704 1423 791 1459 kraut.

656 1473 683 1505 7.
688 1464 779 1501 Denn
787 1466 840 1498 das
848 1468 904 1504 gut,
916 1467 958 1501 das
972 1466 1004 1507 ſie
1012 1465 1183 1506 geſammlet,

610 1513 695 1549 ‡und
704 1514 757 1547 das
765 1512 838 1549 volk,
853 1517 907 1547 das
914 1515 947 1556 ſie
955 1513 1070 1555 geruͤſtet
1081 1513 1183 1556 haben,

609 1555 707 1599 fuͤhret
722 1566 788 1592 man
807 1556 874 1592 uͤber
890 1560 941 1594 den
952 1557 1135 1599 weidenbach.

653 1605 680 1636 8.
692 1600 827 1641 Geſchrey
837 1599 916 1641 gehet
931 1611 979 1638 um
995 1603 1023 1636 in
1040 1603 1092 1636 den
1107 1610 1182 1640 gren⸗

608 1648 655 1682 zen
666 1641 780 1677 Moab:
804 1644 835 1682 ſie
852 1642 950 1683 heulen
967 1644 1010 1678 bis
1026 1652 1078 1684 gen
1096 1636 1184 1683 Egla⸗

609 1689 662 1729 im,
671 1691 728 1725 und
737 1689 836 1732 heulen
846 1689 895 1733 bey
905 1693 966 1727 dem
976 1692 1060 1727 horne
1071 1691 1164 1729 Elim.

651 1747 683 1778 9.
697 1739 788 1776 Denn
798 1741 841 1775 die
849 1739 981 1781 waſſer
965 1735 999 1781 zu
1000 1740 1117 1779 Dimon
1126 1744 1181 1785 ſind

606 1785 664 1820 voll
674 1783 775 1819 blutes.
786 1786 853 1824 dazu
864 1786 921 1820 will
932 1786 971 1824 ich
987 1784 1054 1821 uͤber
1065 1785 1181 1824 Dimon

605 1827 676 1868 noch
692 1828 770 1868 mehr
793 1829 918 1864 kommen
935 1829 1037 1871 laſſen:
1048 1829 1074 1868 ‡
1098 1831 1180 1872 beyde

606 1868 678 1905 uͤber
687 1869 730 1903 die
739 1869 864 1908 erhalten
874 1871 928 1909 ſind
936 1864 966 1910 in
979 1871 1076 1906 Moab
1086 1875 1134 1907 des
1143 1871 1184 1908 loͤ⸗

609 1920 685 1950 wen,
694 1916 751 1947 und
762 1913 829 1948 uͤber
845 1916 888 1949 die
904 1913 1020 1954 uͤbrigen
1034 1915 1074 1948 im
1090 1914 1180 1949 lande.

650 1963 791 2005 Cap.16.
801 1973 861 1998 v.I.
880 1965 972 2001 Lieber
981 1966 1094 2006 ſchicket,
1102 1967 1181 2005 ‡ihr

604 1996 820 2048 landesherren,
837 2001 927 2041 laͤmer
954 2016 1001 2043 von
1019 2007 1085 2047 Sela
1094 2002 1181 2047 ‡aus

609 2056 659 2089 der
675 2053 767 2095 wuͤſte,
776 2062 836 2095 zum
846 2053 926 2093 berge
936 2058 981 2089 der
990 2055 1092 2097 tochter
1100 2057 1181 2096 Zion.

649 2110 677 2134 2.
690 2101 764 2137 Aber
773 2103 824 2135 wie
834 2102 877 2135 ein
889 2102 967 2142 vogel
979 2101 1066 2143 dahin
1078 2103 1178 2146 flieget,

603 2148 691 2186 ‡der
708 2150 762 2182 aus
778 2151 839 2181 dem
849 2148 918 2189 neſte
934 2148 1074 2188 getrieben
1089 2150 1178 2189 wird:

602 2193 631 2230 ſo
640 2200 749 2229 werden
759 2194 819 2236 ſeyn
835 2196 877 2228 die
889 2193 990 2236 toͤchter
1001 2196 1108 2236 Moab,
1119 2196 1178 2234 weñ

602 2236 636 2277 ſie
646 2246 696 2271 vor
719 2238 818 2272 Arnon
835 2236 1008 2278 uͤberziehen.

646 2295 669 2325 3.
683 2286 838 2323 Sammlet
847 2288 923 2328 rath,
936 2288 1024 2330 haltet
1035 2288 1179 2331 gericht,‡

598 2330 696 2369 mache
711 2332 755 2365 dir
771 2330 888 2372 ſchatten
907 2336 954 2365 des
971 2332 1106 2371 mittages
1127 2334 1178 2366 wie

598 2372 662 2406 eine
683 2373 789 2409 nacht:
811 2372 922 2413 verbirg
945 2375 988 2408 die
1012 2373 1181 2414 verjageten,

600 2417 658 2453 nnd
667 2419 755 2449 meide
765 2419 806 2450 die
816 2419 962 2458 fluͤchtigen
971 2418 1052 2457 nicht.

645 2465 669 2497 4
701 2456 756 2498 Laß
776 2452 889 2492 meiue
886 2463 1041 2498 verjageten
1064 2459 1112 2500 bey
1135 2462 1179 2495 dir

600 2498 769 2545 herbergen;
795 2501 880 2535 liebes
890 2502 1004 2539 Moab,
1021 2502 1061 2540 ſey
1080 2506 1115 2537 du
1132 2504 1177 2543 ihr

600 2549 697 2589 ſchirm
708 2557 759 2583 vor
770 2550 832 2581 dem
843 2548 993 2587 verſtoͤrer:
1012 2551 1048 2589 ſo
1048 2551 1120 2589 wird
1129 2554 1176 2585 der

597 2593 697 2634 treiber
717 2589 764 2640 ein
782 2589 847 2637 ende
863 2595 961 2640 haben,
982 2597 1028 2634 der
1045 2594 1176 2639 verſtoͤrer

1195 494 1367 531 aufhoͤren,
1382 498 1439 524 und
1454 496 1501 525 der
1519 493 1686 527 untertreter
1702 486 1780 528 ablaſ⸗

1196 547 1260 588 ſen
1275 547 1317 582 im
1333 549 1425 583 lande.

1261 587 1284 619 5.
1296 584 1341 615 Es
1359 584 1430 614 wird
1431 577 1491 624 aber
1509 579 1555 615 ein
1567 578 1668 621 ‡ſtuhl
1678 573 1779 614 bereitet

1216 629 1327 669 werden
1339 630 1395 670 aus
1402 629 1510 672 gnade:
1522 628 1584 665 daß*
1597 627 1674 660 einer
1684 613 1781 653 darauf

1198 672 1270 714 ſitze
1285 673 1315 707 in
1334 676 1372 707 der
1379 673 1530 716 wahrheit,
1541 676 1569 708 in
1582 677 1625 709 der
1638 668 1719 721 huͤtte
1720 674 1777 710 Da⸗

1212 719 1296 761 vids,
1299 717 1354 763 und
1362 717 1444 758 richte
1453 717 1490 752 uñ
1500 717 1603 759 trachte
1614 718 1678 760 nach
1689 715 1776 755 rechte,

1218 764 1274 798 und
1285 758 1395 803 foͤrdere
1404 761 1603 803 gerechtigkeit.
1603 756 1779 804 *Luc.1,32.33.

1261 808 1291 838 6.
1300 807 1370 839 Wir
1381 811 1398 825 *
1408 808 1495 844 hoͤren
1503 811 1570 838 aber
1578 813 1632 840 von
1642 806 1701 838 dem
1710 796 1776 844 hoch⸗

1217 854 1313 885 muthe
1323 859 1430 889 Moab,
1433 854 1474 891 daß
1487 855 1515 891 er
1531 855 1593 892 ſehr
1598 850 1657 891 groß
1671 847 1721 888 iſt:
1737 834 1775 877 daß

1196 898 1284 943 auch
1295 902 1341 945 ihr
1355 902 1523 946 hochmuth,
1539 904 1600 944 ſtolz
1617 906 1672 940 und
1687 899 1746 937 zorn
1747 882 1774 917 ‡

1197 947 1325 1001 groͤſſer
1322 945 1374 989 iſt,
1388 954 1459 987 denn
1476 952 1536 991 ihre
1553 950 1654 992 macht.

1339 993 1416 1029 *Jer.
1425 994 1473 1028 48,
1474 989 1517 1034 29.
1535 992 1614 1029 Zeph.
1631 993 1687 1025 2,8.

1257 1040 1287 1072 7.
1298 1037 1420 1066 Darum
1432 1037 1502 1069 wird
1511 1038 1554 1068 ein
1563 1026 1709 1063 Moabiter
1715 1013 1773 1051 uͤber

1218 1081 1269 1107 den
1285 1085 1392 1112 andern
1406 1080 1515 1113 heulen,
1532 1079 1657 1112 alleſamt
1676 1061 1772 1099 werden

1219 1117 1260 1153 ſie
1259 1128 1366 1160 heulen.
1379 1127 1405 1164 ‡
1424 1124 1492 1156 uͤber
1506 1120 1549 1145 die
1563 1109 1718 1152 grundveſte
1731 1105 1772 1139 der

1217 1163 1287 1198 ſtadt
1310 1163 1490 1199 KirHareſeth
1500 1165 1609 1191 werden
1617 1162 1661 1192 die
1678 1142 1772 1191 verlaͤh⸗

1216 1223 1306 1254 meten
1329 1220 1448 1262 ſeuftzen.

1258 1267 1285 1302 8.
1303 1266 1394 1301 Denn
1400 1263 1518 1294 Hesbon
1530 1262 1562 1296 iſt
1569 1263 1613 1293 ein
1622 1251 1717 1292 wuͤſtes
1724 1234 1769 1281 feld

1215 1305 1393 1346 geworden,
1385 1305 1428 1334 der
1439 1301 1577 1339 weinſtock
1584 1313 1614 1340 zu
1627 1292 1732 1337 Sibma
1743 1274 1769 1317 iſt

1217 1353 1376 1380 verderbet:
1386 1350 1428 1386 die
1437 1350 1535 1385 herren
1543 1355 1625 1381 unter
1633 1342 1682 1375 den
1689 1339 1712 1377 ‡
1719 1333 1770 1377 hey⸗

1214 1401 1266 1432 den
1275 1391 1365 1424 haben
1375 1392 1446 1426 ſeine
1455 1391 1513 1419 edle
1520 1392 1602 1420 reben
1610 1376 1772 1427 zerſchlagen,

1217 1443 1275 1476 und
1292 1441 1347 1473 ſind
1363 1435 1523 1468 gekommen
1540 1435 1585 1465 bis
1601 1438 1650 1469 gen
1665 1417 1772 1470 Jaeſer,

1218 1481 1275 1520 und
1283 1480 1374 1523 ziehen
1391 1484 1438 1519 um
1448 1479 1479 1518 in
1486 1489 1533 1513 der
1543 1478 1645 1520 wuͤſte:
1649 1471 1706 1513 ihre
1713 1460 1769 1507 feſer

1215 1525 1273 1569 ſind
1287 1525 1447 1568 zerſtreuet,
1469 1526 1528 1563 und
1544 1527 1612 1553 uͤber
1637 1516 1688 1549 das
1708 1503 1771 1545 meer

1199 1579 1354 1622 gefuͤhret.

1258 1617 1290 1658 9.
1304 1614 1428 1655 Darum
1442 1608 1530 1653 weine
1545 1614 1586 1658 ich
1603 1616 1651 1649 um
1660 1579 1770 1655 Jaeſer,

1217 1657 1273 1703 und
1279 1663 1330 1701 um
1338 1660 1391 1697 den
1399 1657 1537 1697 weinſtock
1545 1660 1578 1701 zu
1584 1645 1710 1703 Sibma:
1719 1632 1767 1667 und

1200 1701 1345 1748 vergieſſe
1360 1702 1428 1743 viele
1452 1701 1572 1740 thraͤnen
1595 1708 1643 1734 um
1664 1681 1768 1732 Hesbon

1215 1749 1274 1787 und
1288 1748 1399 1788 Eleale.
1441 1747 1513 1767 denn
1533 1747 1564 1768 es
1579 1745 1611 1778 iſt
1625 1742 1667 1770 ein
1681 1723 1768 1772 geſang

1215 1793 1248 1834 in
1254 1793 1353 1834 deinen
1361 1792 1481 1833 ſommer
1496 1802 1553 1823 und
1567 1791 1598 1837 in
1612 1785 1688 1830 deine
1701 1768 1768 1808 ernte

1215 1848 1345 1887 gefallen,

1260 1880 1308 1918 10.
1317 1873 1390 1920 Daß
1405 1873 1425 1903 *
1438 1888 1535 1922 freude
1553 1886 1609 1914 und
1626 1867 1721 1918 wonne
1734 1855 1768 1890 im

1203 1911 1292 1966 felde
1307 1923 1458 1968 aufhoͤret,
1474 1926 1531 1965 und
1557 1925 1587 1964 in
1608 1897 1768 1959 weinbergen

1212 1966 1333 2012 jauchzet
1348 1975 1415 2015 noch
1431 1974 1505 2008 rufet
1521 1981 1588 2000 man
1596 1967 1678 2003 nicht.
1708 1946 1767 1984 man

1212 2011 1306 2052 keltert
1321 2013 1415 2053 keinen
1427 2013 1500 2054 wein
1514 2014 1544 2057 in
1553 2010 1603 2052 den
1615 1995 1719 2051 keltern,
1731 1981 1766 2023 ich

1214 2057 1286 2102 habe
1302 2060 1351 2103 des
1365 2058 1499 2101 geſanges
1506 2058 1550 2099 ein
1562 2055 1624 2095 ende
1637 2030 1769 2087 gemachet.

1400 2112 1486 2148 *Jer.
1501 2115 1547 2146 48,
1558 2115 1596 2145 33.

1255 2141 1296 2186 II.
1302 2142 1457 2190 Darum*
1455 2139 1623 2184 ‡brummet
1629 2122 1700 2177 mein
1714 2115 1768 2159 herz

1213 2188 1280 2228 uͤber
1289 2190 1396 2232 Moab,
1404 2190 1459 2230 wie
1464 2189 1524 2229 eine
1531 2183 1635 2225 harfe:
1640 2173 1694 2222 und
1702 2159 1768 2204 mein

1212 2235 1384 2278 inwendiges
1414 2236 1482 2273 uͤber
1504 2236 1655 2279 Kirhares.

1364 2276 1649 2316 *c.15,5.Jer.48,38.

1258 2317 1302 2364 12.
1318 2327 1448 2359 Alsdenn
1470 2317 1558 2355 wirds
1573 2299 1696 2350 offenbar
1709 2292 1774 2338 wer⸗

1214 2364 1277 2407 den,
1287 2366 1340 2406 wie
1349 2362 1445 2403 Moab
1453 2359 1538 2404 muͤde
1551 2357 1582 2401 iſt
1592 2362 1640 2393 bey
1650 2358 1698 2385 den
1706 2331 1769 2371 altaͤ⸗

1212 2413 1278 2452 ren:
1295 2412 1342 2450 und
1360 2409 1414 2448 wie
1429 2409 1458 2443 er
1473 2406 1503 2446 zu
1512 2400 1628 2441 ‡ſeiner
1645 2389 1724 2430 kirche
1731 2385 1770 2422 ge⸗

1214 2458 1323 2496 gangen
1332 2453 1373 2499 ſey
1386 2454 1417 2499 zu
1434 2449 1523 2485 beten,
1536 2445 1593 2487 und,
1601 2436 1674 2486 doch
1688 2417 1769 2466 nichts

1212 2493 1396 2540 ausgerichtet
1418 2501 1499 2540 habe.

1252 2542 1290 2585 13.
1307 2541 1383 2582 Das
1392 2539 1453 2582 iſts,
1469 2550 1523 2575 das
1548 2547 1596 2573 der
1608 2528 1684 2569 Herr
1697 2520 1769 2559 dazu⸗

1206 2588 1266 2624 mal
1276 2589 1361 2627 wider
1369 2586 1465 2626 Moab
1479 2590 1587 2630 geredet
1601 2588 1661 2630 hat.
