1502 2234
199 327 410 375 mandeur
429 331 559 390 ſiehet,
577 333 656 390 daß
671 337 742 382 der
748 334 1008 393 Rittmeiſter
1019 337 1123 395 dazu

199 393 309 440 keine
326 390 493 449 Anſtalt
511 392 685 449 machet,
701 392 879 441 alsdenn
899 399 971 444 der
987 398 1120 442 Com-

199 443 409 491 mandeur
435 450 506 498 des
531 450 783 505 Regiments
806 452 897 497 dem
921 453 1122 502 Rittmei⸗

199 505 276 564 ſter
305 509 384 555 das
416 509 526 558 Geld
553 508 771 566 monatlich
796 519 879 557 von
912 513 984 559 der
1012 515 1120 559 Aſſi-

198 568 379 621 gnation
409 568 599 627 abziehen
636 569 754 628 muß.
838 572 1120 628 Abſonderlich

198 628 288 674 kein
313 626 559 671 Subalterne
577 628 749 673 Officier
775 625 879 679 uͤber
907 635 944 677 8.
959 628 1117 684 Thaler

199 685 336 736 wehrt
351 686 567 741 Schulden
589 685 754 742 machen
771 688 897 745 muß;
932 688 1042 742 Auch
1054 691 1119 742 ſoll

199 740 272 786 der
290 737 613 784 Commandeur
629 750 708 787 vor
726 741 864 790 keinen
875 741 1119 789 Subalterne

197 796 384 850 Officier,
398 797 558 853 (auſſer
575 808 653 847 vor
670 800 787 848 einen
802 811 936 851 neuen
947 801 1116 848 Officier

196 866 249 912 zu
270 857 526 913 Bezahlung
553 862 625 907 der
648 863 927 917 Montirung,
953 862 1117 918 welches

198 916 309 964 Geld
338 916 428 968 ihm
452 914 625 971 hernach
660 920 865 966 entweder
892 916 1119 975 abgezogen

197 973 386 1027 werden,
407 974 506 1022 oder
522 977 595 1024 der
610 973 784 1021 Officier
800 984 883 1023 von
893 974 1035 1033 Hauſe
1053 978 1117 1022 be⸗

195 1030 340 1084 zahlen
356 1030 483 1085 muß)
498 1041 624 1083 wenn
640 1035 707 1083 Er
716 1034 935 1090 Schulden
952 1036 1117 1091 machen

195 1087 305 1143 will,
327 1094 405 1144 gut
425 1088 561 1144 ſagen.
616 1092 752 1141 Denn
782 1095 847 1140 ein
871 1093 1115 1138 Subalterne

187 1132 391 1193 Officier,
391 1132 567 1193 welcher
567 1138 694 1193 keine
741 1136 841 1193 Mittel
867 1144 956 1193 von
990 1140 1110 1193 Hauſe

187 1193 311 1260 hat,
311 1193 369 1260 ſo
369 1193 522 1253 leben
522 1193 659 1263 muß,
659 1193 763 1258 daß
741 1193 841 1258 Er
867 1193 956 1255 mit
968 1189 1104 1263 ſeinem

195 1258 477 1307 Tractament
496 1252 773 1313 auskommen
789 1263 883 1310 kan.
911 1262 1008 1322 Hat
1018 1262 1115 1312 aber

197 1323 263 1368 ein
287 1323 460 1370 Officier
474 1323 623 1373 Mittel
644 1332 729 1372 von
745 1320 910 1378 Hauſe,
938 1328 1115 1375 alsdenn

196 1378 263 1425 Er
290 1377 388 1434 auch
414 1379 519 1430 nicht
534 1375 679 1436 noͤthig
695 1378 792 1435 hat,
822 1381 1041 1437 Schulden
1066 1391 1114 1439 zu

194 1434 381 1488 maden,
408 1436 581 1491 ſondern
606 1440 685 1486 kan
701 1440 781 1486 das
797 1439 927 1496 Geld,
949 1439 1114 1489 welches

195 1490 263 1533 Er
278 1490 443 1545 jaͤhrlich
460 1490 675 1549 zuzuſetzen
698 1491 793 1549 hat,
813 1495 901 1541 und
919 1492 1015 1544 uͤber
1031 1495 1114 1550 ſein

192 1541 473 1588 Tractament
505 1542 728 1600 verzehren
763 1545 881 1600 will,
928 1546 996 1602 ſich
1029 1554 1112 1593 von

191 1598 335 1655 Hauſe
352 1603 540 1648 kommen
552 1603 689 1665 laſſen.
746 1602 961 1663 Wiewohl
972 1610 1015 1653 es
1024 1606 1111 1653 Sr.

190 1650 362 1710 Koͤnigl.
370 1653 574 1712 Majeſtaͤt
588 1659 715 1705 lieber
735 1658 827 1714 ſeyn
845 1662 972 1714 wird,
987 1666 1110 1707 wenn

190 1714 252 1760 die
273 1711 541 1757 Subalternes
566 1713 764 1760 Offieiers
788 1717 874 1764 kein
892 1718 1000 1767 Geld
1025 1723 1108 1763 von

187 1768 332 1829 Hauſe
352 1769 422 1825 ſich
445 1772 636 1819 kommen
659 1771 801 1829 laſſen,
828 1774 1001 1829 ſondern
1026 1780 1108 1818 von

192 1825 328 1883 ihrem
336 1826 615 1874 Tractament
634 1823 768 1885 leben,
786 1834 920 1880 damit
931 1832 1107 1888 Jhnen,

192 1894 317 1936 wenn
334 1884 419 1935 Sie
437 1885 620 1944 einmahl
638 1888 933 1945 Compagnien
949 1886 1108 1936 bekom⸗
