1161 1630
348 199 416 236 129
416 199 444 236 C

477 276 530 302 Eile
543 276 620 302 dann,
634 280 680 300 von
692 276 868 303 Blütenkeimen

450 315 525 344 Rings
538 316 661 341 umduftet,
679 310 725 344 am
725 310 844 345 geheimen

450 366 519 391 Quell
533 367 568 391 ein
581 365 645 394 ſüßes
654 366 707 392 Lied
721 370 746 394 zu
760 367 864 392 reimen,

449 416 500 441 Nur
515 417 552 440 der
566 416 649 441 holden
663 415 799 444 Minnerin.

475 512 547 536 Denn
560 512 598 536 des
611 512 684 537 Todes
697 510 875 539 Knochenfinger

451 551 563 579 Fordert,
578 551 639 576 älter
654 552 707 577 oder
721 549 803 579 jünger

451 596 603 624 Bettelmann
615 599 660 621 und
674 596 866 625 Weltbezwinger

449 643 512 672 Bald
526 642 567 666 aus
579 640 645 672 Hütt'
658 644 703 668 und
714 643 784 670 Burg
796 643 886 670 heraus.

476 739 555 764 Wenn
567 742 607 763 er,
619 737 671 765 ach!
683 738 731 763 mit
737 738 822 766 wilder
831 738 936 769 Strenge

449 783 511 809 Bald
526 782 577 810 auch
590 783 651 810 dich
664 786 690 811 zu
703 777 797 818 weichen
814 781 916 813 zwänge!

448 829 533 858 Düſter
546 830 592 860 iſt's
603 831 637 856 im
649 831 715 857 Grab
727 831 774 855 und
787 835 887 860 enge

446 879 545 907 Grauſig
558 879 583 905 iſt
595 880 640 906 ſein
652 879 799 909 Hügelein.

472 976 554 1003 Wiſſe,
568 976 638 1000 wenn
650 980 675 1000 er
689 976 731 1002 erſt
745 979 787 1003 von
800 978 937 994 hinnen

448 1019 529 1045 Trieb,
545 1018 603 1045 kann
617 1018 675 1044 nicht
688 1019 732 1044 auf
746 1014 843 1054 Scherze
846 1023 959 1045 ſinnen,

448 1062 512 1087 Nicht
527 1065 560 1087 die
572 1061 731 1089 Auserwählte
744 1062 852 1089 minnen,

445 1112 510 1138 Nicht
522 1113 561 1138 der
574 1112 706 1140 Blütenzeit
718 1112 756 1139 ſich
769 1113 851 1141 freu'n.
