1498 2211
961 361 1030 401 129

209 443 277 478 zum
299 436 411 475 andern
428 442 539 485 gerade
562 440 813 489 fortzuziehenden
832 449 908 487 Linie
925 454 1028 491 treten,

210 490 258 527 die
274 488 349 530 ohne
365 490 456 531 groſſe
467 497 533 529 und
551 491 746 537 weitlaͤuftige
755 496 856 543 Muͤhe
864 501 939 542 nicht
949 500 1030 539 uͤber⸗

208 538 336 568 wunden
353 538 461 571 werden
482 539 617 582 koͤnnen
622 553 672 564 —
695 537 729 578 iſt
752 539 788 574 da
807 542 882 580 nicht
905 545 951 578 die
970 554 1027 581 un⸗

207 593 317 634 gerade
338 593 408 631 oder
425 597 516 635 durch
538 597 622 633 einen
640 599 760 642 Umweg
785 608 851 642 zum
877 603 939 645 Ziel
957 604 1027 648 fuͤh⸗

207 641 295 678 rende
320 642 395 679 Linie
421 643 499 685 jener
529 647 722 692 vorzuziehn,
751 651 796 691 die
821 650 934 697 kuͤrzere
961 657 1023 691 und

205 693 335 733 weniger
354 694 461 737 Arbeit
473 697 629 740 erfodert?
683 702 753 737 Wie
774 705 831 739 viel
848 705 932 748 mehr
951 706 1024 741 aber

205 743 263 783 hat
284 745 340 776 das
366 743 406 777 im
428 743 628 788 Moraliſchen
656 747 754 790 ſtatt!
798 741 937 795 Nehmen
961 743 1022 803 Sie

205 795 265 838 die
265 795 405 841 folgende
421 788 623 847 Paragraphe
640 802 735 848 dazu:
771 805 854 848 „Du
880 808 944 852 haſt
968 807 1022 856 auf

203 845 314 899 deinem
335 846 466 902 ewigen
480 850 575 896 Wege
598 854 629 897 ſo
655 856 715 893 viel
737 857 967 906 mitzunehmen,
992 861 1019 902 ſo

202 902 278 941 viel
279 896 505 949 Seitenſchritte
524 907 564 954 zu
576 902 684 955 thun!
736 909 809 952 Und
835 911 903 954 wie,
933 921 1021 952 wenn

202 952 245 986 es
257 958 320 986 nun
336 958 401 991 gar
411 953 447 991 ſo
466 960 526 997 gut
544 958 596 992 als
618 957 814 1003 ausgemacht
826 960 935 1007 waͤre,
959 963 1020 1010 daß

201 995 260 1032 das
278 996 369 1037 groſſe
391 996 532 1045 langſame
550 999 626 1043 Rad,
649 1001 776 1043 welches
782 1006 842 1042 das
854 1008 1018 1051 Geſchlecht

199 1040 290 1097 ſeiner
308 1049 580 1097 Vollkommenheit
596 1052 689 1098 naͤher
706 1057 826 1099 bringt,
847 1049 905 1095 nur
923 1054 1016 1105 durch

200 1099 322 1137 kleinere
350 1098 498 1143 ſchnellere
533 1101 639 1144 Raͤder
665 1106 694 1142 in
718 1100 893 1151 Bewegung
920 1108 1015 1154 geſetzt

199 1148 319 1205 wuͤrde,
347 1154 435 1193 deren
467 1157 550 1204 jedes
573 1159 631 1204 ſein
656 1162 798 1207 einzelnes
824 1165 894 1207 eben
922 1167 1014 1214 dahin

198 1212 324 1259 liefert?

273 1259 336 1303 Er.
379 1262 462 1301 Eben
494 1263 528 1307 ſo
544 1268 617 1317 was
640 1265 714 1310 fand
744 1260 787 1317 ich
815 1271 868 1315 bey
900 1269 1011 1317 Jhrem

196 1316 355 1362 Schloſſer.
376 1318 429 1364 *)

268 1364 351 1408 Jch.
372 1363 437 1400 Und
453 1360 520 1412 was
525 1355 621 1416 haben
643 1367 704 1408 Sie
709 1364 808 1413 wider
811 1373 886 1414 dieſe
894 1371 1010 1420 Saͤtze?

187 1422 244 1454 —
266 1413 326 1450 Sie
344 1412 522 1459 ſchweigen?
549 1418 591 1457 ich
607 1419 673 1455 rede
688 1412 761 1467 alſo
762 1423 845 1463 fort:
895 1424 1011 1467 Sagen

192 1461 254 1500 Sie
274 1461 350 1501 mir,
379 1469 445 1499 was
462 1462 527 1509 haͤlt
541 1476 612 1503 man
645 1474 703 1503 von
733 1472 797 1505 dem
811 1474 931 1517 Vater,
954 1480 1008 1512 der

192 1512 297 1555 ſeinem
322 1511 527 1561 fuͤnfjaͤhrigen
543 1520 638 1562 Kinde
662 1522 708 1558 die
730 1522 927 1569 Geheimniſſe
954 1529 1006 1563 der

191 1562 544 1615 Chriſtenthumstheorie
562 1572 633 1605 oder
647 1571 718 1610 auch
736 1573 787 1607 der
805 1575 1005 1615 Naturkunde

190 1618 241 1653 als
260 1616 305 1654 die
320 1617 426 1663 Lehren
453 1624 511 1660 von
538 1621 780 1668 Magnetiſmus,
811 1626 1002 1676 Elektrizitaͤt,

191 1668 473 1714 Fixſternſyſtemen,
491 1673 571 1709 oder
597 1675 642 1708 die
666 1666 797 1722 hoͤhern
804 1679 1003 1725 Wahrheiten

190 1723 241 1757 der
258 1721 460 1771 Philoſophie,
487 1718 701 1774 Mathematik,
722 1729 848 1775 Chemie
865 1726 929 1774 oder
944 1742 1001 1778 gar

883 1780 994 1826 Theo⸗

195 1826 253 1862 *)
273 1829 331 1856 Von
349 1835 389 1849 der
398 1811 645 1855 Seelenwanderung.
670 1826 745 1857 Erſtes
763 1824 880 1852 Geſpraͤch.
904 1830 940 1849 S.
955 1831 977 1847 2.

623 1887 661 1932 J
