2160 2439
551 281 619 328 die
619 281 857 328 Erklaͤrung
857 281 1073 328 Cap.XVI,
1073 281 1176 328 Lev.
1176 281 1272 328 v.i.

1578 290 1623 328 3

196 332 306 396 Rede
335 332 420 395 des
417 340 589 401 HErrn
605 350 658 396 zu
674 331 812 393 Moſe.
872 339 991 384 Weil
1007 338 1106 380 aber
1114 336 1203 386 hier
1215 339 1288 378 der
1301 333 1450 380 beyden
1463 328 1619 379 Soͤhne

196 390 377 447 Aarons
392 393 553 450 gedacht
568 396 704 454 wird/
731 400 856 453 worvon
890 397 1026 450 |ſtehet
1039 400 1134 425 Lev.
1144 405 1225 434 cap.
1239 402 1303 422 10.
1322 390 1500 436 ſchluͤſſen
1518 393 1618 423 eini⸗

200 463 249 508 ge
264 449 507 507 Ausleger/
515 448 597 502 daß
613 451 738 502 unſer
753 460 836 498 cap.
854 455 915 483 16.
938 457 1078 495 genau
1099 446 1339 494 verknuͤpfft
1354 450 1414 488 ſey
1432 448 1510 479 mit
1528 448 1619 479 dem

201 525 283 563 cap.
324 526 364 557 10.
395 513 462 559 und
481 512 548 559 das
575 509 730 557 andere
737 503 942 566 gleichſam
952 504 1245 561 darzwiſchen/
1249 509 1285 560 in
1289 503 1520 551 parentheſi,
1531 506 1620 539 nur

199 552 349 639 geſetzt
345 565 522 628 worden.
574 572 649 623 (2)
676 560 774 615 Da
790 559 847 622 ſie
871 560 947 631 fuͤr
953 568 1040 628 dem
1061 560 1258 618 HErrn
1258 557 1505 620 opfferten/
1524 565 1622 599 oder

202 643 263 688 da
280 639 339 689 ſie
364 634 720 698 hinzutraten/
732 628 823 696 ſich
841 627 1103 693 naͤherten/
1119 633 1217 679 vor
1243 625 1345 675 dem
1377 622 1624 685 Angeſicht

197 700 282 753 des
290 691 506 761 HErrn/
529 690 603 757 und
613 693 678 755 da
678 691 873 753 ſturben
883 689 957 753 ſie.
971 698 1061 745 Die
1078 698 1192 735 LXX.
1210 691 1488 742 Dolmetſcher
1501 698 1626 737 geben

201 757 271 807 es:
307 757 344 798 ἐν
344 756 412 797 τω̃
431 754 658 811 πϱοσφέρειν
668 751 776 799 ἀυτȣς
795 758 868 803 πυ̃ρ
885 759 1094 802 ἀλλότϱιον
1111 755 1215 804 ἔναντι
1240 766 1364 800 ϰυρίȣ,
1376 761 1441 804 ϰαὶ
1471 758 1627 805 ἐτελεύ-

202 828 343 856 τεσαν,
357 798 468 868 ſetzen
485 808 566 864 alſo
575 809 642 857 die
654 803 807 862 Urſach
824 810 1032 861 darbey/
1028 815 1201 846 warum
1220 809 1314 848 dieſe
1329 811 1451 850 beyde
1469 808 1627 846 Soͤhne

203 867 383 918 Aarons
406 865 654 924 geſtorben/
675 866 771 910 weil
786 865 840 914 ſie
865 865 1001 913 fremd
1031 865 1169 914 Feuer
1199 865 1390 907 brachten
1425 871 1502 896 vor
1536 869 1628 896 dem

205 922 396 985 HErrn.
423 922 642 976 Demnach
662 924 728 969 die
739 918 987 973 Naͤherung
1007 922 1080 961 des
1098 921 1284 961 Nadabs
1303 923 1392 957 und
1406 920 1549 963 Abihu
1565 928 1631 959 ge⸗

206 984 331 1031 ſchach
346 985 428 1028 mit
446 981 583 1032 ihrem
593 973 897 1034 Rauch-Faß/
897 981 966 1020 wo
991 974 1072 1026 zu?
1085 978 1184 1024 zum
1200 976 1528 1023 Rauch⸗Altar/
1534 978 1633 1009 wel⸗

212 1034 298 1081 cher
309 1032 550 1086 beſchrieben
565 1028 716 1083 wird/
723 1029 842 1070 Exod.
860 1035 915 1079 37,
933 1035 986 1073 25.
1006 1030 1087 1073 ſqq.
1102 1029 1190 1064 und
1208 1029 1335 1072 geſetzt
1354 1034 1450 1060 war
1472 1034 1517 1060 in
1541 1034 1633 1059 dem

209 1087 539 1145 Vorder⸗Theil
554 1087 626 1135 der
640 1082 816 1150 Huͤtten
829 1084 902 1131 des
920 1081 1116 1137 Stiffts/
1134 1085 1232 1125 oder
1256 1082 1313 1121 in
1333 1086 1400 1122 dem
1401 1086 1639 1138 Heiligen/

208 1147 400 1198 לפבי־יהזה
415 1143 505 1207 fuͤr
560 1148 640 1198 dem
641 1140 870 1208 HErrn/
887 1148 989 1207 weil
1009 1154 1055 1186 er
1076 1156 1156 1186 vor
1173 1151 1246 1184 der
1261 1149 1374 1183 Lade
1399 1153 1473 1180 des
1499 1153 1636 1180 Bun⸗

210 1200 283 1255 des
302 1198 421 1259 ſtand
440 1197 539 1258 und
553 1195 643 1257 den
658 1206 916 1257 Cherubim/
895 1204 1008 1264 auf
1030 1204 1195 1267 welchem
1220 1209 1283 1254 die
1297 1208 1549 1269 Herrligkeit
1566 1211 1638 1251 des

206 1250 372 1301 HErrn
401 1252 453 1302 im
458 1252 783 1306 Allerheiligſten
790 1247 969 1315 ruhete/
974 1256 1061 1309 und
1067 1270 1154 1308 nur
1168 1267 1242 1313 mit
1261 1270 1387 1316 einem
1406 1264 1641 1330 Fuͤrhang/

213 1321 287 1365 der
302 1323 380 1367 vor
395 1321 475 1366 das
484 1310 775 1372 Allerheiligſte
792 1309 925 1368 hing/
935 1311 1231 1364 unterſchieden
1241 1318 1337 1351 war
1353 1320 1436 1349 von
1452 1318 1638 1356 ſelbigen.

213 1371 352 1421 Denn
363 1372 456 1422 weil
467 1369 600 1422 GOtt
623 1370 672 1416 im
687 1367 1013 1422 Allerheiligſten
1021 1368 1124 1409 uͤber
1133 1373 1210 1408 den
1219 1370 1458 1412 Cherubim
1474 1376 1558 1407 auf
1567 1376 1637 1400 der

215 1427 535 1481 Bundes⸗Lade
548 1423 754 1485 gleichſam
763 1415 861 1481 ſaß/
868 1423 950 1478 daß
954 1423 1033 1470 Er
1047 1425 1128 1473 ſein
1144 1426 1354 1471 Angeſicht
1371 1434 1498 1466 gegen
1508 1431 1638 1459 Mor⸗

215 1494 292 1542 gen
303 1486 464 1540 heraus
481 1482 685 1542 wandte/
705 1481 744 1537 ſo
761 1486 918 1530 nennet
943 1481 1003 1527 die
1019 1479 1203 1533 Schrifft
1216 1482 1321 1521 alles
1348 1484 1468 1529 das/
1486 1488 1560 1520 was
1574 1490 1643 1521 ge⸗

217 1553 297 1600 gen
322 1541 515 1598 Morgen
538 1539 749 1590 entweder
774 1538 834 1584 im
860 1534 1222 1593 Allerheiligſten/
1233 1538 1329 1576 oder
1345 1538 1404 1574 im
1419 1537 1646 1584 Heiligen/

220 1615 316 1660 oder
339 1615 383 1661 in
407 1613 486 1658 den
508 1604 734 1666 Vorhoͤfen
764 1603 881 1660 ſtand
904 1601 1003 1652 oder
1028 1601 1237 1656 geſchahe/
1253 1600 1334 1654 daß
1357 1607 1402 1646 es
1439 1598 1512 1652 fuͤr
1540 1599 1640 1641 dem

219 1665 489 1732 Angeſichte
499 1663 591 1735 des
604 1659 891 1733 HERRN
913 1666 1130 1726 geſtanden
1161 1674 1261 1708 oder
1286 1672 1525 1720 geſchehen/
1552 1674 1646 1700 weil

222 1720 356 1783 GOtt
365 1726 571 1788 gleichſam
581 1730 662 1776 mit
669 1727 818 1782 ſeinem
825 1726 1003 1778 Geſichte
1012 1732 1140 1774 gegen
1148 1730 1341 1773 Morgen
1359 1734 1518 1768 hinaus
1535 1731 1649 1769 ſahe/

224 1794 313 1837 und
328 1792 425 1842 auff
437 1783 575 1841 alles/
572 1792 670 1837 was
685 1782 848 1841 daſelbſt
863 1783 1080 1839 geſtanden
1096 1787 1192 1826 oder
1208 1789 1533 1832 vorgegangen/
1545 1786 1645 1824 Ach⸗

225 1850 333 1900 tung
343 1837 451 1899 gab/
459 1843 496 1895 ſo
516 1837 634 1899 gar/
627 1838 713 1895 daß
729 1840 829 1894 auch
845 1839 944 1886 die*
958 1838 1154 1894 Hebraͤer
1170 1844 1255 1881 eine
1273 1840 1484 1886 beſondere
1499 1837 1646 1878 Regul

1009 1909 1050 1948 A
1091 1912 1099 1930 2

1508 1898 1646 1944 davon

228 1990 247 2010 *
268 1986 442 2032 Wagenſeil
451 1981 544 2029 fuͤhret
551 1983 606 2019 das
632 1992 664 2029 an
679 1993 681 2014 e
692 1987 829 2017 Rabbot,
846 1995 912 2033 not.
919 1995 949 2032 5.
962 1989 1001 2035 ad
1030 1991 1154 2022 Miſchn.
1169 1990 1229 2004 Sota
1241 1998 1302 2011 cap.
1331 1997 1359 2016 1.
1360 1995 1442 1998 num.
1450 1988 1473 2004 5.
1495 1985 1557 2028 Und
1567 1988 1655 2024 Lun-

337 2038 404 2070 dius
419 2034 556 2076 gedencket
565 2036 595 2069 in
609 2033 698 2076 ſeinen
709 2029 862 2082 Juͤdiſchen
869 2028 1007 2070 Heiligth.
1015 2032 1081 2061 Lib.
1093 2042 1119 2060 1,
1127 2042 1151 2057 c.
1163 2036 1303 2064 20.
1224 2041 1254 2073 p.
1267 2036 1303 2062 99.
1311 2029 1365 2061 daß
1379 2027 1448 2060 dieſe
1464 2027 1651 2056 Redens⸗Art

328 2084 383 2116 יזה
404 2073 482 2118 לפבי
504 2076 550 2122 fuͤr
562 2077 624 2113 dem
641 2076 784 2117 Angeſicht
802 2077 854 2107 des
874 2075 1040 2114 HERRN
1059 2079 1127 2107 auch
1148 2082 1206 2101 von
1229 2079 1292 2101 dem
1312 2073 1412 2102 bloßen
1435 2073 1651 2103 Allerheiligſten

329 2114 477 2161 gebraucht
483 2117 564 2156 wird/
570 2117 638 2156 anch
651 2119 682 2150 in
691 2117 881 2158 Abweſenheit
893 2121 941 2145 der
954 2119 1026 2147 Lade
1040 2120 1090 2145 des
1101 2118 1231 2143 Bundes.
