1830 2624
237 436 299 471 das
323 429 520 478 Verblaſene
539 430 598 468 der
617 424 862 478 Behandlung,
904 424 986 470 zeigt
1005 422 1062 473 ſich
1082 422 1149 474 hier
1170 422 1204 459 in

240 496 316 533 aller
339 494 435 540 ſeiner
459 490 654 540 Lieblichkeit.

321 556 451 598 Mengs
477 537 590 598 ſchaͤtzte
612 548 684 605 dies
709 544 890 598 Gemaͤhlde
911 544 979 595 ſehr
999 541 1099 593 hoch,
1143 544 1208 581 und

237 614 312 657 kam
333 613 380 663 oft
405 610 528 665 hieher,
560 615 600 655 es
618 614 657 667 zu
668 606 902 658 betrachten.

401 756 471 816 Jn
504 754 635 808 einem
661 751 819 805 andern
845 750 1042 810 Zimmer.

318 826 394 869 Ein
420 808 608 874 Plafond
627 814 696 865 von
721 810 1007 866 Domenichino,
1052 819 1127 858 oder
1146 813 1207 851 wie

237 882 351 923 andere
373 886 466 924 ſagen
492 887 555 915 von
579 874 738 921 Albano.
788 872 836 929 Er
882 875 976 924 ſtellet
998 876 1058 912 den
1081 873 1208 911 Traum

236 939 369 983 Jacobs
387 946 450 979 von
465 940 520 970 der
536 932 793 981 Himmeltsleiter
808 939 880 970 vor.
936 929 1006 976 Die
1023 927 1130 974 Engel
1151 925 1208 973 ha⸗

239 1005 299 1041 ben
312 998 451 1042 reizende
467 993 595 1045 Koͤpfe,
621 996 688 1033 und
709 993 760 1033 die
785 989 967 1036 Gewaͤnder
989 989 1055 1041 ſind
1073 994 1133 1035 gut
1153 994 1208 1032 ge⸗

240 1069 341 1118 dacht.

446 1151 553 1206 Jm
587 1145 1040 1203 Nebenzimmer.

326 1211 495 1261 †Rahel
514 1209 581 1250 und
609 1203 724 1263 Jacob
734 1204 832 1250 beim
846 1202 1046 1249 Brunnen.
1092 1201 1214 1250 Dieſer

242 1274 388 1315 Plafond
403 1271 440 1309 iſt
453 1276 534 1307 ganz
550 1261 768 1308 ungezweifelt
780 1271 843 1298 von
862 1255 1109 1305 Domenichino,
1133 1253 1209 1294 aber

241 1339 307 1361 aus
324 1329 422 1368 ſeiner
433 1325 532 1367 erſten
544 1320 695 1361 Manier.
751 1316 868 1367 Schoͤn
882 1318 947 1366 ſind
965 1314 1057 1355 beide
1066 1313 1217 1362 Figuren

242 1390 343 1422 nicht,
385 1384 459 1414 aber
481 1378 610 1422 gefaͤllig
632 1375 724 1419 durch
747 1377 807 1412 den
827 1371 993 1413 Ausdruck
1014 1370 1124 1410 naiver
1143 1367 1219 1409 Un⸗

243 1446 358 1482 ſchuld,
379 1445 436 1470 der
448 1439 563 1477 dieſem
578 1433 737 1484 Kuͤnſtler
755 1428 910 1481 beſonders
924 1425 1068 1475 gluͤckte.
1105 1426 1212 1468 Rund

243 1505 362 1545 herum
377 1497 446 1539 ſind
462 1486 706 1542 Academiſche
721 1476 886 1540 Figuren
902 1491 976 1532 und
997 1484 1212 1537 Verzierun⸗

243 1565 314 1588 gen
333 1560 430 1585 grau
450 1549 497 1576 in
507 1552 616 1585 grau,
652 1545 718 1576 und
740 1536 776 1574 in
791 1534 893 1575 einem
917 1538 1014 1583 guten
1026 1518 1219 1581 Geſchmack

244 1621 401 1674 gemahlt.
