2537 3342
275 513 370 559 oder
380 507 479 565 Eſel
479 508 529 563 in
539 515 608 561 der
617 513 721 575 Jrre
721 507 821 569 ſehe,
838 509 904 568 ſolt
905 515 961 562 er
963 517 1053 572 ihm
1064 520 1206 558 wieder

273 567 430 622 zurecht
439 569 600 627 helffen.
621 572 718 623 Diß
725 576 773 625 iſt
784 576 893 626 nicht
901 585 984 621 nur
993 576 1204 620 gemeynet

272 620 374 678 auff
376 625 529 682 Ochſen
538 631 632 677 oder
647 622 746 682 Eſel,
763 630 912 677 ſondern
927 637 972 679 es
979 633 1097 687 gehet
1106 635 1200 681 auch

272 673 374 731 auff
383 678 444 725 die
460 680 651 729 verirrete
666 685 751 731 und
767 682 979 736 verlohrne
988 688 1119 737 Seele
1137 696 1205 737 des

271 732 507 793 Menſchen,
522 731 594 795 daß
603 736 710 791 man
710 737 764 794 ſie
774 744 856 789 aus
865 745 935 791 der
943 744 1048 797 Jrre
1058 748 1205 794 wieder

269 791 427 845 zurecht
437 792 600 849 bringe,
616 795 720 849 ſonſt
732 798 840 842 ladet
849 808 954 844 man
965 801 1067 850 ſeine
1073 794 1201 843 Suͤn⸗

267 850 315 893 de
325 845 425 902 auff
427 842 524 908 ſich,
539 854 599 897 und
608 851 657 905 iſt
667 857 738 900 des
748 853 890 899 Todes
900 855 1087 911 ſchuldig.

321 898 519 956 Hierauf
520 899 640 954 faͤngt
663 899 731 956 der
726 899 923 956 Heyland
933 914 1005 957 an,
1020 898 1082 954 die
1092 908 1199 963 geiſt⸗

267 949 374 1015 liche
363 950 648 1014 Waſſerſucht,
667 953 706 1011 in
725 953 831 1011 einer
850 956 1083 1016 verbluͤmten
1083 959 1202 1018 Rede

269 1022 328 1060 an
337 1017 414 1062 den
426 1014 597 1071 Gaͤſten,
613 1010 673 1065 die
671 1021 753 1065 mit
768 1019 860 1070 ihm
860 1020 915 1073 zu
925 1023 1068 1073 Tiſche
1079 1024 1198 1078 ſitzen,

263 1067 354 1124 noch
372 1069 509 1123 weiter
522 1071 566 1128 zu
585 1069 749 1121 curiren.
811 1071 863 1123 Er
878 1071 1081 1126 merckte/
1107 1081 1196 1129 wie

262 1120 318 1177 ſie
328 1120 603 1177 erwaͤhleten
613 1125 733 1173 oben
743 1127 813 1183 an
813 1128 871 1185 zu
871 1128 1021 1182 ſitzen.
1044 1122 1114 1181 Sie
1125 1144 1194 1191 ga⸗

262 1179 368 1225 bens
383 1178 493 1236 nicht
509 1181 588 1227 mit
601 1180 786 1233 Worten
803 1189 895 1234 oder
912 1179 1132 1238 Geberden
1146 1198 1184 1246 zu

261 1238 488 1295 verſtehen,
516 1237 598 1290 daß
608 1243 715 1288 einer
723 1242 825 1291 uͤber
834 1251 910 1292 den
927 1248 1085 1293 andern
1093 1257 1181 1306 gern

260 1290 371 1348 ſitzen
379 1290 525 1346 wolte,
555 1297 663 1341 denn
678 1298 783 1353 dazu
790 1299 938 1346 waren
938 1301 1005 1348 die
1020 1301 1180 1359 heiligen

257 1346 458 1406 Schaͤlcke
465 1355 544 1406 gar
552 1356 602 1405 zu
615 1349 746 1412 liſtig,
765 1352 934 1407 ſondern
949 1359 1014 1405 im
1021 1350 1193 1415 Hertzen

260 1405 398 1462 eiferte
408 1406 513 1454 einer
521 1405 621 1457 uͤber
630 1412 707 1458 den
720 1414 896 1462 andern,
924 1415 1012 1461 und
1030 1415 1193 1469 gedach⸗

259 1461 352 1510 ten,
364 1455 447 1511 daß
457 1458 590 1508 einem
599 1463 669 1509 des
680 1466 835 1513 andern
843 1465 989 1515 Stelle
1007 1461 1104 1520 ſolte
1113 1471 1187 1526 beſ⸗

257 1520 315 1574 ſer
325 1517 528 1576 anſtehen.
546 1523 666 1571 Oben
677 1533 733 1572 an
741 1523 848 1579 ſitzen
857 1526 932 1572 hat
942 1530 1075 1576 GOtt
1082 1532 1190 1582 nicht

255 1573 484 1625 verbotten.
542 1577 763 1636 Nachdem
778 1582 837 1630 die
848 1581 1004 1629 Gaben
1020 1589 1107 1633 und
1124 1585 1188 1634 der

254 1632 415 1683 Stand
425 1634 534 1688 ſind,
562 1637 703 1685 darein
723 1639 786 1692 ihn
796 1638 925 1686 GOtt
921 1635 1093 1693 geſetzet
1111 1643 1190 1695 hat,

254 1686 335 1735 kan
347 1686 414 1743 ein
414 1687 525 1745 jeder
535 1687 669 1746 ſitzen,
699 1696 743 1740 es
754 1701 815 1746 ſey
826 1693 928 1742 oben
946 1700 1038 1744 oder
1047 1702 1179 1747 unten.

253 1740 367 1793 Aber
379 1746 461 1791 das
473 1743 547 1800 hat
572 1742 667 1804 Gott
688 1737 908 1803 verbotten,
924 1748 1008 1800 daß
1016 1760 1124 1800 man
1134 1764 1186 1801 er⸗

251 1797 381 1854 wehlet
412 1799 499 1847 oben
523 1808 580 1848 an
589 1808 638 1856 zu
632 1797 765 1863 ſitzen.
772 1798 969 1859 Mancher
981 1805 1079 1860 ſitzet
1088 1810 1192 1859 oben

254 1858 327 1906 an,
326 1851 389 1912 iſt
396 1858 436 1903 in
452 1854 592 1912 hohem
601 1859 792 1913 Stande,
806 1854 874 1912 und
896 1860 1085 1914 erwehlet
1092 1866 1188 1921 doch

245 1911 384 1961 unten
393 1918 451 1958 an
445 1917 508 1975 zu
500 1908 638 1976 ſitzen,
655 1909 757 1970 wolte
777 1918 898 1967 lieber
905 1923 968 1968 im
975 1920 1173 1977 niedrigen

249 1966 432 2023 Stande
441 1968 569 2026 ſitzen,
574 1970 640 2028 hat
649 1973 713 2021 im
721 1975 852 2029 hohen
860 1976 1040 2024 Stande
1050 1981 1115 2026 ein
1125 1985 1186 2027 de⸗

222 2014 461 2081 muͤhtiges
481 2022 612 2087 Hertz.
634 2028 788 2084 Mancher
812 2032 911 2078 aber
921 2034 1025 2081 lebet
1033 2036 1096 2083 im
1103 2038 1186 2084 nie⸗

248 2078 394 2137 drigen
412 2075 597 2137 Stande,
604 2076 716 2140 ſitzet
723 2088 838 2132 unten
847 2093 925 2135 an,
938 2090 1025 2136 und
1036 2088 1185 2142 erweh⸗

248 2136 303 2184 let
310 2128 403 2190 doch
414 2135 517 2184 oben
526 2145 584 2185 an
592 2146 641 2192 zu
650 2137 773 2194 ſitzen,
792 2140 882 2193 haͤlt
890 2143 963 2197 ſich
973 2146 1107 2196 wehrt
1114 2152 1183 2194 der

245 2189 538 2249 Ober⸗Stelle,
560 2189 730 2250 trachtet
762 2192 855 2249 nach
849 2199 980 2252 hohen
989 2202 1181 2256 Dingen,

245 2248 332 2291 und
351 2247 541 2299 meynet,
537 2247 575 2302 er
592 2248 654 2303 ſey
679 2254 747 2298 der
763 2250 924 2307 Edelſte
945 2259 1032 2303 und
1049 2247 1179 2310 Beſte

244 2303 315 2361 fuͤr
325 2306 447 2356 allen.
503 2307 610 2359 Das
618 2307 926 2363 Obenan⸗ſitzen
939 2314 1079 2368 macht
1098 2316 1180 2365 alle

244 2360 409 2415 Unruhe
420 2360 467 2419 in
478 2363 589 2414 allen
598 2365 821 2416 Staͤnden.
848 2370 1088 2421 Jederman
1104 2374 1179 2420 wil

242 2413 568 2474 Berg⸗hinauff,
583 2418 781 2469 niemand
791 2420 1003 2479 Berg⸗ab,
1018 2429 1072 2474 da
1082 2424 1177 2481 doch

242 2466 438 2528 Berg⸗ab
448 2472 532 2529 viel
532 2472 694 2530 ſicherer
702 2468 782 2532 iſt,
779 2478 847 2528 als
855 2470 1066 2531 Berg⸗an.

295 2518 397 2580 Wie
408 2526 520 2584 ſaget
530 2529 628 2579 aber
652 2537 718 2581 der
742 2536 939 2585 Heyland?
950 2528 1025 2587 Er
1035 2538 1174 2594 ſprach

238 2588 289 2637 zu
297 2584 444 2641 ihnen:
460 2586 597 2638 Wañ
604 2594 673 2640 du
673 2595 774 2640 von
783 2592 975 2644 jemand
982 2594 1174 2650 geladen

237 2639 376 2697 wirſt
383 2652 466 2698 zur
475 2643 722 2705 Hochzeit/
734 2641 773 2700 ſo
782 2648 880 2704 ſetze
887 2651 988 2701 dich
998 2654 1119 2702 nicht
1127 2664 1175 2701 o⸗

235 2694 324 2745 ben
334 2698 413 2753 an/
443 2688 509 2757 daß
531 2690 646 2757 nicht
670 2698 768 2754 etwa
789 2705 859 2752 ein
867 2704 1117 2758 Ehrlicher
1117 2708 1174 2755 ꝛc.

234 2749 360 2802 Man
360 2750 443 2804 kan
452 2752 523 2809 diß
532 2756 737 2812 erklaͤhren
758 2756 796 2812 ſo
807 2759 892 2809 wol
908 2769 992 2808 von
999 2767 1093 2808 dem
1108 2766 1172 2808 in⸗

235 2812 340 2852 nern
347 2805 551 2863 Zuſtande
561 2813 633 2858 des
643 2808 864 2867 Menſchen
881 2822 957 2862 vor
965 2815 1094 2864 Gott,
1103 2815 1171 2862 als

234 2867 321 2910 von
337 2866 430 2911 dem
450 2862 710 2924 aͤuſſerlichen
729 2868 935 2925 Zuſtande
952 2881 1028 2919 vor
1042 2876 1168 2918 Men⸗

237 2918 359 2972 ſchen.
384 2917 504 2969 Was
515 2923 591 2968 den
599 2924 748 2971 innern
756 2923 940 2979 Zuſtand
956 2936 1032 2974 vor
1041 2930 1172 2976 GOtt

234 2968 412 3032 betrifft,
428 2977 468 3032 ſo
479 2976 554 3034 laͤſt
563 2983 650 3030 uns
660 2981 791 3033 GOtt
801 2982 881 3030 alle
888 2985 970 3032 mit
979 2987 1169 3031 einander

237 3031 423 3077 einladen
433 3037 481 3085 zu
492 3032 598 3078 einer
611 3029 845 3097 geiſtlichen
846 3029 1051 3095 Hochzeit,
1085 3034 1170 3090 daß

1234 514 1306 553 wir
1319 510 1399 555 mit
1409 508 1569 566 Chriſto
1580 514 1792 570 vereinigt,
1807 523 1852 561 in
1863 517 1949 565 eine
1958 509 2159 568 Gemein⸗

1230 568 1368 626 ſchafft
1377 570 1613 628 zuſammen
1622 579 1783 624 tretten.
1806 579 1887 628 Da
1904 574 2048 628 koͤmmt
2071 585 2153 629 nun

1229 625 1418 681 mancher
1438 628 1518 676 mit
1526 630 1658 677 einem
1674 632 1826 687 ſtoltzen
1844 636 2153 691 Phariſeiſchen

1239 679 1419 738 Hertzen,
1448 688 1612 735 meynet
1629 697 1668 733 er
1687 687 1748 741 ſey
1769 693 1812 735 es
1823 688 1891 740 fuͤr
1901 696 2058 739 andern
2066 693 2151 740 wol

1227 738 1380 793 wehrt,
1411 738 1500 793 daß
1500 739 1542 794 er
1550 742 1711 795 Chriſto
1728 749 1795 792 der
1804 745 2063 798 allernaͤchſte
2073 751 2147 799 ſey,

1227 796 1311 840 und
1325 793 1404 848 bey
1404 794 1495 850 ihm
1507 807 1562 843 an
1572 802 1639 845 der
1648 797 1781 855 Tafel
1781 799 1873 855 ſitze.
1902 802 2008 852 Das
2017 805 2070 855 ſol
2082 808 2145 852 ein

1227 849 1362 907 Chriſt
1372 850 1478 904 nicht
1503 852 1605 908 thun,
1622 854 1778 909 vielmehr
1811 857 1865 912 ſol
1874 868 1914 904 er
1921 861 2145 913 gedencken:

1225 905 1333 961 Ach!
1333 907 1391 962 du
1401 906 1475 959 biſt
1493 908 1590 961 nicht
1616 911 1741 965 wehrt,
1756 911 1822 964 bey
1837 913 1979 968 ſolches
1987 914 2144 969 groſſen

1222 960 1381 1018 HErrn
1389 959 1515 1016 Tafel
1530 970 1579 1016 zu
1588 959 1715 1017 ſitzen,
1744 969 1799 1012 du
1808 967 1969 1018 Staub
1983 960 2056 1018 bey
2075 976 2143 1019 der

1222 1015 1425 1070 Majeſtaͤt
1442 1016 1542 1064 aller
1558 1016 1842 1074 Majeſtaͤten,
1872 1026 1928 1069 du
1952 1015 2141 1073 unreiner

1222 1073 1407 1126 Suͤnder
1418 1071 1490 1133 bey
1493 1082 1584 1124 dem
1601 1080 1738 1126 reinen
1747 1083 1889 1129 GOtt.
1905 1086 1993 1129 Ein
2003 1085 2140 1135 Chriſt

1221 1129 1298 1184 ſols
1315 1129 1503 1185 machen,
1530 1134 1609 1181 wie
1627 1138 1705 1180 das
1714 1136 1988 1188 Cananeiſche
1996 1141 2141 1188 Weib⸗

1217 1187 1318 1238 lein,
1349 1194 1388 1231 er
1397 1185 1450 1240 ſol
1459 1185 1653 1243 begehren
1661 1189 1770 1244 nicht
1779 1194 1844 1238 ein
1852 1193 1964 1240 Kind
1971 1203 2020 1247 zu
2031 1196 2136 1246 ſeyn,

1216 1241 1276 1296 uñ
1287 1250 1342 1289 an
1353 1244 1419 1289 der
1427 1234 1552 1299 Tafel
1563 1253 1611 1300 zu
1620 1243 1767 1300 ſitzen,
1759 1251 1911 1294 ſondern
1934 1251 1999 1297 ein
2015 1251 2138 1299 Huͤnd⸗

1214 1298 1295 1342 lein
1306 1303 1353 1341 zu
1367 1295 1465 1348 ſeyn,
1488 1301 1589 1344 unter
1599 1303 1673 1346 den
1681 1300 1798 1355 Tiſch
1807 1310 1855 1355 zu
1864 1303 2049 1356 kriechen,
2073 1302 2138 1353 und

1215 1354 1276 1402 die
1288 1346 1491 1413 Broͤcklein
1500 1352 1803 1419 aufzuſam̃len;
1819 1353 1898 1409 deñ
1898 1354 1941 1411 je
1940 1355 2094 1412 kleiner,
2106 1365 2137 1410 je

1216 1408 1449 1459 unwehrter
1458 1415 1561 1455 man
1571 1408 1640 1460 ſich
1653 1409 1762 1465 ſelbſt
1770 1410 1873 1466 haͤlt,
1889 1406 1925 1461 je
1943 1413 2135 1463 willkom̃e⸗

1214 1471 1285 1514 ner
1293 1465 1340 1514 iſt
1350 1471 1452 1511 man
1478 1463 1603 1514 Gotte.
1609 1461 1824 1517 Niemand
1836 1471 1889 1516 ſol
1897 1470 1969 1523 ſich
1978 1471 2048 1518 fuͤr
2056 1477 2133 1518 den

1215 1519 1475 1582 Ehrlichſten,
1500 1516 1723 1583 Heiligſten,
1755 1519 1953 1576 Froͤmſten
1950 1533 2035 1573 und
2044 1531 2135 1575 Be⸗

1215 1578 1297 1626 ſten
1306 1577 1457 1628 halten,
1466 1576 1507 1628 ja
1517 1582 1619 1623 man
1628 1575 1683 1630 ſol
1691 1576 1804 1630 einen
1804 1577 1924 1633 jeden
1934 1579 2133 1634 ehrlicher,

1214 1635 1389 1685 heiliger,
1411 1631 1570 1689 froͤmmer
1601 1633 1685 1679 und
1692 1631 1814 1688 beſſer
1823 1631 1974 1688 halten,
1982 1625 2035 1684 als
2056 1629 2130 1691 ſich

1213 1690 1334 1743 ſelbſt.
1344 1688 1452 1741 Dich
1463 1688 1573 1744 ſelbſt
1583 1689 1656 1746 ſolt
1682 1685 1726 1742 du
1727 1692 1866 1746 halten
1876 1692 1945 1742 fuͤr
1955 1700 2031 1741 den
2041 1693 2132 1749 groͤ⸗

1214 1748 1296 1798 ſten
1305 1746 1507 1800 Suͤnder,
1527 1744 1596 1801 fuͤr
1610 1742 1672 1797 den
1685 1747 1999 1805 Unwuͤrdigſten
2009 1757 2130 1797 unter

1213 1802 1333 1848 allen.
1396 1798 1507 1859 Was
1513 1797 1581 1851 den
1573 1798 1851 1859 aͤuſſerlichen
1859 1798 2039 1857 Zuſtand
2054 1818 2129 1852 vor

1214 1864 1287 1911 den
1295 1855 1514 1913 Menſchen
1527 1852 1737 1920 anlanget,
1750 1860 1804 1906 da
1813 1859 2024 1918 geſchichts
2034 1863 2127 1917 offt,

1212 1909 1293 1967 daß
1300 1909 1520 1969 Menſchen
1535 1911 1631 1969 auff
1640 1908 1882 1975 Hochzeiten
1896 1924 1982 1964 und
1999 1922 2126 1970 Gaſt⸗

1203 1969 1389 2030 Mahlen
1399 1967 1582 2024 zuſam̃en
1593 1964 1752 2023 kom̃en,
1781 1967 1861 2016 das
1865 1968 1922 2016 iſt
1925 1972 2033 2024 nicht
2042 1970 2126 2020 ver⸗

1211 2030 1359 2076 botten.
1374 2027 1466 2072 Der
1475 2021 1605 2081 HErr
1605 2023 1684 2082 hat
1692 2025 1776 2080 hier
1790 2027 1900 2081 ſelbſt
1907 2034 1985 2076 das
1994 2030 2120 2077 Gaſt⸗

1204 2079 1336 2130 Mahl
1352 2080 1580 2138 geheiliget,
1609 2081 1695 2128 und
1710 2079 1808 2138 ſitzet
1823 2093 1881 2130 an
1895 2087 1962 2131 der
1977 2086 2118 2134 Tafel.

1201 2136 1356 2185 Wann
1364 2130 1556 2191 Chriſtus
1567 2146 1622 2184 an
1631 2141 1698 2185 der
1706 2137 1833 2194 Tafel
1833 2139 1951 2195 ſitzet,
1964 2145 2045 2188 das
2053 2142 2115 2193 iſt,

1201 2198 1333 2249 wann
1349 2198 1453 2233 man
1469 2190 1780 2238 untereinander
1789 2198 1872 2241 von
1880 2192 2040 2249 Chriſto
2050 2196 2112 2242 ein

1200 2250 1431 2305 gottſeliges
1442 2246 1646 2304 Geſpraͤch
1657 2248 1758 2305 haͤlt,
1771 2251 1987 2305 Chriſtum
2001 2248 2035 2298 in
2048 2255 2114 2304 ſei⸗

1205 2314 1279 2350 nen
1289 2303 1529 2360 hungrigen,
1545 2300 1767 2365 durſtigen,
1789 2316 1903 2357 armen
1917 2311 2113 2357 Gliedern

1204 2371 1281 2410 von
1291 2363 1411 2410 ſeiner
1419 2355 1553 2414 Tafel
1553 2357 1635 2415 mit
1644 2360 1849 2417 erquicket,
1857 2353 1886 2415 ſo
1900 2364 1980 2417 ſitzt
1983 2358 2025 2410 er
2033 2368 2114 2413 mit

1199 2420 1274 2475 am
1274 2416 1398 2473 Tiſch,
1403 2417 1480 2474 und
1499 2414 1565 2471 das
1575 2418 1834 2474 Gaſt⸗Mahl
1834 2422 1885 2474 iſt
1893 2424 2115 2476 geheiliget.

1251 2474 1373 2516 Aber,
1394 2471 1461 2510 wie
1484 2468 1528 2518 ſol
1528 2468 1659 2521 mans
1686 2471 1783 2516 dann
1816 2465 1988 2528 machen?
2019 2467 2112 2524 Der

1213 2529 1388 2577 Heyland
1398 2524 1528 2582 ſaget:
1528 2521 1670 2585 Setze
1678 2528 1777 2580 dich
1798 2530 1906 2578 nicht
1933 2531 2025 2578 oben
2035 2542 2110 2575 an.

1196 2587 1411 2635 Niemand
1422 2575 1477 2631 ſol
1486 2579 1556 2635 ſich
1568 2579 1677 2637 ſelbſt
1686 2580 1786 2628 oben
1803 2591 1858 2631 an
1867 2583 1989 2638 ſetzen.
2006 2584 2109 2631 Den

1196 2639 1306 2694 Gott
1315 2638 1415 2678 oben
1424 2642 1480 2679 an
1491 2636 1604 2688 ſetzet,
1611 2637 1671 2692 der
1694 2635 1783 2688 muß
1791 2642 1844 2684 da
1853 2639 1971 2691 ſitzen.
1981 2641 2108 2688 GOt⸗

1195 2696 1257 2750 tes
1266 2694 1462 2731 Vocation
1473 2690 1575 2740 muß
1584 2691 1777 2737 niemand
1788 2691 1966 2745 hindern.
1993 2695 2108 2743 Aber

1188 2747 1386 2805 niemand
1396 2744 1449 2800 ſol
1459 2744 1529 2801 ſich
1539 2745 1640 2793 oben
1649 2755 1705 2794 an
1701 2741 1832 2806 ſetzen,
1843 2744 1913 2804 ſich
1920 2750 2030 2802 ſelbſt
2039 2757 2108 2798 der

1188 2802 1425 2859 Oberſtelle
1445 2801 1546 2855 wehrt
1576 2799 1727 2861 halten,
1750 2808 1817 2851 und
1837 2805 1923 2859 mehr
1931 2802 2109 2851 duͤncken

1192 2859 1327 2915 laſſen,
1326 2859 1391 2915 als
1404 2860 1562 2906 andere.
1614 2860 1806 2913 Warum
1821 2864 1954 2911 dann:
1983 2862 2109 2919 Daß

1190 2917 1306 2968 nicht
1314 2919 1439 2958 etwa
1448 2914 1517 2961 ein
1526 2911 1779 2968 Ehrlicher/
1795 2920 1926 2966 dann
1945 2914 1999 2970 du
2036 2914 2110 2967 von

1184 2975 1292 3026 ihm
1292 2963 1490 3026 geladen
1490 2965 1550 3027 ſey
1559 2980 1619 3020 ꝛc.
1633 2962 1730 3034 Jm
1730 2964 2020 3036 aͤuſſerlichen
2028 2976 2109 3032 Zu⸗
