1565 2360
234 497 340 533 treiben
361 497 480 535 wollen,
500 501 638 536 ertragen.
682 498 754 539 Alle,
775 497 845 539 ohne
862 497 1042 538 Ausnahme,
1063 510 1125 535 ver⸗

235 551 335 585 derben
357 551 434 585 dabei
457 560 492 584 an
511 551 573 584 Leib
592 554 649 583 und
667 552 777 590 Seele,
812 559 892 584 wenn
910 553 943 590 ſie
959 553 1030 591 nicht
1047 559 1126 594 weiſe

232 608 327 642 genug
344 605 422 642 ſind,
451 607 502 636 den
523 604 650 643 Mangel
675 604 749 638 einer
771 602 893 645 aͤußeren
922 603 1128 647 Abhaͤngigkeit

221 660 353 696 dadurch
375 667 408 696 zu
431 658 556 698 erſetzen,
587 660 639 698 daß
659 661 694 699 ſie
716 661 762 699 ſich
782 659 861 692 einen
883 667 1028 699 genauen,
1057 663 1125 700 nach

231 711 331 750 Tagen
369 714 426 744 und
457 710 601 745 Stunden
632 712 688 752 ſehr
725 711 863 751 beſtimmt
893 713 1127 752 zugeſchnittenen

232 764 450 803 Geſchaͤftsplan
473 764 547 803 ſelbſt
568 763 755 804 vorzeichnen,
776 771 832 798 und
853 769 901 807 ſich
922 770 996 805 ſelbſt
1016 770 1059 799 die
1075 779 1128 800 un⸗

232 814 433 855 verbruͤchliche
459 815 567 857 Pflicht
596 813 740 857 auflegen,
771 821 819 856 ihn
851 823 915 849 eben
938 824 963 856 ſo
986 823 1126 859 puͤnktlich

232 874 267 907 zu
286 866 429 909 befolgen,
456 869 501 899 als
522 864 603 903 wenn
634 873 668 902 ſie
689 876 771 908 durch
794 875 895 910 aͤußere
916 878 1037 905 Gewalt
1058 882 1129 910 dazu

232 928 400 962 gezwungen
430 919 558 956 wuͤrden.
616 924 687 957 Wer
716 927 789 961 nicht
819 929 909 963 weiß,
944 938 1007 956 was
1037 941 1066 957 er
1093 941 1130 964 zu

229 980 305 1017 jeder
335 978 397 1018 Zeit
426 976 498 1019 thun
529 980 592 1018 ſoll,
625 983 672 1012 der
700 981 765 1017 thut
795 982 837 1012 die
867 987 957 1020 meiſte
980 986 1041 1019 Zeit
1067 992 1129 1014 ent⸗

232 1032 325 1062 weder
349 1039 400 1070 gar
427 1031 538 1069 nichts,
573 1035 637 1063 oder
670 1038 761 1063 etwas
790 1034 959 1071 thoͤrichtes;
983 1043 1030 1065 der
1052 1042 1128 1067 wird

232 1087 289 1113 von
316 1074 503 1120 Langerweile
536 1087 591 1115 und
606 1082 866 1119 Lebensuͤberdruß
896 1095 1030 1121 geplagt;
1078 1098 1128 1116 der

231 1130 345 1169 verfaͤllt
383 1135 416 1177 in
428 1135 539 1173 tauſend
563 1135 672 1167 alberne
693 1136 826 1169 Grillen,
855 1142 909 1172 auf
929 1145 1043 1173 tauſend
1066 1145 1128 1176 ihm

230 1187 373 1229 ſchaͤdliche
392 1187 605 1227 Genuß⸗arten,
624 1197 672 1219 um
688 1197 743 1220 nur
763 1190 806 1219 die
823 1190 883 1227 ihm
901 1193 996 1230 laͤſtige
1013 1197 1076 1230 Zeit
1093 1208 1128 1230 zu

231 1239 352 1277 toͤdten;
376 1243 422 1273 der
439 1242 520 1274 darbt
543 1244 582 1275 im
602 1241 784 1281 Ueberfluſſe;
808 1247 855 1273 der
872 1249 952 1284 lechzt
968 1255 1036 1280 nach
1051 1255 1130 1278 Ver⸗

220 1288 362 1332 gnuͤgen,
387 1292 455 1330 auch
479 1300 560 1328 wenn
583 1303 611 1329 er
637 1293 667 1326 in
693 1296 780 1327 einem
806 1301 910 1330 Meere
934 1304 991 1330 von
1007 1308 1130 1337 Wolluſt

231 1351 401 1395 ſchwimmt;
425 1357 471 1387 der
491 1353 673 1395 verwildert,
696 1357 745 1389 der
761 1359 922 1396 verſauert,
944 1364 993 1388 der
1005 1365 1130 1391 verdirbt

230 1408 326 1449 zuletzt
343 1417 381 1443 an
400 1409 460 1444 Leib
483 1412 538 1445 und
561 1410 664 1446 Seele.

293 1515 357 1550 Die
374 1518 461 1553 dritte
479 1517 639 1559 Ruͤckſicht,
670 1518 713 1552 die
732 1519 786 1552 wir
802 1522 844 1554 bei
862 1523 910 1553 der
927 1523 1017 1560 Wahl
1031 1526 1129 1558 unſers

224 1551 355 1590 Berufs
367 1564 401 1606 zu
418 1568 538 1607 nehmen
560 1570 666 1618 haben,
688 1575 795 1621 betrifft
810 1577 931 1619 unſere
944 1585 1124 1625 Anlagen,

232 1605 354 1658 unſere
372 1614 503 1650 Kraͤfte
519 1627 591 1666 und
612 1627 737 1667 unſere
755 1630 983 1678 Neigungen.

295 1723 414 1765 Erſtens
432 1727 529 1765 unſere
540 1724 706 1766 Anlagen
726 1740 782 1762 und
801 1738 939 1770 Kraͤfte.
967 1738 1023 1760 Ein
1035 1737 1129 1768 Kurz⸗

232 1774 355 1819 ſichtiger
384 1775 481 1808 wuͤrde
515 1781 661 1816 unſtreitig
686 1788 802 1817 thoͤricht
833 1794 971 1819 handeln,
1004 1791 1052 1817 ſich
1080 1795 1128 1811 der

231 1826 355 1870 Jaͤgerei
383 1833 448 1862 oder
469 1833 541 1868 dem
568 1833 763 1872 Kriegsweſen
790 1852 824 1872 zu
847 1845 985 1865 widmen;
1014 1845 1040 1869 ſo
1061 1848 1129 1870 auch

233 1887 282 1917 der
309 1883 426 1920 Taube,
460 1890 542 1917 wenn
570 1894 599 1916 er
634 1891 678 1917 ein
711 1894 914 1925 Tonkuͤnſtler,
944 1896 971 1921 ſo
990 1900 1056 1924 auch
1081 1903 1128 1920 der

230 1935 440 1979 Schwaͤchliche
461 1946 499 1972 an
520 1939 602 1982 Geiſt
625 1947 683 1975 und
706 1947 837 1981 Koͤrper,
859 1953 941 1973 wenn
959 1956 989 1973 er
1005 1950 1050 1976 ein
1067 1955 1128 1978 Ge⸗
