1562 2251
528 410 578 444 die
592 419 611 451 5
626 412 810 453 Bisthuͤmer
824 413 940 453 Fulda,
962 414 1099 457 Speier,
1121 418 1262 459 Worms,
1282 420 1402 456 Stras⸗

526 458 604 504 burg
623 465 685 498 und
693 464 805 505 Baſel;
828 465 885 498 das
901 465 1088 507 Johanniter
1100 469 1312 514 Meiſterthum
1327 469 1403 513 Hei⸗

523 516 686 557 tersheim;
724 519 771 552 die
792 517 1181 565 Fuͤrſtlich ⸗ Naſſauiſchen
1205 525 1320 567 Lande;
1352 524 1401 559 die

525 573 706 614 Grafſchaft
728 574 900 616 Jſenburg;
932 577 979 610 die
1003 578 1179 621 Grafſchaft
1198 581 1330 622 Hanau;
1353 581 1400 616 die

525 625 706 669 Grafſchaft
725 628 869 670 Waldek;
908 630 955 665 die
981 631 1159 676 Grafſchaft
1182 634 1400 679 Witgenſtein;

523 685 574 718 die
597 683 775 726 Grafſchaft
795 683 973 729 Leiningen;
996 688 1043 722 die
1067 688 1243 731 Grafſchaft
1262 693 1399 733 Solms;

524 731 573 766 die
582 730 750 775 Gefuͤrſtete
759 732 934 777 Grafſchaft
942 735 1057 779 Salm;
1075 739 1136 773 und
1147 737 1193 773 die
1202 738 1400 786 Reichsſtaͤtte

523 789 690 831 Frankfurt
706 800 758 826 am
773 791 881 840 Main,
896 792 1034 844 Wezlar,
1053 795 1183 845 Worms
1198 797 1259 831 und
1269 787 1398 841 Speier.

655 866 737 912 Die
752 857 1110 923 Landgragrafſchaft
1143 865 1272 920 Heſſen

521 930 599 973 liegt
617 932 676 972 faſt
695 933 805 965 mitten
822 933 868 966 im
881 932 1131 978 Oberrheinſchen
1144 938 1261 978 Kreis,
1282 938 1319 980 iſt
1332 940 1399 976 ber⸗

520 978 602 1015 gicht
618 979 680 1008 und
696 978 846 1018 waldicht,
866 978 920 1019 hat
936 972 1117 1023 anſehnliche
1126 983 1303 1024 Viehzucht,
1326 991 1397 1026 gute

521 1036 714 1081 Bergwerke,
737 1040 799 1073 und
817 1043 849 1074 in
861 1040 977 1084 einigen
992 1042 1157 1086 Gegenden
1176 1045 1248 1092 auch
1265 1046 1398 1088 ziemlich

523 1094 672 1130 Getraide
694 1098 756 1129 und
780 1091 875 1142 etwas
903 1097 999 1139 Wein;
1027 1099 1106 1140 Holz
1120 1099 1213 1141 aber,
1240 1102 1396 1146 Wildpret

517 1154 581 1185 und
599 1154 698 1196 Fiſche
724 1154 788 1196 ſind
807 1154 896 1190 darin
920 1151 962 1197 in
983 1156 1091 1199 Menge
1097 1153 1319 1204 vorhanden.
1345 1164 1396 1200 An

517 1200 602 1242 Salz
627 1202 681 1240 hat
695 1191 740 1242 ſie
755 1202 931 1245 Uiberflus;
951 1202 1013 1252 und
1036 1196 1068 1254 an
1094 1197 1233 1253 vielerlei
1249 1208 1395 1259 Fabriken

518 1260 600 1302 fehlt
600 1260 645 1301 es
662 1260 710 1297 ihr
726 1260 805 1302 auch
814 1261 920 1304 nicht.

584 1317 715 1357 Ehedem
737 1315 858 1362 gehoͤrte
880 1324 961 1361 ganz
984 1314 1092 1368 Heſſen
1110 1331 1165 1361 nur
1189 1323 1284 1360 einem
1305 1324 1393 1368 einzi⸗

516 1377 575 1409 gen
589 1369 713 1413 Herrn;
734 1372 778 1412 izt
790 1374 863 1408 aber
876 1373 912 1415 iſt
928 1379 964 1408 es
977 1378 1068 1416 unter
1081 1386 1103 1417 4
1104 1376 1276 1424 Fuͤrſtliche
1289 1380 1394 1415 Linien

517 1423 669 1461 vertheilt,
701 1419 816 1471 naͤmlich
831 1429 916 1467 unter
930 1428 977 1461 die
984 1425 1109 1469 Fuͤrſten
1109 1427 1178 1471 von
1186 1430 1393 1475 Heſſen⸗Caſ⸗

515 1469 575 1508 ſel;
597 1470 911 1514 Heſſen⸗Darmſtat;
932 1473 1392 1522 Heſſen⸗Rheinfels⸗Rothen⸗

515 1532 611 1575 burg;
634 1536 697 1569 und
714 1536 1025 1582 Heſſen ⸗ Homburg.
1065 1539 1134 1576 Alle
1147 1550 1168 1584 4
1182 1542 1301 1587 Herren
1317 1551 1391 1579 nen⸗

515 1598 574 1624 nen
588 1589 643 1633 ſich
664 1589 853 1636 Landgrafen
865 1602 901 1634 zu
915 1594 1037 1640 Heſſen.

630 1676 718 1715 Der
733 1673 924 1727 Landgraf
934 1686 976 1719 zu
990 1678 1273 1719 Heſſen ⸗ Caſſel

512 1733 569 1772 hat
586 1733 729 1767 darunter
745 1737 802 1768 das
817 1728 918 1783 meiſte
919 1730 1013 1779 Land.
1058 1741 1103 1776 Er
1118 1740 1187 1781 heiſt
1194 1738 1389 1782 Friederich,

514 1788 577 1818 und
596 1787 631 1826 iſt
647 1786 823 1830 katholiſch;
847 1788 946 1823 Seine
960 1799 978 1829 3
998 1789 1130 1831 Prinzen
1149 1793 1241 1832 aber,
1263 1795 1323 1827 und
1342 1795 1389 1831 die

511 1841 633 1886 meiſten
647 1850 709 1880 von
724 1841 824 1886 ſeinen
837 1844 1044 1890 Unterthanen
1054 1845 1119 1891 ſind
1133 1848 1300 1897 reformirt,
1319 1853 1384 1886 und
