2518 3041
319 633 523 689 gezeuget/
528 637 600 694 wo
610 633 793 686 demnach
807 633 868 679 die
875 628 1116 684 verheiſſung
1132 631 1212 675 und
1227 629 1305 682 alſo
1307 622 1491 685 goͤttliche
1508 621 1618 688 krafft
1631 632 1674 679 in

320 691 454 744 ſolcher
464 696 642 745 zeugung
651 688 771 744 alles/
785 682 840 740 die
840 689 960 733 natur
967 686 1060 733 aber
1068 686 1104 737 ſo
1113 686 1188 733 viel
1202 686 1268 734 als
1276 682 1430 740 nichts/
1432 682 1578 739 gethan
1588 685 1674 737 hat⸗

316 752 364 792 te.
396 750 474 798 So
485 755 578 793 war
579 756 624 791 er
624 741 715 803 auch
730 737 802 797 alſo
823 737 926 796 ſohn/
953 741 1011 793 daß
1028 751 1068 787 er
1076 741 1194 789 allein
1208 744 1273 789 erb
1284 739 1427 791 bliebe:
1454 739 1671 794 Hingegen

314 806 477 859 Jſmael
488 809 579 847 war
591 807 703 852 zwar
719 796 960 850 Abrahams
980 789 1106 848 ſohn/
1119 788 1201 843 aber
1224 796 1348 843 allein
1358 794 1450 847 nach
1463 797 1530 843 der
1547 798 1670 842 natur

314 867 396 906 und
410 861 499 910 ohne
515 849 759 916 erbſchafft.
783 856 830 906 So
837 853 987 904 machet
1013 862 1081 900 nun
1105 846 1240 907 Paulus
1264 853 1328 900 die
1348 844 1531 909 glaͤubige
1557 845 1667 911 Chri⸗

313 920 427 974 ſten/
445 916 504 961 die
513 911 588 969 ſich
588 912 641 966 an
651 915 728 960 das
740 909 1019 967 Evangelium
1027 903 1185 964 halten/
1208 917 1255 965 zu
1269 908 1409 964 ſolchen
1425 908 1585 957 kindern
1602 913 1670 958 der

312 972 572 1030 verheiſſung.
620 970 774 1025 Dann
792 985 827 1018 I.
842 969 925 1025 ſind
939 968 986 1024 ſie
1000 971 1080 1018 aus
1096 972 1188 1017 dem
1203 972 1312 1018 wort
1323 971 1390 1016 der
1406 967 1674 1025 verheiſſung/

311 1038 392 1081 das
394 1025 480 1085 iſt/
482 1028 550 1083 aus
569 1034 658 1079 dem
672 1029 902 1085 Evangelio
912 1021 1275 1084 wiedergebohren/
1291 1020 1350 1076 und
1363 1026 1487 1080 haben
1498 1025 1598 1072 alles
1606 1029 1669 1082 ihr

315 1092 527 1148 geiſtliches
539 1089 662 1143 weſen
678 1081 865 1139 daraus/
867 1078 897 1139 I.
898 1083 1143 1141 Cor.4/15.
1170 1085 1394 1143 I.Petr.1/
1405 1097 1469 1133 23.
1494 1082 1670 1141 Jac.1/

321 1162 382 1198 18.
443 1166 477 1197 2.
501 1150 623 1202 Sind
614 1140 677 1199 ſie
669 1147 792 1203 auch
806 1149 925 1198 allein
941 1145 1066 1201 krafft
1084 1147 1220 1204 ſolcher
1234 1141 1460 1203 kindſchafft
1476 1144 1589 1197 erben
1604 1147 1672 1196 der

315 1208 579 1266 himmliſchen
593 1201 707 1265 guͤter
737 1200 844 1265 ihres
842 1207 1040 1257 Vatters.

725 1308 1204 1384 Lehr ⸗ Puncten.

425 1396 470 1427 I.
499 1382 705 1437 Diejenige
713 1381 857 1434 allein/
854 1381 988 1433 welche
1006 1384 1086 1427 aus
1100 1383 1190 1426 dem
1199 1376 1369 1428 glauben
1381 1381 1462 1424 und
1473 1381 1563 1427 dem
1572 1380 1679 1430 wort

316 1441 382 1489 des
392 1438 591 1495 glaubens
601 1439 709 1491 ſeelig
726 1435 906 1488 werden/
917 1436 987 1488 ſind
996 1437 1127 1485 kinder
1139 1425 1328 1486 GOttes.
1385 1431 1601 1485 Hingegen
1610 1442 1676 1484 ge⸗

316 1498 373 1553 het
387 1493 481 1548 dieſe
504 1486 618 1552 gantze
649 1482 783 1547 Epiſtel
792 1485 941 1545 dahin/
955 1487 1034 1545 daß
1040 1484 1260 1545 diejenige/
1273 1491 1310 1543 ſo
1317 1489 1379 1536 die
1395 1481 1578 1542 ſeeligkeit
1591 1491 1674 1538 aus

317 1555 392 1600 den
399 1540 573 1600 wercken
586 1546 829 1601 empfangen
845 1550 928 1594 und
937 1548 1015 1598 alſo
1025 1547 1229 1593 verdienen
1247 1540 1418 1597 wollen/
1434 1542 1676 1596 knechtiſcher

319 1609 385 1654 art
396 1602 497 1657 ſind/
520 1602 576 1654 und
584 1603 738 1656 einigen
747 1598 838 1656 lohn
845 1596 939 1656 nach
946 1593 1060 1654 ihren
1074 1594 1265 1651 wercken/
1275 1596 1375 1653 nicht
1384 1595 1478 1646 aber
1486 1596 1563 1645 das
1579 1599 1677 1648 ewi⸗

317 1674 365 1720 ge
378 1663 464 1711 erb/
472 1662 727 1713 empfangen.

392 1716 474 1757 2.
489 1703 644 1769 Solche
667 1705 847 1772 glaubige
864 1699 989 1764 kinder
1001 1708 1162 1758 werden
1175 1704 1368 1765 gebohren
1378 1707 1430 1765 aus
1451 1707 1512 1754 der
1542 1703 1677 1762 goͤttli⸗

318 1741 406 1813 chen
414 1761 656 1813 verheiſſung
672 1762 745 1808 und
745 1763 813 1804 der
830 1761 935 1816 darin
953 1759 1195 1808 enthaltenen
1196 1760 1417 1814 goͤttltchen
1430 1759 1583 1813 krafft.
1573 1761 1680 1804 Wir

319 1833 467 1881 koͤnnen
480 1832 629 1881 einmal
637 1832 738 1886 nicht
746 1831 856 1886 ſeelig
867 1833 1025 1879 werden
1042 1832 1125 1878 aus
1136 1830 1270 1886 unſrer
1277 1829 1381 1877 alten
1393 1826 1575 1884 geburt/
1590 1827 1674 1881 ſon⸗

320 1895 414 1936 dern
425 1892 469 1934 es
479 1888 618 1939 bleibet
644 1882 723 1939 eine
740 1881 844 1945 ewige
880 1880 1044 1947 warheit
1031 1883 1163 1946 Joh.
1156 1881 1228 1944 3/3.
1241 1882 1418 1944 Esſeye
1425 1881 1581 1944 dann/
1597 1885 1677 1935 daß

322 1946 506 1996 jemand
518 1954 620 1995 von
635 1951 796 1993 neuem
806 1936 1046 2006 gebohren
1055 1942 1268 1994 werde/
1300 1940 1389 1991 kan
1399 1951 1447 1990 er
1456 1941 1549 1990 das
1558 1936 1678 1998 reich

320 2000 528 2055 GOttes
543 1999 665 2056 nicht
681 1997 824 2058 ſehen.
882 1996 947 2057 Zu
961 1998 1096 2053 ſolcher
1120 2006 1243 2046 neuen
1257 1993 1401 2050 geburt
1416 1996 1512 2046 aber
1534 1997 1580 2048 iſt
1600 1999 1678 2046 alle

319 2061 561 2110 menſchliche
561 2054 716 2114 krafft/
731 2061 824 2120 fleiß
831 2057 915 2111 und
923 2059 1096 2118 klugheit
1105 2059 1180 2110 viel
1187 2066 1233 2115 zu
1250 2057 1450 2113 ſchwach/
1463 2059 1624 2112 ſondern
1631 2057 1680 2112 ſie

319 2123 392 2165 muß
424 2107 505 2161 von
505 2107 612 2161 oben
617 2112 684 2165 her
692 2113 780 2166 ſeyn
788 2118 893 2155 ἄνωθεν
902 2110 1032 2160 wie
985 2111 1020 2169 es
1040 2109 1235 2166 eigentlich
1244 2108 1385 2166 heiſſet/
1385 2113 1481 2166 was
1489 2113 1681 2151 Lutherus

323 2167 489 2227 gegeben
497 2167 570 2222 hat
575 2176 677 2216 von
686 2176 863 2215 neuem.
879 2165 1001 2219 Nun
1001 2165 1113 2218 koͤnte
1130 2158 1275 2221 GOtt
1275 2168 1360 2219 uns
1373 2168 1469 2219 auch
1479 2169 1683 2213 unmittel⸗

322 2220 424 2285 bahr
434 2219 799 2281 wiedergebaͤhren/
810 2230 843 2272 es
860 2214 916 2278 iſt
913 2225 1001 2279 ihm
1016 2223 1094 2283 aber
1111 2222 1290 2286 gefaͤllig
1288 2226 1491 2284 geweſen/
1487 2228 1564 2268 das
1574 2225 1680 2266 wort

327 2289 375 2339 zu
384 2279 526 2336 ſeinem
533 2266 695 2335 ſaamen
701 2284 748 2333 zu
757 2272 984 2331 brauchen/
992 2277 1074 2330 daß
1083 2281 1166 2326 wir
1173 2282 1331 2324 daraus
1339 2277 1680 2328 wiedergebohren

326 2346 486 2394 werden
496 2332 713 2405 1.Pet.1/23.
746 2335 918 2400 Jac.1/18.
954 2330 1095 2396 Welches
1121 2340 1212 2396 alſo
1212 2337 1419 2395 geſchicht/
1415 2338 1470 2384 da
1470 2337 1552 2383 aus
1560 2333 1685 2390 anhoͤ⸗

327 2403 459 2461 rung/
484 2396 625 2455 leſung
640 2398 730 2446 oder
743 2392 997 2450 betrachtung
1004 2398 1081 2443 des
1089 2392 1299 2451 goͤttlichen
1315 2395 1447 2442 worts
1461 2394 1529 2440 der
1536 2386 1681 2449 glaube

329 2460 374 2513 in
381 2462 449 2510 der
458 2459 547 2516 ſeele
555 2452 773 2519 gewuͤrcket
786 2448 919 2512 wird/
936 2454 1074 2508 welcher
1088 2459 1156 2504 der
1163 2458 1319 2513 anfang
1333 2455 1404 2501 des
1410 2452 1625 2512 geiſtlichen
1633 2454 1684 2504 le⸗
