1758 2709
278 681 404 787 W

404 692 429 738 ir
449 690 563 748 haben
581 697 649 740 den
666 690 858 747 Menſchen
876 701 948 736 von
960 691 1053 738 einer
1069 691 1212 744 doppel⸗

423 758 482 810 ten
493 764 603 803 Seite
618 762 658 814 zu
675 754 891 812 betrachten,
906 759 1021 814 meine
1030 757 1215 820 Freunde.

275 828 374 879 Von
391 833 454 876 der
470 830 571 874 einen
593 817 680 886 ſtellt
704 843 741 875 er
762 827 827 884 ſich
854 829 917 872 als
945 829 999 873 ein
1027 830 1213 883 ſinnliches

276 902 462 961 Geſchoͤpf
472 903 561 956 dar,
590 902 742 957 welches
755 913 830 948 von
846 902 1017 957 Trieben,
1043 903 1213 957 Neigun⸗

274 984 346 1027 gen
361 978 435 1020 und
451 974 731 1029 Leidenſchaften
759 973 893 1026 regiert
915 978 991 1016 und
1009 982 1088 1024 zum
1101 974 1213 1028 Han⸗

275 1040 356 1084 deln
375 1039 552 1093 beſtimmt
568 1030 674 1085 wird.
735 1039 794 1085 Es
818 1038 972 1094 herrſcht
989 1040 1029 1083 in
1057 1041 1133 1093 ihm
1158 1043 1212 1080 ein

275 1112 441 1171 raſtloſes
458 1114 626 1160 Streben
651 1109 739 1164 nach
765 1110 1008 1166 angenehmen
1026 1110 1213 1169 Gefuͤhlen

277 1193 362 1233 oder
379 1185 467 1242 nach
485 1183 794 1245 Gluͤckſeligkeit.
863 1186 942 1233 Bei
969 1184 1094 1242 allem,
1128 1190 1214 1230 was

277 1270 314 1304 er
340 1260 402 1304 als
429 1257 609 1314 ſinnlicher
626 1258 785 1313 Menſch
810 1256 994 1314 beſchließt
1025 1262 1103 1305 und
1129 1262 1218 1300 aus⸗

275 1331 406 1388 fuͤhrt,
468 1331 508 1386 iſt
550 1333 661 1388 dieſer
699 1331 800 1385 Reitz
838 1329 933 1382 nicht
986 1340 1030 1383 zu
1073 1330 1215 1374 verken⸗

266 1413 364 1452 nen;
393 1405 468 1448 und
501 1411 604 1446 wenn
634 1413 671 1446 er
706 1402 799 1454 auch
833 1400 967 1456 hierbei
1002 1400 1091 1458 ſeine
1115 1402 1217 1447 Ver⸗

275 1473 388 1528 nunft
423 1483 466 1525 zu
497 1470 631 1529 Rathe
664 1470 781 1528 zieht,
826 1471 862 1524 ſo
902 1473 1045 1517 bedient
1079 1482 1117 1514 er
1148 1470 1214 1526 ſich

277 1546 372 1599 ihrer
388 1540 478 1595 doch
504 1552 575 1586 nur
592 1551 636 1596 zu
660 1542 753 1591 einer
768 1542 941 1589 Dienerin
967 1536 1075 1596 ſeiner
1092 1543 1216 1586 Sinn⸗

276 1616 410 1671 lichkeit
427 1620 461 1660 d.
482 1612 519 1671 h.
535 1624 597 1669 zur
609 1613 856 1671 Berechnung
872 1611 1105 1669 desjenigen,
1128 1620 1218 1657 was

276 1691 333 1736 die
344 1689 510 1736 Summe
528 1691 590 1731 der
607 1687 850 1744 angenehmen
860 1686 1022 1747 Gefuͤhle
1041 1692 1114 1733 und
1128 1688 1216 1734 Em⸗

276 1759 498 1816 pfindungen
522 1758 559 1804 in
576 1758 652 1812 ihm
668 1758 870 1815 vermehrt,
916 1760 973 1804 die
991 1761 1122 1807 Dauer
1142 1765 1219 1803 der⸗

276 1833 391 1886 ſelben
412 1836 497 1877 oder
517 1830 593 1887 ihre
622 1830 845 1886 angenehme
862 1829 1144 1885 Abwechſelung
1171 1842 1219 1873 er⸗

277 1905 379 1959 haͤlt,
423 1902 489 1956 ihn
508 1912 581 1946 von
605 1902 901 1958 gegenwaͤrtigen
922 1904 1059 1950 Uebeln
1092 1905 1221 1957 befreit

259 1981 365 2023 oder
401 1985 469 2019 vor
494 1974 635 2031 kuͤnftig
667 1972 866 2031 moͤglichen
894 1973 1070 2031 bewahrt.
1140 1976 1219 2025 Bei

277 2046 391 2090 vielen
410 2043 604 2097 Menſchen
638 2043 733 2090 kann
767 2047 857 2085 man
886 2045 1036 2096 gewahr
1060 2050 1222 2091 werden,

279 2115 354 2170 daß
377 2112 421 2168 ſie
440 2112 495 2158 bei
505 2111 640 2166 allem,
666 2115 753 2161 was
771 2112 816 2167 ſie
835 2113 1127 2170 berathſchlagen
1145 2118 1219 2154 und

277 2183 550 2242 unternehmen,
572 2183 648 2231 eine
659 2184 802 2248 gewiſſe
818 2183 1226 2243 Wahrſcheinlichkeits⸗

1091 2265 1228 2324 berech⸗
