1534 2220
483 457 597 524 ſonſt
618 453 784 519 paſſiret
804 470 848 510 er
864 456 972 515 noch
991 452 1035 517 ſo
1054 451 1276 518 ziemlich/
1323 458 1435 507 was

478 531 576 580 das
597 524 859 588 Schneiden
879 530 970 578 und
989 526 1054 575 die
1064 522 1350 588 Buchſtaben
1373 520 1437 571 be⸗

480 590 651 657 treffen.
694 590 797 650 Die
816 594 972 646 andere
989 586 1130 645 Seite
1147 586 1227 653 hat
1240 586 1349 649 auch
1358 586 1438 639 kei⸗

479 674 564 714 nen
573 660 873 725 Unterſcheid/
908 659 990 712 als
1004 658 1095 719 daß
1107 660 1171 710 die
1179 655 1313 721 Cron
1328 662 1434 709 vom

479 728 644 783 Guten
663 725 777 790 platt
806 715 880 789 auf
879 728 972 777 das
990 721 1173 785 Wapen
1191 722 1334 783 lieget;
1360 715 1445 783 auf

481 801 579 847 dem
589 791 792 858 Falſchen
809 793 913 844 aber
927 791 997 843 ein
1016 790 1157 850 wenig
1175 791 1327 842 davon
1349 795 1444 840 ent⸗

483 864 618 929 fernet
628 865 696 929 iſt;
730 855 805 915 des
799 857 1156 923 Muͤntzmeiſteꝛs
1199 851 1334 926 Nahme
1352 850 1393 913 l.
1402 850 1447 912 C.

484 930 616 995 ſtehet
635 926 718 993 auf
730 932 824 982 dem
850 925 1054 993 Falſchen
1069 925 1178 985 auch
1200 927 1269 978 ein
1295 927 1441 985 wenig

487 998 744 1062 niedriger/
787 996 868 1050 als
887 993 974 1058 auf
994 999 1089 1049 dem
1112 995 1271 1051 Guten
1294 997 1367 1047 der
1397 997 1444 1047 S.

489 1066 577 1132 auf
599 1071 672 1121 der
698 1071 865 1120 andern
893 1064 1067 1123 Seiten
1093 1068 1176 1118 des
1215 1061 1444 1127 Schildes

529 1138 656 1204 ſtehet
673 1135 808 1192 recht;
847 1135 1000 1197 wieget
1012 1133 1176 1194 leichter
1203 1135 1251 1186 ⅟₁₆
1265 1123 1409 1196 Loth/

594 1204 691 1271 haͤlt
720 1219 767 1257 7.
785 1201 899 1266 Loth
925 1196 990 1253 10.
1003 1191 1179 1260 Graͤn/
1211 1194 1260 1263 iſt
1278 1206 1345 1263 ge⸗

711 1269 904 1337 ſchlagen
915 1269 1081 1330 1693./
1095 1266 1237 1336 werth

899 1333 1038 1398 14.
991 1329 1040 1397 ß.
