1377 2076
630 227 714 270 (31)

449 273 592 359 IV.
641 277 888 366 Auftrit.

205 373 355 430 Jacob,
364 374 601 424 Meliboeus,
619 378 833 437 Corydon,
843 383 977 439 Mops,
984 385 1130 437 Rahel.

182 476 301 525 Jacob.

307 467 385 553 H

398 468 483 520 Abet
502 470 585 522 Dank
602 472 667 530 fuͤr
678 490 749 523 eure
761 477 915 526 Gaben/

397 516 471 562 Die
484 522 563 573 mich
573 522 639 570 ſehr
639 533 809 576 erquikket
824 534 946 574 haben:

181 579 279 622 Euer
287 576 397 624 Will
405 579 441 631 iſt
450 586 538 630 zwar
545 576 693 632 erfuͤllet/

185 634 279 673 Aber
287 634 374 679 nicht
381 636 468 678 mein
484 636 644 688 Wunſch
654 640 798 691 geſtillet.

180 683 326 734 Liebſten
340 677 498 734 Bruͤder/
499 680 589 739 ſaget
604 690 687 733 mir:

186 734 277 782 Wie
290 738 363 782 und
370 738 485 786 woher
498 740 642 785 kommet
656 743 735 793 ihr?

183 786 374 828 Meliboeus.
398 788 491 836 Wir
499 784 576 845 ſind
603 790 659 843 von
667 791 892 846 Haran
799 789 896 845 hier!

188 840 298 883 Jacob.
321 842 394 891 Ach
409 843 513 888 lieben
527 845 693 891 Bruͤder/
699 848 817 891 kennet
837 852 890 897 ihr

184 892 274 934 Den
279 892 424 934 Laban/
423 896 576 945 Nahors
586 897 732 947 Sohn?

179 933 331 982 Corydon.
377 932 444 990 Wir
459 935 576 995 kennen
596 940 654 993 ihn
670 937 724 993 und
752 937 834 989 ſeine
846 941 977 986 Kinder
993 942 1103 996 ſchon.

182 973 301 1043 Jacob.
325 988 421 1036 Wie
421 990 539 1040 gehets
546 994 631 1040 doch
639 997 719 1037 dem
725 999 828 1043 guten
834 996 986 1044 Mann?

177 1047 291 1089 Mops.
317 1037 357 1086 Es
353 1043 458 1091 geht
470 1040 524 1093 ihm
545 1049 628 1091 alles
645 1047 780 1099 gluͤklich
794 1045 857 1097 an/

172 1096 251 1141 Da
260 1094 352 1140 komt
345 1088 420 1147 ſein
434 1095 562 1151 liebſtes
579 1092 683 1147 Kind/
698 1094 751 1147 die
739 1099 860 1155 Rahel
864 1105 931 1154 mit
939 1107 1001 1152 den
1010 1107 1155 1159 Schaa⸗

864 1159 933 1192 fen.

214 1192 282 1232 Die
300 1192 413 1237 Hirten
427 1197 523 1232 treten
534 1195 596 1233 ab:
618 1196 719 1242 Jacob
735 1197 840 1238 bleibet
848 1202 969 1240 alleine:

169 1248 221 1293 O
233 1244 387 1303 Himmel
398 1251 484 1303 habe
494 1254 612 1300 Dank
623 1255 682 1305 fuͤr
695 1256 803 1312 dieſen
817 1254 1054 1306 Gnadenblik/

167 1306 252 1354 Jch
260 1308 312 1355 ſeh
324 1307 391 1358 auf
401 1307 498 1355 dieſer
505 1311 614 1356 Welt
624 1311 694 1358 kein
713 1313 932 1366 angenehmer
947 1308 1062 1357 Gluͤk/

169 1362 250 1402 Als
261 1358 401 1412 Rahel/
408 1358 544 1409 Labans
551 1364 665 1411 Kind.

216 1441 280 1480 Die
288 1436 391 1485 Hirten
410 1438 544 1492 pfeifen/
559 1446 606 1494 und
620 1448 726 1491 wollen
750 1450 806 1484 mit
820 1451 914 1493 ihrem
932 1450 1066 1497 Heerden
1076 1455 1151 1499 nach

299 1490 399 1534 Hauſe
408 1493 534 1529 treiben.
555 1494 656 1537 Jacob
665 1500 746 1533 redet
760 1497 799 1537 ſie
806 1507 864 1533 an:

214 1547 260 1576 ⸗⸗⸗
278 1544 324 1577 ⸗⸗⸗
346 1549 387 1577 ⸗⸗⸗
435 1540 515 1592 Jhr
525 1530 674 1588 Bruͤder
687 1544 795 1595 haltet
799 1540 870 1601 ein/

166 1595 210 1642 Es
224 1589 273 1651 iſt
278 1597 414 1653 annizzo
422 1596 508 1648 noch
524 1610 611 1652 ganz
623 1607 725 1655 hoher
739 1605 1025 1664 Sonnenſchein/

171 1652 247 1696 Die
261 1652 394 1701 Herren
405 1649 559 1704 moͤchten
567 1650 645 1701 euch
654 1658 828 1713 beſtrafen/

167 1707 303 1753 Wenn
317 1706 373 1754 ihr
382 1709 445 1751 mit
453 1718 549 1753 euren
559 1708 746 1764 Schaafen

166 1760 245 1809 So
261 1757 339 1810 fruͤh
352 1757 535 1808 eintreibet/

163 1812 251 1861 Und
263 1804 357 1870 lange
380 1806 530 1869 draufzu
547 1815 665 1864 Hauſe
680 1820 808 1864 bleibet.

988 1872 1090 1911 Meli-
