1733 2589
490 339 536 377 18

487 432 635 477 Koͤrper,
673 432 706 470 in
730 430 901 481 Anſehung
930 434 986 467 des
1022 432 1174 471 relativen
1214 431 1402 471 Raumes
1403 420 1506 466 ſeinen

489 483 556 522 Ort
584 481 686 528 nicht,
714 488 746 521 d.
765 483 787 518 i.
814 482 864 518 ein
886 481 1034 526 Koͤrper,
1061 483 1115 517 der
1143 479 1218 526 nach
1243 489 1325 526 zwey
1349 477 1499 519 einander

488 544 602 582 gerade
635 538 925 585 entgegengeſetzten
952 538 1153 583 Richtungen
1185 535 1246 576 mit
1278 532 1402 582 gleicher
1431 539 1502 573 Ge⸗

490 599 718 647 ſchwindigkeit
736 597 855 643 bewegt
873 598 969 640 wird,
998 597 1101 645 ruhet,
1125 593 1211 640 oder,
1240 594 1403 642 allgemein
1432 607 1500 633 aus⸗

490 658 654 706 gedruͤckt:
696 661 775 708 ſeine
799 659 992 706 Bewegung
1019 659 1056 706 iſt
1087 664 1141 697 der
1165 658 1332 706 Differenz
1354 660 1403 694 der
1431 655 1498 692 Ge⸗

491 715 758 765 ſchwindigkeiten
804 720 842 767 in
860 721 913 756 der
950 715 1114 763 Richtung
1145 718 1199 752 der
1230 714 1381 762 groͤßeren
1403 716 1506 752 gleich

490 775 636 816 (welches
654 771 711 815 ſich
728 777 789 805 aus
813 774 884 807 dem
901 769 1111 815 Bewieſenen
1129 767 1218 815 leicht
1235 766 1357 814 folgern
1377 766 1477 807 laͤßt).

592 880 769 923 Dritter
799 878 910 926 Fall.
968 879 1030 919 Da
1056 888 1140 926 zwey
1166 877 1400 921 Bewegungen
1427 870 1502 906 eben

491 933 643 978 deſſelben
677 931 836 975 Puncts,
884 928 972 978 nach
998 926 1271 981 Richtungen,
1317 926 1373 968 die
1400 928 1508 964 einen

494 985 645 1034 Winkel
670 979 919 1044 einſchließen,
949 987 1131 1024 verbunden
1148 987 1325 1032 vergeſtellt
1342 982 1479 1021 werden.

599 1676 670 1718 Die
694 1685 777 1723 zwey
801 1673 975 1721 gegebenen
1006 1675 1240 1721 Bewegungen
1264 1676 1331 1724 ſind
1362 1670 1419 1718 AB
1447 1671 1507 1713 und

498 1733 580 1785 AC,
598 1737 689 1770 deren
707 1730 991 1779 Geſchwindigkeit
1012 1736 1076 1769 und
1092 1729 1296 1778 Richtungen
1321 1728 1406 1774 durch
1434 1734 1513 1767 dieſe

499 1789 623 1829 Linien,
647 1790 701 1823 der
716 1786 848 1826 Winkel
865 1786 959 1829 aber,
993 1775 1053 1823 den
1079 1784 1127 1821 die
1146 1784 1281 1832 letzteren
1298 1783 1516 1835 einſchließen,

499 1843 594 1889 durch
612 1842 704 1879 BAC
722 1842 927 1888 ausgedruckt
941 1841 1044 1885 wird,
1070 1838 1119 1884 (er
1135 1848 1231 1886 mag,
1262 1839 1321 1875 wie
1345 1830 1432 1888 hier,
1458 1848 1511 1881 ein

499 1906 635 1949 rechter,
671 1901 745 1941 aber
770 1902 846 1949 auch
870 1903 920 1940 ein
946 1905 1029 1950 jeder
1054 1902 1219 1951 beliebiger
1237 1901 1357 1950 ſchiefer
1384 1905 1516 1943 Winkel

500 1962 599 2009 ſeyn).
669 1962 781 2002 Wenn
806 1973 871 1999 nun
896 1959 975 2010 dieſe
998 1971 1081 2009 zwey
1111 1959 1345 2005 Bewegungen
1376 1965 1522 2005 zugleich

501 2022 536 2060 in
561 2023 621 2058 den
644 2018 847 2065 Richtungen
873 2018 933 2054 AB
967 2024 1031 2059 und
1063 2017 1129 2056 AC
1157 2021 1221 2054 und
1245 2027 1329 2064 zwar
1355 2016 1387 2054 in
1416 2025 1513 2057 einem

503 2081 567 2117 und
594 2076 765 2122 demſelben
782 2075 914 2114 Raume
939 2074 1100 2124 geſchehen
1126 2071 1239 2121 ſollen:
1272 2075 1301 2123 ſo
1327 2073 1460 2113 wuͤrden
1468 2079 1522 2116 ſie

502 2136 576 2186 doch
594 2134 676 2181 nicht
693 2136 726 2173 in
745 2135 844 2184 dieſen
862 2134 979 2180 beyden
998 2134 1125 2179 Linien
1141 2133 1201 2172 AB
1218 2140 1282 2175 und
1299 2133 1365 2173 AC
1382 2139 1515 2182 zugleich

501 2193 663 2244 geſchehen
689 2190 827 2240 koͤnnen,
866 2191 997 2239 ſondern
1022 2202 1082 2231 nur
1107 2188 1140 2229 in
1174 2189 1298 2245 Linien,
1336 2192 1385 2229 die
1413 2191 1524 2239 dieſen

1414 2248 1522 2297 paral⸗
