1403 2167
782 277 836 323 60

438 366 496 391 men
509 362 617 393 Bauren
635 365 774 395 errungen,
802 361 895 391 kommt
915 365 944 390 es
948 357 972 400 in
1013 362 1094 397 deſſen
1108 362 1183 395 Kiſte.

437 417 532 448 Damit
549 419 579 444 es
596 416 662 448 nicht
675 419 704 447 in
719 416 840 450 Stokung
861 416 979 449 gerathe,
994 416 1022 449 iſt
1043 418 1084 447 ein
1108 417 1184 449 allge⸗

437 473 535 503 meines
550 472 644 502 Mittel
657 474 721 501 da,
724 471 824 503 welches
844 473 922 504 theils
940 473 968 500 in
980 472 1057 503 einer
1069 471 1184 506 Lanzette

437 533 497 558 oder
510 529 592 557 einem
606 528 753 560 Schnepper
761 528 860 559 beſteht
876 542 910 549 —
927 528 990 560 ſonſt
1007 529 1072 561 auch
1085 530 1184 561 Recht

437 586 549 618 genennt
564 583 624 615 wird
643 596 677 603 —
695 583 742 613 das
756 584 825 613 einer
838 584 881 613 der
897 581 1044 618 unzaͤhligen
1053 584 1184 616 Beamten

436 649 495 679 oder
509 646 644 682 Schreiber
657 655 689 680 an
706 648 752 678 den
771 647 910 681 Patienten
924 646 969 681 ſezt
989 648 1042 677 und
1059 647 1111 681 ihm
1127 649 1184 678 eine

435 710 557 745 ziemliche
571 710 679 743 Portion
701 709 855 743 herauslaͤßt.
890 710 969 744 Dieſe
990 711 1034 743 hat
1054 709 1183 743 allerhand

434 754 556 792 Namen,
580 764 601 796 je
619 761 735 794 nachdem
750 765 792 791 der
807 762 907 792 Kranke
918 763 945 793 iſt
959 764 1017 792 oder
1029 765 1051 793 je
1064 763 1183 792 nachdem

436 823 492 858 eine
517 819 708 857 Terminologie
715 816 812 851 unter
829 814 927 841 dieſen
943 815 1051 841 Aerzten
1072 818 1183 840 roullirt.

435 876 476 918 Die
479 875 688 911 gewoͤhnlichen
699 877 752 910 ſind
765 884 812 903 —
822 877 996 911 Abgaben,
1015 877 1182 909 Steuren,

435 941 566 976 Akziſe,
584 940 858 975 herrſchaftliche
873 939 1014 975 Gefaͤlle
1034 946 1065 971 ꝛc.
1101 940 1180 973 Unter

435 997 516 1033 dieſen
527 997 616 1031 Titeln
625 995 692 1028 komt
707 999 734 1028 es
749 998 807 1032 (die
816 989 934 1032 Gefaͤſſe
934 998 1066 1033 rinnen
1076 995 1114 1030 oft
1127 997 1182 1028 und

408 1063 480 1103 bey
500 1064 555 1099 dem
575 1061 673 1095 vielen,
703 1063 794 1093 weiten
814 1064 866 1094 und
886 1062 989 1097 langen
989 1062 1044 1097 hin
1064 1064 1124 1094 und
1138 1057 1184 1104 her

433 1120 619 1153 transportiren
637 1121 698 1151 wird
721 1120 769 1151 hie
782 1121 834 1149 und
857 1120 889 1149 da
912 1119 973 1151 auch
993 1121 1072 1149 etwas
1086 1119 1182 1150 davon

433 1172 643 1211 verſchuͤttet
654 1174 708 1207 —)
722 1175 750 1205 in
773 1175 847 1206 einen
870 1173 963 1210 groſſen
984 1174 1182 1211 Schmelztiegel

436 1235 494 1268 oder
501 1233 710 1264 Reverberirofen
724 1248 757 1254 —
772 1234 798 1264 in
816 1235 855 1265 die
869 1230 989 1268 fuͤrſtliche
997 1234 1132 1268 Chatoulle
1144 1245 1182 1259 —

435 1293 534 1323 worinn
549 1293 577 1322 es
591 1289 636 1325 ſich
648 1297 676 1324 zu
690 1290 817 1325 allerhand
832 1291 1050 1325 verwandelt
1008 1287 1055 1331 und
1066 1292 1181 1322 verwan⸗

433 1353 488 1390 delt
508 1353 578 1384 wird.
627 1351 738 1385 Manche
762 1354 887 1385 Wittwe,
915 1351 1038 1385 mancher
1049 1350 1180 1385 verdiente

434 1408 611 1434 Jnnwohner,
629 1406 742 1430 mancher
755 1410 842 1434 Waiſe
852 1406 944 1431 koͤnten
959 1400 1054 1429 daraus
1066 1406 1180 1435 erquikt;

435 1469 552 1495 manches
567 1470 675 1496 Genie,
699 1470 812 1497 mancher
831 1466 936 1496 Meiſter
955 1452 1049 1491 daraus
1066 1462 1177 1497 belohnt

434 1531 548 1561 werden,
567 1531 632 1563 ohne
646 1531 692 1564 daß
711 1532 754 1563 die
760 1531 844 1566 Maſſe
857 1536 901 1561 um
913 1532 957 1560 ein
974 1530 1118 1566 merkliches
1129 1532 1178 1561 ab⸗

437 1588 548 1626 naͤhme:
572 1591 631 1621 aber
646 1592 694 1624 das
702 1592 766 1628 liegt
784 1592 850 1626 nicht
862 1591 890 1621 in
908 1591 952 1621 der
960 1587 1179 1627 Arzneykenntniß

1125 1651 1171 1680 des
