1651 2470
639 445 727 499 238

862 435 1029 498 Feldzug
1029 435 1118 498 der
1118 435 1313 498 Preuſſen

487 704 623 737 Declara⸗

488 750 551 774 tion
582 744 628 773 des

488 789 589 821 koͤnigl.

489 816 595 864 preußi⸗

490 875 561 910 ſchen

492 920 573 953 Cabi⸗

491 956 608 987 netsmi⸗

490 1003 599 1042 niſterii

493 1046 541 1083 bey
553 1045 612 1077 An⸗

494 1085 575 1123 naͤhe⸗

492 1136 566 1166 rung
586 1129 632 1159 der

495 1178 614 1209 Ruſſen.

642 555 753 584 armen
770 544 989 588 Einwohnern
1009 542 1171 591 verſichert
1193 543 1296 594 hatte:
1323 544 1350 588 ſo
1370 543 1432 593 ließ
1450 545 1519 584 das,

644 593 760 642 koͤnigl.
782 581 1223 639 Cabinetsminiſterium
1242 593 1275 631 in
1296 589 1438 632 Berlin
1454 592 1512 640 fol⸗

642 655 740 694 gende
759 648 1012 691 Declaration
1027 658 1067 684 an
1084 646 1209 696 dieſelbe
1224 649 1378 694 ergehen:

696 707 758 746 Da
776 712 809 741 es
825 704 879 752 ſich
896 703 953 749 bey
968 707 1026 740 den
1033 700 1293 750 gegenwaͤrtigen
1302 702 1512 748 Umſtaͤnden,

645 756 685 791 da
699 755 747 792 die
764 753 878 800 koͤnigl.
888 753 1072 801 Provinzen
1081 750 1208 802 Gefahr
1219 751 1339 799 laufen,
1348 755 1419 789 dem
1433 752 1514 791 Ein⸗

644 809 699 855 fall
714 812 778 846 und
793 810 850 844 den
859 805 1125 854 Grauſamkeiten
1140 806 1193 842 der
1205 801 1401 855 rußiſchen
1409 804 1517 849 Trup⸗

645 869 704 903 pen
719 869 773 904 zur
790 856 902 895 Beute
919 867 956 905 zu
972 858 1118 901 werden,
1146 853 1292 900 ereignen
1313 855 1422 901 koͤnte,
1450 855 1514 902 daß

647 910 715 946 eine
728 909 800 943 oder
814 907 862 945 die
877 912 996 946 andern
1011 915 1074 946 von
1089 909 1148 945 den
1158 900 1285 958 koͤnigl.
1302 905 1518 954 Unterthanen,

648 964 704 1013 ſich
719 962 812 1008 durch
829 964 948 1010 Furcht
960 963 1131 1010 verleiten,
1159 964 1231 999 oder
1246 969 1308 999 aus
1323 960 1520 1007 Unbedacht⸗

651 1014 780 1063 ſamkeit
794 1014 891 1065 dahin
904 1006 1026 1062 reiſſen,
1054 1016 1119 1052 und
1131 1012 1226 1059 durch
1236 1013 1520 1059 Verſprechungen

648 1066 837 1115 verfuͤhren,
872 1071 946 1106 oder
974 1066 1068 1114 durch
1099 1063 1301 1114 Kunſtgriffe
1331 1065 1519 1104 verblenden

647 1124 742 1171 laſſen
756 1120 881 1167 koͤnten,
905 1124 954 1159 als
970 1122 1103 1170 welches
1121 1121 1200 1164 Se.
1220 1114 1366 1173 koͤnigl.
1377 1117 1519 1168 Maje⸗

650 1170 721 1225 ſtaͤt
728 1172 892 1221 Jntereſſe
907 1175 985 1211 eben
997 1176 1026 1221 ſo
1035 1170 1238 1223 nachtheilig,
1250 1171 1301 1211 als
1308 1174 1381 1210 dem
1390 1173 1521 1213 Staate

650 1226 796 1279 ſchaͤdlich
813 1226 883 1273 ſeyn
900 1226 1026 1272 wuͤrde;
1052 1228 1081 1273 ſo
1095 1229 1221 1264 werden
1237 1223 1420 1275 hierdurch,
1446 1225 1523 1265 Na⸗

650 1287 746 1317 mens
761 1276 839 1320 Sr.
855 1268 1001 1326 koͤnigl.
1018 1273 1133 1322 Maj.
1153 1277 1211 1313 alle
1228 1277 1292 1313 und
1307 1275 1386 1321 jede,
1405 1268 1523 1323 ſowohl

650 1330 792 1378 Buͤrger
807 1328 841 1366 in
854 1332 914 1367 den
923 1328 1088 1375 Staͤdten,
1100 1329 1151 1365 als
1160 1326 1359 1375 Einwohner
1379 1329 1440 1375 auf
1450 1330 1523 1365 dem

650 1385 770 1427 Lande,
801 1383 880 1420 alles
908 1381 1044 1429 Ernſtes
1072 1382 1239 1431 ermahnet
1262 1382 1327 1417 und
1348 1383 1524 1426 gewarnet,

650 1441 709 1490 ſich
722 1441 783 1487 auf
792 1437 877 1479 keine
892 1438 1000 1490 Weiſe
1022 1446 1085 1477 von
1100 1439 1155 1476 der
1173 1435 1282 1489 Jhrer
1297 1433 1523 1486 angebohrnen

649 1488 912 1540 allergnaͤdigſten
929 1489 1215 1542 Landesherrſchaft
1230 1492 1295 1531 und
1311 1493 1384 1530 dem
1399 1490 1538 1531 Vater⸗

654 1549 746 1585 lande
755 1537 930 1598 ſchuldigen
952 1544 1037 1584 Treue
1046 1540 1212 1591 abwendig
1223 1540 1354 1588 machen
1368 1553 1406 1591 zu
1417 1542 1524 1590 laſſen.

650 1597 863 1644 Vornemlich
877 1600 957 1638 wird
972 1596 1134 1647 denſelben
1152 1597 1350 1645 empfohlen,
1376 1596 1460 1644 nicht
1473 1594 1523 1635 die

650 1648 806 1699 geringſte
821 1650 1075 1699 Correſpondenz
1095 1650 1157 1688 mit
1172 1653 1232 1688 den
1247 1647 1391 1697 Feinden
1410 1659 1449 1697 zu
1465 1655 1523 1685 un⸗

652 1703 828 1755 terhalten,
863 1709 927 1742 und
957 1703 1091 1753 ſelbigen
1122 1707 1226 1743 weder
1254 1712 1317 1742 von
1336 1705 1391 1741 der
1410 1705 1524 1742 innern

652 1755 908 1808 Beſchaffenheit
924 1762 980 1795 des
998 1757 1135 1804 Landes,
1163 1766 1228 1794 von
1241 1759 1297 1794 der
1312 1754 1445 1797 Staͤrke
1458 1755 1524 1794 und

653 1812 726 1846 dem
741 1795 951 1856 Aufenthalte
973 1811 1028 1846 der
1042 1805 1161 1853 koͤnigl.
1174 1805 1342 1851 Truppen,
1357 1804 1433 1850 noch
1448 1796 1524 1845 auch

652 1864 732 1912 ſonſt
754 1870 816 1899 von
840 1863 959 1899 andern
980 1864 1053 1900 dem
1075 1856 1240 1904 Koͤnige
1262 1862 1326 1898 und
1347 1861 1449 1908 ſeinen
1463 1857 1525 1898 Ar⸗

654 1926 747 1955 meen
773 1925 848 1963 zum
875 1915 1050 1966 Nachtheil
1078 1904 1301 1962 gereichenden
1327 1916 1525 1962 Umſtaͤnden

655 1963 832 2012 Nachricht
863 1976 900 2012 zu
922 1964 1040 2013 geben,
1074 1968 1139 2003 und
1161 1964 1342 2015 uͤberhaupt
1363 1965 1446 2013 nicht
1467 1963 1526 2001 das

654 2017 814 2068 geringſte
841 2028 872 2066 zu
883 2020 974 2068 thun
995 2024 1069 2059 oder
1089 2018 1334 2068 vorzunehmen,
1362 2027 1433 2057 was
1456 2020 1546 2055 dem

655 2077 753 2119 Lande
776 2073 932 2125 vielmehr
950 2086 1024 2124 zum
1044 2073 1162 2130 Ruin,
1187 2076 1240 2114 als
1264 2085 1320 2126 zur
1340 2072 1542 2126 Erhaltung

1373 2126 1533 2178 gereichen
