1536 2204
512 301 578 331 114

517 377 583 415 ſen,
608 372 740 411 trinken,
765 374 828 406 und
852 371 992 413 begatten
1014 371 1068 414 ſich
1084 373 1208 415 nicht
1185 367 1222 418 ſo
1224 371 1306 411 wohl

518 432 570 456 um
589 424 643 455 des
660 416 866 463 Vergnuͤgens
883 410 1013 461 willen,
1026 421 1092 463 das
1108 411 1163 464 mit
1180 424 1229 454 der
1245 421 1307 456 Be⸗

518 476 693 517 friedigung
713 469 802 516 dieſer
824 462 1011 528 natuͤrlichen
1033 471 1228 523 Beduͤrfniſſe
1246 470 1311 523 ver⸗

519 520 647 578 bunden
659 520 724 578 iſt,
751 520 804 563 als
835 514 996 575 getrieben
1006 514 1087 572 von
1087 512 1154 572 der
1179 516 1305 572 Unruhe,

518 570 597 614 oder
624 565 912 626 Unbehaͤglichkeit,
925 569 985 627 die
1013 562 1164 627 Hunger,
1187 563 1307 620 Durſt,

518 635 588 664 oder
603 622 659 680 der
672 621 888 676 verſchobene
917 616 1020 681 Genuß
1038 616 1204 674 ſinnlicher
1225 627 1307 663 Liebe

516 682 589 721 nach
614 679 668 721 ſich
695 687 741 722 zu
746 670 859 728 ziehen
859 667 995 728 pflegt.
995 668 1101 728 Am
1101 665 1306 727 allermeiſten

517 735 589 766 aber
613 731 687 780 wird
719 724 777 783 der
781 726 947 777 Gedanke,
961 725 1034 784 daß
1034 720 1209 784 Menſchen
1226 730 1307 768 nicht

516 784 606 829 durch
631 778 686 825 den
703 775 837 839 Anblick
856 773 927 831 des
936 769 1072 842 Guten,
1088 785 1158 831 oder
1173 787 1230 833 des
1246 785 1308 825 Be⸗

470 837 593 874 ſten,
619 825 754 882 ſondern
779 822 887 886 durch
895 823 957 883 eine
974 824 1024 889 in
1026 818 1112 880 ihrer
1121 819 1223 880 Seele
1238 829 1313 884 vor⸗

515 881 657 929 handene
665 879 802 937 Unruhe
817 883 900 934 zum
906 872 1067 934 Handeln
1067 870 1217 934 bewogen
1231 872 1312 924 wer⸗

515 943 589 975 den,
612 933 704 977 durch
715 928 853 996 folgende
876 921 1101 994 merkwuͤrdige
1105 918 1307 990 Erſcheinun⸗

515 999 575 1032 gen
587 980 764 1042 beſtaͤtigt:
764 976 864 1042 daß
881 979 1050 1043 unzaͤhlige
1069 971 1218 1042 Menſchen
1238 975 1306 1034 das

513 1039 646 1076 hoͤchſte,
666 1032 743 1079 oder
754 1029 872 1083 hoͤhere
876 1040 960 1088 Gut
969 1033 1113 1083 erkennen,
1138 1026 1202 1086 und
1214 1020 1308 1086 beyde

515 1090 587 1129 doch
598 1088 671 1134 viel
691 1080 834 1143 kleinern
867 1074 985 1143 Guͤtern
994 1072 1214 1133 aufopfern;
1233 1075 1308 1126 daß

487 1129 676 1185 Menſchen
694 1129 880 1186 gleichfalls
905 1127 980 1200 ihr
983 1122 1175 1198 Verderben,
1187 1138 1308 1185 ihren

514 1188 689 1240 gaͤnzlichen
705 1178 889 1244 Untergang
918 1181 962 1249 vor
975 1185 1089 1244 Augen
1089 1175 1211 1243 ſehen,
1230 1174 1314 1236 ohne

515 1237 571 1288 ſich
593 1237 635 1294 zu
642 1231 817 1303 bemuͤhen,
847 1235 960 1305 beyden
979 1240 1053 1301 auf
1066 1237 1135 1296 eine
1149 1230 1309 1290 ernſtliche

512 1304 571 1339 Art
590 1284 864 1348 auszuweichen.
881 1286 1044 1352 Tauſende
1044 1287 1196 1350 geſtehen
1219 1285 1242 1341 es
1261 1304 1307 1338 zu,

516 1351 576 1389 daß
586 1345 649 1404 die
654 1341 894 1400 unverlierbare
915 1327 1068 1393 Seligkeit
1066 1337 1184 1398 nach
1203 1337 1307 1391 dieſem

514 1397 606 1432 Leben
624 1389 691 1437 das
701 1385 829 1441 hoͤchſte,
855 1386 916 1444 und
944 1398 994 1448 ein
1007 1394 1062 1447 viel
1076 1378 1220 1442 groͤßeres
1246 1384 1309 1440 Gut

514 1450 587 1490 ſey,
612 1443 675 1496 als
683 1437 782 1489 daß
792 1437 862 1493 alle
882 1431 1101 1502 unrechtmaͤßig
1130 1443 1310 1479 erworbene

515 1502 652 1544 irrdiſche
681 1488 949 1550 Vergnuͤgungen
965 1487 1041 1550 und
1063 1486 1159 1542 Guͤter
1182 1501 1237 1537 mit
1259 1501 1307 1540 ihr

514 1547 682 1584 verglichen
708 1544 817 1581 werden
836 1536 994 1585 koͤnnten;
1008 1536 1065 1592 und
1078 1532 1152 1592 doch
1165 1541 1309 1584 vernach⸗

514 1602 636 1640 laͤßigen
660 1588 697 1639 ſie
718 1588 802 1643 jenes
815 1583 949 1646 hoͤchſte
966 1592 1030 1650 Gut
1050 1584 1122 1650 um
1134 1587 1309 1641 vergaͤngli⸗

516 1653 578 1693 cher
596 1638 806 1697 Kleinigkeiten
820 1646 933 1692 willen,
952 1645 1028 1698 weil
1032 1635 1100 1699 die
1116 1642 1235 1699 Unruhe,
1247 1646 1310 1685 die
