2555 2857
679 469 757 511 Zahl
773 471 822 502 der
844 466 1014 508 Zehrlinge,
1037 467 1191 509 ingleichen
1213 470 1285 512 nach
1306 470 1446 512 Beſchaf⸗

683 513 794 553 fenheit
810 514 871 543 und
888 512 1000 553 Menge
1020 513 1073 548 des
1096 512 1306 556 Geſpinnſtes,
1332 521 1381 552 10,
1402 520 1447 547 20

683 558 736 591 bis
753 564 793 593 30
807 556 893 590 Thlr.

730 596 788 636 40)
811 595 968 640 Derjenige
997 596 1195 639 Hausvater,
1228 597 1346 639 welcher
1377 599 1450 640 ſeine

685 637 798 674 Kinder
818 641 879 672 und
900 639 1023 680 Geſinde
1050 639 1080 672 in
1108 641 1161 672 den
1185 641 1448 674 Wintermonaten

687 682 742 717 mit
766 682 839 717 einer
861 682 948 725 ihnen
972 684 1048 725 ſonſt
1075 684 1298 723 unbekannten,
1327 687 1388 718 und
1411 685 1450 718 im

687 727 763 765 Orte
785 728 1045 770 ungewoͤhnlichen
1069 729 1243 770 Spinnerey
1271 727 1451 770 beſchaͤftigt,

686 776 750 809 und
765 776 892 812 daruͤber
901 772 1116 821 obrigkeitliche
1134 772 1272 821 Zeugniſſe
1283 777 1451 820 beybringt,

687 817 783 862 erhaͤlt
798 819 849 864 fuͤr
868 831 907 861 50
924 820 1023 859 Stuͤck
1039 824 1128 859 Garn
1146 833 1162 861 5
1179 822 1267 864 Thlr.

683 862 739 907 fuͤr
758 876 816 899 100
830 862 928 903 Stuͤck
945 868 1034 902 Garn
1060 876 1097 898 10
1111 866 1199 907 Thlr.

684 908 750 939 und
767 912 855 940 wenn
880 907 971 947 dieſes
988 908 1144 949 Geſpinnſt
1165 907 1218 949 ſich
1242 907 1329 947 durch
1350 907 1450 948 beſon⸗

685 956 752 986 dere
776 950 857 989 Guͤte
881 952 1081 994 auszeichnet,
1125 954 1196 994 noch
1220 950 1356 989 uͤberdies
1377 952 1451 996 nach

682 998 920 1038 Beſchaffenheit
936 1002 984 1032 der
996 996 1161 1039 Umſtaͤnde,
1186 1009 1205 1040 5
1224 999 1273 1034 bis
1294 1010 1327 1032 20
1341 1000 1428 1039 Thlr.

727 1042 808 1080 Auch
824 1041 966 1075 bekommt
982 1041 1041 1082 jede
1061 1040 1184 1083 Perſon,
1207 1041 1310 1081 welche
1331 1042 1449 1083 ſolcher⸗

683 1082 789 1123 geſtalt
826 1078 860 1121 in
857 1086 912 1117 den
929 1085 1191 1119 Wintermonaten
1210 1093 1250 1117 an
1263 1084 1378 1124 Orten,
1400 1091 1449 1118 wo

684 1126 791 1162 bisher
804 1125 876 1162 noch
891 1135 948 1165 gar
963 1126 1040 1165 nicht
1053 1125 1219 1166 geſponnen
1239 1128 1371 1164 worden,
1393 1133 1450 1159 we⸗

682 1168 819 1206 nigſtens
833 1172 851 1199 6
865 1165 963 1202 Stuͤck
973 1171 1061 1204 Garn
1078 1169 1242 1206 geſponnen
1258 1168 1321 1207 hat,
1338 1170 1451 1209 1Thlr.

729 1210 788 1249 41)
810 1210 983 1250 Diejenigen
1008 1211 1226 1251 Fabrikanten,
1255 1211 1358 1248 welche
1380 1219 1454 1244 neue

683 1253 750 1284 und
779 1250 881 1290 bisher
912 1252 951 1285 im
976 1251 1081 1289 Lande,
1105 1253 1173 1284 oder
1201 1250 1273 1290 auch
1301 1252 1332 1284 in
1360 1253 1452 1291 ihrem

683 1295 793 1334 Kreiſe,
817 1298 885 1330 oder
909 1296 1039 1336 Provinz
1064 1296 1141 1334 nicht
1164 1296 1289 1330 bekannt
1312 1296 1454 1336 geweſene

685 1337 821 1374 wollene,
846 1336 1081 1376 baumwollene,
1105 1336 1231 1376 leinene,
1255 1338 1325 1371 oder
1346 1339 1452 1379 ſeidene

683 1383 823 1416 Waaren
838 1380 975 1421 fertigen,
998 1383 1068 1414 oder
1083 1381 1156 1419 auch
1176 1382 1207 1415 in
1225 1381 1310 1423 ſchon
1329 1381 1452 1416 bekann⸗

683 1424 734 1451 ten
751 1422 886 1455 Waaren
901 1412 999 1453 etwas
1020 1416 1223 1461 vorzuͤgliches
1249 1420 1288 1455 im
1306 1421 1450 1462 Geſpinn⸗

685 1466 735 1502 ſte,
759 1467 913 1507 Weberey,
935 1466 1042 1507 Farbe,
1063 1467 1261 1509 Zubereitung
1278 1470 1340 1501 und
1356 1467 1449 1511 Zeich⸗

687 1518 772 1548 nung
789 1510 893 1550 leiſten,
917 1509 1072 1552 ingleichen
1092 1513 1197 1546 andere
1210 1510 1357 1554 Kuͤnſtler,
1380 1515 1451 1547 oder

684 1549 892 1593 Handwerker,
916 1552 1018 1593 welche
1037 1551 1096 1586 eine
1113 1561 1183 1588 neue
1198 1552 1367 1596 Erfindung
1383 1559 1448 1594 zum

685 1599 828 1641 Vortheil
852 1600 907 1635 des
930 1599 1270 1643 Manufakturſtandes,
1303 1603 1372 1635 oder
1398 1604 1449 1636 der

682 1642 950 1685 Landwirthſchaft
974 1642 1120 1685 anzeigen,
1142 1646 1205 1677 und
1228 1647 1313 1679 deren
1334 1645 1449 1686 Nutzen

682 1686 874 1728 beybringen,
898 1685 1004 1727 haben,
1025 1693 1111 1722 wenn
1135 1689 1171 1728 ſie
1193 1689 1237 1723 die
1258 1689 1451 1731 Wirklichkeit

684 1735 748 1765 und
772 1732 957 1772 Nutzbarkeit
980 1734 1057 1771 ihrer
1078 1733 1248 1775 Erfindung
1272 1734 1361 1773 durch
1383 1734 1448 1774 hin⸗

681 1770 828 1815 laͤngliche
844 1773 1004 1816 Zeugniſſe,
1027 1775 1100 1813 auch
1117 1778 1190 1816 nach
1203 1775 1352 1816 Befinden
1366 1777 1447 1811 Vor⸗

680 1818 806 1858 zeigung
828 1821 877 1853 der
899 1822 1014 1856 Waare
1034 1816 1208 1862 bewaͤhren,
1238 1819 1299 1855 eine
1324 1823 1374 1855 der
1385 1823 1444 1857 Be⸗

682 1864 869 1905 ſchaffenheit
899 1868 948 1900 der
973 1866 1076 1907 Sache
1110 1866 1306 1909 angemeſſene
1332 1868 1445 1910 Beloh⸗

681 1915 769 1947 nung
783 1915 818 1947 zu
834 1913 978 1943 erwarten
994 1917 1055 1943 von
1078 1919 1115 1942 10
1129 1909 1180 1945 bis
1195 1920 1235 1952 50
1251 1910 1337 1952 Thlr.

725 1952 784 1991 42)
800 1944 871 1993 Fuͤr
893 1945 963 1989 jede
966 1961 1005 1985 an
1028 1954 1146 1991 Orten,
1168 1960 1215 1986 wo
1240 1953 1299 1987 kein
1324 1954 1446 1989 Verbie⸗

681 1994 860 2034 tungsrecht
889 1995 929 2028 im
957 1997 1048 2035 Wege
1083 1994 1170 2035 ſteht,
1212 2003 1269 2028 neu
1294 1995 1446 2036 angelegte

681 2038 811 2077 Bleiche,
835 2034 894 2076 (die
907 2031 1045 2090 Bleichen
1062 2040 1112 2071 der
1119 2038 1356 2076 Kattundrucker
1371 2043 1446 2074 aus⸗

677 2072 884 2120 gensmmen,)
907 2079 957 2116 iſt,
983 2085 1070 2112 wenn
1093 2081 1183 2120 ſolche
1205 2081 1303 2116 etwas
1327 2081 1447 2122 erhebli⸗

684 2115 750 2153 ches
763 2119 867 2158 leiſtet,
893 2117 965 2157 nach
1001 2126 1009 2155 5
1033 2118 1155 2159 Jahren
1180 2120 1240 2152 eine
1261 2119 1446 2159 Belohnung

682 2163 744 2189 von
761 2166 802 2195 50
815 2160 865 2193 bis
886 2170 944 2191 100
960 2160 1049 2201 Thlr.

684 2200 758 2235 auch
780 2196 850 2233 uͤber
869 2201 977 2240 dieſes,
1006 2208 1093 2233 wenn
1113 2201 1207 2241 dabey
1228 2201 1299 2241 ſtatt
1322 2202 1444 2242 Holzes,

684 2238 774 2279 Torf⸗
795 2239 901 2273 Stein⸗
915 2244 983 2272 oder
996 2244 1161 2281 Erdkohlen
1176 2248 1351 2279 verbraucht
1365 2253 1443 2273 wor⸗

684 2286 756 2320 den,
785 2285 898 2324 annoch
922 2287 981 2318 eine
1010 2287 1131 2328 Praͤmie
1150 2294 1211 2320 von
1237 2295 1277 2329 50
1299 2292 1384 2328 Thlr.
1408 2295 1444 2327 zu

682 2335 843 2371 gewarten.

723 2382 780 2423 43)
806 2382 880 2419 Wer
894 2382 953 2423 auf
964 2383 1040 2417 einer
1056 2383 1163 2417 bereits
1179 2386 1350 2424 angelegten
1364 2387 1441 2418 Lein⸗

680 2432 874 2476 wandbleiche
907 2435 1005 2471 etwas
1031 2434 1231 2475 vorzuͤgliches
1254 2429 1356 2476 leiſtet,
1380 2430 1441 2470 und

1533 469 1627 503 damit
1642 472 1733 506 denen
1755 464 1807 511 hin
1831 473 1893 503 und
1918 471 2025 505 wieder
2049 472 2121 513 noch
2148 470 2303 510 beſondere

1533 517 1690 558 Vortheile
1718 515 1869 557 habenden
1904 515 2132 558 auslaͤndiſchen
2163 518 2304 556 Bleichen

1535 561 1566 596 in
1585 563 1634 595 der
1650 561 1770 602 Weiße,
1793 561 1883 603 Preiß
1909 563 1963 596 des
1992 563 2219 604 Bleicherlohns
2240 565 2302 597 und

1536 603 1710 644 Schonung
1735 605 1783 638 der
1804 604 1920 639 Waare
1950 611 1999 637 am
2023 600 2158 645 naͤchſten
2183 604 2304 644 koͤmmt,

1538 650 1635 695 erhaͤlt
1658 664 1698 689 50
1714 653 1803 691 Thlr.

1580 689 1638 728 44)
1661 688 1755 732 Jeder
1768 687 1956 731 Auslaͤnder,
1980 693 2029 726 der
2052 690 2081 726 in
2106 690 2304 732 Weißenfels,

1537 731 1662 774 Zoͤrbig,
1685 732 1824 775 Triptis,
1852 734 1950 769 Auma
1974 737 2036 767 und
2064 735 2139 770 einer
2161 740 2221 767 von
2249 737 2304 770 den

1538 777 1676 815 Staͤdten
1684 782 1738 815 des
1758 771 1933 825 Churkreiſes
1954 770 2038 821 einen
2038 789 2131 816 neuen
2140 780 2304 823 Strumpf⸗

1538 820 1728 863 wuͤrkerſtuhl
1741 825 1885 862 etabliret,
1909 821 2005 863 erhaͤlt
2025 834 2065 863 30
2074 824 2160 866 Thlr.

1580 867 1639 907 45)
1668 869 1762 908 Jeder
1788 867 1993 913 auslaͤndiſche
2016 870 2231 911 Tuchmacher,
2255 873 2304 905 der

1539 912 1569 946 in
1586 911 1662 944 einer
1681 918 1742 944 von
1757 914 1811 945 den
1830 911 1968 947 Staͤdten
1983 914 2046 953 des
2059 912 2245 955 Churkreiſes
2267 914 2302 946 ei⸗

1538 961 1595 987 nen
1614 960 1707 987 neuen
1724 949 1956 995 einmaͤnniſchen
1971 955 2075 995 Stuhl
2097 953 2233 995 etablirt,
2257 953 2302 989 be⸗

1538 998 1647 1033 kommt
1668 1008 1697 1039 15
1712 996 1801 1039 Thlr.

1537 1036 1599 1067 und
1617 1033 1670 1074 fuͤr
1687 1035 1768 1067 einen
1787 1028 2052 1075 zweymaͤnniſchen
2083 1028 2121 1078 20
2115 1035 2253 1074 Thlr.

1579 1082 1629 1124 Jn
1650 1086 1699 1117 der
1718 1082 1820 1119 Stadt
1841 1082 2026 1125 Wittenberg
2051 1082 2209 1124 beſonders
2232 1085 2303 1120 aber

1537 1125 1592 1165 hat
1607 1134 1636 1158 er
1656 1126 1685 1158 in
1702 1125 1821 1166 ſolchem
1847 1126 1930 1168 Falle
1954 1123 2006 1169 fuͤr
2031 1126 2113 1162 einen
2137 1122 2300 1161 einmaͤnni⸗

1490 1175 1617 1211 ſchen
1633 1175 1737 1211 Stuhl
1752 1185 1792 1211 30
1800 1176 1886 1211 Thlr.

1538 1213 1600 1244 und
1625 1208 1675 1250 fuͤr
1701 1212 1782 1244 einen
1804 1209 2071 1252 zweymaͤnniſchen
2095 1220 2139 1252 40
2155 1211 2241 1252 Thlr.
2267 1218 2302 1253 zu

1538 1261 1700 1294 gewarten.

1583 1293 1641 1333 46)
1663 1292 1816 1337 Diejenige
1830 1293 2082 1332 Stadtkommun,
2096 1294 2199 1334 welche
2212 1297 2302 1337 durch

1540 1337 1735 1381 Einfuͤhrung
1761 1337 1821 1371 und
1845 1345 1958 1378 genaue
1986 1338 2204 1380 Beobachtung
2227 1338 2304 1373 einer

1538 1388 1630 1424 guten
1645 1385 1879 1425 Brauordnung
1897 1388 1957 1420 das
1975 1385 2163 1427 Brauweſen
2185 1386 2216 1420 in
2240 1387 2302 1422 eine

1537 1429 1734 1471 dergeſtaltige
1751 1429 1920 1471 Aufnahme
1940 1430 2058 1471 bringt,
2088 1430 2148 1468 daß
2173 1431 2302 1470 dadurch

1536 1477 1586 1509 der
1599 1475 1713 1516 Ertrag
1733 1476 1782 1510 der
1805 1474 2040 1516 Braunahrung
2062 1482 2152 1515 gegen
2173 1476 2217 1509 ein
2239 1478 2338 1513 aus

1535 1519 1590 1553 den
1599 1517 1976 1560 Trankſteuerrechnungen
1992 1521 2041 1553 der
2050 1519 2341 1561 letztverfloſſenen

1536 1564 1557 1595 6
1570 1563 1671 1606 Jahre
1685 1570 1719 1604 zu
1738 1560 1888 1604 ziehendes
1910 1564 2058 1598 gemeines
2079 1563 2166 1604 Jahr
2189 1565 2298 1602 wenig⸗

1534 1602 1616 1644 ſtens
1630 1611 1681 1638 um
1693 1602 1708 1649 ⅓
1737 1602 1828 1644 ſteigt,
1851 1596 1948 1645 erhaͤlt
1969 1605 2041 1644 nach
2065 1615 2085 1636 2
2100 1604 2221 1645 Jahren
2239 1611 2301 1638 von

1535 1649 1585 1681 der
1602 1647 1674 1690 Zeit,
1697 1651 1736 1683 da
1750 1648 1795 1682 die
1818 1648 2035 1690 Verbeſſerung
2058 1647 2148 1688 zuerſt
2170 1649 2299 1693 merklich

1534 1695 1685 1735 geweſen,
1698 1703 1760 1728 100
1775 1696 1865 1735 Thlr.

1577 1732 1636 1771 47)
1659 1726 1733 1766 Wer
1750 1730 1781 1764 in
1798 1734 1861 1764 dem
1883 1726 2100 1771 thuͤringiſchen
2121 1728 2234 1774 Kreiſe,
2257 1730 2301 1767 in⸗

1532 1778 1658 1818 gleichen
1675 1779 1706 1812 in
1722 1781 1778 1813 den
1795 1781 1932 1814 Aemtern
1954 1777 2072 1820 Leipzig,
2093 1778 2215 1822 Pegau,
2236 1779 2299 1815 De⸗

1532 1823 1636 1864 litzſch,
1657 1821 1782 1865 Zoͤrbig,
1812 1822 1976 1865 Eilenburg
2008 1825 2069 1858 und
2098 1823 2210 1861 Borna
2238 1826 2299 1859 eine

1529 1864 1877 1906 Brandweinbrennerey
1899 1865 2017 1906 anlegt,
2045 1866 2149 1908 wobey
2174 1866 2298 1910 jaͤhrlich

1532 1910 1710 1951 wenigſtens
1738 1912 1801 1945 600
1834 1912 1966 1955 Scheffel
2000 1912 2106 1950 Korn,
2136 1915 2205 1945 oder
2234 1920 2298 1947 500

1533 1949 1665 1993 Scheffel
1680 1950 1838 1989 Dresdner
1855 1951 1959 1992 Maaß
1975 1952 2093 1992 Weizen
2110 1947 2296 1990 verbraucht,

1531 1993 1594 2022 und
1615 1995 1759 2024 entweder
1783 2000 1824 2022 20
1840 1992 1964 2032 Ochſen,
1987 1994 2056 2025 oder
2077 1994 2119 2022 60
2136 1989 2298 2030 Schweine

1531 2039 1594 2066 von
1622 2036 1685 2068 dem
1714 2034 1858 2074 Abgange
1888 2032 2026 2073 gemaͤſtet
2050 2035 2112 2066 und
2146 2031 2297 2080 verkaufet

1531 2085 1658 2120 werden,
1681 2082 1824 2117 bekommt
1840 2093 1904 2116 200
1917 2084 2004 2122 Thlr.

1576 2122 1634 2156 48)
1656 2121 1815 2160 Derjenige
1835 2118 1959 2156 Koͤhler,
1981 2114 2100 2156 welcher
2121 2124 2161 2153 an
2183 2119 2295 2156 Orten,

1531 2167 1579 2195 wo
1598 2166 1701 2204 zeither
1727 2172 1785 2198 nur
1808 2167 1838 2198 in
1862 2165 1987 2198 kleinern
2012 2164 2141 2201 Meilern
2163 2167 2296 2205 verkohlt

1530 2210 1664 2244 worden,
1686 2206 1732 2239 ein
1750 2206 1837 2244 Jahr
1850 2205 1921 2244 lang
1947 2204 1978 2239 in
1999 2206 2130 2244 Meilern
2152 2214 2214 2240 von
2236 2213 2293 2241 we⸗

1530 2251 1663 2291 nigſtens
1688 2255 1698 2285 6
1714 2252 1885 2289 Schragen,
1899 2252 1967 2286 oder
1993 2258 2028 2291 18
2043 2254 2185 2293 Klaftern
2202 2256 2221 2286 6
2243 2254 2294 2289 bis

1528 2303 1549 2336 7
1566 2295 1682 2330 Viertel
1700 2293 1815 2330 elligten
1831 2291 1942 2337 Holzes
1957 2295 2011 2335 mit
2026 2296 2139 2334 Nutzen
2161 2294 2293 2338 verkohlt

1529 2345 1563 2379 zu
1581 2337 1678 2378 haben
1693 2334 1886 2380 beſcheiniget,
1910 2336 2006 2381 erhaͤlt
2024 2347 2066 2379 25
2082 2337 2203 2380 Thaler.

1570 2395 1628 2432 49)
1666 2393 1740 2426 Wer
1737 2384 1771 2429 in
1822 2389 1944 2434 hieſigen
1972 2392 2087 2428 Landen
2122 2392 2165 2429 die
2196 2393 2292 2432 beſten

1529 2435 1761 2481 Schmielztiegel,
1786 2439 1814 2484 ſo
1836 2443 1890 2478 den
1910 2438 2136 2484 vorzuͤglichſten
2161 2440 2292 2476 auslaͤn⸗
