1734 2587
598 472 702 519 Dank
717 478 782 511 und
800 471 876 512 Liebe
892 482 987 521 gegen
1003 477 1068 518 dich
1084 474 1269 514 uͤberwallen
1280 487 1315 524 zu
1330 477 1432 524 laſſen.
1483 477 1579 527 Einſt

597 522 719 561 kommt
731 526 779 559 die
793 513 954 569 Stunde,
982 527 1030 561 die
1043 528 1101 563 den
1115 523 1270 570 Schleyer
1285 533 1344 562 vor
1359 525 1468 568 unſern
1483 526 1577 566 Blik⸗

597 575 650 613 ken
665 573 800 621 zerreißt,
827 577 891 611 und
903 579 961 615 alle
980 575 1188 625 Geheimniſſe
1204 582 1254 619 der
1269 578 1423 625 Ewigkeit
1435 587 1494 617 vor
1510 587 1575 616 uns

595 625 749 674 enthuͤllt;
784 628 829 665 die
845 628 993 675 Stunde,
1018 633 1064 665 die
1080 634 1144 665 uns
1158 639 1226 675 zum
1243 630 1424 674 Anſchauen
1439 632 1576 679 Gottes,

596 681 662 718 und
678 678 754 718 auch
777 687 812 724 zu
837 681 956 718 deinem
974 680 1173 724 Anſchauen,
1206 684 1247 717 du
1261 681 1449 728 Goͤttlicher,
1484 683 1574 723 leitet.

594 730 703 769 Dann
724 731 801 768 wird
818 731 873 774 ſich
886 733 969 769 deine
984 739 1076 776 ganze
1094 729 1291 776 Herrlichkeit
1307 742 1365 770 vor
1380 741 1443 770 uns
1459 734 1574 772 verklaͤ⸗

595 784 668 817 ren;
683 777 768 812 dann
782 780 859 813 wird
874 778 921 813 die
934 786 1028 823 ganze
1044 770 1261 822 unermeßliche
1270 780 1370 825 Reihe
1386 783 1438 816 der
1451 781 1573 826 Folgen

591 832 695 868 deiner
709 831 896 878 Verdienſte
919 833 974 880 ſich
998 838 1062 870 uns
1085 833 1265 880 darſtellen;
1298 835 1362 870 und
1385 841 1471 871 dann
1492 838 1573 874 wird

593 882 682 925 unſre
695 881 866 927 Anbetung
889 884 946 929 ſich
969 886 1028 923 mit
1041 887 1094 923 der
1108 883 1278 931 Anbetung
1293 886 1369 924 aller
1385 887 1490 933 Engel
1505 891 1572 928 und

591 929 731 976 Seligen
761 936 955 976 vereinigen;
1005 934 1091 968 dann
1120 924 1240 971 werden
1269 932 1356 978 unſre
1385 931 1570 981 Lobgeſaͤnge

591 983 647 1031 ſich
672 988 704 1022 in
726 985 773 1023 die
795 981 980 1033 Lobgeſaͤnge
999 989 1050 1025 der
1070 985 1231 1033 Tauſende
1254 990 1320 1031 und
1345 988 1570 1033 Tauſendmal⸗

589 1032 733 1077 tauſende
756 1033 905 1082 miſchen,
942 1037 990 1076 die
1019 1037 1111 1080 durch
1132 1036 1197 1080 dich
1218 1026 1317 1090 Ruhe
1333 1040 1377 1076 im
1391 1030 1479 1076 Leben
1509 1037 1570 1084 und

587 1088 683 1135 Troſt
698 1092 763 1128 und
779 1083 936 1135 Seligkeit
955 1092 998 1130 im
1013 1089 1102 1131 Tode
1121 1090 1253 1138 fanden;
1284 1101 1304 1121 —
1327 1086 1358 1136 in
1397 1094 1443 1130 die
1461 1089 1568 1139 Lobge⸗

586 1135 678 1181 ſaͤnge
693 1138 745 1174 der
753 1134 1121 1184 Tauſendmaltauſende,
1145 1139 1192 1175 die
1205 1141 1314 1183 dann,
1329 1130 1493 1177 vollendet
1514 1140 1568 1186 zur

588 1186 766 1232 Seligkeit,
797 1188 956 1234 angethan
973 1191 1032 1226 mit
1054 1192 1123 1227 dem
1136 1182 1304 1230 Gewande
1320 1194 1375 1230 des
1392 1192 1488 1234 Lichts
1502 1195 1567 1230 und

587 1243 643 1279 der
662 1241 889 1283 Verklaͤrung,
929 1242 996 1275 und
1018 1241 1199 1285 geſchmuͤckt
1218 1247 1278 1280 mit
1298 1247 1352 1283 der
1370 1245 1484 1286 Krone
1503 1248 1566 1282 des

588 1286 737 1329 Sieges,
771 1295 826 1323 um
855 1290 963 1323 deinen
985 1288 1099 1335 Thron
1128 1289 1185 1333 ſich
1205 1289 1354 1332 ſammeln
1364 1294 1436 1326 und
1456 1293 1565 1328 deinen

557 1325 724 1379 Namen
744 1338 803 1376 mit
819 1335 1026 1386 himmliſchen
1047 1336 1262 1386 Jubelliedern
1288 1338 1415 1388 feyern!
1463 1358 1515 1372 —

715 1442 797 1481 Vom
818 1441 952 1486 Aufgang
976 1441 1022 1478 bis
1044 1450 1106 1485 zum
1128 1442 1315 1487 Niedergang

713 1500 867 1545 Erſchallet
888 1502 933 1539 dir
954 1503 1031 1537 dann
1053 1498 1210 1544 Lobgeſang

756 1558 859 1601 Durch
874 1558 942 1595 aller
963 1558 1094 1601 Himmel
1114 1557 1231 1603 Choͤre:

648 1609 835 1645 Gelobt,
857 1610 952 1645 gelobt
973 1611 1017 1646 ſey
1039 1611 1131 1647 Jeſus
1151 1588 1290 1648 Chriſt,

713 1670 770 1710 Er,
794 1674 843 1705 der
861 1674 909 1707 der
930 1671 1003 1714 Erſt'
1024 1674 1083 1708 und
1105 1670 1187 1714 Letzte
1206 1672 1250 1714 iſt,

754 1744 843 1785 Preis
865 1742 907 1787 ſey
930 1743 1001 1786 ihm,
1024 1742 1128 1786 Ruhm
1150 1746 1208 1781 und
1231 1743 1327 1788 Ehre!

795 1803 896 1847 Heilig,
935 1803 1032 1847 heilig,

794 1865 896 1908 Heilig
916 1866 953 1908 iſt
970 1867 1032 1907 Er;

830 1910 978 1947 Halleluja
999 1912 1101 1950 ſeinem
1123 1896 1275 1947 Namen!

832 1974 997 2021 Halleluja!
1022 1977 1132 2016 Amen!
1150 1975 1261 2016 Amen!
