1477 2219
377 277 457 311 von
472 271 540 311 der
546 270 712 318 Hiſtoria
720 271 847 318 Petri.

1016 282 1063 317 29

176 346 304 394 andere,
319 347 436 394 welche
453 348 514 387 mit
526 348 758 395 langwierigen
767 347 1002 394 Kranckheiten
1013 358 1065 396 ge⸗

178 391 286 439 plaget
305 393 433 446 wurden,
451 391 564 448 Petrum
591 395 727 444 gebeten,
736 393 798 450 daß
808 398 847 446 ſie
857 403 904 438 die
913 397 1064 444 Geſund⸗

178 443 241 488 heit
255 446 371 488 wieder
392 443 589 492 empfangen
612 445 784 492 moͤchten;
833 447 884 495 fuͤr
905 449 1018 494 welche
1031 461 1064 491 er

176 499 246 540 dem
261 500 377 544 Volck
391 499 568 549 verſprach,
583 502 648 548 daß
664 512 695 542 er
705 507 760 548 bey
778 505 848 542 dem
866 500 1093 553 HERRN

176 547 274 588 bitten
283 552 390 594 wolte,
401 558 504 590 wann
519 552 616 597 zuerſt
631 553 678 594 die
702 552 775 594 Rede
789 557 841 592 der
850 553 942 598 Lehre
951 550 1063 595 wuͤrde

173 605 331 644 vollendet
344 603 426 653 ſeyn.
478 603 622 646 Alsbald
639 609 717 646 aber
731 607 784 643 als
798 614 850 645 ers
859 605 1061 654 verſprochen

174 651 271 696 hatte,
286 656 419 693 wurden
429 652 470 701 ſie
484 661 548 693 von
565 655 624 694 den
634 654 915 704 Schwachheiten
928 657 1063 697 entbun⸗

175 704 248 745 den.
295 706 369 747 Und
364 698 398 750 er
434 704 504 753 hieß
501 697 547 757 ſie
561 705 729 754 beſonders
727 699 786 759 ſich
777 696 903 755 ſetzen,
918 709 1004 757 nebſt
1012 712 1064 749 de⸗

175 763 248 797 nen,
264 756 380 804 welche
387 764 452 797 von
467 754 525 799 den
536 757 689 805 Geiſtern
702 767 813 797 waren
829 758 958 805 geheilet
975 769 1062 800 wor⸗

176 803 254 848 den,
272 802 441 853 gleichſam
455 807 509 847 als
524 805 585 854 auf
604 807 671 849 eine
693 807 901 855 Abmattung
927 815 991 847 von
1008 813 1061 852 der

175 858 301 900 Arbeit.

225 905 259 944 §.
289 913 344 948 13.
368 901 499 950 Petrus
516 904 604 946 aber,
629 903 782 953 nachdem
806 916 837 948 er
850 916 914 947 von
928 904 1062 955 Tripoli

174 960 419 1001 ausgegangen,
441 966 498 1001 zog
511 960 591 1004 nach
607 959 828 1005 Antiochiam,
854 962 919 1000 und
932 960 1006 1000 kam
1025 971 1061 1009 zu

174 1000 260 1042 einer
273 1000 375 1048 Jnſul
387 1003 448 1041 mit
461 994 624 1050 Nahmen
638 1003 829 1046 Andradus,
846 1014 901 1044 wo
918 1006 949 1043 in
958 1008 1062 1046 einem

176 1051 293 1097 Hauſe
309 1050 449 1102 glaͤſerne
459 1051 598 1100 Seulen
618 1061 731 1096 waren
751 1062 816 1094 von
831 1056 1064 1099 wunderbarer

175 1105 308 1156 Groͤſſe,
322 1106 439 1154 welche
451 1116 487 1155 zu
503 1110 593 1157 ſehen
607 1107 661 1150 als
677 1109 756 1150 viele
781 1103 836 1162 mit
853 1108 936 1160 Petro
952 1111 1061 1157 hinge⸗

174 1161 305 1203 gangen
319 1162 443 1200 waren,
468 1147 536 1200 und
549 1158 678 1207 Petrus
695 1159 848 1208 nachdem
864 1171 895 1202 er
913 1153 1061 1211 dieſelben

175 1212 364 1254 bewundert
387 1212 485 1257 hatte,
510 1222 570 1252 vor
590 1214 638 1255 die
655 1211 751 1262 Thuͤr
776 1216 1061 1262 herausgegangen

176 1266 260 1301 war,
286 1258 359 1309 ſahe
375 1270 407 1301 er
432 1263 483 1302 ein
507 1263 630 1311 Weib,
654 1263 769 1309 welche
791 1271 855 1304 von
875 1254 985 1306 denen,
1013 1267 1062 1306 die

173 1310 426 1358 hineingiengen,
441 1310 603 1361 Allmoſen
611 1315 744 1355 bettelte,
760 1313 874 1362 welche
882 1324 913 1353 er
920 1324 1061 1362 genauer

172 1366 390 1405 betrachtend,
412 1366 540 1412 ſpricht:
577 1366 697 1414 Sage,
713 1369 832 1416 Weib,
853 1377 931 1409 was
942 1370 990 1410 dir
1007 1369 1059 1417 fuͤr

170 1413 225 1451 ein
247 1411 349 1455 Glied
373 1418 432 1453 des
451 1414 557 1456 Leibes
579 1410 688 1462 fehlet,
726 1415 792 1462 daß
812 1418 854 1455 du
875 1416 942 1461 dich
965 1416 1060 1463 dieſer

173 1461 356 1509 Schmach
375 1461 607 1511 unterworffen
633 1464 722 1511 haſt,
749 1465 814 1511 daß
834 1469 876 1506 du
893 1465 1058 1517 Allmoſen

172 1512 296 1557 bitteſt,
336 1514 402 1552 und
420 1513 504 1562 nicht
522 1513 672 1562 vielmehr
693 1515 754 1556 mit
774 1517 885 1556 deinen
898 1513 1058 1566 Haͤnden,

172 1564 289 1610 welche
303 1566 347 1604 du
360 1571 425 1604 von
440 1567 511 1605 dem
522 1565 649 1610 HErrn
657 1564 850 1614 empfangen
867 1567 948 1614 haſt,
961 1568 1058 1614 durch

172 1616 292 1657 Arbeit
318 1615 447 1662 Speiſe
473 1616 599 1664 ſucheſt.
673 1620 751 1665 Sie
783 1619 860 1671 aber
892 1620 1058 1670 ſeuffzend,

171 1662 299 1711 ſprach:
340 1657 450 1710 Wolte
470 1657 567 1712 GOtt!
596 1669 650 1710 daß
671 1661 727 1713 ich
736 1663 859 1716 Haͤnde
871 1667 967 1715 haͤtte,
980 1670 1055 1709 wel⸗

170 1708 225 1755 che
239 1709 381 1757 beweget
401 1713 519 1752 werden
536 1706 683 1763 koͤnten!
697 1712 784 1755 Nun
801 1713 878 1754 aber
893 1715 930 1761 iſt
944 1724 1005 1753 nur
1013 1717 1054 1755 ei⸗

172 1768 208 1803 ne
219 1756 416 1807 Geſtalt
368 1758 420 1810 der
424 1759 548 1808 Haͤnde
557 1759 661 1810 uͤbrig.
699 1762 808 1803 Denn
818 1763 857 1810 ſie
865 1766 932 1814 ſind
941 1766 1055 1813 erſtor⸗

170 1814 251 1858 ben,
281 1813 348 1852 und
368 1815 465 1859 durch
483 1817 586 1859 meine
599 1816 695 1864 Biſſe
706 1816 846 1865 ſchwach
863 1821 928 1858 und
943 1827 1054 1858 unem⸗

167 1862 320 1916 pfindlich
330 1867 489 1916 gemacht.
537 1865 609 1911 Da
624 1872 681 1917 hat
697 1867 827 1919 Petrus
850 1870 915 1918 ihre
927 1866 1053 1919 Haͤnde

940 1927 1051 1976 ergrif⸗
