1547 2308
163 504 234 555 frey
259 508 461 558 geſprochen,
499 514 564 548 und
583 513 629 550 die
654 508 915 553 Verlaͤumderin
941 510 1063 561 fortge⸗

160 561 260 611 ſchaft
282 568 421 603 werden.

241 628 351 677 Graͤf.
406 630 593 673 Schreiben
620 632 691 672 Sie
715 631 884 674 Madam,
900 637 944 681 es
990 641 1061 670 ver⸗

162 683 246 733 ſteht
261 688 315 733 ſich
332 694 397 723 von
415 685 556 733 ſelbſten,
584 686 646 733 daß
665 698 741 725 man
760 685 831 727 Sie
850 687 935 731 nicht
956 689 1060 738 ſtraft,

162 745 261 777 wenn
279 737 351 778 Sie
369 740 452 783 nicht
467 738 605 789 ſchuldig
628 741 707 785 ſind.

238 800 387 853 Graͤfin.
430 805 517 845 Nun
535 804 623 854 wohl
640 824 691 833 —
719 810 794 849 (vor
816 806 901 853 ſich.)
928 805 1076 850 welcher

160 852 325 903 Zuſtand!
352 850 424 900 doch
444 857 488 898 ich
507 856 588 904 muß
602 878 655 887 —

238 925 350 973 Graf.
403 927 506 967 Mein
526 926 622 966 lieber
638 926 785 973 Lorenzo.

236 990 383 1038 Graͤfin.
439 989 572 1038 Lorenzo
599 1013 650 1021 —

237 1061 350 1113 Graͤf.
403 1066 507 1107 Mein
525 1064 643 1105 Mann
667 1064 784 1113 glaubt
808 1066 887 1106 alles
910 1065 1001 1114 wahr
1023 1078 1061 1111 zu

157 1112 251 1162 ſeyn,
295 1114 367 1153 was
392 1115 486 1165 heute
509 1116 622 1161 Nacht
646 1125 876 1165 vorgegangen
907 1121 962 1164 iſt,
1007 1128 1062 1158 der

160 1169 286 1210 Baron
308 1171 367 1218 hat
383 1171 440 1216 ſich
456 1170 690 1217 verſchworen,
726 1173 866 1210 niemals
885 1174 975 1220 mehr
1001 1181 1059 1212 den

147 1221 240 1274 Fuß
255 1228 288 1262 in
304 1224 397 1268 unſer
415 1225 519 1272 Hauß
533 1234 569 1270 zu
588 1225 689 1276 ſetzen,
719 1237 752 1264 er
767 1227 823 1273 hat
836 1229 891 1275 ſich
909 1233 969 1267 mit
984 1234 1061 1266 mei⸗

161 1283 235 1312 nem
255 1266 374 1311 Mann
397 1262 477 1321 ganz
497 1269 714 1321 uͤberworfen.
770 1273 842 1315 Sie
867 1276 982 1315 wollen
1004 1278 1060 1325 ſich

159 1326 324 1378 ſchlagen;
356 1331 446 1369 mein
461 1329 579 1372 Mann
597 1328 635 1377 iſt
652 1328 791 1380 heraus,
827 1336 892 1370 und
909 1337 982 1377 jezt,
1020 1339 1059 1371 da

159 1387 203 1430 ich
220 1386 341 1442 Jhnen
357 1386 504 1434 ſchreibe,
534 1387 588 1427 bin
606 1390 649 1432 ich
668 1389 776 1430 allein.

235 1448 387 1501 Graͤfin.
438 1453 518 1495 Bin
538 1453 581 1495 ich
599 1454 694 1492 allein
715 1474 765 1481 —

235 1519 349 1567 Graf.
399 1521 467 1570 Jch
483 1523 561 1572 habe
577 1523 649 1562 Sie
669 1513 800 1572 noͤthig,
829 1525 974 1565 kommen
986 1524 1059 1566 Sie

159 1573 275 1621 gleich,
305 1584 370 1612 nur
385 1585 471 1622 zwey
487 1576 609 1616 Worte
626 1587 691 1616 von
712 1566 878 1625 aͤußerſter
896 1579 1057 1627 Wichtig⸗

161 1626 237 1671 keit,
267 1629 355 1665 dann
371 1622 496 1665 koͤnnen
511 1626 584 1667 Sie
600 1632 715 1666 wieder
734 1628 851 1675 gehen,
882 1629 982 1666 nichts
1000 1630 1055 1678 ha⸗

157 1672 218 1713 ben
245 1674 317 1717 Sie
339 1686 375 1724 zu
402 1665 566 1728 fuͤrchten,
604 1679 691 1716 mein
714 1671 833 1717 Mann
860 1675 979 1717 koͤmmt
997 1690 1057 1720 vor

158 1713 295 1766 Abends
318 1724 401 1767 nicht
417 1727 544 1765 wieder.
601 1729 776 1770 Vielleicht
791 1737 850 1775 gar
871 1730 964 1768 nicht.

233 1805 385 1857 Graͤfin.
439 1807 613 1852 Vielleicht
627 1819 687 1857 gar
706 1810 799 1851 nicht.

231 1870 343 1920 Graf.
394 1868 511 1925 Jhren
534 1873 684 1920 Namen.

200 1941 360 1994 Graͤfin.
415 1945 469 1986 Es
486 1944 524 1994 iſt
538 1943 714 1994 geſchehen.

235 2012 347 2063 Graf.
405 2013 509 2064 Laſſen
546 2013 619 2055 Sie
654 2015 758 2065 ſehen.
813 2016 864 2055 (er
891 2016 980 2062 macht
1000 2024 1056 2058 den

158 2062 252 2112 Brief
261 2073 329 2109 zu)
381 2066 455 2106 Und
472 2072 542 2106 nun
561 2068 608 2107 die
624 2065 788 2116 Addreſſe.
