3276 4282
2061 541 2153 577 Litt.
2194 540 2225 577 l.

1309 577 1432 624 Copia.
1483 580 1517 617 P.
1534 580 1572 617 P.
1599 576 1780 626 Nachdeme
1798 587 1863 618 aus
1879 578 2071 629 Hochfuͤrſtl.
2086 580 2213 629 Befehl
2233 582 2359 621 meinen
2378 580 2588 632 vielgeehrten
2606 583 2713 630 Herrn
2732 583 2873 633 Pfarrer
2892 586 2929 623 in
2946 587 3030 624 einer

1175 626 1287 675 ſichern
1304 629 1401 670 Sach
1429 631 1518 666 einen
1538 628 1691 671 Vortrag
1717 636 1755 673 zu
1779 631 1860 676 thun
1885 625 1986 676 habe:
2015 632 2077 668 als
2102 630 2154 678 ſoll
2177 630 2311 676 derſelbe
2340 642 2378 678 zu
2401 622 2500 678 deſſen
2517 631 2700 681 Anhoͤrung
2726 641 2856 681 morgen
2882 635 2938 678 bey
2961 640 3031 673 dem

1175 676 1369 725 Hochfuͤrſtl.
1390 678 1682 721 Landrichter⸗Amt
1709 680 1816 728 allhier
1844 680 2042 724 erſcheinen,
2078 681 2188 727 anbey
2199 681 2234 719 in
2265 681 2429 731 goͤttlicher
2446 681 2837 733 Gnaden ⸗ Empfehlung
2869 687 3032 725 verbleibe.

1154 730 1345 775 Weyden,
1373 733 1432 767 den
1451 743 1482 777 5.
1501 730 1626 771 Martii
1650 740 1754 778 1731.
1831 734 1903 774 Sr.
1924 729 2117 783 Hochfuͤrſtl.
2139 735 2283 778 Durchl.
2308 746 2345 781 zu
2367 734 2669 784 Pfalz ⸗ Sulzbach
2689 729 3033 786 Landrichter ⸗ Amts⸗

1172 775 1420 826 Commiſſarius
1442 786 1497 819 des
1513 780 1616 820 Amts
1631 780 1804 826 Pargſtein
1821 787 1885 821 und
1899 783 2057 826 Weyden.
2106 783 2243 833 Philipp
2257 782 2429 829 Hermann
2451 786 2566 825 Anton
2587 797 2619 826 v.
2636 786 2783 826 Boslar.

2039 845 2126 877 Litt.
2150 842 2202 877 K.

1319 879 1443 929 Copia.
1491 883 1517 921 P.
1548 883 1585 922 P.
1612 881 1792 928 Nachdeme
1803 892 1868 921 von
1882 883 1958 924 Ew.
1978 882 2171 934 Hochfuͤrſtl.
2187 884 2325 930 Durchl.
2343 883 2495 931 loͤblichen
2512 886 2801 932 Landrichter⸗Amt
2815 889 2966 937 Weyden
2980 895 3033 929 der

1173 925 1367 972 Hochfuͤrſtl.
1385 930 1509 975 Befehl
1520 913 1588 964 ſub
1609 936 1666 963 26.
1687 933 1787 973 elapſi
1814 932 1875 963 mir
1888 934 1944 964 den
1964 938 2002 974 7.
2017 937 2109 966 curr.
2126 938 2164 973 zu
2178 930 2296 966 meiner
2310 928 2447 976 groͤßten
2464 928 2671 978 Beſtuͤrzung
2697 937 2763 968 und
2778 930 3033 981 Bekuͤmmerniß

1173 980 1270 1026 dahin
1292 978 1413 1028 eroͤfnet
1431 984 1582 1025 worden,
1606 982 1667 1028 daß
1686 984 1768 1021 mein
1785 982 1930 1029 Geſuch,
1965 982 2027 1030 auf
2048 988 2101 1023 der
2118 984 2381 1024 Kaltenbrunner
2397 983 2505 1035 Pfarr
2521 984 2621 1034 hoͤchſt
2643 988 2761 1033 mildeſt
2779 989 2856 1032 mich
2875 989 3033 1034 abſterben

1174 1039 1212 1072 zu
1232 1024 1347 1075 laſſſen,
1372 1029 1454 1074 nicht
1467 1033 1542 1077 ſtatt
1559 1031 1739 1077 gefunden;
1763 1031 1793 1078 ſo
1810 1031 1885 1081 habe
1902 1032 1978 1072 Ew.
1990 1031 2185 1082 Hochfuͤrſtl.
2202 1034 2343 1079 Durchl.
2356 1034 2540 1074 abermalen
2555 1034 2731 1084 fußfaͤlligſt
2748 1043 2813 1075 und
2832 1052 2885 1078 um
2895 1039 3034 1079 GOttes

1173 1076 1298 1115 Willen
1319 1077 1463 1123 anflehen
1481 1081 1545 1113 und
1559 1073 1663 1115 bitten
1687 1079 1802 1122 ſollen,
1838 1078 1893 1125 ſich
1914 1078 1989 1116 uͤber
2006 1079 2115 1126 mich,
2147 1079 2231 1116 mein
2255 1075 2353 1128 hohes
2368 1079 2490 1127 Alter,
2520 1075 2613 1126 immer
2644 1071 2861 1130 kraͤnklichen
2867 1083 3030 1131 Zuſtand,

1168 1129 1257 1165 mein
1275 1128 1372 1166 Weib
1391 1134 1456 1167 und
1472 1129 1616 1175 Kinder,
1637 1125 1870 1178 Fuͤrſt⸗mildeſt
1886 1141 1922 1178 zu
1941 1128 2125 1176 erbarmen,
2150 1135 2215 1169 und
2233 1141 2270 1177 zu
2289 1131 2487 1182 beherzigen,
2514 1133 2576 1181 daß
2594 1134 2672 1176 Ew.
2686 1134 2878 1181 Hochfuͤrſtl.
2894 1137 3031 1178 Durchl.

1171 1176 1339 1224 Befehlen
1360 1186 1396 1221 zu
1415 1180 1659 1216 contraveniren
1676 1178 1722 1221 ich
1736 1178 1892 1217 niemalen
1909 1178 2033 1226 einigen
2051 1180 2188 1226 Vorſatz
2203 1181 2316 1229 gehabt
2333 1181 2437 1230 habe,
2471 1183 2566 1232 daher
2581 1182 2643 1228 auf
2649 1186 2818 1229 gedachter
2832 1185 2940 1235 Pfarr
2955 1187 3033 1227 Kal⸗

1175 1225 1339 1260 tenbrunn
1360 1225 1458 1270 hoͤchſt
1481 1226 1602 1269 mildeſt
1630 1227 1706 1266 mich
1730 1226 1888 1272 abſterben
1912 1235 1949 1271 zu
1975 1224 2080 1269 laſſen.
2137 1224 2191 1274 Zu
2214 1227 2309 1271 welch
2324 1223 2518 1276 Hochfuͤrſtl.
2540 1219 2717 1277 gnaͤdigſter
2735 1227 2912 1278 Erhoͤrung
2929 1240 2966 1267 ꝛc.
2992 1239 3030 1268 ꝛc.

1176 1272 1370 1320 Sulzbach,
1394 1277 1453 1311 den
1471 1286 1507 1317 9.
1527 1274 1653 1313 Martii
1675 1282 1780 1322 1731.
1832 1274 1975 1324 Johann
1990 1274 2179 1323 Schaͤtzler,
2220 1277 2252 1315 A.
2276 1273 2316 1326 C.
2318 1278 2540 1320 Verwandter
2556 1269 2697 1327 Pfarrer
2717 1290 2755 1326 zu
2767 1280 3007 1321 Kaltenbrunn.

2006 1342 2096 1380 Litt.
2124 1340 2175 1380 L.

1307 1377 1430 1423 Copia.
1479 1380 1516 1416 P.
1536 1380 1571 1417 P.
1599 1378 1783 1423 Nachdeme
1808 1380 1870 1424 auf
1885 1380 1967 1416 mein
1988 1381 2123 1426 letzteres
2143 1380 2355 1429 abermaliges
2378 1384 2445 1421 und
2468 1380 2698 1431 beweglichſtes
2713 1382 2862 1432 Bitten,
2895 1393 2952 1422 um
2974 1383 3034 1433 auf

1171 1434 1226 1468 der
1242 1432 1351 1480 Pfarr
1366 1431 1595 1473 Kaltenbrunn
1612 1434 1711 1481 hoͤchſt
1727 1435 1847 1480 mildeſt
1864 1436 1944 1479 mich
1970 1437 2132 1483 abſterben
2157 1447 2195 1483 zu
2217 1435 2345 1483 laſſen,
2382 1438 2430 1475 die
2453 1436 2614 1487 gewuͤrige
2636 1439 2832 1482 Reſolution
2853 1442 2930 1483 noch
2948 1441 3033 1485 nicht

1172 1478 1326 1525 erfolget,
1354 1484 1419 1518 und
1435 1482 1508 1518 aber
1529 1485 1581 1518 der
1598 1492 1668 1527 zum
1681 1481 1794 1529 Abzug
1812 1482 1972 1529 angeſetzte
1990 1486 2143 1532 Termin,
2169 1487 2202 1524 in
2212 1485 2388 1534 Anſehung
2410 1485 2529 1525 meiner
2550 1488 2794 1531 unterſchiedlich
2809 1491 2840 1534 ſo
2861 1489 3031 1539 geſchwind

1173 1529 1255 1571 nicht
1273 1528 1508 1578 fortzubringen
1530 1528 1676 1577 ſeyenden
1693 1533 1893 1578 Mobilien,
1925 1524 1990 1571 und
2017 1534 2158 1583 difficiler
2172 1535 2376 1582 Anrichtung
2395 1538 2449 1574 der
2470 1535 2605 1584 ohnehin
2624 1537 2683 1575 mit
2705 1537 3031 1584 unverſchmerzlichen

1172 1577 1331 1622 Schaden
1348 1586 1384 1622 zu
1406 1577 1526 1615 aͤndern
1540 1579 1779 1627 anderweitiger
1801 1579 2021 1625 Oeconomie,
2052 1585 2138 1618 dann
2163 1581 2286 1620 meines
2300 1581 2387 1620 alten
2406 1586 2471 1621 und
2492 1582 2663 1631 ſchwachen
2675 1583 2854 1632 Zuſtandes
2869 1586 3031 1632 (zumalen

1171 1625 1218 1667 ich
1241 1629 1300 1673 erſt
1331 1632 1394 1662 von
1424 1627 1508 1663 einer
1530 1627 1641 1674 harten
1658 1627 1833 1676 Krankheit
1854 1627 2080 1676 aufgeſtanden
2097 1632 2169 1676 bin)
2192 1630 2254 1669 mir
2275 1630 2427 1678 allzukurz
2452 1631 2525 1678 ſeyn
2548 1633 2646 1677 will;
2692 1631 2721 1676 ſo
2739 1634 2865 1680 ergehet
2888 1647 2930 1671 an
2951 1632 3028 1674 Ew.

1174 1676 1367 1725 Hochfuͤrſtl.
1388 1677 1526 1720 Durchl.
1541 1680 1624 1718 mein
1645 1679 1834 1728 fußfaͤlliger
1859 1681 1981 1720 Bitten
2004 1687 2072 1720 und
2088 1680 2237 1731 Flehen,
2268 1684 2441 1729 Dieſelben
2465 1687 2500 1722 in
2517 1684 2711 1734 Hochfuͤrſtl.
2727 1686 2869 1726 Gnaden
2892 1686 3030 1731 geruhen

1174 1724 1308 1764 wollen,
1333 1725 1495 1767 gedachten
1514 1725 1642 1761 Termin
1659 1726 1720 1768 auf
1743 1727 1842 1771 einige
1859 1725 1987 1763 Monat
2008 1724 2378 1776 ohnmaßvorſchreiblich
2397 1737 2434 1772 zu
2452 1728 2662 1774 prorogiren,
2687 1734 2754 1766 und
2774 1729 2865 1777 Jhro
2881 1722 3031 1773 loͤblichen

1174 1770 1465 1814 Landrichter⸗Amt
1480 1772 1628 1817 Weyden
1645 1772 1829 1819 anbefehlen
1848 1783 1885 1817 zu
1901 1774 2024 1817 laſſen,
2056 1775 2117 1820 daß
2138 1776 2232 1821 ſelbes
2255 1776 2333 1818 mich
2358 1777 2417 1813 mit
2442 1782 2495 1814 der
2514 1767 2630 1815 bereits
2644 1780 2862 1826 angedrohten
2878 1778 3030 1826 Exmitti⸗

1172 1828 1258 1864 rung
1281 1822 1501 1868 unangetaſtet
1522 1820 1616 1867 laſſen
1638 1823 1726 1866 ſolle,
1753 1833 1789 1867 zu
1806 1824 1899 1866 welch
1915 1823 2107 1872 Hochfuͤrſtl.
2124 1825 2302 1874 gnaͤdigſter
2319 1825 2494 1874 Erhoͤrung
2511 1835 2551 1864 ꝛc.
2568 1836 2604 1865 ꝛc.
2675 1819 2868 1876 Sulzbach,
2893 1834 2951 1867 den
2973 1835 3028 1879 15.

1174 1869 1306 1910 Martii
1323 1877 1429 1917 1731.
1480 1869 1662 1919 Johannes
1673 1870 1867 1918 Schaͤtzler,
1892 1874 1941 1912 A.
1958 1875 1997 1912 C.
2015 1865 2235 1913 Verwandter
2250 1873 2389 1920 Pfarrer
2403 1876 2439 1916 in
2460 1866 2700 1917 Kaltenbrunn.

2006 1937 2096 1976 Litt.
2123 1938 2192 1976 M.

1303 1976 1429 2023 Copia.
1488 1976 1671 2023 Nachdeme
1696 1978 1768 2020 Se.
1787 1976 1982 2026 Hochfuͤrſtl.
2000 1979 2140 2023 Durchl.
2162 1977 2254 2024 unſer
2275 1978 2457 2029 gnaͤdigſter
2475 1980 2572 2032 Fuͤrſt
2596 1988 2665 2023 und
2686 1982 2772 2028 Herr
2788 1982 2873 2030 Herr
2895 1993 2936 2024 ꝛc.
2968 1981 3033 2033 auf

1168 2027 1310 2076 Pfarrer
1328 2026 1515 2073 Schaͤtzlers
1534 2037 1571 2074 zu
1587 2029 1815 2070 Kaltenbrunn
1831 2030 2047 2078 Suppliciren
2066 2032 2253 2077 reſolviret,
2275 2034 2332 2080 bey
2345 2037 2403 2071 den
2427 2032 2478 2073 bis
2494 2036 2612 2081 Oſtern
2634 2034 2819 2081 angeſetzten
2834 2035 3030 2077 Transloca⸗

1169 2073 1278 2109 tions⸗
1302 2076 1375 2111 oder
1392 2073 1742 2117 Mutations⸗Termin
1767 2078 1802 2113 in
1822 2075 1947 2114 ordine
1970 2077 2013 2115 ad
2024 2075 2378 2117 Adminiſtrationem
2396 2071 2687 2119 Parochialium,
2708 2079 2741 2114 &
2760 2083 3029 2128 perceptionem

1169 2123 1345 2161 fructuum
1368 2131 1403 2162 es
1416 2133 1501 2169 zwar
1515 2123 1709 2169 bewenden,
1747 2122 1901 2173 uͤbrigens
1926 2128 2000 2167 aber
2021 2128 2133 2165 beeden
2155 2135 2256 2174 gegen
2274 2129 2424 2166 einander
2449 2131 2648 2171 mutirenden
2661 2130 2825 2180 Pfarrern
2841 2132 3028 2178 Schaͤtzlern

1169 2181 1237 2214 und
1256 2176 1358 2216 Bibel
1376 2176 1443 2224 frey
1460 2187 1496 2223 zu
1514 2174 1635 2222 laſſen,
1667 2185 1776 2220 wegen
1799 2183 1851 2215 der
1872 2177 1943 2226 Zeit
1964 2190 1999 2226 zu
2019 2179 2300 2228 Transportirung
2318 2181 2401 2227 ihrer
2419 2181 2565 2229 Effecten
2588 2181 2644 2229 ſich
2664 2183 2894 2228 miteinander,
2927 2183 3028 2229 jedoch

1168 2225 1202 2272 ſo
1223 2225 1294 2264 bald
1309 2221 1463 2272 moͤglich,
1487 2230 1553 2262 und
1572 2228 1652 2276 ohne
1671 2217 1894 2275 gefliſſentliche
1910 2227 2161 2277 Verzoͤgerung,
2187 2238 2223 2274 zu
2238 2231 2424 2278 verſtehen:
2460 2234 2512 2270 als
2534 2233 2628 2272 bleibt
2653 2236 2719 2272 aus
2736 2232 2930 2281 Hochfuͤrſtl.
2956 2238 3028 2275 Be⸗

1168 2273 1236 2321 fehl
1255 2275 1369 2319 ſolches
1386 2279 1456 2314 dem
1474 2273 1615 2324 Pfarrer
1630 2274 1795 2324 Schaͤtzler
1810 2276 1917 2325 hiemit
1931 2278 2172 2324 ohnverhalten.
2220 2279 2415 2318 Decretum
2424 2279 2618 2329 Sulzbach,
2644 2286 2703 2319 den
2717 2294 2771 2328 17.
2781 2284 2908 2323 Martii
2922 2290 3024 2330 1731.

1167 2328 1215 2366 im
1234 2326 1426 2378 Hochfuͤrſtl.
1442 2329 1598 2380 Hofrath.
1650 2329 1843 2381 Hochfuͤrſtl.
1860 2331 2221 2382 Pfalz⸗Sulzbachiſche
2237 2332 2408 2384 Hofraͤthe.
2456 2336 2509 2374 D.
2528 2335 2558 2376 L.
2576 2334 2717 2383 Hortig,
2743 2336 2876 2375 Secret.

2018 2389 2107 2424 Litt.
2135 2392 2191 2424 N.

1301 2429 1424 2477 Copia.
1476 2432 1514 2471 P.
1540 2433 1579 2470 P.
1607 2431 1708 2479 Kraft
1728 2436 1780 2472 der
1798 2441 1862 2472 von
1887 2429 1981 2479 Jhro
2001 2431 2193 2482 Hochfuͤrſtl.
2210 2434 2350 2479 Durchl.
2374 2434 2508 2475 meinem
2525 2433 2709 2483 gnaͤdigſten
2727 2435 2836 2484 Herrn
2860 2436 2967 2484 Herrn
2986 2448 3024 2478 ꝛc.

1168 2474 1299 2512 weiters
1316 2476 1377 2513 mir
1396 2475 1625 2522 uͤbertragenen
1649 2475 1882 2524 Commißion,
1908 2477 1977 2524 ſolle
2004 2480 2140 2518 meinem
2156 2478 2367 2526 vielgeehrten
2383 2479 2491 2526 Herrn
2518 2473 2661 2529 Pfarrer
2680 2487 2859 2527 andeuten,
2886 2483 2947 2528 daß
2959 2489 3026 2520 der⸗

1168 2525 1245 2571 ſelbe
1268 2526 1369 2571 ſeinen
1390 2526 1616 2575 ohnfehlbaren
1638 2527 1752 2574 Abzug
1770 2531 1848 2573 nach
1867 2527 2142 2577 Eyßmansberg,
2169 2520 2224 2575 bey
2238 2525 2319 2577 ſonſt
2334 2540 2370 2576 zu
2397 2538 2558 2577 gewarten
2581 2531 2742 2579 habenden
2770 2539 2889 2572 andern
2914 2533 3025 2580 Einſe⸗

1169 2576 1255 2623 hen,
1280 2578 1462 2627 ſchleunigſt
1480 2579 1695 2625 vornehmen,
1723 2584 1780 2617 den
1801 2591 1865 2619 von
1889 2581 2064 2627 Sultzbach
2081 2582 2140 2621 mit
2160 2584 2258 2623 dieſen
2281 2582 2633 2635 Commißionsbefehl,
2658 2591 2724 2623 und
2758 2585 2879 2634 hierbey
2905 2586 3022 2636 folgen⸗

1168 2623 1230 2658 den
1256 2623 1411 2667 Decret,
1435 2621 1554 2669 anhero
1576 2624 1706 2670 eigends
1723 2623 1897 2672 geſchickten
1909 2625 2045 2672 Bothen
2061 2625 2120 2664 mit
2138 2636 2169 2664 1.
2183 2616 2216 2674 fl.
2233 2630 2319 2665 dann
2330 2628 2541 2676 Ueberliefern
2557 2630 2624 2668 dies
2643 2626 2696 2676 fuͤr
2713 2629 2814 2678 ſeinen
2845 2631 2946 2676 Gang
2966 2638 3022 2674 30.

1165 2677 1212 2716 kr.
1232 2678 1358 2724 ſoglelch
1375 2678 1541 2725 bezahlen,
1568 2684 1633 2717 und
1656 2677 1844 2728 Empfangs
1860 2680 1965 2727 halber
1991 2682 2169 2727 Recepiſſe
2190 2692 2254 2720 von
2282 2683 2338 2731 ſich
2361 2684 2458 2728 geben
2488 2686 2568 2731 ſolle.
2639 2686 2786 2727 Wormit
2807 2693 2901 2724 unter
2917 2684 3022 2733 goͤttli⸗

1165 2725 1234 2771 cher
1255 2714 1652 2774 Gnaden⸗Empfehlung
1668 2735 1710 2765 ꝛc.
1737 2725 1885 2774 Weyden
1901 2732 1959 2766 den
1974 2739 2033 2766 21.
2055 2722 2181 2768 Martii
2201 2738 2305 2774 1731.
2355 2729 2493 2774 Philipp
2526 2730 2673 2774 Hermann
2692 2724 2795 2774 Anton
2812 2743 2843 2772 v.
2854 2734 3020 2774 Boslarn.

2012 2787 2104 2821 Litt.
2134 2791 2185 2821 O.

1305 2828 1432 2878 Copia.
1480 2832 1519 2872 P.
1543 2833 1584 2875 P.
1606 2833 1685 2875 Mit
1714 2839 1789 2873 was
1810 2833 1993 2885 Wehmuth
2022 2834 2100 2876 Ew.
2127 2832 2321 2885 Hochfuͤrſtl.
2344 2835 2486 2882 Durchl.
2507 2837 2567 2876 wir
2583 2834 2817 2887 unterthaͤnigſt
2835 2838 3022 2886 ergebenſte,

1164 2878 1265 2927 haben
1286 2883 1334 2919 die
1351 2878 1449 2928 groſſe
1466 2880 1606 2928 Ungnad
1623 2880 1796 2930 erfahren,
1822 2883 1932 2927 welche
1949 2883 2024 2923 uͤber
2043 2889 2101 2923 den
2127 2888 2186 2922 60.
2217 2883 2361 2933 jaͤhrigen
2385 2889 2472 2925 alten
2499 2887 2639 2936 Pfarrer
2663 2888 2828 2934 Schaͤtzler
2852 2888 3021 2937 geſchoͤpfet

1164 2932 1316 2973 worden,
1339 2936 1402 2966 aus
1421 2929 1593 2977 Urſachen,
1619 2930 1681 2976 daß
1699 2941 1731 2967 er
1751 2931 1850 2978 einige
1869 2932 1901 2968 in
1917 2933 2016 2975 ſeiner
2032 2932 2160 2981 Pfarr,
2183 2937 2249 2969 und
2265 2925 2349 2978 zwar
2376 2940 2440 2972 aus
2456 2933 2673 2981 angegebenen
2696 2936 2954 2984 Gewiſſenstrieb
2973 2938 3022 2986 ſoll

1161 2983 1220 3019 zur
1238 2975 1485 3024 Evangeliſchen
1501 2976 1709 3026 Lutheriſchen
1728 2969 1886 3025 Religion
1906 2988 2139 3026 angenommen
2156 2980 2278 3025 haben,
2304 2977 2416 3029 moͤgen
2436 2984 2496 3021 wir
2510 2976 2569 3023 mit
2590 2983 2732 3024 Worten
2746 2982 2828 3028 nicht
2847 2983 3020 3032 genugſam

1162 3025 1362 3072 exprimiren.
1412 3029 1485 3066 Uns
1509 3031 1621 3066 dauert
1643 3028 1745 3071 nichts
1761 3029 1870 3076 mehr,
1895 3029 1946 3067 als
1973 3031 2035 3077 daß
2053 3030 2131 3071 Ew.
2150 3021 2343 3080 Hochfuͤrſtl.
2367 3032 2506 3078 Durchl.
2532 3034 2565 3071 in
2592 3031 2817 3075 Dero ⸗ Gott
2843 3036 2917 3082 gebe
2944 3035 3019 3078 noch

1162 3078 1282 3116 einmal
1303 3079 1332 3124 ſo
1348 3076 1423 3127 hoch
1445 3090 1482 3129 zu
1511 3079 1704 3126 bringenden
1723 3082 1816 3121 Alter
1841 3083 1900 3120 mit
1923 3083 2114 3131 dergleichen
2138 3084 2378 3132 verdrießlichen
2397 3085 2536 3132 Dingen
2570 3085 2662 3131 ſollen
2684 3087 2862 3130 beſchweret
2887 3095 2951 3125 und
2974 3089 3021 3125 be⸗

1165 3123 1340 3171 unruhiget
1363 3129 1516 3170 werden;
1549 3127 1609 3165 wir
1632 3127 1800 3174 verſichern
1825 3127 1899 3165 aber
1927 3131 2029 3174 anbey
2053 3127 2124 3175 bey
2139 3129 2252 3173 unſern
2278 3122 2462 3180 Pflichten,
2500 3133 2612 3171 womit
2635 3135 2696 3172 wir
2724 3133 2801 3174 Ew.
2826 3132 3018 3182 Hochfuͤrſtl.

1164 3177 1308 3220 Durchl.
1324 3177 1498 3221 alleſammt
1523 3178 1728 3224 verbunden,
1751 3179 1839 3226 daß,
1861 3190 1913 3219 wo
1931 3182 2025 3226 ſolche
2040 3180 2178 3225 Sachen
2192 3182 2269 3224 nach
2285 3188 2339 3221 der
2354 3184 2485 3231 wahren
2498 3184 2754 3234 Beſchaffenheit
2769 3190 2836 3224 und
2851 3187 2929 3229 nach
2940 3187 3019 3223 allen

1165 3223 1369 3270 eigentlichen
1394 3224 1588 3274 Umſtaͤnden
1603 3227 1711 3271 ſollten
1729 3226 1871 3274 referiret
1894 3233 1960 3267 und
1982 3224 2145 3278 gruͤndlich
2160 3230 2314 3278 expliciret
2338 3234 2404 3269 und
2423 3233 2615 3280 vorgeſtellet
2632 3239 2781 3279 werden,
2809 3235 2888 3276 Ew,
2905 3233 3017 3279 Hochf.

1167 3275 1313 3318 Durchl.
1325 3273 1467 3319 wuͤrden,
1491 3278 1567 3321 nach
1575 3278 1670 3316 Dero
1685 3276 1858 3316 bekannten
1868 3277 2069 3327 Juſtizeifer,
2093 3280 2174 3323 nicht
2186 3290 2249 3319 nur
2270 3282 2508 3328 tranquilliret,
2533 3281 2666 3327 ſondern
2681 3284 2757 3327 auch
2774 3283 2974 3329 diejenigen,
2985 3285 3018 3329 ſo

1160 3321 1257 3368 ſolche
1275 3321 1390 3368 Dinge
1410 3324 1505 3360 wider
1523 3324 1570 3362 die
1596 3317 1731 3372 Gebuͤhr
1748 3330 1814 3363 und
1835 3324 1931 3363 wider
1947 3330 2006 3364 den
2028 3324 2152 3363 ſtatum
2176 3326 2424 3364 Simultaneum
2449 3329 2626 3375 utrimque
2650 3322 2798 3368 liberum
2822 3329 2885 3374 alſo
2918 3322 3017 3378 heftig

1158 3370 1360 3417 exageriren,
1385 3380 1439 3416 zur
1457 3372 1581 3418 billigen
1603 3374 1777 3414 Ant ⸗ und
1795 3375 2084 3422 Verantwortung
2099 3375 2222 3423 ziehen;
2247 3377 2308 3416 wir
2330 3377 2442 3416 wollen
2461 3383 2527 3417 und
2549 3379 2643 3425 ſollen
2658 3380 2750 3417 aber
2772 3380 2934 3418 dermalen
2955 3388 3017 3420 aus

1156 3420 1309 3467 Reſpect
1330 3427 1393 3459 von
1408 3422 1490 3460 allen
1508 3412 1645 3465 Sachen
1662 3421 1879 3470 abſtrahiren,
1904 3429 1971 3463 und
1990 3425 2069 3464 Ew.
2087 3417 2283 3474 Hochfuͤrſtl.
2302 3426 2442 3471 Durchl.
2460 3437 2526 3467 nur
2551 3428 2651 3466 bitten
2677 3432 2743 3466 und
2771 3428 2937 3477 anflehen,
2971 3431 3017 3468 die

1160 3466 1276 3513 gefaſte
1292 3466 1488 3516 Hochfuͤrſtl.
1505 3469 1657 3516 Ungnade
1676 3479 1775 3516 gegen
1796 3470 1962 3518 gedachten
1978 3472 2065 3513 alten
2074 3471 2213 3520 Pfarrer
2230 3473 2394 3521 Schaͤtzler
2410 3476 2575 3515 wieder
2554 3473 2590 3524 in
2592 3477 2732 3516 Gnaden
2749 3485 2785 3520 zu
2798 3469 3016 3519 verwandeln,

1159 3519 1223 3566 auf
1240 3520 1307 3559 Art
1321 3526 1388 3559 und
1402 3521 1531 3567 Weiſe,
1556 3524 1616 3561 wie
1635 3530 1672 3560 es
1688 3522 1767 3565 Ew.
1783 3514 1975 3570 Hochfuͤrſtl.
1986 3525 2124 3569 Durchl.
2136 3525 2221 3574 ſelbſt
2235 3523 2366 3574 gefaͤllig
2389 3526 2459 3573 ſeyn
2480 3529 2586 3570 wird,
2608 3530 2655 3566 die
2670 3528 2922 3568 Translocation
2939 3529 3014 3574 noch

1160 3566 1196 3602 in
1214 3573 1315 3604 etwas
1339 3576 1376 3612 zu
1393 3566 1605 3616 verſchieben,
1632 3569 1798 3617 ſonderlich
1813 3570 1885 3609 weil
1903 3569 2001 3618 deſſen
2029 3569 2231 3616 vorſeyender
2255 3573 2439 3613 Succeſſor
2465 3576 2532 3613 eine
2556 3575 2651 3620 ſolche
2687 3575 2837 3625 Perſon,
2864 3577 2936 3617 die,
2962 3586 3013 3613 wo

1161 3622 1238 3651 man
1254 3620 1344 3653 deren
1369 3615 1474 3656 Acten
1494 3624 1598 3662 genau
1621 3619 1687 3654 und
1706 3614 1890 3664 gruͤndlich,
1918 3619 1995 3662 nach
2014 3621 2072 3655 den
2089 3614 2322 3674 gewoͤhnlichen
2339 3615 2710 3669 Conſiſtorial⸗Rechten
2725 3628 2778 3663 der
2803 3629 2845 3664 A.
2880 3629 2914 3664 C.
2920 3626 3011 3664 Ver⸗

1161 3661 1344 3705 wandten,
1369 3659 1561 3701 Academien
1578 3666 1644 3704 und
1663 3660 1878 3712 Conſiſtorien
1903 3666 2007 3705 wollte
2034 3671 2101 3705 und
2118 3667 2202 3714 ſollte
2219 3667 2423 3716 unterſuchen
2439 3665 2557 3714 laſſen,
2582 3666 2733 3717 vielmehr
2763 3674 2817 3710 der
2845 3663 3012 3718 Caſſation
