1628 2273
219 270 292 310 von
311 255 537 314 Gemaͤhlden
554 263 630 304 und
649 254 929 312 Kupferſtichen.

965 266 1042 306 235

217 368 306 414 Auch
329 369 378 406 die
401 364 633 410 Nordlaͤnder,
682 364 731 401 die
754 370 817 401 von
846 365 915 401 dem
945 359 1047 407 Feuer

163 426 215 463 der
246 422 371 469 Muſen
397 421 547 460 erwaͤrmt
575 420 702 457 worden
733 415 821 464 ſind,
871 415 972 466 haben
996 419 1047 453 der

162 480 337 529 Mahlerey
359 478 425 528 ihre
450 476 676 527 Hochachtung
710 473 842 522 bezeigt,
879 478 945 512 und
974 483 1048 522 zum

162 539 255 589 Theil
273 538 432 589 beruͤhmte
447 537 583 585 Meiſter
603 543 696 575 unter
711 535 768 582 ſich
797 531 923 583 gehabt.
981 534 1049 572 Un⸗

162 604 208 638 ter
239 603 296 637 der
320 597 444 637 Daͤnen
474 597 554 642 weiß
584 605 660 633 man
688 604 751 632 von
777 595 877 631 einem
896 586 1044 643 Hagen,

161 656 338 707 Duͤvens,
369 653 612 705 Moinichen,
649 650 827 705 Dagard,
860 650 1044 705 Wogter,

161 714 383 767 Dithmar,
423 711 569 765 Coffer,
612 711 847 760 Diekmann,
887 706 1044 755 Quant,

160 771 437 830 Juͤrgenſoͤhn,
472 773 678 822 Wegand,
711 770 874 819 Denter,
906 765 1050 824 Jepſen

162 834 199 862 u.
218 833 262 858 m.
322 822 396 859 Und
426 831 507 860 wem
525 811 574 870 iſt
598 822 786 862 unbekannt,
814 833 886 855 was
909 827 962 862 fuͤr
980 830 1049 854 eine

161 884 425 932 Aufmunterung
455 883 560 927 (denn
578 877 727 928 Schutz
752 881 860 918 wuͤrde
885 890 921 925 zu
945 883 1051 924 wenig

163 938 270 991 geſagt
287 940 383 986 ſeyn)
415 942 468 977 die
489 937 614 986 Kuͤnſte
643 946 736 973 unter
767 942 836 972 dem
854 936 968 980 Zepter
994 942 1053 971 des

164 995 229 1042 jetzt
255 992 478 1043 glorwuͤrdigſt
520 994 717 1040 regierenden
753 990 956 1032 Monarchen
986 1000 1053 1025 von

164 1061 379 1103 Daͤnnemark
411 1058 587 1108 genieſſen,
634 1060 683 1097 die
715 1056 771 1103 ſich
809 1056 887 1100 auch
916 1055 979 1101 auf
1002 1057 1053 1094 die

165 1118 363 1167 Mahlerey,
391 1116 559 1164 Sculptur
599 1120 665 1154 und
692 1112 970 1164 Bildhauerkunſt
1011 1122 1055 1151 er⸗

167 1177 287 1223 ſtreckt,
319 1179 385 1211 und
409 1184 446 1222 zu
465 1173 706 1219 Koppenhagen
737 1174 805 1207 eine
832 1171 994 1215 beſondere
1011 1169 1056 1209 A⸗

166 1236 304 1273 kademie
321 1233 524 1280 aufgerichtet
541 1231 623 1279 hat?
652 1230 708 1276 Jn
725 1228 910 1275 Schweden
934 1228 991 1273 hat
1016 1235 1055 1264 es

167 1300 251 1342 zwar
267 1289 348 1336 nicht
365 1301 408 1329 an
426 1297 523 1339 guten
541 1286 715 1336 Kuͤnſtlern
749 1285 882 1336 gefehlt;
914 1286 987 1323 aber
1013 1286 1057 1333 ſie

168 1350 259 1398 ſind,
289 1346 437 1395 nachdem
463 1350 510 1387 die
527 1343 638 1394 Zeiten
665 1340 796 1390 waren,
830 1342 878 1394 oft
900 1344 1057 1386 verkannt

168 1414 235 1448 und
273 1407 448 1457 unbelohnt
488 1405 659 1457 geblieben.
747 1402 833 1443 Leute
882 1411 946 1441 von
994 1406 1056 1441 den

168 1468 302 1516 groͤßten
321 1465 477 1508 Talenten
495 1465 597 1516 haben
616 1462 672 1511 ſich
691 1461 739 1511 oft
752 1471 817 1503 aus
838 1462 986 1509 Mangel
998 1466 1060 1501 des

169 1524 359 1575 Unterhalts
378 1532 569 1573 gezwungen
587 1519 735 1571 geſehen,
767 1523 826 1561 mit
845 1526 901 1559 den
920 1509 1061 1573 Anſtrei⸗

170 1578 259 1619 chern
277 1580 416 1626 gemeine
433 1567 549 1625 Sache
573 1584 610 1622 zu
636 1573 786 1620 machen,
818 1581 884 1610 und
904 1577 971 1623 ihre
987 1577 1059 1614 Ge⸗

171 1641 414 1691 ſchicklichkeiten
431 1650 469 1686 zu
483 1636 650 1687 vergeſſen.
707 1635 793 1685 Leſen
813 1636 898 1680 Sie,
914 1644 986 1673 was
1004 1639 1059 1673 der

171 1683 379 1745 vortreffliche
407 1692 505 1741 Graf
518 1691 621 1734 Teßin
642 1691 746 1727 davon
775 1694 810 1727 in
837 1692 939 1732 ſeinen
957 1691 1059 1726 Brie-⸗

172 1756 226 1803 fen
245 1766 289 1793 an
318 1758 377 1791 den
405 1750 678 1804 hofnungsvollen
705 1752 927 1797 Kronprinzen
952 1749 1061 1796 geſagt

174 1816 302 1866 hat.*)
359 1816 430 1857 Die
442 1815 590 1865 Koͤnigin
602 1809 765 1862 Chriſtina
778 1812 862 1863 haͤtte
882 1811 985 1860 gewiß
1006 1816 1060 1851 der

960 1879 1066 1926 Mah⸗

218 1960 256 2001 *)
286 1958 344 1998 Jm
365 1953 453 1998 erſten
473 1955 527 1998 Th.
547 1950 598 1990 des
618 1952 731 1998 zweiten
752 1949 868 1996 Abſchn.
890 1951 938 1988 der
946 1953 991 1986 1te
1006 1953 1064 1987 und

276 2006 326 2041 6te
339 2006 435 2047 Brief.
