2595 2930
877 581 1080 633 Vierter
1094 579 1238 635 Titel.

1657 591 1740 647 79

364 645 462 705 fahr
477 646 636 712 laufft/
640 650 678 710 ſo
693 655 823 706 bleibt
838 656 930 714 ihm
956 658 1129 713 dennoch
1155 660 1218 704 die
1234 656 1444 713 beſondere
1457 660 1640 716 Unluſt/
1654 663 1740 708 und

359 711 627 774 dabenebenſt
637 711 855 779 Gefahr/
857 724 1021 773 wegen
1033 712 1170 773 ſeiner
1178 713 1455 783 Perſohne/
1458 722 1557 767 und
1576 723 1741 769 Familie,

364 768 481 820 auch
492 779 658 828 wegen
667 771 809 828 ſeines
820 770 1169 839 eingebrachten
1178 774 1394 831 Guetes;
1405 769 1530 834 gleich
1542 780 1624 822 wie
1637 778 1742 833 auch

365 830 428 874 ein
445 830 750 887 Eigenthuͤmer
760 838 875 890 zwar
885 832 955 881 fuͤr
966 835 1068 888 ſeine
1087 833 1298 891 Perſohne
1313 835 1420 884 keine
1439 825 1585 903 Unluſt
1610 844 1656 892 zu
1677 838 1740 883 be⸗

363 875 507 941 fahren
515 872 613 948 hat/
627 881 667 949 ſo
675 885 795 945 lange
804 896 846 934 er
856 886 964 942 ſelbſt
973 890 1148 936 drinnen
1166 888 1276 945 nicht
1301 887 1499 951 wohnet/
1521 898 1618 938 aber
1641 892 1742 936 den⸗

362 946 459 999 noch
475 956 639 1005 wegen
642 944 798 1005 ſeines
828 945 1021 1006 Hauſes/
1028 952 1097 1009 Jn
1111 947 1278 1009 faͤllen/
1279 947 1323 1005 da
1346 952 1594 1012 gefaͤhrliche
1614 953 1737 1011 Nah⸗

363 1007 495 1057 runge
505 1001 603 1058 auff
605 1009 675 1054 der
690 994 1032 1062 Nachbarſchafft
1046 1007 1123 1054 wil
1143 1005 1400 1063 eingefuͤhret
1415 1009 1605 1064 werden/
1615 1009 1737 1059 Sor⸗

364 1063 421 1103 ge
421 1056 602 1118 tragen/
612 1068 696 1111 und
705 1062 971 1119 dabenebenſt
982 1062 1214 1120 befuͤrchten
1228 1066 1356 1122 muß/
1368 1065 1465 1119 daß/
1476 1076 1599 1115 wenn
1617 1076 1659 1114 er
1674 1070 1739 1115 die

361 1096 620 1170 Neuerunge
637 1111 828 1165 duldete/
840 1121 883 1159 er
892 1109 1146 1171 hinkuͤnfftig
1156 1112 1236 1168 ſein
1253 1116 1386 1170 Haus
1410 1116 1448 1170 ſo
1458 1115 1577 1172 hoch/
1591 1118 1684 1162 oder
1697 1117 1738 1170 ſo

364 1162 482 1230 leicht
504 1165 595 1224 nicht
612 1174 838 1221 vermieten
848 1171 976 1222 koͤnte.

475 1246 543 1284 17.
568 1235 653 1293 Jch
673 1234 776 1291 habe
797 1235 946 1292 vorhin
971 1251 1010 1284 n.
1038 1251 1105 1283 11.
1128 1237 1359 1297 erwehnet/
1375 1238 1456 1292 daß
1478 1241 1524 1288 in
1540 1240 1737 1298 gewiſſen

360 1278 494 1336 faͤllen
509 1284 619 1340 nicht
632 1293 713 1331 nur
722 1283 786 1330 die
808 1283 1124 1347 Nachbaren/
1156 1284 1325 1338 ſondern
1347 1288 1446 1342 auch
1464 1290 1528 1333 die
1551 1285 1737 1344 Obrig⸗

358 1335 488 1396 keit/
481 1346 566 1396 und
580 1342 749 1390 andere
763 1345 1023 1398 Intereſſenien
1046 1345 1132 1391 eine
1151 1344 1270 1401 ſolche
1286 1347 1573 1404 Neuerunge/
1599 1349 1737 1393 davon

359 1393 424 1453 hie
438 1398 659 1457 gehandelt
672 1395 815 1456 wird/
815 1391 1028 1461 hemmen/
1048 1400 1126 1457 oder
1143 1401 1386 1451 einraͤumen
1398 1402 1548 1450 moͤgen;
1587 1406 1631 1450 in
1642 1405 1739 1452 wel⸗

359 1457 452 1509 chen
461 1459 590 1512 faͤllen
601 1460 701 1509 aber
709 1462 834 1511 dieſes
841 1471 891 1515 zu
906 1461 1111 1512 verſtehen
1122 1456 1206 1516 ſey/
1209 1464 1287 1509 wil
1302 1466 1361 1516 ich
1387 1453 1495 1516 noch
1514 1461 1646 1524 nicht/
1657 1465 1737 1518 ſon⸗

356 1516 456 1563 dern
476 1507 736 1570 nachmahls/
752 1520 837 1563 und
854 1527 910 1564 an
924 1517 1070 1569 ſeinem
1088 1519 1194 1566 Orte
1206 1521 1288 1565 mit
1296 1520 1462 1572 mehren
1484 1519 1699 1574 beruͤhren.

479 1579 544 1621 18.
562 1568 763 1628 Vorhero
773 1562 872 1623 aber
881 1571 958 1625 wil
958 1571 1032 1628 ich
1032 1571 1161 1630 alhier
1177 1563 1241 1624 die
1251 1575 1627 1634 Gerechtigkeiten/
1636 1577 1737 1625 wel⸗

356 1626 419 1681 che
458 1620 507 1685 in
493 1625 729 1692 Hamburg
744 1629 911 1687 einigen
926 1626 1123 1689 Haͤuſern
1148 1630 1265 1691 eigen
1283 1631 1404 1690 ſind/
1422 1622 1515 1682 oder
1530 1632 1634 1694 ſeyn
1653 1634 1734 1684 ſol⸗

356 1676 461 1738 ten/
471 1684 575 1740 weil
575 1684 628 1741 ſie
647 1676 927 1747 gefaͤhrliche/
955 1691 1024 1737 und
1040 1686 1315 1745 vornehmlich
1332 1695 1457 1740 denen
1481 1687 1736 1745 Nachbaren

356 1740 679 1806 beſchwehrliche
692 1743 966 1805 Nahrungen
978 1747 1062 1796 mit
1078 1745 1151 1804 ſich
1161 1745 1331 1805 fuͤhren/
1335 1746 1647 1807 nahmkuͤndig
1652 1749 1734 1804 ma⸗

359 1798 465 1855 chen.

476 1874 542 1911 19.
559 1860 643 1917 Jch
663 1862 756 1918 ſage
767 1863 850 1911 mit
866 1863 1005 1917 Fleiß:
1020 1868 1116 1912 oder
1132 1862 1234 1925 ſeyn
1246 1863 1412 1917 ſolten;
1428 1866 1526 1915 weil
1538 1870 1736 1915 darunter

355 1913 620 1968 verſchiedene
639 1914 711 1973 ſich
725 1911 880 1971 finden/
883 1914 1031 1968 woran
1041 1902 1088 1973 in
1098 1912 1362 1982 Hamburg
1382 1915 1503 1973 noch
1519 1909 1736 1975 gezweif⸗

355 1966 438 2023 felt
453 1963 596 2029 wird/
606 1970 657 2021 ob
674 1976 720 2020 es
735 1971 1086 2028 Gerechtigkeiten
1101 1976 1206 2023 ſind:
1229 1969 1408 2029 woruͤber
1422 1976 1523 2028 nach
1559 1976 1735 2033 dieſem/

355 2027 482 2080 wenn
482 2027 547 2081 ich
563 2034 652 2078 von
666 2014 767 2078 einer
781 2030 891 2087 jeden
909 2021 1214 2093 Gerechtigkeit
1243 2030 1517 2092 abſonderlich
1546 2026 1736 2098 ſchreibe/

356 2090 487 2138 meine
510 2084 730 2140 Gedancken
751 2094 888 2139 werde
898 2091 1149 2145 mittheilen.

518 2164 587 2193 20.
613 2150 683 2193 Es
723 2148 809 2193 ſind
824 2148 925 2193 aber
961 2148 1127 2193 ſothane
1155 2149 1504 2193 Gerechtigkeiten
1530 2151 1732 2193 folgende.

359 2198 575 2254 Nemlich:

360 2263 506 2307 Die
518 2260 1207 2321 Bier⸗Brauerey⸗Gerechtigkeit.

414 2321 507 2362 Die
522 2319 1218 2379 Eſſig⸗Brauerey⸗Gerechtigkeit.

408 2373 498 2422 Die
511 2365 1063 2440 Schiffs⸗Bier⸗Brauerey
1074 2376 1383 2437 Gerechtigkeit.

1635 2424 1727 2466 Die
