1543 2262
1010 280 1064 323 60

491 688 623 729 Joh.17.

511 733 541 752 v.
547 735 574 752 3.

466 1531 547 1595 Joh.
573 1561 602 1594 3.

489 1610 579 1643 v.16.

466 1670 499 1698 1.
520 1660 597 1698 Tim.

463 1710 496 1742 4.
507 1709 534 1736 v.
547 1713 597 1738 10.

464 1740 497 1757 1.
517 1737 593 1771 Joh.

492 1788 560 1811 2/2.

644 342 767 395 Zweck
780 343 997 402 deſſelben/
1012 345 1160 398 nemlich
1183 347 1304 402 unſere
1314 349 1405 402 Her⸗

643 398 712 449 tzen
722 399 762 441 in
769 400 826 444 die
849 399 985 457 Groͤſſe
993 401 1101 454 ſeiner
1111 400 1317 458 Erkaͤntniß
1330 403 1401 447 und

637 447 797 513 Liebe
751 458 790 517 zu
809 458 956 514 fuͤhren/
969 459 1005 512 ſo
1015 460 1275 519 nachdruͤcklich
1285 463 1395 515 befor⸗

640 513 744 569 dert/
745 511 817 567 daß
827 512 1064 567 verſchiedene
1082 511 1397 564 Glaubens⸗Arti⸗

640 569 714 615 ckul
730 571 822 618 ohne
848 572 958 625 ſolche
974 570 1135 627 Einſicht
1149 575 1248 627 nicht
1260 569 1393 630 fuͤglich

636 635 680 679 zu
691 626 913 684 verſtehen/
909 626 997 682 muß
1019 640 1106 675 man
1116 636 1155 676 es
1168 633 1318 688 disfalls
1330 629 1393 678 mit

634 685 765 742 Paulo
776 686 915 743 halten.
958 691 1041 734 Und
1050 700 1136 734 wan
1148 694 1208 735 der
1225 690 1391 750 Heyland

634 744 735 801 ſelbſt
744 743 915 800 ſpricht/
909 752 983 791 das
994 749 1037 803 iſt
1049 753 1123 793 das
1137 749 1252 806 ewige
1262 747 1393 796 Leben/

633 800 708 856 daß
720 800 763 857 ſie
776 799 869 861 dich/
893 807 941 847 der
963 807 994 847 du
1001 801 1113 857 allein
1124 802 1265 861 wahrer
1273 801 1393 859 GOtt

630 860 730 916 biſt/
739 867 813 909 und
824 869 889 906 den
904 867 954 906 du
969 864 1119 918 geſandt
1132 859 1248 923 haſt/
1237 869 1385 923 JEſum

625 913 835 970 CHriſtum
848 913 1038 973 erkennen;
1094 917 1131 970 ſo
1142 917 1278 976 muͤſſen
1296 911 1384 967 auch

625 976 686 1020 die
705 973 884 1029 Lehren/
916 975 1044 1027 welche
1061 974 1163 1032 hiezu
1191 973 1388 1035 anfuͤhren/

621 1032 706 1081 zum
729 1028 871 1083 ewigen
890 1026 996 1088 Leben
1021 1028 1204 1091 fuͤhren/
1250 1029 1380 1088 mithin

624 1087 802 1144 nuͤtzlich/
822 1092 860 1142 ja
859 1090 987 1147 noͤthig
998 1093 1092 1147 ſeyn.
1120 1093 1378 1148 Wannenhero

620 1146 699 1184 uns
726 1144 816 1191 auch
833 1141 924 1186 alles
945 1144 1060 1187 daran
1070 1143 1207 1202 lieget/
1232 1140 1377 1197 einzuſe⸗

620 1198 690 1254 hen
707 1200 746 1245 in
761 1201 817 1245 die
836 1197 1042 1256 unendliche
1062 1205 1165 1250 Liebe
1189 1211 1256 1253 des
1277 1204 1376 1251 Vat⸗

617 1257 761 1309 ters/
776 1255 906 1309 welche
922 1267 959 1300 er
972 1261 1049 1300 uns
1057 1259 1095 1304 in
1104 1260 1179 1303 und
1196 1258 1304 1315 durch
1311 1254 1372 1312 ſei⸗

615 1332 685 1367 nen
707 1320 828 1375 Sohn
843 1322 1076 1379 offenbahren
1097 1322 1255 1379 wollen;
1307 1331 1370 1374 zu⸗

614 1370 678 1433 erſt
695 1371 797 1436 zeiget
812 1373 856 1432 ſie
871 1376 937 1432 ſich
949 1389 998 1422 an
1007 1384 1072 1425 den
1083 1379 1302 1437 Glaͤubigen
1310 1383 1368 1423 der

614 1428 810 1483 erkohrnen
843 1430 959 1477 Braut
975 1433 1034 1489 des
1048 1431 1242 1487 Lammes/
1265 1429 1369 1481 nach⸗

612 1485 677 1544 her
698 1488 802 1546 hoͤret
826 1489 871 1544 ſie
884 1490 980 1546 nicht
994 1490 1080 1548 auff
1084 1495 1122 1540 in
1137 1499 1198 1540 der
1208 1491 1371 1546 Verſoͤh⸗

613 1552 713 1596 nung
730 1542 791 1588 als
806 1544 844 1588 in
863 1543 978 1603 ihrem
999 1543 1189 1606 groͤſſeſten
1199 1539 1366 1604 Ausfluß

613 1610 656 1656 zu
672 1601 841 1655 wircken;
900 1607 999 1651 dann
1013 1617 1049 1651 er
1069 1607 1111 1664 iſt
1128 1609 1183 1656 ein
1196 1606 1363 1662 Heyland

610 1663 699 1710 aller
737 1662 933 1722 Menſchen
961 1664 1154 1722 ſonderlich
1191 1669 1279 1713 aber
1304 1669 1364 1711 der

610 1718 840 1772 Glaubigen.
889 1722 971 1764 Und
987 1721 1181 1766 wiederum
1174 1726 1213 1776 er
1247 1719 1289 1776 iſt
1306 1717 1361 1764 die

606 1776 856 1830 Verſoͤhnung
853 1777 926 1834 fuͤr
934 1775 1211 1831 unſereSuͤnde/
1218 1772 1291 1837 nicht
1309 1766 1365 1825 al⸗

606 1841 676 1885 lein
693 1842 780 1887 aber
793 1841 853 1898 fuͤr
867 1846 924 1890 die
934 1840 1095 1897 unſere/
1113 1840 1253 1900 ſondern
1272 1842 1359 1892 auch

604 1897 676 1961 fuͤr
693 1898 747 1949 der
751 1910 894 1956 gantzen
911 1904 1032 1950 Welt.

719 1949 795 2007 Die
808 1951 860 2013 H.
878 1949 1042 2010 Schrifft
1050 1940 1172 2011 zeuget
1187 1947 1358 2005 durchge⸗

1238 2013 1363 2063 hends
