1624 2448
243 525 405 565 beitenden
436 521 546 572 Klaſſe
577 521 710 574 abgeht.
762 522 834 567 Die
863 525 974 571 Klaſſe
996 538 1060 566 von

242 574 437 624 Menſchen,
469 576 517 614 die
533 575 593 614 mit
610 579 681 614 dem
695 575 803 622 Kopfe
820 573 958 615 arbeiten
968 579 1058 623 muß,

242 631 314 682 laͤßt
338 632 393 682 ſich
419 633 541 674 einmal
560 630 642 679 nicht
666 635 727 672 mit
752 637 825 677 der,
856 634 905 672 die
924 634 983 671 mit
1002 639 1061 672 den

243 692 402 729 Gliedern
426 689 578 733 arbeitet,
609 689 816 735 vermiſchen,
846 694 907 729 das
930 692 967 737 iſt
991 702 1062 728 um⸗

241 747 342 795 ſonſt!
372 746 469 793 Such
495 749 559 795 alſo
585 748 667 792 nicht
694 742 759 795 die
764 746 878 795 Urſach
902 760 965 787 von
990 752 1063 786 dem

241 786 377 843 Daſeyn
405 803 458 836 der
486 790 624 838 Glieder
642 799 688 835 im
714 800 825 845 Kopf,
884 803 932 838 du
951 801 1062 846 kannſt

240 856 320 894 eben
339 857 373 899 ſo
397 862 456 899 gut
481 861 542 897 das
567 857 701 902 Daſeyn
727 862 789 895 des
807 855 919 902 Kopfs
942 857 974 895 in
1000 862 1063 897 den

240 902 399 950 Gliedern
433 907 553 954 ſuchen.
612 908 679 952 Jch
709 903 780 945 will
808 911 839 953 ſo
861 909 924 945 viel
954 909 1063 952 ſagen,

241 962 330 1011 klage
356 954 440 1010 nicht
464 965 522 1002 den
550 961 770 1013 aufgeklaͤrten
790 955 884 1019 Theil
909 971 962 1005 der
984 968 1060 1006 Na⸗

241 1019 311 1056 tion
337 1019 388 1053 als
416 1019 485 1055 den
498 1015 722 1057 Unterdruͤcker
754 1022 809 1056 des
841 1020 921 1064 nicht
953 1022 1064 1065 aufge⸗

241 1085 362 1129 klaͤrten
388 1097 457 1132 an;
492 1087 588 1132 ſoviel
611 1087 671 1125 wir
695 1087 778 1133 auch
793 1089 842 1126 die
865 1089 1064 1136 Uſurpation

241 1141 294 1175 der
321 1126 532 1184 Ariſtokratie
559 1138 592 1189 zu
607 1136 714 1176 tadeln
731 1136 852 1185 haben,
883 1138 913 1182 ſo
938 1139 1062 1184 fandeſt

240 1204 283 1239 du
301 1200 375 1246 doch
392 1201 505 1239 immer
524 1201 574 1243 die
592 1199 851 1250 Philanthropen
867 1201 899 1238 in
916 1205 970 1238 der
988 1202 1059 1249 auf⸗

239 1247 402 1307 geklaͤrten
432 1240 564 1301 Klaſſe,
605 1252 727 1301 fandeſt
754 1255 793 1303 ſie
823 1253 871 1292 bei
897 1256 973 1293 dem
991 1252 1061 1292 An⸗

240 1317 317 1365 fang
343 1322 395 1357 der
410 1319 610 1359 Revolution
636 1319 674 1361 in
687 1319 799 1367 ſolcher
815 1319 961 1367 Menge,
994 1320 1063 1367 daß

239 1373 275 1402 es
293 1360 422 1409 unſerm
434 1366 676 1409 Staatskoͤrper
684 1361 774 1406 bald
784 1375 945 1411 gegangen
960 1368 1063 1407 waͤre,

239 1417 300 1457 wie
320 1417 422 1464 jenem
438 1410 532 1464 Kopf
554 1407 590 1457 in
612 1408 665 1459 der
683 1417 807 1464 Fabel,
837 1421 891 1456 der
908 1418 970 1457 aus
989 1423 1057 1460 lau⸗

241 1490 289 1527 ter
312 1481 578 1533 Beſcheidenheit
611 1481 763 1532 aufhoͤren
788 1481 916 1527 wollte,
969 1482 1063 1527 einen

240 1538 379 1586 Vorzug
395 1544 452 1578 vor
470 1541 527 1578 den
538 1538 693 1578 Gliedern
709 1548 746 1586 zu
757 1535 946 1587 beſitzen—
977 1548 1058 1578 wes⸗

240 1592 317 1644 halb
342 1597 423 1632 denn
449 1605 506 1634 um
531 1593 580 1632 ein
604 1591 699 1645 Haar
726 1596 786 1631 das
805 1603 901 1641 ganze
918 1594 1058 1642 Jndivi⸗

239 1655 343 1698 duum
357 1647 392 1698 in
412 1643 507 1694 einen
527 1651 683 1702 hirnloſen
707 1651 857 1703 Polypen
872 1658 1057 1698 ausgeartet

241 1706 340 1753 waͤre.
398 1707 484 1759 Daß
507 1720 540 1751 es
564 1711 629 1759 alſo
662 1712 749 1748 einen
781 1711 901 1761 großen
923 1709 1057 1761 Haufen

241 1766 354 1813 gebe,
393 1766 469 1814 liegt
502 1771 534 1808 in
559 1775 612 1809 der
643 1764 804 1815 Ordnung
837 1774 892 1807 der
929 1770 1056 1819 Dinge.

240 1827 316 1884 Der
334 1825 535 1876 Unterſchied
560 1829 598 1875 iſt
622 1838 682 1866 nur
706 1831 779 1871 der,
811 1825 874 1876 daß
893 1837 925 1866 er
944 1827 980 1869 in
995 1831 1061 1870 die⸗
