2539 3241
403 538 631 600 Erſter
673 540 829 591 Theil.

246 591 359 705 W

359 591 393 659 ir
425 593 624 653 betrachten
656 595 877 656 zufoͤrderſt,
919 604 1046 667 wem

359 668 458 715 die
482 661 693 725 goͤttliche
726 669 939 721 Gerichte
969 679 1044 717 un⸗

252 725 505 782 vermuthet
521 723 647 782 ſind.

236 786 388 841 Ein
410 788 597 846 goͤttliches
612 792 781 848 Gerichte
803 792 899 845 trifft
916 789 1043 844 entwe⸗

242 820 316 874 der
336 843 412 882 nur
426 844 563 888 gewiſſe
585 841 715 890 eintzele
732 841 947 891 Perſonen;
971 842 1044 884 wie

253 907 320 949 den
335 902 460 960 Koͤnig
474 908 655 962 Herodes.
671 901 796 962 Apoſt.
813 910 940 968 Geſch.
957 904 1041 954 XII,

251 971 306 1008 21.
324 975 385 1005 22.
398 977 457 1014 23.
515 966 622 1011 Oder
639 965 675 1016 es
695 959 796 1019 gehet
813 964 899 1012 uͤber
914 963 1042 1024 mehre⸗

252 1029 309 1069 re;
340 1018 425 1064 uͤber
438 1022 539 1064 einen
554 1026 696 1072 gantzen
712 1021 803 1078 Ort,
822 1023 858 1078 ja
879 1021 965 1069 uͤber
987 1027 1040 1070 ein

251 1083 391 1131 gantzes
400 1081 505 1126 Land
525 1086 601 1126 und
609 1082 750 1140 Volck,
774 1085 843 1130 wie
863 1082 950 1130 uͤber
960 1086 1041 1132 So⸗

252 1131 360 1172 doma
382 1122 458 1174 und
482 1127 712 1187 Gomorrha,
744 1139 819 1177 und
836 1132 899 1185 die
918 1141 1041 1184 umlie⸗

241 1171 362 1235 gende
387 1183 544 1235 Staͤdte.
601 1187 707 1234 Oder
706 1203 744 1251 es
785 1190 956 1246 erſtrecket
975 1193 1039 1247 ſich

251 1242 339 1299 auch
352 1233 440 1292 uͤber
456 1247 509 1292 die
525 1253 639 1303 gantze
656 1248 781 1302 Welt;
810 1253 879 1295 wie
893 1263 952 1304 zur
960 1254 1041 1304 Zeit

248 1314 310 1353 der
339 1308 574 1367 Suͤndfluth,
610 1318 685 1357 und
716 1309 782 1369 bey
804 1318 886 1358 dem
907 1316 1040 1369 letztern

239 1353 568 1422 Welt⸗Gerichte.

250 1420 368 1479 Jn
384 1431 459 1468 und
476 1438 542 1468 vor
562 1430 702 1478 unſerm
722 1432 944 1481 Evangelio,
968 1439 1037 1472 wie

243 1501 292 1546 zu
306 1497 401 1541 einer
410 1503 552 1548 andern
565 1499 646 1552 Zeit
659 1500 703 1552 iſt
714 1500 864 1553 gezeiget
879 1507 1038 1555 worden,

240 1556 345 1595 redet
363 1553 464 1605 unſer
478 1543 650 1609 Heyland
673 1554 767 1608 nicht
792 1554 826 1606 ſo
848 1558 953 1609 wohl
964 1565 1037 1601 von

240 1595 312 1655 dem
304 1604 584 1662 allgemeinen
609 1605 931 1667 Welt⸗Gerichte;
963 1611 1037 1665 ſon⸗

239 1668 335 1710 dern
349 1668 386 1711 er
397 1667 510 1723 ſtellet
527 1666 783 1726 hauptſaͤchlich
799 1675 904 1715 unter
919 1670 1037 1725 gewiſ⸗

236 1718 304 1771 ſen
326 1726 392 1767 aus
410 1729 523 1766 denen
529 1722 817 1780 Prophetiſchen
829 1726 1037 1784 Schrifften

232 1773 564 1838 hergenommenen
580 1779 741 1840 Bildern
755 1784 924 1838 diejenige
946 1786 1038 1838 goͤtt⸗

238 1842 332 1896 liche
352 1842 682 1899 Straff⸗Gerichte
695 1854 782 1898 vor,
805 1846 932 1899 welche
951 1847 1036 1894 uͤber

237 1899 301 1942 die
320 1893 435 1954 Juͤden
454 1912 505 1945 und
534 1902 599 1956 ihr
612 1903 711 1947 Land
730 1904 771 1946 in
784 1903 929 1956 kurtzem
945 1913 1036 1955 erge⸗

238 1952 322 2004 hen
322 1953 497 2006 wuͤrden;
514 1959 591 1998 und
606 1964 700 2009 zwar
708 1955 741 2006 ſo
751 1959 853 2012 wohl
853 1960 1034 2014 geiſtliche,

246 2012 308 2054 als
322 2013 475 2064 leibliche
485 2014 667 2068 Gerichte.
692 2013 893 2071 Geiſtliche,
909 2024 954 2060 da
970 2018 1035 2069 fal⸗

247 2064 317 2125 ſche
335 2068 469 2124 Chriſti
492 2076 567 2114 und
587 2070 710 2125 falſche
726 2072 937 2126 Propheten
957 2077 1034 2126 auf⸗

239 2126 372 2184 ſtehen,
387 2132 463 2175 und
478 2128 577 2184 viele,
592 2133 648 2174 die
660 2138 722 2177 der
730 2132 930 2187 Wahrheit
941 2134 1035 2191 nicht

245 2183 369 2240 haͤtten
384 2186 503 2242 folgen
511 2185 653 2244 wollen,
667 2187 858 2247 verfuͤhren
869 2189 1032 2238 wuͤrden.

241 2232 392 2303 Matth.
400 2249 540 2300 XXIV,
555 2260 625 2303 24.
652 2246 830 2307 Leibliche,
846 2250 881 2311 da
898 2251 952 2296 die
959 2249 1035 2305 Juͤ⸗

241 2312 313 2352 den
340 2312 410 2355 mit
440 2308 644 2365 Schwerdt
674 2315 750 2358 und
783 2309 1033 2371 Verwuͤſtung

241 2356 394 2404 wuͤrden
411 2356 659 2419 heimgeſuchet
671 2371 833 2418 werden,
850 2373 919 2409 wie
933 2374 1033 2418 unſer

244 2416 416 2474 Heyland
433 2427 469 2464 v.
475 2433 545 2472 24.
552 2424 599 2465 in
613 2425 754 2475 unſerm
763 2428 964 2476 Evangelio
973 2442 1032 2467 an⸗

242 2481 362 2534 zeiget.
400 2486 483 2530 Und
498 2492 544 2531 da
559 2487 716 2542 belehret
724 2498 804 2531 nun
820 2492 921 2540 unſer
937 2491 1034 2545 Hey⸗

245 2546 330 2590 land
344 2546 433 2600 ſeine
447 2544 615 2602 Juͤnger,
642 2558 723 2594 wen
743 2548 849 2607 ſolche
865 2550 1032 2609 Gerichte

244 2606 497 2659 unvermuthet
522 2606 647 2659 treffen
667 2602 835 2660 wuͤrden;
866 2614 942 2652 und
964 2610 1032 2659 wie

243 2651 310 2707 ſich
338 2655 511 2708 hingegen
540 2659 594 2703 die
617 2660 765 2705 Seinen
797 2664 1032 2715 anzuſchicken

243 2708 383 2768 haͤtten,
395 2723 500 2760 wenn
516 2717 623 2771 ihnen
637 2717 743 2771 ſolche
756 2718 925 2773 Gerichte
942 2725 1036 2774 nicht

244 2769 304 2814 als
321 2771 575 2827 unvermuthet
589 2776 754 2819 kommen
769 2778 905 2827 ſollten.

300 2842 470 2899 Chriſtus
491 2847 589 2903 will,
615 2847 687 2902 daß
701 2846 790 2901 ſeine
803 2844 955 2903 Juͤnger
969 2846 1040 2901 auf

1073 545 1127 587 die
1141 544 1290 596 Zeichen
1303 552 1363 590 der
1371 547 1451 600 Zeit
1474 551 1558 604 recht
1583 542 1723 604 Achtung
1746 547 1867 600 geben,

1072 611 1146 645 und
1157 607 1274 657 fleißig
1284 609 1384 651 beten
1394 606 1528 655 ſollten.
1568 609 1732 662 Wenn,
1741 608 1869 663 ſpricht

1069 670 1125 709 er,
1138 656 1274 713 dieſes
1291 661 1476 715 anfaͤhet
1490 672 1546 717 zu
1563 662 1805 721 geſchehen,
1822 664 1867 721 ſo

1072 713 1177 765 ſehet
1192 714 1288 771 auf,
1309 719 1404 761 und
1423 707 1543 770 hebet
1560 728 1649 765 eure
1660 713 1867 774 Haͤupter

1071 770 1166 824 auf.
1183 782 1220 815 v.
1231 781 1291 819 28.
1318 774 1482 829 Folglich
1492 768 1650 835 befiehlet
1672 764 1759 830 unſer
1769 777 1865 832 Hey⸗

1068 825 1155 867 land
1183 826 1296 878 ſeinen
1329 825 1508 877 Juͤngern
1535 827 1790 880 aufmerckſam
1823 838 1864 882 zu

1068 877 1162 931 ſeyn.
1221 881 1306 923 Und
1326 881 1478 932 worauf
1494 882 1599 934 ſollen
1614 883 1658 934 ſie
1679 888 1864 931 mercken?

1069 935 1152 989 Auf
1163 933 1277 990 alles,
1301 940 1386 982 was
1401 946 1438 980 er
1458 939 1565 993 ihnen
1581 941 1711 992 vorher
1727 944 1865 992 geſaget

1068 996 1176 1050 hatte.
1204 999 1334 1045 Wenn
1352 1000 1396 1055 ſie
1409 1002 1461 1045 im
1470 999 1667 1057 Juͤdiſchen
1675 1003 1794 1047 Lande
1803 1005 1862 1059 hoͤ⸗

1066 1066 1127 1098 ren
1154 1052 1305 1100 wuͤrden
1336 1066 1409 1101 von
1434 1058 1569 1112 groſſen
1595 1059 1862 1112 Bewegungen

1063 1124 1145 1168 zum
1159 1117 1311 1171 Kriege;
1330 1117 1363 1170 ſo
1380 1117 1501 1171 ſollten
1515 1118 1558 1173 ſie
1567 1118 1684 1173 gewiß
1692 1120 1860 1176 glauben,

1064 1173 1135 1226 daß
1152 1184 1229 1218 nun
1243 1176 1298 1220 die
1315 1177 1421 1231 Noth
1438 1174 1524 1221 uͤber
1537 1178 1594 1220 die
1609 1177 1740 1229 Juden
1754 1187 1860 1230 ange⸗

1064 1229 1131 1280 hen
1146 1226 1284 1275 wuͤrde.
1301 1238 1338 1272 v.
1354 1243 1396 1279 9.
1424 1232 1509 1275 Und
1525 1239 1632 1275 wenn
1648 1233 1692 1287 ſie
1707 1234 1859 1278 wuͤrden

1063 1286 1184 1340 hoͤren,
1200 1291 1271 1343 daß
1287 1293 1341 1334 die
1350 1289 1494 1337 Roͤmer
1504 1293 1556 1336 im
1567 1293 1712 1346 Anzuge
1721 1292 1858 1348 waͤren,

1061 1345 1268 1398 Jeruſalem
1282 1357 1325 1402 zu
1338 1349 1524 1401 belagern;
1529 1346 1565 1407 ſo
1600 1350 1722 1402 ſollten
1743 1352 1786 1405 ſie
1801 1363 1859 1405 ge⸗

1062 1406 1135 1457 wiß
1155 1403 1265 1456 dafuͤr
1284 1408 1423 1460 halten,
1445 1409 1515 1460 daß
1531 1419 1608 1452 nun
1627 1410 1681 1453 die
1696 1408 1857 1456 Verwuͤ⸗

1069 1462 1165 1514 ſtung
1174 1462 1278 1516 dieſer
1286 1466 1412 1511 Stadt
1424 1466 1550 1520 herbey
1564 1468 1728 1511 kommen
1737 1464 1856 1521 waͤre;

1060 1531 1095 1565 v.
1106 1536 1173 1567 20.
1192 1531 1267 1569 und
1284 1527 1355 1577 daß
1368 1526 1459 1583 auch
1472 1531 1542 1573 das
1557 1526 1681 1581 uͤbrige
1695 1528 1855 1583 erfolgen

1059 1572 1194 1626 wuͤrde,
1211 1580 1293 1621 was
1303 1579 1474 1631 Chriſtus
1484 1589 1520 1620 v.
1529 1590 1585 1626 25.
1596 1584 1659 1621 26.
1668 1589 1730 1629 27.
1740 1583 1779 1622 in
1789 1592 1856 1623 un⸗

1059 1631 1148 1683 ſerm
1166 1634 1371 1685 Evangelio
1387 1640 1492 1677 unter
1512 1636 1675 1690 gewiſſen
1693 1640 1855 1684 Bildern

1058 1690 1248 1747 vorſtellet,
1278 1694 1350 1746 daß
1373 1694 1521 1751 nemlich
1542 1698 1613 1739 das
1634 1695 1802 1753 weltliche
1818 1697 1853 1751 ſo

1059 1747 1141 1808 wohl
1163 1753 1224 1797 als
1243 1755 1314 1798 das
1321 1753 1491 1813 geiſtliche
1497 1755 1853 1812 Regiment
1712 1754 1772 1819 der
1792 1752 1855 1819 Ju⸗

1057 1812 1126 1853 den
1142 1808 1425 1857 vollenkommen
1435 1811 1632 1866 verfinſtert
1641 1816 1716 1856 und
1726 1815 1855 1868 zerruͤt⸗

1076 1877 1128 1923 et,
1153 1871 1326 1926 Chriſtus
1348 1875 1431 1918 aber
1450 1875 1492 1918 in
1506 1873 1615 1928 ſeiner
1629 1874 1763 1931 Macht
1777 1881 1853 1921 und

1060 1926 1293 1982 Herrlichkeit
1307 1930 1395 1973 aller
1407 1931 1516 1975 Welt
1532 1929 1693 1982 offenbar
1708 1938 1852 1976 werden

1060 1980 1195 2028 wuͤrde.
1231 1985 1311 2032 Die
1326 1995 1402 2028 nun
1417 1987 1504 2041 nach
1520 1988 1652 2040 Chriſti
1670 1990 1853 2044 Vermah⸗

1055 2052 1160 2092 nung
1173 2043 1284 2096 dieſes
1300 2045 1392 2088 alles
1409 2045 1667 2101 beobachteten,
1684 2048 1738 2091 die
1747 2045 1852 2103 ſahen

1059 2100 1164 2153 wohl,
1183 2103 1252 2145 wie
1268 2101 1331 2156 ſich
1348 2105 1403 2149 die
1412 2103 1581 2162 Gerichte
1591 2106 1753 2153 GOttes
1763 2104 1851 2161 nach

1056 2160 1132 2199 und
1140 2156 1227 2211 nach
1236 2155 1323 2202 uͤber
1351 2157 1408 2212 die
1423 2164 1516 2204 Juden
1525 2158 1855 2220 zuſammenzogen;

1058 2218 1132 2259 und
1156 2214 1381 2270 denenſelben
1404 2219 1529 2262 kamen
1547 2219 1636 2276 auch
1653 2219 1759 2277 ſolche
1776 2222 1850 2266 Ge⸗

1058 2270 1162 2330 richte
1170 2284 1237 2326 gar
1251 2273 1347 2331 nicht
1363 2279 1630 2332 unvermuthet
1623 2285 1696 2339 vor,
1717 2279 1851 2332 ſonder⸗

1057 2329 1133 2391 lich,
1150 2345 1257 2382 wenn
1274 2337 1318 2393 ſie
1333 2339 1397 2395 ſich
1410 2341 1523 2394 dabey
1533 2331 1641 2396 durch
1650 2346 1719 2386 das
1732 2341 1852 2391 Gebet

1057 2405 1095 2440 in
1108 2391 1163 2444 der
1163 2391 1414 2454 Wachſamkeit
1439 2402 1617 2453 erhielten.
1640 2395 1741 2457 v.36.
1731 2404 1850 2448 Denn

1057 2454 1126 2501 das
1131 2447 1184 2511 iſt
1202 2456 1309 2508 gewiß,
1332 2465 1412 2500 wenn
1426 2454 1594 2510 glaͤubige
1594 2455 1732 2508 Kinder
1732 2456 1849 2505 GOt⸗

1058 2514 1110 2552 tes
1128 2508 1237 2563 ſehen,
1252 2511 1320 2554 wie
1337 2513 1392 2555 ein
1406 2500 1505 2557 Land
1524 2501 1587 2566 ſich
1604 2516 1713 2559 wider
1728 2515 1849 2561 GOtt

1055 2558 1289 2623 verſuͤndiget,
1305 2577 1383 2614 und
1399 2582 1471 2616 von
1487 2573 1567 2624 Zeit
1582 2584 1622 2627 zu
1639 2574 1720 2624 Zeit
1734 2576 1773 2617 in
1787 2579 1848 2616 der

1056 2625 1219 2677 Boßheit
1226 2625 1420 2680 zunimmt;
1443 2637 1517 2671 und
1527 2627 1569 2680 ſie
1579 2631 1729 2672 mercken
1742 2636 1846 2676 denn,

1058 2682 1125 2721 wie
1135 2678 1216 2718 bald
1228 2677 1282 2726 hie
1292 2678 1372 2718 bald
1393 2682 1465 2720 dort
1486 2686 1542 2720 von
1553 2678 1649 2728 ferne
1660 2678 1732 2719 eine
1732 2678 1846 2721 Land⸗

1061 2734 1179 2782 Plage
1200 2732 1264 2782 ſich
1283 2733 1408 2783 zeiget:
1440 2733 1473 2784 ſo
1494 2733 1630 2776 koͤnnen
1647 2733 1690 2783 ſie
1705 2734 1844 2776 daraus

1056 2791 1153 2839 wohl
1171 2790 1380 2838 abnehmen,
1393 2789 1463 2839 daß
1479 2791 1533 2831 die
1547 2788 1713 2843 Gerichte
1728 2791 1845 2835 GOt⸗

1057 2849 1113 2889 tes
1127 2853 1193 2890 vor
1209 2852 1269 2889 der
1278 2845 1399 2894 Thuͤre
1417 2848 1503 2894 ſind.
1527 2847 1770 2894 Dahingegen
1787 2847 1846 2894 zei⸗
