<?xml version="1.0" encoding="utf-8"?>
<PcGts xmlns="http://schema.primaresearch.org/PAGE/gts/pagecontent/2019-07-15" xmlns:xsi="http://www.w3.org/2001/XMLSchema-instance" pcGtsId="PAGE_01" xsi:schemaLocation="http://schema.primaresearch.org/PAGE/gts/pagecontent/2019-07-15 http://schema.primaresearch.org/PAGE/gts/pagecontent/2019-07-15/pagecontent.xsd">
  <Metadata>
    <Creator>OCR-D DFG Phase III</Creator>
    <Created>2024-01-19T13:10:54Z</Created>
    <LastChange>2024-01-19T13:10:54Z</LastChange>
    <Comments>ODEM: OCR-D extension for mass digitization (2021-2024)</Comments>
  </Metadata>
  <Page imageFilename="https://opendata.uni-halle.de/retrieve/92385e70-d290-4b2e-990b-c5c1621a0d48/00000006.jpg" imageWidth="2922" imageHeight="3988" type="content" primaryLanguage="German">
    <Border>
      <Coords points="407,169 381,3886 2717,3832 2746,173"/>
    </Border>
    <ReadingOrder>
      <OrderedGroup id="ro_1666246743172" caption="Regions reading order">
        <RegionRefIndexed index="1" regionRef="TextRegion_1666246256325_104"/>
        <RegionRefIndexed index="2" regionRef="TextRegion_1666246256325_103"/>
        <RegionRefIndexed index="3" regionRef="TextRegion_1666246247847_93"/>
        <RegionRefIndexed index="4" regionRef="TextRegion_1666246240184_83"/>
        <RegionRefIndexed index="5" regionRef="region0014"/>
      </OrderedGroup>
    </ReadingOrder>
    <GraphicRegion id="Graphic_1666246225250_79" custom="readingOrder {index:0;}">
      <Coords points="1331,2475 1648,2475 1648,2791 1331,2791"/>
    </GraphicRegion>
    <TextRegion orientation="0.7893008" readingDirection="left-to-right" id="TextRegion_1666246256325_104" custom="readingOrder {index:1;}">
      <Coords points="906,562 2508,562 2508,621 906,656"/>
      <TextLine id="region0013_line0001" custom="readingOrder {index:0;}">
        <Coords points="1947,563 1920,571 1905,568 1897,574 1886,575 1866,577 1859,571 1851,571 1845,578 1835,579 1819,579 1817,571 1811,568 1794,569 1786,580 1756,578 1750,571 1742,568 1724,569 1719,573 1709,573 1701,579 1666,582 1623,579 1612,572 1597,572 1591,577 1584,577 1574,572 1554,573 1545,578 1505,585 1447,582 1423,574 1398,577 1392,581 1383,576 1367,576 1360,580 1356,588 1342,590 1222,588 1215,582 1192,586 1166,585 1160,582 1149,583 1144,586 1043,588 1024,584 1020,587 1004,588 966,595 914,592 907,595 906,665 928,667 938,664 995,662 1000,669 1026,671 1036,667 1037,660 1111,657 1124,653 1136,656 1151,653 1161,655 1168,651 1177,651 1198,653 1203,656 1228,654 1231,661 1246,664 1261,660 1265,653 1384,647 1389,656 1401,658 1406,655 1422,656 1426,649 1521,649 1530,643 1546,643 1556,654 1566,651 1567,647 1577,646 1599,647 1603,652 1617,653 1628,645 1641,641 1679,644 1697,639 1721,639 1732,645 1739,644 1746,649 1751,649 1763,639 1776,642 1829,638 1844,648 1868,649 1880,641 1917,636 1937,638 1942,635 2012,636 2027,639 2093,635 2097,642 2102,642 2125,632 2179,631 2199,626 2231,625 2277,616 2282,611 2281,576 2276,571 2128,570 2119,569 2115,562"/>
        <Baseline points="907,653 1693,627 2050,624 2282,610"/>
        <Word id="word_1666246256371_107" custom="readingOrder {index:0;}">
          <Coords points="912,598 1087,596 1087,652 912,656"/>
          <TextEquiv conf="0.9171401">
            <Unicode>groſſes</Unicode>
          </TextEquiv>
        </Word>
        <Word id="region0013_line0001_word0001" custom="readingOrder {index:1;}">
          <Coords points="1216,654 1216,595 1102,596 1102,655 1117,654 1124,653 1130,654 1142,654 1151,653 1158,654 1161,654 1168,651 1177,651 1198,653 1199,654"/>
          <TextEquiv conf="0.9274096">
            <Unicode>Ubel</Unicode>
          </TextEquiv>
        </Word>
        <Word id="word_1666246256371_109" custom="readingOrder {index:2;}">
          <Coords points="1236,604 1339,603 1339,647 1236,649"/>
          <TextEquiv conf="0.9318645">
            <Unicode>zum</Unicode>
          </TextEquiv>
        </Word>
        <Word id="word_1666246256371_111" custom="readingOrder {index:3;}">
          <Coords points="1363,591 1528,588 1528,643 1363,646"/>
          <TextEquiv conf="0.9306797">
            <Unicode>oͤfftern</Unicode>
          </TextEquiv>
        </Word>
        <Word id="word_1666246256371_113" custom="readingOrder {index:4;}">
          <Coords points="1550,589 1630,588 1630,640 1550,642"/>
          <TextEquiv conf="0.92110956">
            <Unicode>ſich</Unicode>
          </TextEquiv>
        </Word>
        <Word id="region0013_line0001_word0005" custom="readingOrder {index:5;}">
          <Coords points="1933,583 1648,587 1648,641 1679,644 1697,639 1721,639 1732,645 1739,644 1746,649 1751,649 1763,639 1776,642 1829,638 1844,648 1868,649 1880,641 1917,636 1933,637"/>
          <TextEquiv conf="0.9247434">
            <Unicode>entſpringet.</Unicode>
          </TextEquiv>
        </Word>
        <Word id="word_1666246256371_115" custom="readingOrder {index:6;}">
          <Coords points="1998,582 2201,579 2201,625 2199,626 2188,628 1998,632"/>
          <TextEquiv conf="0.92117274">
            <Unicode>Dahero</Unicode>
          </TextEquiv>
        </Word>
        <TextEquiv conf="0.92487425">
          <Unicode>groſſes Ubel zum oͤfftern ſich entſpringet. Dahero</Unicode>
        </TextEquiv>
      </TextLine>
      <TextEquiv>
        <Unicode>groſſes Ubel zum oͤfftern ſich entſpringet. Dahero</Unicode>
      </TextEquiv>
    </TextRegion>
    <TextRegion orientation="0.7893008" readingDirection="left-to-right" id="TextRegion_1666246256325_103" custom="readingOrder {index:2;}">
      <Coords points="906,656 2508,621 2508,1350 906,1382"/>
      <TextLine id="region0013_line0002" custom="readingOrder {index:0;}">
        <Coords points="2385,615 2376,621 2371,629 2327,625 2307,618 2295,618 2278,625 2220,633 2216,633 2213,627 2199,627 2175,632 2167,639 2146,641 2127,641 2125,636 2120,634 2102,643 2019,643 2012,637 2003,637 1992,643 1962,643 1960,636 1942,636 1936,639 1933,645 1929,645 1926,639 1917,637 1902,640 1899,646 1868,650 1835,647 1834,642 1829,639 1809,641 1791,648 1772,647 1769,641 1763,640 1751,650 1746,650 1739,645 1732,646 1721,640 1697,640 1679,645 1641,642 1617,654 1577,652 1556,655 1546,644 1530,644 1517,653 1469,656 1406,656 1394,659 1388,656 1384,648 1368,649 1364,651 1362,658 1352,658 1343,650 1330,650 1325,651 1320,658 1265,660 1243,665 1233,661 1198,659 1194,654 1177,652 1168,652 1161,656 1151,654 1142,657 1124,654 1111,658 1035,668 1026,672 1016,670 934,674 929,679 929,714 938,720 1016,721 1017,728 1028,733 1040,729 1052,730 1058,724 1172,724 1197,719 1309,718 1341,716 1348,713 1377,719 1401,712 1439,713 1444,716 1456,712 1489,714 1505,708 1521,708 1533,717 1554,715 1559,711 1625,710 1640,713 1655,707 1670,710 1750,709 1794,704 1798,707 1809,706 1811,713 1827,715 1841,702 1887,701 1907,703 1914,708 1933,709 1938,704 1972,705 2072,699 2109,700 2116,706 2125,707 2135,704 2138,700 2149,699 2193,699 2220,697 2226,694 2253,697 2260,694 2295,695 2315,691 2339,690 2347,693 2371,692 2373,700 2379,702 2394,691 2409,688 2427,692 2432,689 2454,691 2463,684 2479,687 2508,687 2508,622 2465,624 2456,620 2444,620 2439,625 2415,626 2409,619"/>
        <Baseline points="929,708 1164,711 2508,676"/>
        <Word id="region0013_line0002_word0000" custom="readingOrder {index:0;}">
          <Coords points="991,719 1075,718 1075,665 1056,665 1035,668 1026,672 1016,670 991,671"/>
          <TextEquiv conf="0.92715055">
            <Unicode>13.</Unicode>
          </TextEquiv>
        </Word>
        <Word id="region0013_line0002_word0001" custom="readingOrder {index:1;}">
          <Coords points="1110,708 1244,706 1243,665 1243,665 1233,661 1198,659 1194,654 1177,652 1168,652 1161,656 1151,654 1142,657 1124,654 1111,658 1109,658"/>
          <TextEquiv conf="0.9270534">
            <Unicode>Allen</Unicode>
          </TextEquiv>
        </Word>
        <Word id="region0013_line0002_word0002" custom="readingOrder {index:2;}">
          <Coords points="1275,703 1357,702 1356,658 1352,658 1343,650 1330,650 1325,651 1320,658 1274,659"/>
          <TextEquiv conf="0.80044174">
            <Unicode>und</Unicode>
          </TextEquiv>
        </Word>
        <Word id="region0013_line0002_word0003" custom="readingOrder {index:3;}">
          <Coords points="1513,653 1469,656 1406,656 1394,659 1388,656 1384,648 1380,648 1380,717 1401,712 1439,713 1444,716 1456,712 1489,714 1505,708 1513,708"/>
          <TextEquiv conf="0.80044174">
            <Unicode>jeden</Unicode>
          </TextEquiv>
        </Word>
        <Word id="region0013_line0002_word0004" custom="readingOrder {index:4;}">
          <Coords points="1527,645 1517,653 1511,653 1511,708 1521,708 1524,710 1649,709 1655,707 1660,708 1660,644 1636,644 1617,654 1577,652 1556,655 1547,645"/>
          <TextEquiv conf="0.92636466">
            <Unicode>Hauß</Unicode>
          </TextEquiv>
        </Word>
        <Word id="region0013_line0002_word0005" custom="readingOrder {index:5;}">
          <Coords points="1690,641 1680,644 1681,709 1759,707 1794,704 1798,707 1809,706 1809,707 1835,706 1841,702 1887,701 1897,702 1897,646 1868,650 1835,647 1834,642 1830,639 1818,640 1809,641 1791,648 1772,647 1769,641 1767,640 1761,640 1751,650 1746,650 1739,645 1732,646 1723,641"/>
          <TextEquiv conf="0.9212022">
            <Unicode>Wirthen</Unicode>
          </TextEquiv>
        </Word>
        <Word id="region0013_line0002_word0006" custom="readingOrder {index:6;}">
          <Coords points="2126,638 2125,636 2120,634 2102,643 2019,643 2012,637 2003,637 1992,643 1962,643 1960,636 1942,636 1936,639 1933,645 1929,645 1926,639 1917,637 1908,638 1908,704 1914,708 1933,709 1938,704 1972,705 2072,699 2109,700 2116,706 2125,707 2126,706"/>
          <TextEquiv conf="0.9221602">
            <Unicode>hierdurch</Unicode>
          </TextEquiv>
        </Word>
        <Word id="region0013_line0002_word0007" custom="readingOrder {index:7;}">
          <Coords points="2264,626 2220,633 2216,633 2213,627 2199,627 2175,632 2167,639 2150,640 2150,699 2193,699 2220,697 2226,694 2253,697 2260,694 2264,694"/>
          <TextEquiv conf="0.92469764">
            <Unicode>alles</Unicode>
          </TextEquiv>
        </Word>
        <Word id="region0013_line0002_word0008" custom="readingOrder {index:8;}">
          <Coords points="2275,630 2276,694 2295,695 2315,691 2339,690 2347,693 2371,692 2373,700 2374,700 2381,700 2394,691 2409,688 2427,692 2432,689 2454,691 2463,684 2471,685 2470,627 2371,629 2371,629 2367,629"/>
          <TextEquiv conf="0.9262725">
            <Unicode>Ernſtes</Unicode>
          </TextEquiv>
        </Word>
        <TextEquiv conf="0.8973094">
          <Unicode>13. Allen und jeden Hauß Wirthen hierdurch alles Ernſtes</Unicode>
        </TextEquiv>
      </TextLine>
      <TextLine id="region0013_line0003" custom="readingOrder {index:1;}">
        <Coords points="2463,685 2458,688 2457,696 2449,699 2429,699 2426,692 2409,689 2394,692 2379,703 2348,699 2339,691 2315,692 2277,701 2245,704 2239,695 2226,695 2221,698 2219,705 2199,698 2189,700 2185,705 2166,706 2161,702 2153,702 2147,707 2125,708 2116,707 2109,701 2093,702 2089,708 2078,709 2076,702 2060,700 2047,710 2007,712 1934,712 1932,709 1914,709 1908,706 1904,711 1901,704 1887,702 1875,705 1871,712 1864,712 1860,704 1841,703 1827,716 1799,714 1798,708 1794,705 1774,707 1768,715 1711,718 1671,717 1669,711 1660,708 1640,714 1625,712 1621,718 1579,718 1567,715 1533,718 1521,709 1505,709 1493,712 1488,717 1454,720 1416,721 1409,713 1386,715 1377,720 1348,714 1339,717 1334,724 1263,725 1258,721 1246,722 1240,718 1229,719 1222,722 1219,727 1211,720 1197,720 1189,723 1187,728 1147,732 1040,730 1026,734 1017,729 1002,730 996,724 981,723 974,730 906,732 906,791 1085,790 1088,797 1103,799 1113,796 1118,789 1158,786 1168,789 1187,784 1209,787 1221,782 1229,782 1239,786 1346,783 1355,784 1358,789 1369,791 1377,788 1380,781 1394,778 1448,776 1453,779 1482,776 1490,779 1532,780 1596,774 1622,774 1632,785 1647,785 1656,782 1661,775 1678,771 1763,774 1775,768 1789,768 1813,773 1827,771 1828,776 1844,780 1851,777 1852,771 1880,771 1882,776 1907,775 1911,770 1947,771 1968,766 2007,766 2013,770 2023,770 2028,766 2043,768 2053,764 2068,768 2077,765 2137,763 2152,766 2157,762 2183,758 2197,760 2200,763 2214,763 2219,760 2252,761 2261,758 2304,759 2316,763 2375,759 2379,768 2409,770 2417,765 2420,758 2436,758 2446,752 2456,753 2462,757 2508,755 2508,698 2482,698 2480,688"/>
        <Baseline points="906,780 2508,744"/>
        <Word id="region0013_line0003_word0000" custom="readingOrder {index:0;}">
          <Coords points="979,724 974,730 914,731 915,777 1013,776 1012,729 1002,730 996,724"/>
          <TextEquiv conf="0.9319188">
            <Unicode>und</Unicode>
          </TextEquiv>
        </Word>
        <Word id="region0013_line0003_word0001" custom="readingOrder {index:1;}">
          <Coords points="1032,786 1119,785 1118,731 1040,730 1031,732"/>
          <TextEquiv conf="0.9302118">
            <Unicode>bey</Unicode>
          </TextEquiv>
        </Word>
        <Word id="region0013_line0003_word0002" custom="readingOrder {index:2;}">
          <Coords points="1234,719 1229,719 1222,722 1219,727 1211,720 1197,720 1189,723 1187,728 1147,732 1140,732 1141,784 1219,783 1221,782 1229,782 1231,783 1383,780 1394,778 1448,776 1453,779 1472,777 1471,718 1454,720 1416,721 1412,716 1384,716 1377,720 1361,717 1339,717 1339,717 1334,724 1263,725 1258,721 1246,722 1241,718"/>
          <TextEquiv conf="0.928624">
            <Unicode>arbitrariſcher</Unicode>
          </TextEquiv>
        </Word>
        <Word id="region0013_line0003_word0003" custom="readingOrder {index:3;}">
          <Coords points="1491,713 1488,716 1488,778 1490,779 1532,780 1596,774 1622,774 1626,778 1658,778 1661,775 1678,771 1679,771 1679,717 1671,717 1669,711 1648,711 1640,714 1625,712 1621,718 1579,718 1567,715 1533,718 1526,713"/>
          <TextEquiv conf="0.93025476">
            <Unicode>Straffe</Unicode>
          </TextEquiv>
        </Word>
        <Word id="region0013_line0003_word0004" custom="readingOrder {index:4;}">
          <Coords points="1771,710 1768,715 1713,717 1713,772 1763,774 1775,768 1789,768 1813,773 1827,771 1827,774 1851,773 1852,771 1880,771 1881,773 1908,773 1911,770 1947,771 1968,766 1982,766 1982,712 1934,712 1932,709 1914,709 1912,708 1906,708 1904,711 1902,708 1872,708 1871,712 1864,712 1862,708 1834,709 1827,716 1799,714 1798,709"/>
          <TextEquiv conf="0.9263016">
            <Unicode>anbefohlen</Unicode>
          </TextEquiv>
        </Word>
        <Word id="word_1666246305722_136" custom="readingOrder {index:5;}">
          <Coords points="2008,712 2049,708 2153,702 2161,702 2176,705 2176,758 2152,766 2009,763"/>
          <TextEquiv>
            <Unicode>wird/</Unicode>
          </TextEquiv>
        </Word>
        <Word id="region0013_line0003_word0007" custom="readingOrder {index:6;}">
          <Coords points="2263,705 2194,706 2194,759 2196,759 2257,759 2261,758 2263,758"/>
          <TextEquiv conf="0.91812444">
            <Unicode>die</Unicode>
          </TextEquiv>
        </Word>
        <Word id="region0013_line0003_word0008" custom="readingOrder {index:7;}">
          <Coords points="2291,698 2292,759 2304,759 2316,763 2375,759 2379,768 2409,770 2417,765 2420,758 2436,758 2446,752 2456,753 2462,757 2474,756 2473,695 2457,695 2457,696 2449,699 2429,699 2428,696 2388,696 2379,703 2348,699 2346,697"/>
          <TextEquiv conf="0.91481835">
            <Unicode>Gaſſen</Unicode>
          </TextEquiv>
        </Word>
        <TextEquiv>
          <Unicode>und bey arbitrariſcher Straffe anbefohlen wird/ die Gaſſen</Unicode>
        </TextEquiv>
      </TextLine>
      <TextLine id="region0013_line0004" custom="readingOrder {index:2;}">
        <Coords points="2446,753 2435,759 2432,767 2416,767 2409,771 2381,769 2272,769 2270,762 2265,759 2246,763 2240,770 2204,771 2197,761 2183,759 2173,762 2166,772 2117,774 2070,774 2069,769 2053,765 2029,773 1998,773 1992,768 1968,767 1951,774 1836,781 1829,777 1802,777 1797,770 1775,769 1764,774 1762,778 1714,782 1696,782 1691,774 1678,772 1661,776 1656,783 1647,786 1632,786 1622,775 1596,775 1582,776 1573,783 1534,785 1492,786 1489,779 1482,777 1454,781 1448,777 1394,779 1384,782 1382,788 1369,792 1241,792 1238,786 1221,783 1208,788 1206,793 1196,785 1177,789 1174,794 1164,794 1158,787 1144,787 1134,790 1131,796 1103,800 1081,797 1050,797 1047,792 1037,789 1027,790 1021,797 960,799 918,796 906,798 906,856 946,855 964,858 971,854 983,854 988,858 997,856 1002,859 1015,856 1080,857 1105,853 1112,864 1122,865 1133,864 1146,855 1160,853 1174,855 1216,853 1221,859 1233,861 1241,858 1246,852 1277,851 1300,845 1314,844 1330,849 1384,845 1392,857 1398,857 1404,855 1407,849 1416,849 1421,845 1447,844 1457,846 1477,845 1479,852 1484,854 1504,855 1512,852 1521,843 1566,844 1576,841 1588,841 1603,845 1620,845 1626,841 1656,841 1676,849 1679,844 1688,844 1692,841 1744,837 1771,840 1805,834 1830,838 1906,837 1913,833 1942,834 1949,837 1972,831 1981,834 2004,831 2010,835 2027,833 2032,837 2041,836 2048,832 2054,840 2076,830 2084,830 2089,832 2093,839 2107,841 2126,832 2172,830 2177,834 2190,835 2193,829 2226,828 2235,825 2253,824 2260,827 2282,825 2286,828 2302,825 2380,828 2404,824 2508,823 2508,764 2463,765 2461,757"/>
        <Baseline points="906,844 2508,812"/>
        <Word id="region0013_line0004_word0000" custom="readingOrder {index:0;}">
          <Coords points="914,800 1012,799 1013,846 915,847"/>
          <TextEquiv conf="0.9326271">
            <Unicode>von</Unicode>
          </TextEquiv>
        </Word>
        <Word id="region0013_line0004_word0001" custom="readingOrder {index:1;}">
          <Coords points="1195,785 1177,789 1174,794 1164,794 1158,787 1144,787 1134,790 1131,796 1103,800 1081,797 1050,797 1047,792 1037,789 1030,790 1031,855 1097,854 1105,853 1106,854 1156,854 1160,853 1164,854 1245,853 1246,852 1277,851 1300,845 1304,845 1303,792 1241,792 1238,786 1231,785 1216,785 1208,788 1206,793 1196,785"/>
          <TextEquiv conf="0.93128896">
            <Unicode>dergleichen</Unicode>
          </TextEquiv>
        </Word>
        <Word id="region0013_line0004_word0002" custom="readingOrder {index:2;}">
          <Coords points="1383,783 1382,788 1369,792 1322,792 1322,846 1330,849 1384,845 1388,851 1406,850 1407,849 1416,849 1421,845 1447,844 1457,846 1477,845 1478,850 1514,849 1521,843 1566,844 1568,843 1568,783 1534,785 1492,786 1490,781"/>
          <TextEquiv conf="0.93005735">
            <Unicode>unflaͤtigen</Unicode>
          </TextEquiv>
        </Word>
        <Word id="region0013_line0004_word0003" custom="readingOrder {index:3;}">
          <Coords points="1577,780 1578,841 1588,841 1603,845 1620,845 1626,841 1656,841 1668,846 1678,846 1679,844 1688,844 1692,841 1744,837 1771,840 1795,836 1794,777 1762,777 1762,778 1714,782 1696,782 1694,778 1659,779 1656,783 1647,786 1632,786 1626,779"/>
          <TextEquiv conf="0.9266689">
            <Unicode>Geſtanck</Unicode>
          </TextEquiv>
        </Word>
        <Word id="region0013_line0004_word0004" custom="readingOrder {index:4;}">
          <Coords points="1822,783 1918,782 1919,832 1823,833"/>
          <TextEquiv conf="0.9266689">
            <Unicode>und</Unicode>
          </TextEquiv>
        </Word>
        <Word id="region0013_line0004_word0005" custom="readingOrder {index:5;}">
          <Coords points="2079,777 1945,779 1945,835 1949,837 1972,831 1981,834 2004,831 2010,835 2027,833 2032,837 2041,836 2048,832 2053,839 2055,839 2076,830 2079,830"/>
          <TextEquiv conf="0.92174983">
            <Unicode>Koth</Unicode>
          </TextEquiv>
        </Word>
        <Word id="region0013_line0004_word0006" custom="readingOrder {index:6;}">
          <Coords points="2154,785 2097,786 2097,839 2099,839 2109,839 2126,832 2154,830"/>
          <TextEquiv conf="0.9321542">
            <Unicode>zu</Unicode>
          </TextEquiv>
        </Word>
        <Word id="region0013_line0004_word0007" custom="readingOrder {index:7;}">
          <Coords points="2171,772 2172,830 2172,830 2177,834 2190,835 2193,829 2226,828 2235,825 2253,824 2260,827 2282,825 2286,828 2302,825 2358,827 2357,769"/>
          <TextEquiv conf="0.9249249">
            <Unicode>ſaubern</Unicode>
          </TextEquiv>
        </Word>
        <Word id="region0013_line0004_word0008" custom="readingOrder {index:8;}">
          <Coords points="2433,761 2432,767 2416,767 2409,771 2381,769 2375,769 2376,826 2394,825 2404,824 2472,823 2472,764 2463,765 2462,761"/>
          <TextEquiv conf="0.9324776">
            <Unicode>und</Unicode>
          </TextEquiv>
        </Word>
        <TextEquiv conf="0.9287353">
          <Unicode>von dergleichen unflaͤtigen Geſtanck und Koth zu ſaubern und</Unicode>
        </TextEquiv>
      </TextLine>
      <TextLine id="region0013_line0005" custom="readingOrder {index:3;}">
        <Coords points="2235,826 2215,835 2191,837 2166,831 2146,839 2115,839 2107,842 2092,840 2090,834 2084,831 2076,831 2057,841 2013,839 2004,832 1985,835 1972,832 1936,841 1930,841 1924,834 1913,834 1905,838 1903,843 1893,843 1889,836 1875,837 1867,845 1820,844 1819,837 1805,835 1789,836 1775,841 1772,845 1758,838 1744,838 1737,841 1730,848 1678,850 1656,842 1647,844 1644,851 1610,851 1602,845 1594,846 1588,842 1572,843 1567,851 1540,851 1536,843 1521,844 1512,853 1504,856 1463,853 1456,846 1447,845 1436,847 1432,854 1406,854 1398,858 1392,858 1384,846 1370,846 1356,854 1334,852 1314,845 1300,846 1252,861 1194,861 1184,854 1174,856 1160,854 1150,856 1147,862 1122,866 1112,865 1105,854 1089,855 1084,857 1081,864 1014,865 989,864 983,855 971,855 963,859 961,864 906,864 907,920 938,920 950,924 965,921 1001,921 1017,923 1028,931 1047,930 1056,922 1089,922 1096,928 1105,930 1119,920 1185,921 1196,918 1220,918 1237,912 1249,912 1267,919 1278,917 1287,923 1313,923 1329,913 1339,916 1360,914 1363,921 1378,922 1383,918 1384,912 1396,913 1412,909 1422,913 1441,907 1455,911 1518,909 1520,917 1534,918 1544,915 1548,908 1557,910 1567,906 1605,909 1611,906 1659,906 1672,908 1683,903 1734,903 1737,912 1749,914 1757,910 1758,903 1779,900 1801,905 1896,903 1911,900 1918,903 1952,902 1979,904 2159,895 2170,905 2176,904 2181,895 2188,898 2229,896 2246,900 2259,896 2301,896 2307,902 2317,902 2324,896 2363,892 2508,891 2508,833 2458,832 2447,835 2422,835 2418,826 2404,825 2398,828 2395,836 2349,836 2319,835 2311,828 2302,826 2290,833 2282,833 2276,826 2260,828 2253,825"/>
        <Baseline points="907,908 1112,910 1697,892 2508,880"/>
        <Word id="region0013_line0005_word0000" custom="readingOrder {index:0;}">
          <Coords points="962,859 961,864 915,864 916,915 1016,914 1015,864 1014,865 989,864 985,859"/>
          <TextEquiv conf="0.9045253">
            <Unicode>rein</Unicode>
          </TextEquiv>
        </Word>
        <Word id="region0013_line0005_word0001" custom="readingOrder {index:1;}">
          <Coords points="1082,870 1025,870 1026,924 1053,924 1056,922 1082,922"/>
          <TextEquiv conf="0.9045253">
            <Unicode>zu</Unicode>
          </TextEquiv>
        </Word>
        <Word id="region0013_line0005_word0002" custom="readingOrder {index:2;}">
          <Coords points="1091,858 1092,922 1116,921 1119,920 1183,920 1185,920 1196,918 1220,918 1237,912 1249,912 1267,919 1270,918 1270,856 1267,856 1252,861 1194,861 1188,856 1149,857 1147,862 1122,866 1112,865 1107,857"/>
          <TextEquiv conf="0.92174864">
            <Unicode>halten;</Unicode>
          </TextEquiv>
        </Word>
        <Word id="region0013_line0005_word0003" custom="readingOrder {index:3;}">
          <Coords points="1287,854 1288,921 1317,921 1329,913 1339,916 1360,914 1363,920 1381,920 1383,918 1384,912 1396,913 1412,909 1422,913 1441,907 1455,911 1518,909 1520,917 1530,918 1535,918 1544,915 1548,908 1557,910 1567,906 1605,909 1611,906 1659,906 1672,908 1683,903 1728,903 1727,848 1678,850 1674,849 1645,849 1644,851 1610,851 1608,850 1568,850 1567,851 1540,851 1540,851 1514,851 1512,853 1504,856 1463,853 1462,852 1433,852 1432,854 1406,854 1398,858 1392,858 1388,853 1358,853 1356,854 1347,853"/>
          <TextEquiv conf="0.9093567">
            <Unicode>Jnſonderheit</Unicode>
          </TextEquiv>
        </Word>
        <Word id="region0013_line0005_word0004" custom="readingOrder {index:4;}">
          <Coords points="1648,843 1647,844 1644,851 1623,851 1623,906 1659,906 1672,908 1683,903 1715,903 1715,848 1678,850 1660,843"/>
          <TextEquiv conf="0.9307354">
            <Unicode>aber</Unicode>
          </TextEquiv>
        </Word>
        <Word id="region0013_line0005_word0005" custom="readingOrder {index:5;}">
          <Coords points="1867,847 1736,849 1737,912 1737,912 1749,914 1757,910 1758,903 1779,900 1801,905 1868,904"/>
          <TextEquiv conf="0.9135179">
            <Unicode>ſollen</Unicode>
          </TextEquiv>
        </Word>
        <Word id="region0013_line0005_word0006" custom="readingOrder {index:6;}">
          <Coords points="1944,849 1876,850 1876,903 1896,903 1911,900 1918,903 1944,902"/>
          <TextEquiv conf="0.9135179">
            <Unicode>die</Unicode>
          </TextEquiv>
        </Word>
        <Word id="word_1666246325472_143" custom="readingOrder {index:7;}">
          <Coords points="1955,847 2152,837 2168,837 2159,842 2159,896 2176,904 2170,905 1979,904 1955,902"/>
          <TextEquiv>
            <Unicode>Becker/</Unicode>
          </TextEquiv>
        </Word>
        <Word id="region0013_line0005_word0009" custom="readingOrder {index:8;}">
          <Coords points="2159,837 2160,898 2161,899 2202,897 2214,900 2213,837 2176,837 2164,838 2160,837"/>
          <TextEquiv conf="0.89401466">
            <Unicode>ſo</Unicode>
          </TextEquiv>
        </Word>
        <Word id="region0013_line0005_word0010" custom="readingOrder {index:9;}">
          <Coords points="2474,839 2216,843 2216,896 2229,896 2246,900 2259,896 2301,896 2307,902 2317,902 2324,896 2363,892 2474,891"/>
          <TextEquiv conf="0.9023779">
            <Unicode>Schweine</Unicode>
          </TextEquiv>
        </Word>
        <TextEquiv>
          <Unicode>rein zu halten; Jnſonderheit aber ſollen die Becker/ ſo Schweine</Unicode>
        </TextEquiv>
      </TextLine>
      <TextLine id="region0013_line0006" custom="readingOrder {index:4;}">
        <Coords points="1779,901 1760,904 1758,910 1749,915 1728,912 1723,906 1708,904 1683,904 1668,913 1645,914 1639,907 1623,907 1619,914 1610,914 1604,909 1567,907 1558,910 1555,915 1534,919 1491,917 1485,910 1473,910 1466,917 1457,917 1456,912 1441,908 1426,912 1424,918 1415,911 1404,910 1395,914 1393,919 1378,923 1341,922 1334,914 1326,915 1313,924 1287,924 1262,919 1249,913 1237,913 1221,918 1217,922 1163,927 1135,928 1127,922 1119,921 1105,931 1091,925 1082,929 1028,932 1017,924 1005,925 1001,922 983,922 978,924 976,929 950,928 943,928 938,921 911,921 906,926 907,986 916,986 921,991 950,985 993,985 1005,988 1024,985 1028,988 1038,988 1044,985 1073,987 1087,983 1147,986 1165,983 1179,986 1198,983 1246,982 1259,979 1283,982 1314,978 1321,987 1336,988 1345,984 1348,978 1381,976 1393,979 1418,972 1426,975 1440,973 1454,978 1460,978 1464,974 1481,977 1485,974 1501,975 1509,972 1526,972 1532,975 1555,973 1562,982 1567,983 1573,982 1581,972 1626,974 1680,971 1700,976 1720,971 1743,971 1750,971 1752,977 1757,980 1768,981 1783,980 1792,972 1838,967 1845,964 1873,964 1909,969 1946,967 1962,976 1972,976 1985,967 2029,966 2036,962 2052,962 2079,970 2084,960 2103,958 2133,959 2144,966 2159,960 2191,963 2288,962 2363,953 2378,958 2396,956 2409,959 2414,956 2420,958 2432,955 2444,959 2451,954 2508,951 2508,904 2385,901 2373,893 2360,894 2353,901 2304,904 2241,905 2229,897 2218,897 2212,905 2170,906 2159,896 2146,897 2137,906 2095,907 2093,901 2080,899 2069,909 1989,911 1921,910 1917,903 1911,901 1901,902 1897,909 1870,910 1868,904 1849,903 1838,910 1802,912 1798,904"/>
        <Baseline points="907,974 2508,941"/>
        <Word id="word_1666246344086_152" custom="readingOrder {index:0;}">
          <Coords points="916,928 1020,926 1091,925 1110,927 1110,984 1073,987 1038,988 921,991 917,987"/>
          <TextEquiv>
            <Unicode>halten/</Unicode>
          </TextEquiv>
        </Word>
        <Word id="region0013_line0006_word0002" custom="readingOrder {index:1;}">
          <Coords points="1111,931 1196,930 1197,982 1112,983"/>
          <TextEquiv conf="0.9273647">
            <Unicode>den</Unicode>
          </TextEquiv>
        </Word>
        <Word id="region0013_line0006_word0003" custom="readingOrder {index:2;}">
          <Coords points="1216,924 1217,983 1246,982 1259,979 1283,982 1314,978 1321,987 1336,988 1345,984 1348,978 1349,978 1348,922 1344,922 1315,922 1313,924 1287,924 1282,923"/>
          <TextEquiv conf="0.9273647">
            <Unicode>Koth</Unicode>
          </TextEquiv>
        </Word>
        <Word id="region0013_line0006_word0004" custom="readingOrder {index:3;}">
          <Coords points="1395,915 1393,919 1378,923 1365,923 1366,977 1381,976 1393,979 1418,972 1426,975 1440,973 1454,978 1460,978 1464,974 1481,977 1485,974 1486,974 1485,913 1470,913 1466,917 1457,917 1456,913 1425,914 1424,918 1419,914"/>
          <TextEquiv conf="0.9284607">
            <Unicode>nicht</Unicode>
          </TextEquiv>
        </Word>
        <Word id="region0013_line0006_word0005" custom="readingOrder {index:4;}">
          <Coords points="1585,921 1509,922 1509,972 1526,972 1532,975 1555,973 1562,982 1567,983 1573,982 1581,972 1585,972"/>
          <TextEquiv conf="0.93012726">
            <Unicode>auf</Unicode>
          </TextEquiv>
        </Word>
        <Word id="region0013_line0006_word0006" custom="readingOrder {index:5;}">
          <Coords points="1620,910 1619,914 1610,914 1610,973 1626,974 1680,971 1687,972 1687,910 1672,910 1668,913 1645,914 1642,910"/>
          <TextEquiv conf="0.9257431">
            <Unicode>die</Unicode>
          </TextEquiv>
        </Word>
        <Word id="region0013_line0006_word0007" custom="readingOrder {index:6;}">
          <Coords points="1711,910 1712,973 1720,971 1743,971 1750,971 1752,977 1757,980 1768,981 1783,980 1792,972 1838,967 1840,966 1839,909 1838,910 1802,912 1800,909 1758,909 1758,910 1749,915 1728,912 1726,910"/>
          <TextEquiv conf="0.9283052">
            <Unicode>Gaſſe</Unicode>
          </TextEquiv>
        </Word>
        <Word id="word_1666246353606_159" custom="readingOrder {index:7;}">
          <Coords points="1846,917 2035,914 2086,914 2086,959 2081,964 1972,976 1962,976 1846,964"/>
          <TextEquiv>
            <Unicode>bringen/</Unicode>
          </TextEquiv>
        </Word>
        <Word id="region0013_line0006_word0010" custom="readingOrder {index:8;}">
          <Coords points="2327,910 2139,913 2139,963 2144,966 2159,960 2191,963 2288,962 2327,957"/>
          <TextEquiv conf="0.9246039">
            <Unicode>ſondern</Unicode>
          </TextEquiv>
        </Word>
        <Word id="region0013_line0006_word0011" custom="readingOrder {index:9;}">
          <Coords points="2473,910 2360,912 2360,953 2363,953 2378,958 2396,956 2409,959 2414,956 2420,958 2432,955 2444,959 2451,954 2473,952"/>
          <TextEquiv conf="0.83091">
            <Unicode>den⸗</Unicode>
          </TextEquiv>
        </Word>
        <TextEquiv>
          <Unicode>halten/ den Koth nicht auf die Gaſſe bringen/ ſondern den⸗</Unicode>
        </TextEquiv>
      </TextLine>
      <TextLine id="region0013_line0007" custom="readingOrder {index:5;}">
        <Coords points="2359,954 2336,956 2325,960 2287,963 2282,965 2278,972 2171,971 2169,963 2165,961 2144,967 2133,960 2122,962 2117,971 2076,971 2057,964 2036,963 2027,967 2023,973 1998,974 1993,968 1985,968 1972,977 1962,977 1946,968 1931,974 1873,965 1845,965 1832,971 1793,976 1783,981 1768,982 1747,979 1737,972 1725,972 1718,980 1705,980 1688,973 1681,973 1675,980 1599,980 1591,974 1581,974 1573,983 1567,984 1562,983 1555,974 1548,975 1542,980 1533,980 1526,973 1509,973 1502,975 1499,981 1486,981 1454,979 1440,974 1426,976 1418,973 1393,980 1370,979 1364,983 1346,984 1336,989 1321,988 1314,979 1298,982 1294,987 1288,987 1282,982 1269,983 1259,980 1247,982 1242,988 1199,991 1142,992 1137,986 1132,985 1121,985 1114,992 1106,992 1104,985 1087,984 1078,986 1076,994 1001,994 999,989 993,986 966,986 955,989 950,986 929,992 917,990 913,994 907,994 907,1054 914,1054 918,1061 935,1061 943,1055 1025,1053 1030,1050 1045,1050 1052,1053 1075,1053 1077,1060 1088,1063 1098,1059 1104,1053 1117,1052 1192,1050 1201,1059 1214,1059 1227,1046 1251,1048 1278,1044 1323,1046 1334,1041 1350,1044 1489,1039 1509,1040 1515,1046 1526,1046 1538,1036 1561,1036 1570,1040 1610,1036 1616,1039 1687,1040 1731,1033 1757,1033 1769,1038 1775,1033 1795,1032 1802,1035 1834,1033 1848,1038 1871,1038 1907,1036 1918,1032 1938,1031 1949,1031 1955,1035 1975,1032 1981,1035 2020,1031 2023,1035 2030,1035 2045,1027 2058,1031 2068,1030 2078,1035 2088,1029 2117,1027 2126,1038 2149,1039 2157,1027 2219,1030 2226,1027 2268,1023 2288,1017 2292,1004 2301,1004 2302,1014 2310,1020 2323,1021 2343,1027 2357,1024 2427,1026 2454,1023 2471,1027 2477,1024 2508,1025 2508,962 2479,962 2475,959 2444,963 2432,956 2409,962 2396,957 2383,960"/>
        <Baseline points="907,1041 2212,1016 2292,1004 2301,1005 2363,1012 2508,1013"/>
        <Word id="region0013_line0007_word0000" custom="readingOrder {index:0;}">
          <Coords points="917,991 918,1056 942,1055 943,1055 1025,1053 1030,1050 1045,1050 1052,1053 1063,1053 1063,994 1001,994 999,989 933,990 929,992 922,990"/>
          <TextEquiv conf="0.9287564">
            <Unicode>ſelben</Unicode>
          </TextEquiv>
        </Word>
        <Word id="region0013_line0007_word0001" custom="readingOrder {index:1;}">
          <Coords points="1079,991 1080,1057 1100,1056 1104,1053 1117,1052 1192,1050 1197,1055 1218,1054 1227,1046 1251,1048 1278,1044 1284,1044 1284,988 1230,988 1199,991 1142,992 1140,990 1115,990 1114,992 1106,992 1105,990"/>
          <TextEquiv conf="0.91786575">
            <Unicode>jederzeit</Unicode>
          </TextEquiv>
        </Word>
        <Word id="region0013_line0007_word0002" custom="readingOrder {index:2;}">
          <Coords points="1388,1041 1387,990 1301,992 1302,1043 1331,1042 1334,1041 1339,1042"/>
          <TextEquiv conf="0.9319635">
            <Unicode>des</Unicode>
          </TextEquiv>
        </Word>
        <Word id="region0013_line0007_word0003" custom="readingOrder {index:3;}">
          <Coords points="1402,985 1402,1042 1489,1039 1509,1040 1513,1044 1527,1044 1538,1036 1561,1036 1570,1040 1593,1037 1593,983 1571,983 1567,984 1563,983"/>
          <TextEquiv conf="0.9304042">
            <Unicode>Nachts</Unicode>
          </TextEquiv>
        </Word>
        <Word id="region0013_line0007_word0004" custom="readingOrder {index:4;}">
          <Coords points="1699,987 1603,988 1604,1037 1610,1036 1616,1039 1700,1038 1700,1038"/>
          <TextEquiv conf="0.9301685">
            <Unicode>aus</Unicode>
          </TextEquiv>
        </Word>
        <Word id="region0013_line0007_word0005" custom="readingOrder {index:5;}">
          <Coords points="1797,985 1724,986 1724,1033 1731,1033 1757,1033 1767,1037 1769,1037 1775,1033 1795,1032 1797,1033"/>
          <TextEquiv conf="0.9301685">
            <Unicode>der</Unicode>
          </TextEquiv>
        </Word>
        <Word id="region0013_line0007_word0006" custom="readingOrder {index:6;}">
          <Coords points="1995,977 1827,979 1827,1033 1834,1033 1844,1036 1905,1036 1907,1036 1918,1032 1938,1031 1949,1031 1955,1035 1975,1032 1981,1035 1995,1033"/>
          <TextEquiv conf="0.9259344">
            <Unicode>Stadt</Unicode>
          </TextEquiv>
        </Word>
        <Word id="region0013_line0007_word0007" custom="readingOrder {index:7;}">
          <Coords points="2225,974 2025,977 2025,1035 2030,1035 2045,1027 2058,1031 2068,1030 2078,1035 2088,1029 2117,1027 2126,1038 2149,1039 2157,1027 2219,1030 2225,1027"/>
          <TextEquiv conf="0.9133814">
            <Unicode>ſchaffen.</Unicode>
          </TextEquiv>
        </Word>
        <Word id="region0013_line0007_word0008" custom="readingOrder {index:8;}">
          <Coords points="2477,970 2329,972 2330,1023 2343,1027 2357,1024 2427,1026 2454,1023 2471,1027 2477,1024 2478,1024"/>
          <TextEquiv conf="0.92619395">
            <Unicode>Nicht</Unicode>
          </TextEquiv>
        </Word>
        <TextEquiv conf="0.926093">
          <Unicode>ſelben jederzeit des Nachts aus der Stadt ſchaffen. Nicht</Unicode>
        </TextEquiv>
      </TextLine>
      <TextLine id="region0013_line0008" custom="readingOrder {index:6;}">
        <Coords points="2297,1019 2286,1029 2284,1035 2196,1036 2190,1030 2157,1028 2149,1040 2126,1039 2117,1028 2097,1030 2093,1035 2078,1036 2068,1031 2058,1032 2044,1028 2030,1036 1968,1040 1955,1041 1953,1034 1938,1032 1918,1033 1910,1036 1908,1041 1885,1043 1845,1043 1843,1037 1834,1034 1824,1034 1817,1036 1812,1043 1806,1043 1801,1042 1800,1036 1795,1033 1775,1034 1771,1040 1757,1034 1731,1034 1712,1040 1657,1047 1618,1045 1617,1040 1610,1037 1594,1039 1588,1045 1571,1045 1567,1039 1561,1037 1538,1037 1526,1047 1494,1047 1492,1041 1474,1040 1467,1048 1461,1048 1455,1042 1438,1043 1433,1049 1353,1051 1349,1044 1334,1042 1325,1045 1322,1052 1291,1053 1288,1046 1278,1045 1263,1047 1259,1054 1245,1054 1240,1048 1227,1047 1214,1060 1167,1059 1163,1057 1152,1057 1148,1060 1100,1059 1088,1064 1066,1059 1051,1061 1049,1053 1045,1051 1030,1051 1024,1054 1022,1060 907,1061 907,1117 945,1118 953,1120 967,1117 987,1120 994,1117 1009,1118 1014,1122 1038,1115 1061,1120 1070,1120 1080,1114 1088,1119 1100,1115 1105,1119 1113,1119 1118,1115 1143,1114 1150,1117 1225,1116 1233,1121 1243,1120 1250,1115 1267,1115 1273,1120 1285,1120 1295,1113 1304,1112 1361,1108 1376,1110 1399,1104 1414,1108 1429,1103 1441,1103 1450,1107 1596,1105 1608,1109 1629,1100 1656,1095 1725,1102 1738,1106 1758,1102 1864,1102 1872,1098 1890,1101 1930,1099 1932,1104 1945,1108 1954,1107 1960,1099 2004,1098 2016,1094 2040,1098 2272,1092 2283,1093 2286,1101 2290,1103 2311,1104 2320,1102 2324,1094 2364,1093 2374,1100 2385,1101 2394,1093 2462,1093 2507,1089 2508,1031 2472,1031 2466,1026 2454,1024 2428,1026 2421,1032 2388,1033 2385,1026 2364,1025 2358,1033 2336,1033 2331,1023"/>
        <Baseline points="907,1105 1250,1103 1646,1086 1766,1090 2508,1079"/>
        <Word id="region0013_line0008_word0000" custom="readingOrder {index:0;}">
          <Coords points="1027,1052 1024,1054 1022,1060 912,1060 913,1116 1123,1113 1122,1059 1100,1059 1088,1064 1066,1059 1051,1061 1049,1053 1047,1052"/>
          <TextEquiv conf="0.92719686">
            <Unicode>weniger</Unicode>
          </TextEquiv>
        </Word>
        <Word id="region0013_line0008_word0001" custom="readingOrder {index:1;}">
          <Coords points="1224,1049 1214,1060 1167,1059 1163,1057 1152,1057 1148,1060 1139,1059 1140,1111 1253,1109 1252,1054 1245,1054 1240,1049"/>
          <TextEquiv conf="0.92364395">
            <Unicode>auch</Unicode>
          </TextEquiv>
        </Word>
        <Word id="region0013_line0008_word0002" custom="readingOrder {index:2;}">
          <Coords points="1268,1049 1269,1112 1312,1111 1361,1108 1376,1110 1399,1104 1414,1108 1414,1107 1414,1049 1353,1051 1351,1047 1323,1048 1322,1052 1291,1053 1289,1048"/>
          <TextEquiv conf="0.92352">
            <Unicode>haben</Unicode>
          </TextEquiv>
        </Word>
        <Word id="region0013_line0008_word0003" custom="readingOrder {index:3;}">
          <Coords points="1439,1050 1512,1049 1513,1100 1440,1101"/>
          <TextEquiv conf="0.9302711">
            <Unicode>die</Unicode>
          </TextEquiv>
        </Word>
        <Word id="region0013_line0008_word0004" custom="readingOrder {index:4;}">
          <Coords points="1528,1045 1528,1045 1529,1106 1596,1105 1608,1109 1629,1100 1656,1095 1725,1102 1738,1106 1758,1102 1864,1102 1872,1098 1890,1101 1899,1101 1898,1042 1885,1043 1845,1043 1844,1041 1813,1041 1812,1043 1806,1043 1801,1042 1801,1041 1690,1043 1657,1047 1618,1045 1618,1044 1589,1044 1588,1045 1571,1045 1571,1044"/>
          <TextEquiv conf="0.12085228">
            <Unicode>Loh⸗Gaͤrber</Unicode>
          </TextEquiv>
        </Word>
        <Word id="region0013_line0008_word0005" custom="readingOrder {index:5;}">
          <Coords points="2009,1041 1914,1042 1914,1099 1930,1099 1932,1104 1937,1105 1955,1105 1960,1099 2004,1098 2009,1096"/>
          <TextEquiv conf="0.924293">
            <Unicode>ihre</Unicode>
          </TextEquiv>
        </Word>
        <Word id="region0013_line0008_word0006" custom="readingOrder {index:6;}">
          <Coords points="2027,1041 2028,1096 2194,1093 2193,1038 2149,1038 2149,1040 2129,1039"/>
          <TextEquiv conf="0.92276293">
            <Unicode>Arbeit</Unicode>
          </TextEquiv>
        </Word>
        <Word id="region0013_line0008_word0007" custom="readingOrder {index:7;}">
          <Coords points="2285,1033 2284,1035 2222,1036 2223,1093 2272,1092 2283,1093 2286,1101 2288,1102 2320,1101 2324,1094 2364,1093 2374,1100 2380,1101 2386,1100 2394,1093 2462,1093 2479,1091 2478,1031 2472,1031 2471,1030 2422,1031 2421,1032 2388,1033 2387,1031 2359,1032 2358,1033 2336,1033 2336,1032"/>
          <TextEquiv conf="0.92067283">
            <Unicode>auſſerhalb</Unicode>
          </TextEquiv>
        </Word>
        <TextEquiv conf="0.82415164">
          <Unicode>weniger auch haben die Loh⸗Gaͤrber ihre Arbeit auſſerhalb</Unicode>
        </TextEquiv>
      </TextLine>
      <TextLine id="region0013_line0009" custom="readingOrder {index:7;}">
        <Coords points="1636,1100 1608,1110 1596,1106 1587,1106 1551,1114 1478,1112 1474,1109 1449,1113 1447,1106 1441,1104 1426,1105 1421,1107 1418,1113 1399,1105 1388,1109 1385,1114 1303,1118 1294,1115 1285,1121 1190,1121 1186,1117 1155,1122 1143,1115 1132,1116 1128,1121 1104,1121 1099,1117 1088,1120 1081,1115 1070,1121 1038,1116 1028,1117 1021,1122 981,1125 945,1124 941,1119 915,1119 907,1123 907,1182 954,1183 960,1187 969,1187 975,1183 986,1186 1043,1182 1066,1185 1097,1183 1116,1178 1143,1181 1156,1178 1169,1182 1196,1180 1200,1187 1216,1189 1224,1188 1233,1181 1255,1179 1261,1176 1356,1175 1380,1170 1395,1172 1427,1170 1433,1178 1438,1178 1451,1169 1467,1171 1517,1170 1521,1173 1543,1169 1554,1172 1563,1165 1597,1165 1605,1169 1620,1170 1632,1170 1640,1166 1674,1165 1722,1170 1764,1169 1789,1165 1827,1168 1836,1165 1879,1164 1896,1167 1899,1163 1911,1162 1929,1163 1933,1166 1946,1163 1955,1166 1971,1162 2023,1164 2033,1160 2044,1159 2059,1162 2067,1170 2085,1171 2095,1169 2101,1162 2147,1162 2172,1156 2182,1155 2187,1159 2198,1157 2203,1160 2233,1161 2245,1158 2258,1160 2421,1157 2435,1153 2447,1159 2456,1155 2507,1153 2508,1140 2508,1098 2380,1102 2363,1097 2351,1102 2311,1105 2173,1103 2033,1106 2031,1098 2016,1095 2005,1098 2001,1106 1893,1107 1889,1101 1872,1099 1863,1103 1861,1108 1774,1112 1719,1110 1664,1100"/>
        <Baseline points="907,1170 2508,1141"/>
        <Word id="region0013_line0009_word0000" custom="readingOrder {index:0;}">
          <Coords points="1004,1182 1003,1127 918,1128 918,1182 941,1182"/>
          <TextEquiv conf="0.928372">
            <Unicode>der</Unicode>
          </TextEquiv>
        </Word>
        <Word id="region0013_line0009_word0001" custom="readingOrder {index:1;}">
          <Coords points="1020,1123 1021,1181 1108,1179 1116,1178 1131,1179 1149,1179 1156,1178 1160,1179 1187,1179 1186,1121 1159,1121 1155,1122 1153,1121"/>
          <TextEquiv conf="0.9321584">
            <Unicode>Stadt</Unicode>
          </TextEquiv>
        </Word>
        <Word id="region0013_line0009_word0002" custom="readingOrder {index:2;}">
          <Coords points="1260,1130 1204,1131 1205,1185 1228,1184 1233,1181 1255,1179 1260,1176"/>
          <TextEquiv conf="0.9317906">
            <Unicode>zu</Unicode>
          </TextEquiv>
        </Word>
        <Word id="region0013_line0009_word0003" custom="readingOrder {index:3;}">
          <Coords points="1564,1115 1288,1118 1285,1120 1285,1175 1356,1175 1380,1170 1395,1172 1427,1170 1431,1175 1441,1175 1451,1169 1467,1171 1517,1170 1521,1173 1543,1169 1554,1172 1563,1165 1564,1165"/>
          <TextEquiv conf="0.9219648">
            <Unicode>verrichten;</Unicode>
          </TextEquiv>
        </Word>
        <Word id="region0013_line0009_word0004" custom="readingOrder {index:4;}">
          <Coords points="1766,1167 1766,1114 1601,1116 1601,1167 1604,1168 1634,1168 1640,1166 1674,1165 1700,1167"/>
          <TextEquiv conf="0.9190227">
            <Unicode>Wann</Unicode>
          </TextEquiv>
        </Word>
        <Word id="region0013_line0009_word0005" custom="readingOrder {index:5;}">
          <Coords points="1902,1111 1789,1113 1789,1165 1827,1168 1836,1165 1879,1164 1896,1167 1899,1163 1902,1162"/>
          <TextEquiv conf="0.9265235">
            <Unicode>auch</Unicode>
          </TextEquiv>
        </Word>
        <Word id="region0013_line0009_word0006" custom="readingOrder {index:6;}">
          <Coords points="1931,1108 1931,1165 1933,1166 1946,1163 1955,1166 1971,1162 2023,1164 2033,1160 2044,1159 2059,1162 2066,1169 2092,1169 2095,1169 2101,1162 2147,1162 2172,1156 2182,1155 2187,1159 2198,1157 2203,1160 2233,1161 2245,1158 2258,1160 2331,1158 2331,1103 2311,1105 2219,1103"/>
          <TextEquiv conf="0.92383224">
            <Unicode>wahrgenommen</Unicode>
          </TextEquiv>
        </Word>
        <Word id="region0013_line0009_word0007" custom="readingOrder {index:7;}">
          <Coords points="2481,1110 2359,1112 2359,1158 2421,1156 2435,1153 2442,1156 2452,1156 2456,1155 2481,1154"/>
          <TextEquiv conf="0.45837247">
            <Unicode>wor⸗</Unicode>
          </TextEquiv>
        </Word>
        <TextEquiv conf="0.8677546">
          <Unicode>der Stadt zu verrichten; Wann auch wahrgenommen wor⸗</Unicode>
        </TextEquiv>
      </TextLine>
      <TextLine id="region0013_line0010" custom="readingOrder {index:8;}">
        <Coords points="2172,1157 2157,1160 2153,1166 2085,1172 2058,1170 2052,1163 2044,1160 2033,1161 2023,1165 2011,1163 2004,1171 1977,1172 1925,1172 1920,1164 1911,1163 1899,1164 1896,1168 1879,1165 1836,1166 1828,1169 1825,1175 1809,1176 1806,1168 1789,1166 1784,1169 1782,1177 1774,1170 1766,1170 1756,1176 1709,1176 1708,1170 1702,1167 1687,1169 1674,1166 1640,1167 1628,1172 1605,1170 1597,1166 1563,1166 1554,1173 1543,1171 1499,1179 1470,1178 1469,1173 1462,1169 1452,1170 1438,1179 1433,1179 1427,1171 1413,1171 1408,1174 1407,1179 1403,1179 1394,1178 1392,1172 1381,1171 1365,1173 1361,1180 1340,1181 1280,1182 1277,1178 1261,1177 1252,1183 1216,1190 1170,1187 1167,1181 1156,1179 1144,1181 1139,1186 1133,1180 1116,1179 1104,1182 1099,1188 1093,1189 1065,1190 1049,1183 1022,1190 973,1190 943,1189 936,1184 919,1183 907,1188 906,1245 950,1244 960,1250 971,1250 975,1247 1006,1247 1010,1254 1030,1247 1089,1247 1096,1247 1101,1255 1110,1256 1119,1254 1131,1246 1202,1243 1212,1247 1231,1244 1232,1241 1256,1239 1331,1239 1337,1247 1345,1248 1365,1247 1373,1239 1446,1238 1450,1243 1458,1244 1472,1236 1493,1238 1499,1235 1513,1236 1540,1230 1556,1230 1562,1239 1594,1235 1626,1235 1630,1242 1639,1245 1649,1243 1651,1237 1663,1235 1680,1236 1723,1232 1729,1235 1755,1235 1758,1240 1772,1244 1785,1241 1786,1235 1827,1232 1862,1234 1866,1239 1878,1241 1884,1239 1887,1233 1901,1232 1905,1237 1914,1239 1925,1228 1940,1232 2009,1228 2016,1232 2047,1231 2138,1227 2162,1223 2184,1225 2185,1231 2190,1234 2214,1225 2330,1224 2343,1221 2359,1222 2368,1218 2423,1221 2443,1227 2451,1222 2507,1221 2507,1162 2447,1163 2435,1154 2429,1154 2419,1158 2417,1164 2398,1166 2282,1167 2275,1161 2265,1161 2262,1164 2248,1159 2239,1162 2237,1167 2207,1165 2198,1158 2187,1160 2182,1156"/>
        <Baseline points="907,1234 2507,1209"/>
        <Word id="word_1666246379375_165" custom="readingOrder {index:0;}">
          <Coords points="919,1194 1007,1193 1034,1200 1034,1247 1016,1251 919,1244"/>
          <TextEquiv>
            <Unicode>den/</Unicode>
          </TextEquiv>
        </Word>
        <Word id="region0013_line0010_word0002" custom="readingOrder {index:1;}">
          <Coords points="1041,1190 1042,1247 1089,1247 1096,1247 1101,1254 1118,1254 1119,1254 1131,1246 1133,1246 1132,1189 1076,1190 1065,1190 1064,1190"/>
          <TextEquiv conf="0.923791">
            <Unicode>daß</Unicode>
          </TextEquiv>
        </Word>
        <Word id="region0013_line0010_word0003" custom="readingOrder {index:2;}">
          <Coords points="1146,1190 1147,1245 1202,1243 1212,1247 1231,1244 1232,1241 1233,1241 1232,1189 1220,1189 1216,1190 1205,1189"/>
          <TextEquiv conf="0.923142">
            <Unicode>bey</Unicode>
          </TextEquiv>
        </Word>
        <Word id="region0013_line0010_word0004" custom="readingOrder {index:3;}">
          <Coords points="1531,1182 1260,1186 1260,1239 1331,1239 1337,1247 1343,1247 1351,1247 1365,1247 1373,1239 1446,1238 1450,1243 1458,1244 1472,1236 1493,1238 1499,1235 1513,1236 1531,1231"/>
          <TextEquiv conf="0.9252479">
            <Unicode>dergleichen</Unicode>
          </TextEquiv>
        </Word>
        <Word id="region0013_line0010_word0005" custom="readingOrder {index:4;}">
          <Coords points="1555,1180 1556,1230 1556,1230 1562,1239 1594,1235 1626,1235 1630,1242 1639,1245 1649,1243 1651,1237 1663,1235 1680,1236 1723,1232 1729,1235 1755,1235 1758,1240 1772,1244 1785,1241 1786,1235 1827,1232 1862,1234 1866,1239 1878,1241 1884,1239 1887,1233 1901,1232 1905,1237 1914,1239 1925,1228 1940,1232 1987,1229 1986,1174 1782,1177 1782,1177 1782,1177"/>
          <TextEquiv conf="0.9280964">
            <Unicode>Peſtilentzialiſchen</Unicode>
          </TextEquiv>
        </Word>
        <Word id="region0013_line0010_word0006" custom="readingOrder {index:5;}">
          <Coords points="2332,1169 2003,1174 2003,1228 2009,1228 2016,1232 2047,1231 2138,1227 2162,1223 2184,1225 2185,1231 2190,1234 2214,1225 2330,1224 2332,1223"/>
          <TextEquiv conf="0.9205448">
            <Unicode>Kranckheiten</Unicode>
          </TextEquiv>
        </Word>
        <Word id="region0013_line0010_word0007" custom="readingOrder {index:6;}">
          <Coords points="2481,1169 2353,1171 2353,1221 2359,1222 2368,1218 2423,1221 2443,1227 2451,1222 2481,1221"/>
          <TextEquiv conf="0.9263432">
            <Unicode>mehr</Unicode>
          </TextEquiv>
        </Word>
        <TextEquiv>
          <Unicode>den/ daß bey dergleichen Peſtilentzialiſchen Kranckheiten mehr</Unicode>
        </TextEquiv>
      </TextLine>
      <TextLine id="region0013_line0011" custom="readingOrder {index:9;}">
        <Coords points="2368,1219 2359,1223 2349,1222 2346,1225 2315,1229 2298,1225 2289,1232 2275,1233 2217,1234 2213,1228 2208,1228 2190,1235 2177,1234 2172,1227 2162,1224 2144,1225 2136,1228 2132,1234 2095,1237 2067,1237 2061,1231 2052,1231 2040,1237 2018,1238 2017,1233 2009,1229 1993,1231 1991,1237 1985,1237 1984,1233 1977,1229 1949,1233 1943,1237 1935,1230 1925,1229 1914,1240 1847,1241 1842,1234 1827,1233 1819,1241 1784,1242 1776,1245 1723,1233 1702,1235 1699,1242 1639,1246 1592,1237 1562,1240 1556,1231 1486,1240 1472,1237 1458,1245 1378,1246 1345,1249 1333,1246 1236,1248 1231,1245 1211,1248 1202,1244 1196,1248 1170,1250 1160,1246 1149,1247 1140,1254 1110,1257 1093,1254 1035,1255 1030,1249 1016,1255 982,1254 961,1252 950,1245 922,1246 915,1250 907,1250 906,1315 933,1314 949,1316 978,1311 986,1316 998,1312 1024,1315 1028,1312 1046,1314 1074,1309 1089,1314 1100,1309 1114,1313 1153,1313 1176,1305 1187,1305 1195,1306 1200,1315 1207,1317 1220,1316 1235,1307 1257,1305 1301,1306 1311,1314 1334,1314 1345,1305 1384,1304 1403,1300 1459,1303 1478,1299 1494,1303 1566,1304 1570,1307 1579,1307 1583,1304 1642,1305 1656,1313 1675,1314 1686,1305 1744,1303 1922,1300 1962,1302 1969,1309 1983,1309 1991,1302 2009,1302 2018,1307 2037,1306 2046,1301 2096,1297 2321,1293 2408,1294 2507,1288 2508,1235 2465,1231 2462,1225 2456,1223 2443,1228 2423,1222 2420,1225 2404,1220"/>
        <Baseline points="906,1303 1414,1290 1655,1296 2507,1279"/>
        <Word id="region0013_line0011_word0000" custom="readingOrder {index:0;}">
          <Coords points="917,1256 917,1314 965,1313 978,1311 981,1313 995,1313 998,1312 1004,1313 1027,1312 1028,1312 1031,1312 1054,1312 1054,1255 1035,1255 1034,1254 1017,1255 1016,1255 1006,1255"/>
          <TextEquiv conf="0.9213605">
            <Unicode>Leute</Unicode>
          </TextEquiv>
        </Word>
        <Word id="region0013_line0011_word0001" custom="readingOrder {index:1;}">
          <Coords points="1169,1258 1072,1260 1072,1309 1074,1309 1076,1309 1099,1309 1100,1309 1101,1309 1167,1308 1169,1307"/>
          <TextEquiv conf="0.9176508">
            <Unicode>aus</Unicode>
          </TextEquiv>
        </Word>
        <Word id="region0013_line0011_word0002" custom="readingOrder {index:2;}">
          <Coords points="1388,1251 1184,1254 1184,1305 1187,1305 1195,1306 1200,1315 1205,1316 1212,1316 1220,1316 1235,1307 1257,1305 1301,1306 1311,1314 1334,1314 1345,1305 1384,1304 1388,1303"/>
          <TextEquiv conf="0.92551595">
            <Unicode>Hunger</Unicode>
          </TextEquiv>
        </Word>
        <Word id="region0013_line0011_word0003" custom="readingOrder {index:3;}">
          <Coords points="1497,1254 1403,1255 1403,1300 1459,1303 1478,1299 1494,1303 1497,1303"/>
          <TextEquiv conf="0.91850084">
            <Unicode>und</Unicode>
          </TextEquiv>
        </Word>
        <Word id="region0013_line0011_word0004" custom="readingOrder {index:4;}">
          <Coords points="1723,1245 1516,1248 1516,1303 1566,1304 1570,1307 1579,1307 1583,1304 1642,1305 1656,1313 1670,1313 1675,1313 1686,1305 1723,1303"/>
          <TextEquiv conf="0.9265696">
            <Unicode>Mangel</Unicode>
          </TextEquiv>
        </Word>
        <Word id="region0013_line0011_word0005" custom="readingOrder {index:5;}">
          <Coords points="1734,1251 1808,1250 1808,1301 1734,1302"/>
          <TextEquiv conf="0.9267358">
            <Unicode>der</Unicode>
          </TextEquiv>
        </Word>
        <Word id="region0013_line0011_word0006" custom="readingOrder {index:6;}">
          <Coords points="1828,1241 1828,1302 1922,1300 1962,1302 1967,1307 1985,1307 1991,1302 2009,1302 2017,1306 2033,1306 2037,1306 2046,1301 2096,1297 2122,1297 2121,1237 1914,1240 1914,1240 1847,1241 1847,1241"/>
          <TextEquiv conf="0.9090778">
            <Unicode>benoͤthigten</Unicode>
          </TextEquiv>
        </Word>
        <Word id="region0013_line0011_word0007" custom="readingOrder {index:7;}">
          <Coords points="2138,1237 2138,1296 2321,1293 2408,1294 2481,1289 2481,1232 2476,1232"/>
          <TextEquiv>
            <Unicode>Lebens ⸗ Mit⸗</Unicode>
          </TextEquiv>
        </Word>
        <TextEquiv>
          <Unicode>Leute aus Hunger und Mangel der benoͤthigten Lebens ⸗ Mit⸗</Unicode>
        </TextEquiv>
      </TextLine>
      <TextLine id="region0013_line0012" custom="readingOrder {index:10;}">
        <Coords points="1403,1301 1390,1304 1388,1309 1334,1315 1269,1314 1262,1306 1244,1307 1239,1314 1216,1318 1203,1317 1195,1307 1187,1306 1170,1308 1160,1317 1121,1319 1117,1319 1115,1314 1107,1310 1091,1314 1089,1320 1085,1319 1083,1313 1074,1310 1055,1313 1052,1320 1020,1320 1010,1313 998,1313 990,1319 978,1312 957,1315 956,1319 943,1320 927,1315 918,1320 907,1320 906,1383 975,1384 1057,1380 1061,1388 1074,1390 1092,1379 1158,1376 1166,1382 1176,1382 1184,1375 1199,1371 1294,1373 1321,1368 1331,1375 1338,1375 1347,1368 1359,1368 1385,1370 1463,1368 1465,1373 1479,1377 1493,1365 1542,1369 1548,1366 1609,1360 1614,1355 1614,1316 1608,1311 1554,1309 1547,1304 1535,1304 1530,1308 1489,1308 1487,1303 1478,1300 1464,1301 1456,1308 1432,1302 1419,1309 1418,1303"/>
        <Baseline points="906,1373 1614,1351"/>
        <Word id="word_1666246247894_97" custom="readingOrder {index:0;}">
          <Coords points="916,1326 979,1325 979,1381 916,1382"/>
          <TextEquiv conf="0.9289153">
            <Unicode>tel</Unicode>
          </TextEquiv>
        </Word>
        <Word id="word_1666246247894_99" custom="readingOrder {index:1;}">
          <Coords points="998,1324 1143,1322 1143,1376 1092,1379 1091,1379 998,1380"/>
          <TextEquiv conf="0.9266989">
            <Unicode>dahin</Unicode>
          </TextEquiv>
        </Word>
        <Word id="word_1666246427767_192" custom="readingOrder {index:2;}">
          <Coords points="1165,1321 1352,1313 1365,1313 1365,1317 1365,1368 1338,1375 1176,1382 1166,1382 1165,1381"/>
          <TextEquiv>
            <Unicode>ſterben/</Unicode>
          </TextEquiv>
        </Word>
        <Word id="region0013_line0012_word0004" custom="readingOrder {index:3;}">
          <Coords points="1457,1311 1388,1312 1389,1369 1458,1368"/>
          <TextEquiv conf="0.92722774">
            <Unicode>als</Unicode>
          </TextEquiv>
        </Word>
        <Word id="word_1666246247894_101" custom="readingOrder {index:4;}">
          <Coords points="1465,1317 1551,1316 1551,1365 1548,1366 1542,1369 1493,1365 1485,1371 1465,1371"/>
          <TextEquiv conf="0.9305406">
            <Unicode>hat</Unicode>
          </TextEquiv>
        </Word>
        <TextEquiv>
          <Unicode>tel dahin ſterben/ als hat</Unicode>
        </TextEquiv>
      </TextLine>
      <TextEquiv>
        <Unicode>13. Allen und jeden Hauß Wirthen hierdurch alles Ernſtes
und bey arbitrariſcher Straffe anbefohlen wird/ die Gaſſen
von dergleichen unflaͤtigen Geſtanck und Koth zu ſaubern und
rein zu halten; Jnſonderheit aber ſollen die Becker/ ſo Schweine
halten/ den Koth nicht auf die Gaſſe bringen/ ſondern den⸗
ſelben jederzeit des Nachts aus der Stadt ſchaffen. Nicht
weniger auch haben die Loh⸗Gaͤrber ihre Arbeit auſſerhalb
der Stadt zu verrichten; Wann auch wahrgenommen wor⸗
den/ daß bey dergleichen Peſtilentzialiſchen Kranckheiten mehr
Leute aus Hunger und Mangel der benoͤthigten Lebens ⸗ Mit⸗
tel dahin ſterben/ als hat</Unicode>
      </TextEquiv>
    </TextRegion>
    <TextRegion orientation="0.7893008" readingDirection="left-to-right" id="TextRegion_1666246247847_93" custom="readingOrder {index:3;}">
      <Coords points="906,1382 2508,1350 2508,1603 906,1646"/>
      <TextLine id="region0013_line0013" custom="readingOrder {index:0;}">
        <Coords points="1946,1354 1938,1356 1927,1365 1882,1371 1796,1368 1792,1362 1783,1359 1774,1359 1766,1365 1751,1366 1706,1359 1599,1361 1578,1369 1555,1373 1518,1373 1514,1368 1493,1366 1479,1378 1464,1373 1365,1376 1359,1369 1347,1369 1338,1376 1329,1376 1325,1370 1310,1370 1301,1372 1298,1378 1289,1379 1252,1378 1246,1371 1199,1372 1176,1383 1159,1381 1121,1387 1083,1387 1075,1391 1026,1393 1021,1399 1021,1434 1029,1440 1046,1442 1120,1440 1130,1451 1142,1448 1144,1442 1159,1442 1177,1436 1193,1440 1298,1438 1304,1443 1315,1442 1326,1437 1334,1437 1344,1431 1361,1432 1375,1429 1399,1431 1405,1435 1429,1432 1476,1435 1484,1442 1500,1442 1512,1431 1521,1431 1529,1434 1585,1434 1588,1441 1598,1444 1618,1434 1724,1431 1756,1434 1771,1432 1773,1436 1785,1441 1797,1439 1803,1432 1837,1430 1851,1433 1855,1430 1873,1428 1891,1429 1896,1432 1922,1427 1932,1427 1940,1433 1986,1429 1993,1438 2004,1438 2014,1429 2046,1430 2101,1427 2105,1430 2116,1429 2126,1424 2192,1423 2206,1426 2236,1420 2259,1420 2270,1426 2278,1426 2301,1419 2349,1422 2372,1417 2395,1422 2404,1429 2416,1432 2422,1431 2436,1420 2450,1423 2472,1422 2476,1424 2508,1421 2507,1363 2409,1363 2407,1356 2397,1350 2386,1351 2380,1363 2358,1361 2356,1355 2350,1351 2341,1351 2333,1355 2320,1352 2268,1349 2231,1353 2196,1363 2187,1353 2176,1353 2167,1364 2160,1364 2154,1358 2141,1358 2134,1364 2114,1364 2109,1361 2095,1360 2084,1367 2042,1368 2006,1365 1998,1357 1987,1357 1977,1363 1970,1363 1954,1354"/>
        <Baseline points="1021,1431 1356,1420 2059,1417 2273,1405 2508,1410"/>
        <Word id="region0013_line0013_word0000" custom="readingOrder {index:0;}">
          <Coords points="1162,1396 1086,1397 1086,1440 1120,1440 1128,1449 1136,1449 1142,1448 1144,1442 1159,1442 1162,1441"/>
          <TextEquiv conf="0.9083231">
            <Unicode>14.</Unicode>
          </TextEquiv>
        </Word>
        <Word id="region0013_line0013_word0001" custom="readingOrder {index:1;}">
          <Coords points="1279,1438 1278,1382 1182,1383 1182,1437 1188,1438"/>
          <TextEquiv conf="0.92876273">
            <Unicode>Ein</Unicode>
          </TextEquiv>
        </Word>
        <Word id="region0013_line0013_word0002" custom="readingOrder {index:2;}">
          <Coords points="1421,1381 1303,1383 1304,1443 1304,1443 1315,1442 1326,1437 1334,1437 1344,1431 1361,1432 1375,1429 1399,1431 1405,1435 1422,1433"/>
          <TextEquiv conf="0.92785853">
            <Unicode>jeder</Unicode>
          </TextEquiv>
        </Word>
        <Word id="region0013_line0013_word0003" custom="readingOrder {index:3;}">
          <Coords points="1802,1375 1468,1379 1468,1434 1476,1435 1484,1442 1500,1442 1512,1431 1521,1431 1529,1434 1585,1434 1588,1441 1598,1444 1618,1434 1724,1431 1756,1434 1771,1432 1773,1436 1785,1441 1797,1439 1802,1432"/>
          <TextEquiv>
            <Unicode>Hauß⸗Wirth</Unicode>
          </TextEquiv>
        </Word>
        <Word id="region0013_line0013_word0004" custom="readingOrder {index:4;}">
          <Coords points="1915,1385 1827,1386 1827,1430 1837,1430 1845,1431 1852,1431 1855,1430 1873,1428 1891,1429 1894,1431 1900,1431 1915,1428"/>
          <TextEquiv conf="0.92494535">
            <Unicode>vor</Unicode>
          </TextEquiv>
        </Word>
        <Word id="region0013_line0013_word0005" custom="readingOrder {index:5;}">
          <Coords points="2014,1368 1932,1369 1933,1428 1940,1433 1986,1429 1992,1437 2005,1437 2014,1429 2015,1429"/>
          <TextEquiv conf="0.9269374">
            <Unicode>ſich</Unicode>
          </TextEquiv>
        </Word>
        <Word id="region0013_line0013_word0006" custom="readingOrder {index:6;}">
          <Coords points="2124,1375 2031,1377 2031,1429 2040,1429 2055,1429 2101,1427 2102,1428 2117,1428 2124,1424"/>
          <TextEquiv conf="0.9326667">
            <Unicode>und</Unicode>
          </TextEquiv>
        </Word>
        <Word id="region0013_line0013_word0007" custom="readingOrder {index:7;}">
          <Coords points="2213,1369 2141,1370 2141,1423 2192,1423 2206,1426 2213,1424"/>
          <TextEquiv conf="0.9272369">
            <Unicode>die</Unicode>
          </TextEquiv>
        </Word>
        <Word id="region0013_line0013_word0008" custom="readingOrder {index:8;}">
          <Coords points="2489,1364 2249,1368 2249,1420 2259,1420 2270,1426 2278,1426 2301,1419 2349,1422 2372,1417 2395,1422 2404,1429 2416,1432 2422,1431 2436,1420 2450,1423 2472,1422 2476,1424 2489,1422"/>
          <TextEquiv conf="0.9299668">
            <Unicode>Seinigen</Unicode>
          </TextEquiv>
        </Word>
        <TextEquiv>
          <Unicode>14. Ein jeder Hauß⸗Wirth vor ſich und die Seinigen</Unicode>
        </TextEquiv>
      </TextLine>
      <TextLine id="region0013_line0014" custom="readingOrder {index:1;}">
        <Coords points="1375,1430 1361,1433 1344,1432 1334,1438 1315,1443 1237,1447 1227,1447 1226,1441 1222,1439 1205,1439 1196,1447 1194,1441 1177,1437 1164,1442 1160,1448 1143,1448 1133,1452 1120,1441 1106,1443 1103,1449 1056,1450 1017,1446 999,1442 992,1437 906,1439 906,1513 914,1513 916,1519 936,1521 944,1514 974,1510 983,1512 991,1518 1004,1511 1055,1511 1064,1507 1092,1507 1112,1508 1119,1515 1133,1515 1143,1508 1172,1509 1200,1505 1211,1507 1219,1504 1249,1505 1266,1500 1289,1503 1339,1498 1350,1503 1367,1500 1376,1504 1386,1503 1395,1498 1409,1501 1448,1499 1453,1502 1464,1501 1483,1498 1491,1500 1505,1495 1525,1496 1536,1507 1550,1507 1565,1497 1600,1498 1605,1500 1614,1499 1621,1504 1630,1504 1637,1497 1699,1497 1705,1493 1724,1492 1761,1492 1773,1498 1784,1494 1795,1498 1813,1495 1825,1498 1871,1493 1877,1495 1883,1503 1896,1505 1916,1502 1925,1504 1938,1496 1991,1494 2113,1493 2116,1500 2125,1502 2137,1490 2168,1493 2189,1488 2197,1491 2231,1490 2233,1498 2242,1501 2256,1498 2263,1490 2306,1492 2344,1496 2349,1500 2374,1499 2395,1488 2429,1489 2431,1496 2434,1497 2456,1493 2458,1490 2508,1489 2508,1430 2451,1431 2450,1424 2444,1421 2436,1421 2417,1433 2404,1430 2395,1423 2372,1418 2347,1424 2301,1420 2290,1425 2288,1429 2259,1432 2255,1431 2253,1423 2236,1421 2227,1423 2222,1433 2196,1433 2192,1424 2174,1425 2168,1434 2151,1435 2147,1426 2126,1425 2114,1435 2105,1437 2043,1438 2034,1430 2019,1430 2011,1439 1983,1439 1955,1439 1953,1432 1940,1434 1932,1428 1922,1428 1912,1439 1891,1440 1888,1430 1873,1429 1865,1431 1862,1440 1798,1439 1785,1442 1772,1436 1765,1439 1741,1439 1733,1433 1724,1432 1715,1434 1712,1439 1634,1439 1598,1445 1579,1441 1535,1443 1530,1441 1528,1435 1521,1432 1510,1433 1500,1443 1484,1443 1470,1439 1404,1437 1396,1432"/>
        <Baseline points="906,1501 1712,1482 2508,1477"/>
        <Word id="region0013_line0014_word0000" custom="readingOrder {index:0;}">
          <Coords points="1008,1451 919,1452 919,1519 934,1520 936,1520 944,1514 974,1510 983,1512 991,1518 1004,1511 1008,1511"/>
          <TextEquiv conf="0.92421234">
            <Unicode>ſich</Unicode>
          </TextEquiv>
        </Word>
        <Word id="region0013_line0014_word0001" custom="readingOrder {index:1;}">
          <Coords points="1144,1453 1029,1454 1029,1511 1055,1511 1064,1507 1092,1507 1112,1508 1117,1513 1135,1513 1143,1508 1144,1508"/>
          <TextEquiv conf="0.9221576">
            <Unicode>nach</Unicode>
          </TextEquiv>
        </Word>
        <Word id="region0013_line0014_word0002" custom="readingOrder {index:2;}">
          <Coords points="1323,1447 1164,1450 1164,1508 1172,1509 1200,1505 1211,1507 1219,1504 1249,1505 1266,1500 1289,1503 1323,1499"/>
          <TextEquiv conf="0.92472625">
            <Unicode>ſeinem</Unicode>
          </TextEquiv>
        </Word>
        <Word id="word_1666246468643_208" custom="readingOrder {index:3;}">
          <Coords points="1339,1446 1634,1439 1645,1439 1646,1497 1630,1504 1550,1507 1536,1507 1376,1504 1350,1503 1339,1498"/>
          <TextEquiv>
            <Unicode>Vermoͤgen/</Unicode>
          </TextEquiv>
        </Word>
        <Word id="region0013_line0014_word0005" custom="readingOrder {index:4;}">
          <Coords points="1750,1445 1656,1447 1657,1497 1700,1496 1705,1493 1724,1492 1750,1492"/>
          <TextEquiv conf="0.9239795">
            <Unicode>und</Unicode>
          </TextEquiv>
        </Word>
        <Word id="region0013_line0014_word0006" custom="readingOrder {index:5;}">
          <Coords points="1765,1441 1766,1494 1773,1498 1784,1494 1795,1498 1813,1495 1825,1498 1871,1493 1877,1495 1883,1503 1891,1504 1903,1504 1916,1502 1924,1504 1926,1504 1938,1496 1991,1494 2038,1494 2037,1437 2012,1437 2011,1439 1983,1439 1955,1439 1955,1438 1912,1439 1912,1439 1891,1440 1891,1439 1862,1440 1862,1440 1848,1440 1791,1441 1785,1442 1782,1441"/>
          <TextEquiv conf="0.92755735">
            <Unicode>wenigſtens</Unicode>
          </TextEquiv>
        </Word>
        <Word id="region0013_line0014_word0007" custom="readingOrder {index:6;}">
          <Coords points="2142,1438 2052,1439 2052,1493 2113,1493 2116,1500 2125,1502 2137,1490 2142,1490"/>
          <TextEquiv conf="0.9260154">
            <Unicode>auf</Unicode>
          </TextEquiv>
        </Word>
        <Word id="region0013_line0014_word0008" custom="readingOrder {index:7;}">
          <Coords points="2222,1490 2221,1436 2151,1437 2152,1491 2177,1490 2189,1488 2195,1490"/>
          <TextEquiv conf="0.91133475">
            <Unicode>ein</Unicode>
          </TextEquiv>
        </Word>
        <Word id="region0013_line0014_word0009" custom="readingOrder {index:8;}">
          <Coords points="2342,1433 2232,1435 2233,1498 2233,1498 2242,1501 2256,1498 2263,1490 2306,1492 2343,1496"/>
          <TextEquiv conf="0.92935294">
            <Unicode>halb</Unicode>
          </TextEquiv>
        </Word>
        <Word id="region0013_line0014_word0010" custom="readingOrder {index:9;}">
          <Coords points="2352,1432 2353,1500 2374,1499 2395,1488 2429,1489 2431,1496 2434,1497 2456,1493 2458,1490 2486,1489 2485,1430 2451,1431 2451,1431 2420,1431 2417,1433 2409,1431"/>
          <TextEquiv conf="0.93265516">
            <Unicode>Jahr</Unicode>
          </TextEquiv>
        </Word>
        <TextEquiv>
          <Unicode>ſich nach ſeinem Vermoͤgen/ und wenigſtens auf ein halb Jahr</Unicode>
        </TextEquiv>
      </TextLine>
      <TextLine id="region0013_line0015" custom="readingOrder {index:2;}">
        <Coords points="1505,1496 1492,1500 1485,1506 1420,1507 1413,1506 1404,1499 1395,1499 1384,1507 1351,1507 1344,1500 1320,1499 1301,1503 1297,1508 1282,1508 1275,1501 1266,1501 1256,1502 1250,1509 1240,1510 1227,1505 1219,1505 1208,1511 1185,1512 1184,1508 1158,1509 1155,1514 1133,1516 1097,1516 1096,1509 1092,1508 1064,1508 1053,1512 1050,1517 1013,1518 1009,1512 1004,1512 991,1519 983,1513 974,1511 967,1519 906,1520 907,1575 942,1576 945,1579 973,1575 987,1578 1008,1575 1041,1576 1060,1572 1072,1577 1090,1574 1103,1575 1110,1571 1140,1574 1162,1571 1183,1572 1296,1568 1301,1574 1321,1570 1326,1576 1336,1574 1339,1568 1371,1568 1380,1571 1607,1565 1754,1568 1785,1565 1856,1564 1918,1566 1928,1574 1944,1573 1953,1566 2002,1564 2004,1571 2009,1575 2024,1574 2030,1564 2272,1558 2354,1561 2439,1560 2447,1568 2463,1568 2470,1560 2508,1556 2508,1500 2460,1497 2457,1494 2441,1498 2420,1497 2418,1491 2408,1488 2390,1490 2374,1500 2338,1502 2295,1499 2242,1502 2234,1499 2199,1499 2198,1493 2191,1489 2174,1492 2170,1500 2165,1500 2156,1492 2137,1491 2125,1503 2104,1500 1945,1504 1940,1500 1925,1505 1896,1506 1880,1503 1879,1498 1871,1494 1853,1496 1848,1502 1834,1502 1824,1498 1815,1502 1809,1499 1796,1500 1789,1495 1773,1499 1761,1493 1724,1493 1673,1501 1654,1498 1648,1504 1618,1506 1575,1506 1572,1500 1565,1498 1550,1508 1536,1508 1525,1497"/>
        <Baseline points="907,1564 2508,1547"/>
        <Word id="region0013_line0015_word0000" custom="readingOrder {index:0;}">
          <Coords points="1011,1523 919,1524 919,1575 942,1576 943,1577 954,1577 973,1575 983,1577 992,1577 1008,1575 1011,1575"/>
          <TextEquiv>
            <Unicode>mit</Unicode>
          </TextEquiv>
        </Word>
        <Word id="region0013_line0015_word0001" custom="readingOrder {index:1;}">
          <Coords points="1143,1520 1027,1521 1027,1575 1038,1575 1041,1575 1060,1572 1068,1575 1080,1575 1090,1574 1103,1575 1110,1571 1140,1574 1143,1573"/>
          <TextEquiv conf="0.9314411">
            <Unicode>allen</Unicode>
          </TextEquiv>
        </Word>
        <Word id="region0013_line0015_word0002" custom="readingOrder {index:2;}">
          <Coords points="1478,1515 1162,1520 1162,1571 1183,1572 1296,1568 1301,1574 1321,1570 1326,1576 1336,1574 1339,1568 1371,1568 1380,1571 1478,1568"/>
          <TextEquiv conf="0.9241976">
            <Unicode>beduͤrffenden</Unicode>
          </TextEquiv>
        </Word>
        <Word id="region0013_line0015_word0003" custom="readingOrder {index:3;}">
          <Coords points="1905,1507 1494,1513 1494,1567 1607,1565 1754,1568 1785,1565 1856,1564 1905,1565"/>
          <TextEquiv conf="0.9107851">
            <Unicode>Lebens⸗Mitteln</Unicode>
          </TextEquiv>
        </Word>
        <Word id="region0013_line0015_word0004" custom="readingOrder {index:4;}">
          <Coords points="1981,1514 1924,1515 1925,1572 1925,1572 1946,1572 1953,1566 1982,1565"/>
          <TextEquiv conf="0.93142754">
            <Unicode>zu</Unicode>
          </TextEquiv>
        </Word>
        <Word id="region0013_line0015_word0005" custom="readingOrder {index:5;}">
          <Coords points="2287,1502 2000,1506 2000,1564 2002,1564 2004,1571 2006,1572 2024,1572 2030,1564 2272,1558 2287,1558"/>
          <TextEquiv conf="0.9212837">
            <Unicode>providiren.</Unicode>
          </TextEquiv>
        </Word>
        <Word id="region0013_line0015_word0006" custom="readingOrder {index:6;}">
          <Coords points="2381,1498 2382,1561 2439,1560 2445,1566 2465,1565 2470,1560 2489,1558 2488,1499 2460,1497 2460,1497 2446,1497 2441,1498 2424,1497"/>
          <TextEquiv conf="0.85136694">
            <Unicode>Letz⸗</Unicode>
          </TextEquiv>
        </Word>
        <TextEquiv>
          <Unicode>mit allen beduͤrffenden Lebens⸗Mitteln zu providiren. Letz⸗</Unicode>
        </TextEquiv>
      </TextLine>
      <TextLine id="region0013_line0016" custom="readingOrder {index:3;}">
        <Coords points="1054,1573 1044,1575 1038,1581 1022,1575 1013,1576 1005,1582 997,1583 947,1583 942,1577 926,1578 920,1583 906,1583 907,1646 958,1647 1042,1643 1046,1649 1060,1652 1069,1649 1073,1643 1157,1638 1186,1639 1244,1629 1280,1635 1299,1632 1316,1639 1324,1639 1339,1629 1354,1625 1388,1624 1393,1619 1392,1582 1389,1578 1381,1577 1326,1577 1321,1571 1299,1576 1234,1579 1167,1579 1161,1575 1152,1575 1144,1580 1132,1580 1128,1572 1110,1572 1100,1580 1070,1582 1060,1573"/>
        <Baseline points="907,1636 1393,1619"/>
        <Word id="word_1666246240253_87" custom="readingOrder {index:0;}">
          <Coords points="919,1595 1029,1593 1029,1643 1017,1643 924,1646 919,1646"/>
          <TextEquiv conf="0.9223167">
            <Unicode>tens</Unicode>
          </TextEquiv>
        </Word>
        <Word id="word_1666246240253_89" custom="readingOrder {index:1;}">
          <Coords points="1045,1589 1194,1587 1195,1637 1186,1639 1157,1638 1098,1641 1045,1642"/>
          <TextEquiv conf="0.9307248">
            <Unicode>haben</Unicode>
          </TextEquiv>
        </Word>
        <Word id="word_1666246240253_91" custom="readingOrder {index:2;}">
          <Coords points="1225,1587 1341,1585 1341,1628 1339,1629 1329,1635 1308,1635 1299,1632 1280,1635 1244,1629 1225,1632"/>
          <TextEquiv conf="0.93257695">
            <Unicode>auch</Unicode>
          </TextEquiv>
        </Word>
        <TextEquiv conf="0.92853945">
          <Unicode>tens haben auch</Unicode>
        </TextEquiv>
      </TextLine>
      <TextEquiv>
        <Unicode>14. Ein jeder Hauß⸗Wirth vor ſich und die Seinigen
ſich nach ſeinem Vermoͤgen/ und wenigſtens auf ein halb Jahr
mit allen beduͤrffenden Lebens⸗Mitteln zu providiren. Letz⸗
tens haben auch</Unicode>
      </TextEquiv>
    </TextRegion>
    <TextRegion orientation="0.7893008" readingDirection="left-to-right" id="TextRegion_1666246240184_83" custom="readingOrder {index:4;}">
      <Coords points="906,1646 2508,1603 2508,2371 906,2371"/>
      <TextLine id="region0013_line0017" custom="readingOrder {index:0;}">
        <Coords points="1885,1614 1874,1627 1847,1620 1802,1618 1752,1621 1733,1627 1724,1622 1715,1622 1708,1624 1699,1633 1653,1632 1615,1626 1607,1622 1578,1626 1563,1619 1550,1620 1543,1627 1513,1633 1486,1631 1475,1625 1458,1628 1444,1626 1354,1626 1339,1630 1324,1640 1307,1639 1299,1633 1280,1636 1244,1630 1222,1636 1194,1637 1158,1646 1064,1651 1056,1656 1057,1690 1062,1695 1100,1698 1105,1702 1131,1701 1135,1712 1148,1715 1160,1712 1171,1700 1185,1704 1193,1701 1242,1700 1247,1703 1261,1703 1270,1697 1286,1695 1301,1696 1310,1701 1345,1696 1369,1702 1392,1700 1400,1706 1412,1705 1415,1700 1428,1700 1432,1705 1440,1707 1457,1700 1537,1697 1545,1705 1550,1706 1561,1703 1563,1697 1581,1696 1595,1697 1603,1703 1612,1702 1626,1691 1644,1694 1665,1691 1679,1695 1693,1693 1805,1697 1849,1689 1881,1692 1887,1696 1900,1692 1958,1693 1960,1700 1965,1702 1976,1696 1990,1698 1995,1693 2114,1692 2145,1688 2204,1688 2208,1691 2218,1691 2225,1687 2244,1687 2253,1699 2258,1699 2268,1697 2272,1689 2292,1687 2300,1687 2306,1692 2339,1691 2347,1688 2387,1686 2466,1688 2472,1694 2480,1693 2489,1688 2508,1688 2508,1627 2430,1626 2418,1617 2408,1617 2398,1626 2359,1627 2351,1619 2337,1618 2324,1628 2298,1629 2285,1628 2281,1620 2271,1617 2261,1617 2251,1623 2247,1629 2229,1630 2136,1625 2128,1620 2111,1620 2101,1620 2091,1626 2060,1627 2054,1620 2037,1621 2029,1630 1921,1633 1910,1632 1909,1625 1903,1618 1893,1614"/>
        <Baseline points="1057,1684 1438,1689 2508,1675"/>
        <Word id="region0013_line0017_word0000" custom="readingOrder {index:0;}">
          <Coords points="1190,1657 1105,1658 1105,1701 1131,1701 1135,1712 1141,1713 1154,1713 1160,1712 1171,1700 1185,1704 1190,1701"/>
          <TextEquiv conf="0.9223712">
            <Unicode>15.</Unicode>
          </TextEquiv>
        </Word>
        <Word id="region0013_line0017_word0001" custom="readingOrder {index:1;}">
          <Coords points="1322,1642 1220,1644 1220,1700 1242,1700 1246,1702 1262,1702 1270,1697 1286,1695 1301,1696 1310,1701 1322,1699"/>
          <TextEquiv conf="0.93144244">
            <Unicode>Die</Unicode>
          </TextEquiv>
        </Word>
        <Word id="region0013_line0017_word0002" custom="readingOrder {index:2;}">
          <Coords points="1524,1636 1333,1638 1334,1698 1345,1696 1369,1702 1392,1700 1400,1706 1412,1705 1415,1700 1428,1700 1432,1705 1440,1707 1440,1707 1457,1700 1525,1697"/>
          <TextEquiv conf="0.9133149">
            <Unicode>Tiſchler</Unicode>
          </TextEquiv>
        </Word>
        <Word id="region0013_line0017_word0003" custom="readingOrder {index:3;}">
          <Coords points="1626,1634 1542,1635 1543,1703 1545,1705 1550,1706 1561,1703 1563,1697 1581,1696 1595,1697 1603,1703 1612,1702 1626,1691 1627,1691"/>
          <TextEquiv conf="0.9237679">
            <Unicode>ſich</Unicode>
          </TextEquiv>
        </Word>
        <Word id="region0013_line0017_word0004" custom="readingOrder {index:4;}">
          <Coords points="1747,1638 1658,1639 1658,1691 1665,1691 1679,1695 1693,1693 1747,1694"/>
          <TextEquiv conf="0.9298384">
            <Unicode>mit</Unicode>
          </TextEquiv>
        </Word>
        <Word id="region0013_line0017_word0005" custom="readingOrder {index:5;}">
          <Coords points="1777,1629 1778,1696 1812,1695 1849,1689 1881,1692 1885,1694 1891,1694 1900,1692 1953,1692 1953,1632 1921,1633 1910,1632 1909,1627"/>
          <TextEquiv conf="0.929854">
            <Unicode>Dielen</Unicode>
          </TextEquiv>
        </Word>
        <Word id="region0013_line0017_word0006" custom="readingOrder {index:6;}">
          <Coords points="2019,1643 1965,1644 1965,1701 1976,1696 1990,1698 1995,1693 2019,1692"/>
          <TextEquiv conf="0.9304515">
            <Unicode>zu</Unicode>
          </TextEquiv>
        </Word>
        <Word id="region0013_line0017_word0007" custom="readingOrder {index:7;}">
          <Coords points="2036,1633 2144,1631 2145,1688 2037,1690"/>
          <TextEquiv conf="0.9266373">
            <Unicode>bald</Unicode>
          </TextEquiv>
        </Word>
        <Word id="region0013_line0017_word0008" custom="readingOrder {index:8;}">
          <Coords points="2169,1631 2169,1688 2204,1688 2208,1691 2218,1691 2225,1687 2244,1687 2251,1696 2268,1696 2272,1689 2292,1687 2300,1687 2306,1692 2339,1691 2347,1688 2387,1686 2466,1688 2471,1693 2478,1693 2480,1693 2489,1688 2492,1688 2492,1626 2463,1626"/>
          <TextEquiv conf="0.928887">
            <Unicode>verfaulenden</Unicode>
          </TextEquiv>
        </Word>
        <TextEquiv conf="0.92628497">
          <Unicode>15. Die Tiſchler ſich mit Dielen zu bald verfaulenden</Unicode>
        </TextEquiv>
      </TextLine>
      <TextLine id="region0013_line0018" custom="readingOrder {index:1;}">
        <Coords points="1063,1698 1055,1700 1050,1709 1021,1710 1011,1701 1000,1701 992,1706 907,1707 907,1764 916,1764 923,1771 945,1773 952,1776 966,1772 1005,1776 1124,1770 1132,1771 1135,1776 1141,1778 1153,1777 1157,1769 1218,1769 1227,1777 1244,1776 1251,1769 1261,1769 1265,1774 1274,1775 1287,1766 1410,1765 1425,1759 1437,1760 1456,1773 1471,1760 1499,1763 1520,1758 1535,1757 1543,1762 1611,1761 1615,1768 1624,1770 1635,1768 1638,1763 1652,1761 1658,1769 1665,1771 1678,1768 1684,1760 1701,1762 1740,1759 1744,1762 1753,1761 1760,1757 1811,1760 1842,1756 1852,1763 1862,1763 1876,1759 1983,1758 2014,1754 2029,1754 2035,1758 2043,1757 2080,1752 2096,1757 2215,1755 2217,1762 2222,1765 2231,1762 2235,1752 2239,1750 2273,1754 2285,1752 2298,1764 2308,1762 2314,1755 2339,1754 2351,1757 2357,1754 2366,1756 2371,1752 2388,1761 2393,1754 2463,1754 2468,1758 2508,1753 2508,1696 2406,1696 2401,1689 2393,1687 2347,1689 2337,1692 2334,1698 2309,1699 2307,1693 2300,1688 2292,1688 2278,1691 2275,1698 2258,1700 2253,1700 2244,1688 2225,1688 2219,1691 2217,1696 2205,1697 2199,1696 2198,1689 2177,1690 2173,1698 2168,1698 2161,1690 2145,1689 2136,1698 2011,1701 2004,1694 1995,1694 1990,1699 1976,1697 1965,1703 1904,1699 1849,1690 1832,1691 1825,1696 1768,1702 1675,1702 1674,1696 1670,1693 1654,1692 1645,1696 1626,1692 1612,1703 1588,1701 1550,1707 1539,1701 1532,1701 1527,1706 1466,1706 1458,1703 1443,1708 1400,1707 1372,1706 1368,1702 1353,1701 1345,1697 1330,1697 1325,1699 1323,1705 1313,1706 1304,1698 1286,1696 1270,1698 1258,1709 1189,1709 1187,1705 1171,1701 1160,1713 1148,1716 1137,1714 1131,1709 1093,1709 1082,1698"/>
        <Baseline points="907,1755 1007,1761 1563,1748 2508,1742"/>
        <Word id="region0013_line0018_word0000" custom="readingOrder {index:0;}">
          <Coords points="914,1717 914,1764 916,1764 923,1771 945,1773 952,1776 966,1772 1005,1776 1124,1770 1132,1771 1135,1776 1141,1778 1147,1777 1147,1715 1137,1714"/>
          <TextEquiv>
            <Unicode>Saͤrcken,</Unicode>
          </TextEquiv>
        </Word>
        <Word id="region0013_line0018_word0001" custom="readingOrder {index:1;}">
          <Coords points="1253,1717 1165,1719 1165,1769 1218,1769 1227,1777 1244,1776 1251,1769 1253,1769"/>
          <TextEquiv conf="0.80402297">
            <Unicode>bey</Unicode>
          </TextEquiv>
        </Word>
        <Word id="region0013_line0018_word0002" custom="readingOrder {index:2;}">
          <Coords points="1266,1709 1266,1774 1274,1775 1287,1766 1410,1765 1423,1759 1423,1707 1408,1707"/>
          <TextEquiv conf="0.9246565">
            <Unicode>Zeiten</Unicode>
          </TextEquiv>
        </Word>
        <Word id="region0013_line0018_word0003" custom="readingOrder {index:3;}">
          <Coords points="1499,1719 1442,1720 1443,1764 1456,1773 1471,1760 1499,1763 1500,1763"/>
          <TextEquiv conf="0.9286328">
            <Unicode>zu</Unicode>
          </TextEquiv>
        </Word>
        <Word id="region0013_line0018_word0004" custom="readingOrder {index:4;}">
          <Coords points="1757,1704 1528,1708 1528,1757 1535,1757 1543,1762 1611,1761 1615,1768 1624,1770 1635,1768 1638,1763 1652,1761 1658,1769 1665,1771 1678,1768 1684,1760 1701,1762 1740,1759 1744,1762 1753,1761 1757,1758"/>
          <TextEquiv conf="0.92191666">
            <Unicode>verſehen.</Unicode>
          </TextEquiv>
        </Word>
        <Word id="region0013_line0018_word0005" custom="readingOrder {index:5;}">
          <Coords points="1822,1703 1822,1758 1842,1756 1851,1762 1863,1762 1876,1759 1983,1758 2006,1754 2006,1701 1967,1701 1965,1703 1944,1701"/>
          <TextEquiv conf="0.92871827">
            <Unicode>Damit</Unicode>
          </TextEquiv>
        </Word>
        <Word id="region0013_line0018_word0006" custom="readingOrder {index:6;}">
          <Coords points="2126,1755 2125,1713 2029,1715 2029,1754 2033,1756 2045,1756 2080,1752 2091,1755"/>
          <TextEquiv conf="0.91785157">
            <Unicode>nun</Unicode>
          </TextEquiv>
        </Word>
        <Word id="region0013_line0018_word0007" custom="readingOrder {index:7;}">
          <Coords points="2145,1701 2145,1756 2215,1755 2217,1762 2222,1765 2231,1762 2235,1752 2239,1750 2256,1752 2256,1700"/>
          <TextEquiv conf="0.9297832">
            <Unicode>dieſe</Unicode>
          </TextEquiv>
        </Word>
        <Word id="region0013_line0018_word0008" custom="readingOrder {index:8;}">
          <Coords points="2492,1698 2285,1701 2285,1752 2297,1763 2298,1763 2308,1762 2314,1755 2339,1754 2351,1757 2357,1754 2366,1756 2371,1752 2388,1761 2393,1754 2463,1754 2468,1758 2492,1754"/>
          <TextEquiv conf="0.92174935">
            <Unicode>heilſame</Unicode>
          </TextEquiv>
        </Word>
        <TextEquiv>
          <Unicode>Saͤrcken, bey Zeiten zu verſehen. Damit nun dieſe heilſame</Unicode>
        </TextEquiv>
      </TextLine>
      <TextLine id="region0013_line0019" custom="readingOrder {index:2;}">
        <Coords points="1425,1760 1409,1766 1407,1770 1325,1772 1322,1766 1304,1766 1298,1769 1283,1768 1274,1776 1244,1777 1141,1779 1109,1777 1105,1772 1095,1772 1084,1773 1079,1779 1016,1781 986,1777 980,1773 966,1773 953,1777 945,1774 928,1772 907,1774 907,1842 960,1841 974,1845 981,1842 1001,1844 1006,1841 1048,1840 1056,1836 1073,1838 1080,1834 1117,1834 1122,1837 1134,1835 1138,1838 1146,1838 1155,1833 1170,1832 1177,1836 1214,1833 1229,1842 1235,1838 1250,1838 1253,1834 1323,1830 1340,1832 1352,1826 1371,1830 1386,1826 1397,1831 1429,1831 1447,1826 1474,1830 1492,1826 1509,1830 1666,1827 1673,1835 1694,1842 1709,1837 1710,1826 1823,1827 1830,1834 1845,1835 1854,1827 1896,1825 1914,1820 1934,1823 1959,1820 1973,1823 2014,1822 2016,1826 2029,1824 2037,1819 2062,1824 2073,1824 2086,1819 2106,1819 2112,1824 2127,1818 2140,1818 2144,1821 2168,1819 2186,1823 2221,1823 2224,1829 2231,1832 2245,1830 2248,1824 2280,1823 2286,1830 2299,1831 2314,1820 2332,1822 2399,1822 2403,1819 2421,1816 2467,1820 2477,1826 2485,1826 2491,1820 2508,1821 2508,1761 2435,1761 2423,1754 2413,1754 2408,1760 2401,1755 2393,1755 2388,1762 2371,1753 2363,1762 2298,1765 2285,1753 2275,1755 2272,1762 2268,1763 2266,1757 2258,1752 2239,1751 2231,1763 2222,1766 2176,1763 2133,1764 2125,1755 2109,1756 2101,1763 2093,1763 2089,1757 2080,1753 2058,1756 2053,1762 2037,1763 2029,1755 2014,1755 2007,1757 2003,1763 1955,1767 1905,1765 1900,1759 1886,1760 1881,1765 1850,1765 1842,1757 1826,1757 1816,1761 1814,1766 1686,1767 1665,1772 1658,1770 1652,1762 1645,1762 1635,1769 1624,1771 1547,1767 1535,1758 1520,1759 1511,1762 1508,1768 1485,1768 1483,1764 1471,1761 1456,1774 1437,1761"/>
        <Baseline points="907,1824 2508,1806"/>
        <Word id="region0013_line0019_word0000" custom="readingOrder {index:0;}">
          <Coords points="1247,1780 919,1785 919,1841 960,1841 974,1845 981,1842 1001,1844 1006,1841 1048,1840 1056,1836 1073,1838 1080,1834 1117,1834 1122,1837 1134,1835 1138,1838 1146,1838 1155,1833 1170,1832 1177,1836 1214,1833 1229,1842 1235,1838 1247,1838"/>
          <TextEquiv conf="0.92525566">
            <Unicode>Verordnung</Unicode>
          </TextEquiv>
        </Word>
        <Word id="region0013_line0019_word0001" custom="readingOrder {index:1;}">
          <Coords points="1447,1776 1267,1778 1268,1833 1323,1830 1340,1832 1352,1826 1371,1830 1386,1826 1397,1831 1429,1831 1447,1826 1448,1826"/>
          <TextEquiv conf="0.4804581">
            <Unicode>uͤberall</Unicode>
          </TextEquiv>
        </Word>
        <Word id="region0013_line0019_word0002" custom="readingOrder {index:2;}">
          <Coords points="1471,1765 1472,1830 1474,1830 1492,1826 1509,1830 1659,1827 1658,1770 1658,1770 1653,1763 1643,1763 1635,1769 1624,1771 1547,1767 1543,1764 1510,1765 1508,1768 1485,1768 1483,1765"/>
          <TextEquiv conf="0.9231687">
            <Unicode>bekannt</Unicode>
          </TextEquiv>
        </Word>
        <Word id="region0013_line0019_word0003" custom="readingOrder {index:3;}">
          <Coords points="1817,1761 1816,1761 1814,1766 1686,1767 1679,1769 1680,1837 1683,1831 1698,1826 1710,1826 1823,1827 1830,1834 1845,1835 1854,1827 1895,1825 1894,1760 1886,1760 1881,1765 1850,1765 1845,1760"/>
          <TextEquiv conf="0.8144859">
            <Unicode>gemachet</Unicode>
          </TextEquiv>
        </Word>
        <Word id="region0013_line0019_word0004" custom="readingOrder {index:4;}">
          <Coords points="2043,1769 1929,1771 1929,1822 1934,1823 1959,1820 1973,1823 2014,1822 2016,1826 2029,1824 2037,1819 2043,1820"/>
          <TextEquiv conf="0.8144859">
            <Unicode>auch</Unicode>
          </TextEquiv>
        </Word>
        <Word id="region0013_line0019_word0005" custom="readingOrder {index:5;}">
          <Coords points="2204,1822 2203,1765 2061,1767 2062,1824 2073,1823 2086,1819 2106,1819 2111,1823 2113,1823 2127,1818 2140,1818 2144,1821 2168,1819 2182,1822"/>
          <TextEquiv conf="0.93206847">
            <Unicode>keiner</Unicode>
          </TextEquiv>
        </Word>
        <Word id="region0013_line0019_word0006" custom="readingOrder {index:6;}">
          <Coords points="2232,1762 2231,1763 2227,1764 2228,1831 2231,1832 2245,1830 2248,1824 2280,1823 2286,1830 2299,1831 2310,1823 2309,1764 2298,1765 2294,1761 2272,1761 2272,1762 2268,1763 2268,1762"/>
          <TextEquiv conf="0.9320545">
            <Unicode>ſich</Unicode>
          </TextEquiv>
        </Word>
        <Word id="region0013_line0019_word0007" custom="readingOrder {index:7;}">
          <Coords points="2405,1763 2320,1765 2321,1821 2323,1821 2403,1819 2403,1819 2406,1819"/>
          <TextEquiv conf="0.9203707">
            <Unicode>mit</Unicode>
          </TextEquiv>
        </Word>
        <Word id="region0013_line0019_word0008" custom="readingOrder {index:8;}">
          <Coords points="2493,1766 2416,1767 2416,1816 2421,1816 2467,1820 2472,1823 2487,1823 2491,1820 2493,1820"/>
          <TextEquiv conf="0.92525315">
            <Unicode>der</Unicode>
          </TextEquiv>
        </Word>
        <TextEquiv conf="0.8519557">
          <Unicode>Verordnung uͤberall bekannt gemachet auch keiner ſich mit der</Unicode>
        </TextEquiv>
      </TextLine>
      <TextLine id="region0013_line0020" custom="readingOrder {index:3;}">
        <Coords points="1352,1827 1338,1835 1325,1833 1320,1836 1262,1840 1235,1839 1229,1843 1214,1834 1207,1836 1205,1842 1179,1843 1178,1838 1170,1833 1152,1835 1147,1838 1145,1844 1117,1844 1113,1836 1096,1835 1080,1835 1073,1839 1056,1837 1047,1841 1045,1847 1021,1848 1016,1844 1007,1844 1001,1848 974,1847 960,1842 940,1845 922,1841 907,1844 907,1908 937,1911 949,1905 982,1908 1005,1903 1012,1908 1023,1905 1029,1908 1038,1908 1048,1902 1055,1902 1063,1904 1066,1913 1080,1915 1092,1914 1103,1899 1119,1899 1125,1903 1156,1899 1162,1909 1167,1909 1182,1906 1185,1901 1242,1901 1303,1892 1337,1896 1342,1902 1352,1905 1361,1903 1363,1898 1374,1898 1383,1905 1396,1903 1406,1894 1420,1893 1426,1896 1433,1892 1498,1896 1503,1901 1513,1904 1523,1900 1536,1901 1541,1894 1683,1891 1689,1894 1698,1890 1703,1890 1712,1898 1721,1900 1737,1898 1744,1893 1755,1893 1761,1889 1786,1890 1794,1887 1810,1892 1817,1885 1844,1880 1879,1887 1897,1885 1909,1890 1930,1887 1936,1892 1961,1890 1967,1887 1986,1890 1991,1887 2036,1887 2074,1888 2080,1894 2089,1896 2097,1895 2102,1889 2118,1888 2122,1896 2132,1899 2145,1896 2150,1888 2205,1888 2222,1882 2285,1887 2305,1883 2311,1888 2326,1886 2330,1889 2373,1884 2423,1887 2507,1885 2508,1828 2450,1827 2443,1826 2441,1820 2436,1818 2421,1817 2406,1819 2398,1827 2338,1829 2333,1828 2331,1822 2314,1821 2308,1824 2306,1831 2299,1832 2274,1827 2231,1833 2223,1829 2177,1828 2175,1822 2168,1820 2150,1822 2146,1828 2140,1819 2127,1819 2115,1824 2113,1828 2106,1820 2086,1820 2076,1829 2049,1829 2047,1822 2039,1820 2015,1828 2001,1827 1995,1823 1975,1825 1966,1821 1937,1824 1914,1821 1896,1826 1867,1828 1846,1836 1721,1833 1693,1827 1671,1834 1559,1837 1540,1833 1531,1837 1511,1836 1510,1831 1498,1827 1486,1829 1483,1834 1478,1834 1471,1829 1456,1827 1437,1830 1432,1835 1404,1835 1386,1827 1372,1831"/>
        <Baseline points="907,1897 1268,1884 1736,1880 1837,1871 2508,1873"/>
        <Word id="region0013_line0020_word0000" custom="readingOrder {index:0;}">
          <Coords points="1248,1845 921,1850 921,1909 937,1911 949,1905 982,1908 1005,1903 1012,1908 1023,1905 1029,1908 1038,1908 1048,1902 1055,1902 1063,1904 1066,1913 1080,1915 1092,1914 1103,1899 1119,1899 1125,1903 1156,1899 1162,1909 1167,1909 1182,1906 1185,1901 1242,1901 1248,1899"/>
          <TextEquiv conf="0.92771184">
            <Unicode>Unwiſſenheit</Unicode>
          </TextEquiv>
        </Word>
        <Word id="region0013_line0020_word0001" custom="readingOrder {index:1;}">
          <Coords points="1592,1840 1264,1844 1264,1897 1303,1892 1337,1896 1342,1902 1352,1905 1361,1903 1363,1898 1374,1898 1383,1905 1396,1903 1406,1894 1420,1893 1426,1896 1433,1892 1498,1896 1503,1901 1513,1904 1523,1900 1536,1901 1541,1894 1592,1892"/>
          <TextEquiv conf="0.9183606">
            <Unicode>entſchuldigen</Unicode>
          </TextEquiv>
        </Word>
        <Word id="region0013_line0020_word0002" custom="readingOrder {index:2;}">
          <Coords points="1809,1830 1627,1832 1629,1892 1683,1891 1689,1894 1698,1890 1703,1890 1712,1898 1721,1900 1737,1898 1744,1893 1755,1893 1761,1889 1786,1890 1794,1887 1810,1892 1811,1890"/>
          <TextEquiv>
            <Unicode>moͤgen.</Unicode>
          </TextEquiv>
        </Word>
        <Word id="region0013_line0020_word0003" custom="readingOrder {index:3;}">
          <Coords points="2000,1838 1902,1839 1902,1887 1909,1890 1930,1887 1936,1892 1961,1890 1967,1887 1986,1890 1991,1887 2000,1887"/>
          <TextEquiv conf="0.7929377">
            <Unicode>Als</Unicode>
          </TextEquiv>
        </Word>
        <Word id="region0013_line0020_word0004" custom="readingOrder {index:4;}">
          <Coords points="2224,1832 2023,1835 2023,1887 2036,1887 2074,1888 2080,1894 2089,1896 2097,1895 2102,1889 2118,1888 2122,1896 2132,1899 2145,1896 2150,1888 2205,1888 2222,1882 2224,1882"/>
          <TextEquiv conf="0.92621183">
            <Unicode>befehlen</Unicode>
          </TextEquiv>
        </Word>
        <Word id="region0013_line0020_word0005" custom="readingOrder {index:5;}">
          <Coords points="2351,1833 2261,1834 2261,1885 2285,1887 2305,1883 2310,1887 2315,1887 2326,1886 2327,1887 2346,1887 2351,1886"/>
          <TextEquiv conf="0.92818606">
            <Unicode>wir</Unicode>
          </TextEquiv>
        </Word>
        <Word id="region0013_line0020_word0006" custom="readingOrder {index:6;}">
          <Coords points="2493,1885 2493,1829 2374,1831 2374,1884 2412,1886"/>
          <TextEquiv conf="0.92868406">
            <Unicode>allen</Unicode>
          </TextEquiv>
        </Word>
        <TextEquiv>
          <Unicode>Unwiſſenheit entſchuldigen moͤgen. Als befehlen wir allen</Unicode>
        </TextEquiv>
      </TextLine>
      <TextLine id="region0013_line0021" custom="readingOrder {index:4;}">
        <Coords points="1848,1884 1841,1893 1810,1893 1794,1888 1786,1891 1761,1890 1755,1894 1721,1901 1712,1899 1703,1891 1698,1891 1690,1894 1687,1899 1523,1901 1513,1905 1505,1902 1463,1902 1461,1896 1452,1893 1433,1893 1426,1897 1410,1894 1405,1896 1401,1903 1389,1905 1363,1903 1352,1906 1342,1903 1337,1897 1301,1893 1210,1908 1162,1910 1156,1900 1141,1902 1136,1909 1128,1909 1119,1900 1103,1900 1092,1915 1073,1916 1065,1913 1063,1905 1055,1903 1044,1905 1039,1912 1014,1911 1005,1904 982,1909 949,1906 937,1912 907,1910 907,1973 992,1972 1001,1976 1012,1972 1058,1971 1073,1980 1083,1980 1097,1966 1116,1970 1124,1966 1145,1964 1158,1965 1163,1970 1174,1969 1179,1965 1183,1968 1196,1968 1200,1965 1212,1967 1233,1962 1259,1961 1268,1964 1292,1961 1299,1965 1314,1964 1320,1968 1325,1968 1333,1962 1364,1964 1373,1970 1388,1973 1404,1970 1409,1964 1417,1964 1424,1970 1434,1971 1440,1968 1443,1963 1496,1962 1528,1956 1544,1961 1553,1958 1557,1961 1619,1956 1635,1958 1648,1954 1680,1958 1692,1958 1696,1955 1769,1956 1777,1961 1814,1955 1823,1958 1837,1957 1840,1964 1849,1967 1860,1965 1863,1958 1883,1958 1885,1965 1904,1966 1914,1957 1964,1956 1966,1963 1982,1965 1989,1963 1994,1955 2073,1955 2112,1950 2132,1954 2149,1951 2155,1957 2164,1957 2170,1952 2203,1953 2217,1963 2227,1961 2230,1954 2290,1954 2293,1961 2305,1963 2319,1954 2337,1955 2360,1952 2364,1959 2377,1961 2391,1949 2414,1951 2429,1951 2435,1948 2456,1952 2464,1950 2474,1956 2483,1955 2490,1949 2507,1949 2508,1893 2501,1893 2492,1887 2477,1888 2472,1894 2449,1894 2430,1893 2420,1886 2406,1887 2403,1894 2394,1894 2390,1887 2373,1885 2368,1887 2366,1894 2329,1895 2313,1894 2307,1885 2300,1884 2284,1888 2283,1894 2278,1893 2276,1887 2255,1886 2249,1895 2245,1895 2241,1886 2222,1883 2208,1888 2203,1896 2182,1897 2176,1892 2168,1892 2161,1897 2132,1900 2098,1895 2052,1896 2046,1888 2036,1888 2026,1888 2021,1896 1989,1895 1985,1890 1972,1887 1961,1891 1949,1890 1940,1895 1930,1888 1909,1893 1904,1888 1897,1886 1881,1887 1875,1891 1871,1886"/>
        <Baseline points="907,1963 1703,1943 2507,1938"/>
        <Word id="region0013_line0021_word0000" custom="readingOrder {index:0;}">
          <Coords points="920,1916 920,1972 992,1972 1001,1976 1012,1972 1058,1971 1073,1980 1078,1980 1083,1979 1097,1966 1116,1970 1124,1966 1145,1964 1158,1965 1163,1970 1174,1969 1179,1965 1183,1968 1196,1968 1200,1965 1212,1967 1233,1962 1235,1961 1235,1912 1092,1913 1092,1915 1073,1916 1067,1914"/>
          <TextEquiv conf="0.92404306">
            <Unicode>Obrigkeiten</Unicode>
          </TextEquiv>
        </Word>
        <Word id="region0013_line0021_word0001" custom="readingOrder {index:1;}">
          <Coords points="1588,1905 1266,1909 1266,1963 1268,1964 1292,1961 1299,1965 1314,1964 1320,1968 1325,1968 1333,1962 1364,1964 1373,1970 1388,1973 1404,1970 1409,1964 1417,1964 1424,1970 1434,1971 1440,1968 1443,1963 1496,1962 1528,1956 1544,1961 1553,1958 1557,1961 1588,1958"/>
          <TextEquiv conf="0.9260393">
            <Unicode>Magiſtraten</Unicode>
          </TextEquiv>
        </Word>
        <Word id="region0013_line0021_word0002" custom="readingOrder {index:2;}">
          <Coords points="1726,1908 1629,1909 1629,1957 1635,1958 1648,1954 1680,1958 1692,1958 1696,1955 1726,1955"/>
          <TextEquiv conf="0.9304177">
            <Unicode>und</Unicode>
          </TextEquiv>
        </Word>
        <Word id="word_1666246558717_240" custom="readingOrder {index:3;}">
          <Coords points="1758,1903 2168,1892 2176,1892 2177,1898 2177,1952 2164,1957 1982,1965 1849,1967 1777,1961 1758,1955"/>
          <TextEquiv>
            <Unicode>Befehlshabern/</Unicode>
          </TextEquiv>
        </Word>
        <Word id="region0013_line0021_word0005" custom="readingOrder {index:4;}">
          <Coords points="2210,1895 2211,1959 2217,1963 2217,1963 2227,1961 2230,1954 2290,1954 2293,1961 2297,1962 2307,1962 2319,1954 2337,1955 2346,1954 2346,1895 2329,1895 2313,1894 2313,1893 2283,1894 2283,1894 2283,1894 2249,1894 2249,1895 2245,1895 2245,1894"/>
          <TextEquiv conf="0.9269632">
            <Unicode>ſolche</Unicode>
          </TextEquiv>
        </Word>
        <Word id="region0013_line0021_word0006" custom="readingOrder {index:5;}">
          <Coords points="2497,1894 2370,1896 2370,1960 2376,1961 2377,1961 2391,1949 2414,1951 2429,1951 2435,1948 2456,1952 2464,1950 2474,1956 2483,1955 2490,1949 2497,1949"/>
          <TextEquiv conf="0.9265338">
            <Unicode>jedes</Unicode>
          </TextEquiv>
        </Word>
        <TextEquiv>
          <Unicode>Obrigkeiten Magiſtraten und Befehlshabern/ ſolche jedes</Unicode>
        </TextEquiv>
      </TextLine>
      <TextLine id="region0013_line0022" custom="readingOrder {index:5;}">
        <Coords points="1528,1957 1508,1961 1504,1969 1441,1968 1434,1972 1414,1970 1388,1974 1373,1971 1367,1966 1351,1970 1340,1963 1333,1963 1326,1969 1301,1969 1292,1962 1275,1963 1268,1969 1259,1962 1233,1963 1213,1967 1205,1972 1185,1973 1165,1974 1158,1966 1139,1965 1117,1971 1097,1967 1083,1981 1073,1981 1058,1972 1047,1973 1043,1978 1035,1973 1024,1973 1017,1977 978,1973 907,1976 906,2041 948,2044 990,2040 1027,2041 1032,2037 1104,2037 1111,2034 1113,2043 1125,2046 1143,2044 1152,2034 1221,2034 1253,2029 1275,2031 1280,2028 1303,2035 1311,2030 1320,2037 1334,2035 1337,2029 1351,2028 1367,2031 1373,2028 1382,2031 1393,2030 1397,2027 1482,2026 1502,2027 1506,2034 1512,2036 1524,2034 1527,2028 1538,2026 1565,2026 1591,2035 1597,2033 1605,2024 1619,2022 1627,2025 1628,2031 1635,2034 1643,2033 1652,2024 1740,2023 1748,2026 1777,2024 1781,2031 1796,2033 1803,2026 1816,2024 1880,2024 1886,2020 1905,2018 1913,2021 1928,2018 1939,2022 1957,2020 1967,2023 2029,2019 2045,2024 2076,2023 2085,2028 2106,2027 2112,2023 2151,2022 2176,2017 2183,2021 2196,2018 2215,2029 2222,2027 2225,2019 2261,2020 2318,2016 2328,2020 2339,2017 2346,2010 2355,2010 2362,2017 2418,2017 2423,2026 2434,2028 2443,2025 2446,2018 2478,2018 2482,2021 2507,2018 2508,2009 2507,1960 2459,1960 2457,1953 2443,1949 2432,1950 2422,1959 2409,1959 2407,1951 2391,1950 2378,1962 2363,1959 2321,1961 2317,1958 2305,1964 2271,1962 2267,1955 2259,1953 2247,1954 2241,1962 2217,1964 2203,1954 2194,1961 2161,1961 2136,1959 2127,1952 2112,1951 2087,1953 2076,1961 1982,1966 1954,1964 1948,1958 1930,1956 1922,1964 1907,1964 1904,1967 1891,1968 1879,1964 1849,1968 1838,1963 1822,1965 1819,1958 1814,1956 1792,1958 1781,1964 1727,1964 1719,1956 1702,1958 1697,1964 1666,1965 1662,1957 1647,1955 1633,1959 1627,1965 1583,1964 1577,1967 1548,1967 1546,1962"/>
        <Baseline points="906,2030 1648,2012 2508,2006"/>
        <Word id="region0013_line0022_word0000" custom="readingOrder {index:0;}">
          <Coords points="1069,1983 919,1985 919,2042 920,2042 977,2041 990,2040 1016,2041 1028,2041 1032,2037 1069,2037"/>
          <TextEquiv conf="0.9010721">
            <Unicode>Orts</Unicode>
          </TextEquiv>
        </Word>
        <Word id="word_1666246570494_247" custom="readingOrder {index:1;}">
          <Coords points="1085,1979 1335,1969 1356,1969 1356,2029 1334,2035 1320,2037 1125,2046 1085,2037"/>
          <TextEquiv>
            <Unicode>oͤffentlich/</Unicode>
          </TextEquiv>
        </Word>
        <Word id="region0013_line0022_word0003" custom="readingOrder {index:2;}">
          <Coords points="1498,1981 1355,1983 1355,2028 1366,2030 1367,2030 1373,2028 1380,2030 1386,2030 1393,2030 1397,2027 1482,2026 1498,2026"/>
          <TextEquiv conf="0.9304818">
            <Unicode>wann</Unicode>
          </TextEquiv>
        </Word>
        <Word id="region0013_line0022_word0004" custom="readingOrder {index:3;}">
          <Coords points="1563,1970 1509,1971 1509,2035 1512,2036 1524,2034 1527,2028 1538,2026 1563,2026"/>
          <TextEquiv conf="0.9306202">
            <Unicode>ſie</Unicode>
          </TextEquiv>
        </Word>
        <Word id="region0013_line0022_word0005" custom="readingOrder {index:4;}">
          <Coords points="1819,1969 1574,1972 1574,2029 1591,2035 1597,2033 1605,2024 1619,2022 1627,2025 1628,2031 1635,2034 1643,2033 1652,2024 1740,2023 1748,2026 1777,2024 1781,2031 1796,2033 1803,2026 1816,2024 1819,2024"/>
          <TextEquiv conf="0.92420685">
            <Unicode>zuforderſt</Unicode>
          </TextEquiv>
        </Word>
        <Word id="region0013_line0022_word0006" custom="readingOrder {index:5;}">
          <Coords points="1921,1979 1826,1980 1826,2024 1880,2024 1886,2020 1905,2018 1913,2021 1921,2019"/>
          <TextEquiv conf="0.9206049">
            <Unicode>von</Unicode>
          </TextEquiv>
        </Word>
        <Word id="region0013_line0022_word0007" custom="readingOrder {index:6;}">
          <Coords points="2071,2022 2071,1968 1932,1970 1932,2019 1939,2022 1957,2020 1967,2023 2029,2019 2040,2022"/>
          <TextEquiv conf="0.9206049">
            <Unicode>denen</Unicode>
          </TextEquiv>
        </Word>
        <Word id="region0013_line0022_word0008" custom="readingOrder {index:7;}">
          <Coords points="2079,1963 2079,2025 2085,2028 2106,2027 2112,2023 2151,2022 2176,2017 2183,2021 2196,2018 2215,2029 2222,2027 2225,2019 2261,2020 2297,2017 2297,1963 2271,1962 2270,1960 2241,1960 2241,1962 2217,1964 2213,1961"/>
          <TextEquiv conf="0.8920806">
            <Unicode>Cantzeln</Unicode>
          </TextEquiv>
        </Word>
        <Word id="region0013_line0022_word0009" custom="readingOrder {index:8;}">
          <Coords points="2309,1962 2305,1964 2306,2017 2318,2016 2328,2020 2339,2017 2346,2010 2355,2010 2362,2017 2418,2017 2423,2026 2424,2026 2440,2026 2443,2025 2446,2018 2478,2018 2482,2021 2498,2019 2497,1960 2459,1960 2459,1960 2379,1961 2378,1962 2373,1961"/>
          <TextEquiv conf="0.9301537">
            <Unicode>verleſen</Unicode>
          </TextEquiv>
        </Word>
        <TextEquiv>
          <Unicode>Orts oͤffentlich/ wann ſie zuforderſt von denen Cantzeln verleſen</Unicode>
        </TextEquiv>
      </TextLine>
      <TextLine id="region0013_line0023" custom="readingOrder {index:6;}">
        <Coords points="2346,2011 2340,2017 2340,2021 2308,2017 2303,2019 2301,2026 2234,2027 2215,2030 2196,2019 2191,2020 2189,2027 2184,2028 2183,2022 2176,2018 2158,2020 2151,2028 2058,2029 2038,2029 2037,2024 2029,2020 2017,2021 2010,2028 2003,2028 1993,2023 1984,2023 1979,2027 1937,2026 1928,2019 1913,2022 1905,2019 1886,2021 1878,2027 1796,2034 1755,2031 1750,2027 1740,2024 1731,2025 1726,2031 1662,2032 1657,2025 1652,2025 1643,2034 1635,2035 1627,2032 1626,2026 1619,2023 1605,2025 1597,2034 1591,2036 1567,2029 1565,2034 1519,2037 1474,2032 1464,2032 1460,2036 1407,2033 1373,2036 1369,2032 1356,2029 1348,2030 1342,2036 1320,2038 1280,2029 1274,2032 1272,2037 1268,2037 1267,2032 1263,2030 1245,2031 1238,2038 1230,2039 1179,2036 1172,2040 1163,2041 1158,2036 1152,2036 1143,2045 1125,2047 1097,2043 1054,2044 1043,2038 1032,2038 1026,2044 1017,2041 1008,2041 1004,2046 985,2047 930,2045 926,2048 907,2048 906,2103 952,2105 957,2107 968,2107 974,2103 1023,2105 1030,2101 1122,2100 1125,2105 1139,2107 1143,2106 1148,2098 1156,2096 1179,2100 1191,2096 1205,2099 1270,2098 1282,2094 1290,2101 1301,2103 1311,2096 1341,2094 1345,2097 1355,2097 1383,2091 1404,2101 1418,2089 1431,2093 1457,2090 1474,2094 1607,2091 1613,2097 1629,2097 1635,2091 1653,2092 1662,2089 1713,2090 1723,2081 1729,2081 1744,2092 1755,2091 1765,2087 1777,2092 1788,2085 1807,2086 1825,2092 1858,2088 1881,2090 1882,2095 1890,2099 1909,2097 1917,2090 1924,2089 1964,2088 2025,2088 2030,2095 2047,2096 2071,2086 2128,2081 2139,2083 2145,2080 2159,2082 2163,2089 2177,2090 2183,2090 2191,2081 2218,2081 2239,2086 2251,2086 2255,2083 2260,2085 2270,2085 2274,2082 2298,2084 2310,2081 2337,2085 2343,2081 2369,2082 2393,2078 2415,2082 2421,2090 2428,2093 2455,2089 2455,2076 2460,2076 2466,2086 2475,2083 2508,2081 2506,2029 2480,2028 2475,2025 2460,2028 2441,2026 2431,2029 2402,2024 2358,2025 2362,2018 2355,2011"/>
        <Baseline points="906,2092 2177,2070 2508,2071"/>
        <Word id="word_1666246591477_253" custom="readingOrder {index:0;}">
          <Coords points="924,2051 1148,2040 1156,2048 1156,2096 1143,2106 1139,2107 955,2106 924,2103"/>
          <TextEquiv>
            <Unicode>worden/</Unicode>
          </TextEquiv>
        </Word>
        <Word id="region0013_line0023_word0002" custom="readingOrder {index:1;}">
          <Coords points="1368,2039 1174,2041 1174,2099 1179,2100 1191,2096 1205,2099 1270,2098 1282,2094 1290,2101 1301,2103 1311,2096 1341,2094 1345,2097 1355,2097 1368,2094"/>
          <TextEquiv conf="0.9310245">
            <Unicode>welches</Unicode>
          </TextEquiv>
        </Word>
        <Word id="region0013_line0023_word0003" custom="readingOrder {index:2;}">
          <Coords points="1446,2048 1389,2048 1389,2093 1404,2101 1418,2089 1431,2093 1446,2091"/>
          <TextEquiv conf="0.9299175">
            <Unicode>zu</Unicode>
          </TextEquiv>
        </Word>
        <Word id="region0013_line0023_word0004" custom="readingOrder {index:3;}">
          <Coords points="1715,2035 1461,2038 1461,2091 1474,2094 1607,2091 1613,2097 1629,2097 1635,2091 1653,2092 1662,2089 1713,2090 1715,2087"/>
          <TextEquiv conf="0.92695147">
            <Unicode>verrichten</Unicode>
          </TextEquiv>
        </Word>
        <Word id="region0013_line0023_word0005" custom="readingOrder {index:4;}">
          <Coords points="1875,2036 1731,2038 1731,2083 1743,2091 1746,2091 1755,2091 1765,2087 1775,2091 1778,2091 1788,2085 1807,2086 1821,2090 1837,2090 1858,2088 1875,2089"/>
          <TextEquiv conf="0.92570543">
            <Unicode>denen</Unicode>
          </TextEquiv>
        </Word>
        <Word id="region0013_line0023_word0006" custom="readingOrder {index:5;}">
          <Coords points="1884,2031 1885,2096 1890,2099 1891,2099 1909,2097 1917,2090 1924,2089 1964,2088 2025,2088 2030,2095 2047,2096 2071,2086 2128,2081 2139,2083 2142,2082 2141,2028 2058,2029 2038,2029 2038,2029"/>
          <TextEquiv conf="0.92096484">
            <Unicode>Predigern</Unicode>
          </TextEquiv>
        </Word>
        <Word id="region0013_line0023_word0007" custom="readingOrder {index:6;}">
          <Coords points="2338,2020 2308,2017 2303,2019 2301,2026 2234,2027 2215,2030 2196,2019 2191,2020 2189,2027 2184,2028 2183,2022 2176,2018 2161,2019 2161,2087 2163,2089 2177,2090 2183,2090 2191,2081 2218,2081 2239,2086 2251,2086 2255,2083 2260,2085 2270,2085 2274,2082 2298,2084 2310,2081 2337,2085 2338,2083"/>
          <TextEquiv conf="0.925457">
            <Unicode>hiermit</Unicode>
          </TextEquiv>
        </Word>
        <Word id="region0013_line0023_word0008" custom="readingOrder {index:7;}">
          <Coords points="2498,2028 2480,2028 2475,2025 2460,2028 2441,2026 2431,2029 2402,2024 2363,2024 2363,2081 2369,2082 2393,2078 2415,2082 2421,2090 2428,2093 2455,2089 2455,2076 2460,2076 2466,2086 2475,2083 2498,2081"/>
          <TextEquiv conf="0.9280872">
            <Unicode>ange⸗</Unicode>
          </TextEquiv>
        </Word>
        <TextEquiv>
          <Unicode>worden/ welches zu verrichten denen Predigern hiermit ange⸗</Unicode>
        </TextEquiv>
      </TextLine>
      <TextLine id="region0013_line0024" custom="readingOrder {index:7;}">
        <Coords points="1723,2082 1716,2089 1717,2092 1709,2096 1686,2096 1677,2090 1662,2090 1655,2097 1596,2099 1592,2096 1583,2096 1577,2100 1516,2102 1469,2100 1464,2099 1462,2093 1457,2091 1432,2095 1418,2090 1404,2102 1383,2092 1374,2094 1370,2100 1326,2099 1301,2104 1290,2102 1282,2095 1267,2102 1235,2101 1231,2104 1210,2104 1199,2097 1170,2105 1169,2100 1156,2097 1148,2099 1144,2106 1139,2108 1115,2104 1083,2108 1080,2104 1068,2102 1060,2108 1041,2108 1037,2103 1030,2102 1013,2110 976,2111 955,2110 947,2106 925,2104 918,2109 906,2109 906,2167 941,2167 968,2172 992,2167 1018,2169 1022,2172 1036,2168 1178,2167 1218,2164 1224,2170 1234,2169 1241,2163 1267,2162 1286,2157 1308,2162 1315,2170 1328,2170 1344,2156 1355,2159 1372,2158 1382,2169 1388,2168 1395,2160 1406,2161 1412,2167 1421,2168 1437,2160 1481,2159 1485,2165 1491,2166 1510,2159 1518,2159 1522,2155 1577,2160 1593,2153 1604,2152 1615,2154 1632,2152 1639,2156 1698,2154 1700,2161 1713,2165 1723,2164 1735,2152 1750,2152 1758,2157 1770,2158 1781,2165 1793,2163 1803,2167 1819,2165 1825,2160 1855,2157 1915,2156 1920,2153 1938,2155 1957,2149 1976,2148 2004,2149 2021,2152 2026,2156 2054,2150 2098,2154 2174,2153 2176,2160 2187,2165 2196,2161 2211,2162 2219,2152 2265,2150 2275,2153 2285,2148 2304,2150 2308,2158 2314,2159 2320,2158 2330,2148 2344,2149 2349,2146 2365,2146 2372,2153 2381,2152 2386,2159 2397,2158 2402,2151 2433,2151 2436,2157 2445,2160 2458,2160 2469,2151 2508,2151 2507,2092 2480,2093 2476,2091 2463,2093 2452,2090 2447,2093 2428,2094 2406,2080 2393,2079 2375,2080 2367,2083 2363,2090 2324,2091 2321,2084 2304,2082 2298,2085 2274,2084 2266,2091 2231,2093 2230,2085 2225,2083 2191,2082 2183,2091 2177,2091 2163,2090 2157,2083 2145,2081 2139,2084 2093,2085 2088,2088 2063,2090 2047,2097 2015,2095 1912,2096 1890,2100 1883,2096 1865,2095 1858,2089 1825,2093 1807,2087 1790,2086 1773,2094 1735,2096 1737,2089 1729,2082"/>
        <Baseline points="906,2156 1647,2142 2508,2140"/>
        <Word id="region0013_line0024_word0000" custom="readingOrder {index:0;}">
          <Coords points="1082,2113 925,2115 925,2167 941,2167 955,2169 980,2169 992,2167 1016,2168 1033,2168 1036,2168 1082,2167"/>
          <TextEquiv conf="0.9284951">
            <Unicode>deutet</Unicode>
          </TextEquiv>
        </Word>
        <Word id="word_1666246603920_259" custom="readingOrder {index:1;}">
          <Coords points="1100,2105 1156,2097 1199,2097 1245,2110 1245,2162 1235,2167 1225,2168 1100,2167"/>
          <TextEquiv>
            <Unicode>wird/</Unicode>
          </TextEquiv>
        </Word>
        <Word id="word_1666246611942_265" custom="readingOrder {index:2;}">
          <Coords points="1252,2105 1584,2096 1592,2096 1608,2098 1608,2152 1577,2160 1491,2166 1421,2168 1382,2169 1328,2170 1315,2170 1252,2162"/>
          <TextEquiv>
            <Unicode>anzuſchlagen/</Unicode>
          </TextEquiv>
        </Word>
        <Word id="region0013_line0024_word0005" custom="readingOrder {index:3;}">
          <Coords points="1694,2154 1693,2102 1598,2104 1598,2152 1604,2152 1615,2154 1632,2152 1637,2155"/>
          <TextEquiv conf="0.927509">
            <Unicode>und</Unicode>
          </TextEquiv>
        </Word>
        <Word id="region0013_line0024_word0006" custom="readingOrder {index:4;}">
          <Coords points="1788,2086 1736,2088 1736,2092 1736,2095 1736,2152 1781,2165 1788,2163"/>
          <TextEquiv conf="0.926721">
            <Unicode>zu</Unicode>
          </TextEquiv>
        </Word>
        <Word id="region0013_line0024_word0007" custom="readingOrder {index:5;}">
          <Coords points="1779,2098 1779,2164 1781,2165 1793,2163 1802,2166 1805,2166 1819,2165 1825,2160 1855,2157 1915,2156 1920,2153 1938,2155 1957,2149 1976,2148 2004,2149 2021,2152 2026,2156 2054,2150 2067,2151 2067,2094 2053,2094 2047,2097 2015,2095 1948,2095 1911,2096 1890,2100 1883,2096"/>
          <TextEquiv conf="0.9246514">
            <Unicode>Jedermans</Unicode>
          </TextEquiv>
        </Word>
        <Word id="region0013_line0024_word0008" custom="readingOrder {index:6;}">
          <Coords points="2090,2092 2091,2153 2098,2154 2174,2153 2176,2160 2186,2165 2188,2165 2196,2161 2211,2162 2219,2152 2265,2150 2275,2153 2285,2148 2304,2150 2308,2158 2314,2159 2320,2158 2330,2148 2344,2149 2349,2146 2365,2146 2372,2153 2381,2152 2386,2159 2397,2158 2402,2151 2422,2151 2421,2090 2417,2087 2364,2088 2363,2090 2324,2091 2323,2088 2268,2089 2266,2091 2231,2093 2231,2090 2183,2091 2183,2091 2177,2091 2173,2091"/>
          <TextEquiv conf="0.92205817">
            <Unicode>Wiſſenſchafft</Unicode>
          </TextEquiv>
        </Word>
        <Word id="region0013_line0024_word0009" custom="readingOrder {index:7;}">
          <Coords points="2499,2100 2441,2101 2442,2156 2463,2155 2469,2151 2499,2151"/>
          <TextEquiv conf="0.9329061">
            <Unicode>zu</Unicode>
          </TextEquiv>
        </Word>
        <TextEquiv>
          <Unicode>deutet wird/ anzuſchlagen/ und zu Jedermans Wiſſenſchafft zu</Unicode>
        </TextEquiv>
      </TextLine>
      <TextLine id="region0013_line0025" custom="readingOrder {index:8;}">
        <Coords points="1599,2153 1577,2161 1538,2163 1537,2158 1522,2156 1518,2160 1510,2160 1491,2167 1437,2168 1432,2165 1421,2169 1406,2166 1382,2170 1372,2159 1355,2160 1344,2157 1328,2171 1304,2169 1298,2167 1297,2162 1286,2158 1268,2162 1265,2169 1205,2170 1190,2173 1154,2174 1148,2168 1138,2168 1131,2174 1108,2172 1009,2177 1008,2171 1003,2168 988,2169 981,2176 972,2176 958,2175 946,2169 927,2168 919,2174 906,2174 906,2236 965,2235 970,2238 1022,2236 1040,2243 1061,2242 1082,2230 1120,2232 1131,2238 1147,2226 1166,2229 1194,2226 1202,2231 1239,2226 1251,2228 1279,2226 1292,2236 1301,2234 1306,2228 1425,2227 1504,2222 1517,2226 1547,2225 1561,2220 1587,2222 1593,2231 1604,2233 1619,2228 1623,2223 1780,2227 1856,2225 1884,2220 1919,2219 1963,2222 1998,2219 2003,2222 2018,2219 2152,2220 2156,2225 2166,2227 2194,2214 2206,2218 2261,2215 2267,2223 2282,2218 2326,2216 2336,2217 2342,2225 2351,2223 2356,2217 2364,2220 2374,2213 2408,2216 2468,2215 2473,2221 2491,2223 2497,2214 2508,2214 2507,2158 2489,2158 2473,2152 2467,2153 2458,2161 2430,2157 2386,2160 2381,2153 2372,2154 2365,2147 2349,2147 2344,2150 2330,2149 2320,2159 2314,2160 2303,2159 2300,2151 2285,2149 2275,2154 2266,2153 2261,2159 2214,2161 2200,2164 2196,2162 2187,2166 2175,2160 2166,2163 2068,2160 2066,2153 2061,2151 2045,2153 2041,2159 2020,2156 2004,2150 1957,2150 1941,2156 1908,2159 1902,2155 1893,2156 1883,2162 1830,2163 1803,2168 1793,2164 1781,2166 1770,2159 1758,2158 1750,2153 1735,2153 1723,2165 1713,2166 1697,2161 1641,2159 1632,2153 1615,2155"/>
        <Baseline points="906,2224 2508,2203"/>
        <Word id="word_1666246622322_271" custom="readingOrder {index:0;}">
          <Coords points="927,2180 1136,2170 1150,2170 1161,2174 1162,2228 1131,2238 1061,2242 1038,2242 970,2238 927,2235"/>
          <TextEquiv>
            <Unicode>bringen/</Unicode>
          </TextEquiv>
        </Word>
        <Word id="region0013_line0025_word0002" custom="readingOrder {index:1;}">
          <Coords points="1306,2173 1191,2174 1192,2226 1194,2226 1202,2231 1239,2226 1251,2228 1279,2226 1292,2236 1301,2234 1306,2228 1307,2228"/>
          <TextEquiv conf="0.92559916">
            <Unicode>auch</Unicode>
          </TextEquiv>
        </Word>
        <Word id="region0013_line0025_word0003" custom="readingOrder {index:2;}">
          <Coords points="1323,2171 1324,2228 1425,2227 1436,2226 1435,2170 1328,2171 1328,2171 1328,2171"/>
          <TextEquiv conf="0.9308325">
            <Unicode>uͤber</Unicode>
          </TextEquiv>
        </Word>
        <Word id="region0013_line0025_word0004" custom="readingOrder {index:3;}">
          <Coords points="1553,2171 1466,2172 1466,2224 1504,2222 1517,2226 1547,2225 1553,2222"/>
          <TextEquiv conf="0.92076296">
            <Unicode>alle</Unicode>
          </TextEquiv>
        </Word>
        <Word id="region0013_line0025_word0005" custom="readingOrder {index:4;}">
          <Coords points="1588,2168 1588,2224 1593,2231 1604,2233 1619,2228 1623,2223 1780,2227 1797,2226 1797,2165 1795,2165 1786,2165 1781,2166 1779,2165"/>
          <TextEquiv conf="0.9213871">
            <Unicode>Punckte</Unicode>
          </TextEquiv>
        </Word>
        <Word id="region0013_line0025_word0006" custom="readingOrder {index:5;}">
          <Coords points="1921,2172 1827,2173 1828,2225 1857,2224 1884,2220 1919,2219 1921,2219"/>
          <TextEquiv conf="0.93016386">
            <Unicode>und</Unicode>
          </TextEquiv>
        </Word>
        <Word id="region0013_line0025_word0007" custom="readingOrder {index:6;}">
          <Coords points="1946,2165 1947,2221 1963,2222 1998,2219 2003,2222 2018,2219 2152,2220 2156,2225 2157,2225 2170,2225 2194,2214 2206,2218 2245,2216 2244,2161 2212,2161 2200,2164 2196,2162 2187,2166 2179,2162 2169,2162 2166,2163 2144,2162"/>
          <TextEquiv conf="0.93062836">
            <Unicode>Meinungen</Unicode>
          </TextEquiv>
        </Word>
        <Word id="region0013_line0025_word0008" custom="readingOrder {index:7;}">
          <Coords points="2265,2159 2266,2222 2267,2223 2282,2218 2326,2216 2336,2217 2342,2225 2351,2223 2356,2217 2364,2220 2374,2213 2380,2214 2379,2158 2320,2159 2320,2159 2314,2160 2303,2159 2303,2159"/>
          <TextEquiv conf="0.9257681">
            <Unicode>ſteiff</Unicode>
          </TextEquiv>
        </Word>
        <Word id="region0013_line0025_word0009" custom="readingOrder {index:8;}">
          <Coords points="2497,2164 2386,2166 2387,2214 2408,2216 2468,2215 2473,2221 2484,2222 2492,2222 2497,2214 2498,2214"/>
          <TextEquiv conf="0.93077004">
            <Unicode>und</Unicode>
          </TextEquiv>
        </Word>
        <TextEquiv>
          <Unicode>bringen/ auch uͤber alle Punckte und Meinungen ſteiff und</Unicode>
        </TextEquiv>
      </TextLine>
      <TextLine id="region0013_line0026" custom="readingOrder {index:9;}">
        <Coords points="1147,2227 1131,2239 1102,2239 1101,2233 1097,2232 1082,2231 1072,2235 1068,2241 1053,2244 1011,2240 999,2240 993,2244 906,2245 906,2300 937,2300 951,2304 1020,2303 1025,2300 1045,2302 1050,2299 1069,2301 1073,2298 1146,2299 1176,2297 1184,2293 1190,2296 1214,2293 1227,2298 1267,2296 1273,2301 1285,2302 1297,2295 1338,2293 1363,2289 1372,2302 1376,2303 1388,2302 1398,2293 1408,2292 1488,2291 1491,2297 1511,2300 1520,2297 1521,2291 1649,2289 1653,2292 1663,2292 1668,2289 1735,2288 1741,2282 1798,2281 1912,2283 1919,2289 1933,2290 1943,2289 1952,2283 2008,2277 2063,2276 2100,2279 2133,2290 2172,2291 2181,2297 2196,2295 2201,2290 2250,2287 2340,2286 2348,2295 2359,2295 2367,2286 2469,2287 2474,2291 2508,2287 2508,2222 2496,2219 2491,2224 2484,2224 2464,2222 2459,2217 2433,2222 2427,2216 2416,2215 2408,2217 2404,2223 2384,2223 2382,2215 2374,2214 2364,2221 2356,2218 2351,2224 2342,2226 2330,2224 2288,2225 2285,2219 2267,2224 2261,2216 2246,2218 2242,2224 2214,2224 2203,2217 2191,2215 2166,2228 2155,2226 2116,2229 2016,2228 2011,2224 2001,2224 1996,2228 1926,2228 1919,2220 1884,2221 1875,2224 1871,2229 1831,2231 1809,2237 1735,2238 1693,2231 1641,2229 1617,2229 1604,2234 1593,2232 1587,2223 1576,2224 1570,2221 1551,2223 1546,2230 1513,2231 1512,2226 1508,2224 1491,2223 1486,2225 1482,2232 1404,2234 1378,2230 1370,2235 1345,2236 1292,2237 1279,2227 1262,2228 1254,2235 1252,2229 1242,2227 1210,2230 1206,2235 1194,2227 1182,2227 1174,2229 1173,2235 1168,2237 1167,2230 1163,2228"/>
        <Baseline points="906,2289 2060,2267 2176,2280 2508,2277"/>
        <Word id="region0013_line0026_word0000" custom="readingOrder {index:0;}">
          <Coords points="994,2243 993,2244 929,2244 929,2300 937,2300 951,2304 1020,2303 1025,2300 1045,2302 1050,2299 1069,2301 1073,2298 1146,2299 1176,2297 1184,2293 1190,2296 1214,2293 1227,2298 1267,2296 1273,2301 1285,2302 1297,2295 1299,2294 1299,2239 1061,2242 1053,2244 1037,2242"/>
          <TextEquiv conf="0.9194742">
            <Unicode>unverbruͤchlich</Unicode>
          </TextEquiv>
        </Word>
        <Word id="region0013_line0026_word0001" custom="readingOrder {index:1;}">
          <Coords points="1425,2246 1367,2247 1367,2295 1372,2302 1376,2303 1388,2302 1398,2293 1408,2292 1425,2291"/>
          <TextEquiv conf="0.93137896">
            <Unicode>zu</Unicode>
          </TextEquiv>
        </Word>
        <Word id="region0013_line0026_word0002" custom="readingOrder {index:2;}">
          <Coords points="1666,2235 1491,2237 1491,2297 1511,2300 1520,2297 1521,2291 1649,2289 1653,2292 1663,2292 1666,2289"/>
          <TextEquiv conf="0.9222862">
            <Unicode>halten.</Unicode>
          </TextEquiv>
        </Word>
        <Word id="region0013_line0026_word0003" custom="readingOrder {index:3;}">
          <Coords points="2092,2235 1877,2238 1877,2282 1912,2283 1919,2289 1933,2290 1943,2289 1952,2283 2008,2277 2063,2276 2092,2278"/>
          <TextEquiv conf="0.80678505">
            <Unicode>Signatum</Unicode>
          </TextEquiv>
        </Word>
        <Word id="word_1666246640328_278" custom="readingOrder {index:4;}">
          <Coords points="2160,2227 2496,2219 2507,2221 2507,2287 2474,2291 2192,2296 2179,2296 2161,2291"/>
          <TextEquiv>
            <Unicode>Halberſtadt/</Unicode>
          </TextEquiv>
        </Word>
        <TextEquiv>
          <Unicode>unverbruͤchlich zu halten. Signatum Halberſtadt/</Unicode>
        </TextEquiv>
      </TextLine>
      <TextLine id="region0013_line0027" custom="readingOrder {index:10;}">
        <Coords points="1359,2290 1346,2293 1341,2301 1285,2303 1230,2301 1214,2294 1202,2297 1184,2294 1167,2302 1143,2304 1101,2304 1095,2299 1082,2299 1075,2305 1050,2300 1041,2305 1015,2308 956,2307 947,2303 929,2301 922,2306 906,2306 907,2370 1213,2369 1462,2361 1499,2362 1505,2369 1517,2369 1526,2363 1562,2362 1567,2367 1587,2367 1596,2362 1716,2357 1721,2352 1720,2317 1715,2312 1663,2312 1655,2304 1644,2300 1594,2298 1590,2295 1519,2298 1511,2301 1493,2298 1408,2298 1373,2304 1366,2293"/>
        <Baseline points="907,2361 1721,2349"/>
        <Word id="region0013_line0027_word0000" custom="readingOrder {index:0;}">
          <Coords points="1021,2316 921,2317 921,2369 1021,2369"/>
          <TextEquiv conf="0.9267978">
            <Unicode>den</Unicode>
          </TextEquiv>
        </Word>
        <Word id="region0013_line0027_word0001" custom="readingOrder {index:1;}">
          <Coords points="1153,2314 1042,2315 1042,2369 1153,2369"/>
          <TextEquiv>
            <Unicode>8ten</Unicode>
          </TextEquiv>
        </Word>
        <Word id="region0013_line0027_word0002" custom="readingOrder {index:2;}">
          <Coords points="1433,2305 1173,2308 1173,2369 1213,2369 1433,2361"/>
          <TextEquiv conf="0.91720724">
            <Unicode>December</Unicode>
          </TextEquiv>
        </Word>
        <Word id="region0013_line0027_word0003" custom="readingOrder {index:3;}">
          <Coords points="1620,2313 1472,2315 1472,2361 1499,2362 1505,2369 1517,2369 1526,2363 1562,2362 1567,2367 1587,2367 1596,2362 1620,2360"/>
          <TextEquiv conf="0.9069054">
            <Unicode>1713.</Unicode>
          </TextEquiv>
        </Word>
        <TextEquiv>
          <Unicode>den 8ten December 1713.</Unicode>
        </TextEquiv>
      </TextLine>
      <TextEquiv>
        <Unicode>15. Die Tiſchler ſich mit Dielen zu bald verfaulenden
Saͤrcken, bey Zeiten zu verſehen. Damit nun dieſe heilſame
Verordnung uͤberall bekannt gemachet auch keiner ſich mit der
Unwiſſenheit entſchuldigen moͤgen. Als befehlen wir allen
Obrigkeiten Magiſtraten und Befehlshabern/ ſolche jedes
Orts oͤffentlich/ wann ſie zuforderſt von denen Cantzeln verleſen
worden/ welches zu verrichten denen Predigern hiermit ange⸗
deutet wird/ anzuſchlagen/ und zu Jedermans Wiſſenſchafft zu
bringen/ auch uͤber alle Punckte und Meinungen ſteiff und
unverbruͤchlich zu halten. Signatum Halberſtadt/
den 8ten December 1713.</Unicode>
      </TextEquiv>
    </TextRegion>
    <TextRegion orientation="0.7893008" readingDirection="left-to-right" id="region0014" custom="readingOrder {index:5;}">
      <Coords points="1648,2477 2507,2477 2507,2792 1648,2792"/>
      <TextLine id="region0014_line0001" custom="readingOrder {index:0;}">
        <Coords points="1714,2480 1709,2485 1698,2485 1689,2481 1648,2486 1648,2561 1697,2562 1733,2554 1739,2557 1783,2555 1803,2560 1813,2555 1843,2555 1855,2549 1882,2547 1905,2548 1906,2556 1916,2561 1926,2559 1938,2551 1951,2549 1961,2550 1969,2555 1978,2554 1988,2549 2007,2549 2013,2552 2013,2557 2024,2561 2030,2560 2034,2554 2042,2551 2061,2553 2069,2560 2083,2558 2087,2551 2102,2551 2109,2558 2124,2555 2129,2550 2149,2551 2155,2548 2184,2549 2191,2553 2204,2550 2213,2554 2224,2551 2284,2552 2294,2548 2313,2548 2335,2550 2341,2556 2350,2559 2360,2558 2369,2550 2383,2551 2388,2548 2402,2548 2408,2553 2418,2550 2422,2553 2463,2550 2491,2556 2500,2548 2507,2548 2506,2487 2442,2486 2437,2481 2424,2481 2419,2477 2409,2478 2395,2485 2385,2485 2366,2484 2355,2477 2307,2483 2297,2478 2283,2481 2247,2478 2184,2478 2125,2482 2119,2478 2077,2477 2069,2481 2023,2478 2019,2485 2008,2487 1957,2481 1952,2478 1935,2480 1931,2477 1911,2477 1846,2482 1819,2481 1812,2489 1801,2492 1796,2492 1786,2482 1775,2482 1764,2492 1739,2488 1724,2480"/>
        <Baseline points="1648,2549 1888,2534 2034,2540 2507,2535"/>
        <Word id="region0014_line0001_word0000" custom="readingOrder {index:0;}">
          <Coords points="1851,2500 1653,2503 1653,2561 1697,2562 1733,2554 1739,2557 1783,2555 1803,2560 1813,2555 1843,2555 1851,2550"/>
          <TextEquiv conf="0.8435113">
            <Unicode>Koͤnigl.</Unicode>
          </TextEquiv>
        </Word>
        <Word id="region0014_line0001_word0001" custom="readingOrder {index:1;}">
          <Coords points="2156,2494 1906,2497 1906,2556 1916,2561 1926,2559 1938,2551 1951,2549 1961,2550 1969,2555 1978,2554 1988,2549 2007,2549 2013,2552 2013,2557 2024,2561 2030,2560 2034,2554 2042,2551 2061,2553 2069,2560 2083,2558 2087,2551 2102,2551 2109,2558 2124,2555 2129,2550 2149,2551 2155,2548 2156,2548"/>
          <TextEquiv conf="0.86306">
            <Unicode>Peußiſche</Unicode>
          </TextEquiv>
        </Word>
        <Word id="word_1666246660893_290" custom="readingOrder {index:2;}">
          <Coords points="2174,2496 2484,2486 2505,2486 2505,2548 2491,2556 2350,2559 2213,2554 2191,2553 2174,2548"/>
          <TextEquiv>
            <Unicode>Stadthalter/</Unicode>
          </TextEquiv>
        </Word>
        <TextEquiv>
          <Unicode>Koͤnigl. Peußiſche Stadthalter/</Unicode>
        </TextEquiv>
      </TextLine>
      <TextLine id="region0014_line0002" custom="readingOrder {index:1;}">
        <Coords points="1855,2550 1839,2558 1822,2555 1802,2561 1783,2556 1773,2561 1742,2563 1736,2556 1725,2555 1715,2558 1711,2565 1674,2564 1668,2567 1648,2567 1649,2616 1672,2616 1677,2620 1691,2616 1695,2619 1706,2619 1711,2615 1730,2617 1760,2611 1775,2614 1782,2611 1794,2617 1798,2614 1839,2613 1844,2610 1862,2619 1870,2611 1903,2614 1909,2609 1925,2609 1938,2614 1952,2615 1964,2609 1969,2613 1985,2609 1995,2617 2004,2617 2011,2610 2027,2609 2032,2612 2065,2611 2073,2608 2103,2609 2105,2606 2122,2605 2129,2610 2140,2610 2144,2606 2163,2604 2243,2607 2264,2602 2277,2607 2290,2607 2296,2612 2312,2608 2324,2612 2382,2608 2384,2615 2393,2618 2400,2617 2409,2609 2417,2606 2463,2611 2468,2611 2474,2606 2482,2610 2507,2607 2506,2557 2491,2557 2477,2553 2458,2558 2409,2558 2402,2549 2388,2549 2350,2560 2341,2557 2335,2551 2294,2549 2282,2557 2225,2559 2214,2558 2212,2554 2204,2551 2191,2554 2184,2550 2155,2549 2147,2557 2125,2555 2109,2559 2102,2552 2096,2552 2077,2561 2056,2559 2049,2552 2042,2552 2034,2555 2030,2561 2024,2562 2012,2558 2011,2552 2007,2550 1988,2550 1978,2557 1973,2558 1960,2551 1951,2550 1938,2552 1926,2560 1916,2562 1906,2557 1872,2558 1865,2550"/>
        <Baseline points="1648,2605 2221,2594 2506,2597"/>
        <Word id="region0014_line0002_word0000" custom="readingOrder {index:0;}">
          <Coords points="1910,2562 1671,2566 1672,2616 1672,2616 1677,2620 1691,2616 1695,2619 1706,2619 1711,2615 1730,2617 1760,2611 1775,2614 1782,2611 1794,2617 1798,2614 1839,2613 1844,2610 1862,2619 1862,2619 1870,2611 1903,2614 1909,2609 1911,2609"/>
          <TextEquiv conf="0.92529124">
            <Unicode>wuͤrcklicher</Unicode>
          </TextEquiv>
        </Word>
        <Word id="region0014_line0002_word0001" custom="readingOrder {index:1;}">
          <Coords points="1919,2562 1920,2609 1925,2609 1938,2614 1952,2615 1964,2609 1969,2613 1985,2609 1995,2617 2004,2617 2011,2610 2027,2609 2032,2612 2065,2611 2073,2608 2103,2609 2105,2606 2122,2605 2129,2610 2140,2610 2144,2606 2149,2605 2148,2559 2079,2560 2077,2561 2067,2560 2030,2561 2030,2561 2024,2562 2020,2561"/>
          <TextEquiv conf="0.9071445">
            <Unicode>Geheimter</Unicode>
          </TextEquiv>
        </Word>
        <Word id="word_1666246679962_297" custom="readingOrder {index:2;}">
          <Coords points="2173,2555 2212,2554 2287,2553 2300,2553 2407,2556 2409,2558 2410,2609 2404,2613 2384,2613 2296,2612 2173,2604"/>
          <TextEquiv>
            <Unicode>Etats-Rath</Unicode>
          </TextEquiv>
        </Word>
        <Word id="region0014_line0002_word0004" custom="readingOrder {index:3;}">
          <Coords points="2502,2607 2501,2560 2416,2561 2417,2606 2417,2606 2434,2608 2472,2607 2474,2606 2477,2607"/>
          <TextEquiv conf="0.92873">
            <Unicode>und</Unicode>
          </TextEquiv>
        </Word>
        <TextEquiv>
          <Unicode>wuͤrcklicher Geheimter Etats-Rath und</Unicode>
        </TextEquiv>
      </TextLine>
      <TextLine id="region0014_line0003" custom="readingOrder {index:2;}">
        <Coords points="2262,2603 2249,2609 2238,2609 2233,2613 2188,2614 2183,2607 2163,2605 2151,2612 2141,2613 2129,2613 2122,2606 2105,2607 2103,2610 2073,2609 2061,2615 2042,2611 2031,2616 2004,2618 1995,2618 1985,2610 1977,2617 1972,2614 1963,2614 1955,2618 1937,2615 1866,2617 1861,2620 1844,2611 1835,2619 1828,2616 1819,2616 1815,2619 1802,2616 1797,2619 1782,2612 1775,2615 1760,2612 1745,2615 1739,2620 1684,2623 1678,2633 1673,2633 1668,2624 1654,2624 1649,2625 1648,2679 1660,2679 1666,2672 1674,2669 1686,2668 1694,2677 1732,2674 1745,2669 1754,2672 1776,2670 1781,2674 1798,2669 1804,2670 1817,2680 1826,2677 1837,2678 1853,2669 1894,2669 1900,2673 1923,2668 1939,2669 1945,2673 1970,2677 1982,2673 1986,2667 1991,2670 2000,2670 2004,2667 2022,2669 2026,2666 2061,2666 2066,2672 2104,2668 2146,2668 2149,2673 2157,2675 2168,2666 2184,2664 2194,2668 2200,2663 2207,2663 2222,2667 2250,2667 2252,2674 2257,2676 2271,2674 2278,2666 2300,2668 2306,2663 2311,2663 2338,2666 2343,2668 2353,2665 2401,2667 2402,2674 2406,2677 2418,2674 2425,2668 2436,2665 2473,2670 2506,2666 2507,2619 2496,2618 2495,2610 2482,2611 2474,2607 2464,2616 2447,2617 2437,2609 2417,2607 2409,2610 2400,2618 2393,2619 2384,2616 2380,2610 2370,2609 2364,2609 2358,2615 2282,2613 2278,2612 2273,2605"/>
        <Baseline points="1649,2666 2095,2655 2506,2655"/>
        <Word id="region0014_line0003_word0000" custom="readingOrder {index:0;}">
          <Coords points="1738,2634 1668,2635 1668,2671 1674,2669 1686,2668 1692,2675 1715,2675 1732,2674 1738,2671"/>
          <TextEquiv conf="0.9290311">
            <Unicode>zur</Unicode>
          </TextEquiv>
        </Word>
        <Word id="region0014_line0003_word0001" custom="readingOrder {index:1;}">
          <Coords points="1979,2622 1745,2626 1745,2669 1754,2672 1776,2670 1781,2674 1798,2669 1804,2670 1817,2680 1826,2677 1837,2678 1853,2669 1894,2669 1900,2673 1923,2668 1939,2669 1945,2673 1970,2677 1979,2674"/>
          <TextEquiv conf="0.91642463">
            <Unicode>Regierung</Unicode>
          </TextEquiv>
        </Word>
        <Word id="region0014_line0003_word0002" custom="readingOrder {index:2;}">
          <Coords points="2054,2624 1986,2625 1986,2667 1987,2667 2003,2667 2004,2667 2009,2667 2024,2667 2026,2666 2054,2666"/>
          <TextEquiv conf="0.9290012">
            <Unicode>des</Unicode>
          </TextEquiv>
        </Word>
        <Word id="region0014_line0003_word0003" custom="readingOrder {index:3;}">
          <Coords points="2068,2616 2068,2671 2104,2668 2146,2668 2149,2673 2157,2675 2168,2666 2184,2664 2194,2668 2200,2663 2207,2663 2222,2667 2250,2667 2252,2674 2255,2675 2260,2675 2271,2674 2278,2666 2300,2668 2306,2663 2311,2663 2338,2666 2343,2668 2353,2665 2377,2666 2377,2612 2360,2612 2358,2615 2287,2613"/>
          <TextEquiv conf="0.9078958">
            <Unicode>Fuͤrſtenthums</Unicode>
          </TextEquiv>
        </Word>
        <Word id="region0014_line0003_word0004" custom="readingOrder {index:4;}">
          <Coords points="2404,2613 2400,2618 2393,2619 2393,2666 2401,2667 2402,2674 2405,2676 2407,2676 2418,2674 2425,2668 2436,2665 2473,2670 2502,2666 2502,2618 2496,2618 2495,2612 2467,2612 2464,2616 2447,2617 2442,2613"/>
          <TextEquiv conf="0.90295047">
            <Unicode>Hal⸗</Unicode>
          </TextEquiv>
        </Word>
        <TextEquiv conf="0.9170606">
          <Unicode>zur Regierung des Fuͤrſtenthums Hal⸗</Unicode>
        </TextEquiv>
      </TextLine>
      <TextLine id="region0014_line0004" custom="readingOrder {index:3;}">
        <Coords points="1674,2670 1666,2673 1658,2682 1648,2683 1648,2735 1729,2734 1735,2741 1747,2742 1754,2733 1792,2731 1799,2727 1821,2725 1850,2724 1857,2729 1869,2725 1875,2729 1889,2727 1893,2730 1900,2730 1907,2724 1918,2727 1924,2724 1942,2726 1949,2723 1959,2728 1975,2725 1981,2728 1990,2728 2007,2722 2037,2729 2042,2726 2057,2727 2062,2723 2108,2725 2112,2722 2168,2722 2190,2719 2213,2722 2230,2719 2247,2722 2257,2719 2285,2727 2299,2725 2503,2725 2506,2724 2507,2713 2506,2675 2449,2675 2441,2666 2427,2668 2412,2677 2402,2675 2369,2675 2365,2668 2356,2666 2343,2669 2338,2667 2311,2664 2303,2666 2299,2675 2223,2675 2221,2667 2207,2664 2198,2665 2193,2675 2190,2669 2182,2665 2168,2667 2157,2676 2108,2674 2104,2670 2048,2674 2041,2668 2030,2668 2024,2673 1993,2672 1975,2678 1942,2673 1911,2675 1890,2673 1857,2676 1846,2673 1837,2679 1826,2678 1817,2681 1804,2671 1798,2670 1787,2675 1770,2677 1766,2671 1754,2673 1745,2670 1734,2674 1730,2679 1695,2680 1686,2669"/>
        <Baseline points="1648,2725 2193,2710 2507,2716"/>
        <Word id="region0014_line0004_word0000" custom="readingOrder {index:0;}">
          <Coords points="1668,2676 1668,2734 1729,2734 1733,2738 1749,2738 1754,2733 1792,2731 1799,2727 1821,2725 1838,2724 1838,2678 1837,2679 1826,2678 1817,2681 1807,2673 1789,2673 1787,2675 1770,2677 1768,2674 1733,2674 1730,2679 1695,2680 1691,2675"/>
          <TextEquiv conf="0.92655367">
            <Unicode>berſtadt</Unicode>
          </TextEquiv>
        </Word>
        <Word id="region0014_line0004_word0001" custom="readingOrder {index:1;}">
          <Coords points="2064,2679 1845,2682 1845,2724 1850,2724 1857,2729 1858,2729 1869,2725 1874,2729 1878,2729 1889,2727 1891,2728 1902,2728 1907,2724 1918,2727 1924,2724 1942,2726 1949,2723 1958,2727 1962,2727 1975,2725 1979,2727 1993,2727 2007,2722 2026,2727 2041,2726 2042,2726 2046,2726 2058,2726 2062,2723 2065,2723"/>
          <TextEquiv conf="0.92682135">
            <Unicode>verordnete</Unicode>
          </TextEquiv>
        </Word>
        <Word id="region0014_line0004_word0002" custom="readingOrder {index:2;}">
          <Coords points="2072,2676 2073,2723 2109,2725 2112,2722 2168,2722 2190,2719 2213,2722 2230,2719 2247,2722 2257,2719 2269,2722 2297,2722 2296,2675 2193,2674 2157,2676"/>
          <TextEquiv conf="0.91926086">
            <Unicode>Præſident,</Unicode>
          </TextEquiv>
        </Word>
        <Word id="region0014_line0004_word0003" custom="readingOrder {index:3;}">
          <Coords points="2307,2671 2308,2720 2501,2717 2500,2675 2449,2675 2443,2668 2425,2669 2412,2677 2402,2675 2369,2675 2366,2670"/>
          <TextEquiv conf="0.8985915">
            <Unicode>Director</Unicode>
          </TextEquiv>
        </Word>
        <TextEquiv conf="0.91780686">
          <Unicode>berſtadt verordnete Præſident, Director</Unicode>
        </TextEquiv>
      </TextLine>
      <TextLine id="region0014_line0005" custom="readingOrder {index:4;}">
        <Coords points="2179,2720 2157,2728 2150,2728 2147,2723 2135,2721 2128,2723 2124,2729 2096,2731 2030,2732 2024,2725 2007,2723 1992,2727 1989,2732 1959,2733 1958,2729 1950,2724 1942,2727 1924,2725 1918,2728 1907,2725 1899,2733 1858,2732 1850,2725 1799,2728 1773,2737 1773,2773 1778,2778 1897,2781 1901,2784 1917,2780 1998,2779 2086,2781 2091,2785 2099,2785 2104,2781 2122,2785 2134,2781 2194,2782 2198,2784 2212,2781 2241,2781 2248,2790 2256,2790 2267,2781 2363,2777 2368,2772 2367,2740 2362,2735 2314,2729 2271,2727 2270,2724 2257,2720 2244,2724 2230,2720 2218,2722 2216,2725 2207,2721"/>
        <Baseline points="1773,2767 2368,2768"/>
        <Word id="word_1666246702422_307" custom="readingOrder {index:0;}">
          <Coords points="1795,2731 2026,2727 2070,2731 2070,2780 1902,2783 1795,2778"/>
          <TextEquiv>
            <Unicode>Vice-Director</Unicode>
          </TextEquiv>
        </Word>
        <Word id="region0014_line0005_word0002" custom="readingOrder {index:1;}">
          <Coords points="2154,2735 2083,2736 2083,2780 2086,2781 2088,2782 2101,2782 2104,2781 2111,2782 2129,2782 2134,2781 2154,2781"/>
          <TextEquiv conf="0.9116829">
            <Unicode>und</Unicode>
          </TextEquiv>
        </Word>
        <Word id="region0014_line0005_word0003" custom="readingOrder {index:2;}">
          <Coords points="2297,2730 2170,2732 2170,2781 2194,2782 2198,2784 2212,2781 2241,2781 2245,2786 2260,2786 2267,2781 2297,2779"/>
          <TextEquiv conf="0.80277926">
            <Unicode>Raͤthe.</Unicode>
          </TextEquiv>
        </Word>
        <TextEquiv>
          <Unicode>Vice-Director und Raͤthe.</Unicode>
        </TextEquiv>
      </TextLine>
      <TextEquiv>
        <Unicode>Koͤnigl. Peußiſche Stadthalter/
wuͤrcklicher Geheimter Etats-Rath und
zur Regierung des Fuͤrſtenthums Hal⸗
berſtadt verordnete Præſident, Director
Vice-Director und Raͤthe.</Unicode>
      </TextEquiv>
    </TextRegion>
  </Page>
</PcGts>
