1466 2217
824 329 931 369 26.

547 399 663 433 Wenn
689 404 763 434 dem
783 402 970 442 Menſchen
996 406 1028 436 in
1056 405 1168 441 einem
1192 408 1308 448 gewiſ⸗

460 438 515 489 ſen
536 456 661 490 Grade
683 452 777 490 wohl
796 453 836 490 iſt,
857 451 882 490 ſo
897 454 964 493 zeigt
974 452 1021 492 ſich
1031 455 1061 487 in
1077 452 1136 496 ihm
1149 456 1208 492 eine
1221 458 1304 497 ſtarke

459 507 595 547 Neigung
611 517 641 544 zu
666 523 776 548 neuen
785 509 902 551 Jdeen
922 513 977 544 und
992 521 1081 547 neuen
1096 509 1319 556 Genuͤſſen;

460 566 512 597 das
525 567 679 604 Bisherige
699 568 798 606 genuͤgt
815 568 872 608 ihm
890 569 960 605 nicht
980 571 1075 610 mehr,
1102 585 1159 613 und
1173 588 1202 612 er
1221 576 1302 612 ſtrebt

458 638 528 669 ewig
551 631 637 664 einem
667 634 780 670 beſſern,
816 634 1021 674 genußreichern
1046 637 1180 679 Zuſtande
1209 644 1301 678 entge⸗

456 694 517 724 gen.
544 702 583 711 —
606 690 740 728 Befindet
755 699 780 721 er
797 692 845 729 ſich
864 691 928 724 aber
949 693 977 724 in
992 694 1080 726 einem
1102 694 1171 733 allzu
1186 697 1299 731 elenden

454 749 599 790 Zuſtande,
614 751 641 786 ſo
655 750 763 792 entgeht
776 750 835 791 ihm
851 752 942 785 beides
963 769 1003 778 —
1022 756 1119 795 Muth
1134 759 1192 789 und
1201 755 1300 799 Kraft,

455 803 502 838 ſich
517 811 549 838 zu
568 803 696 840 erheben,
717 807 772 840 und
790 803 925 843 denſelben
941 812 973 843 zu
991 796 1149 847 verbeſſern.

855 934 905 959 27.

533 971 603 1008 Die,
624 975 676 1004 aus
696 968 748 1015 dem
753 971 951 1011 Grundtriebe
966 980 1013 1009 des
1028 976 1181 1015 Menſchen
1202 979 1296 1014 entſte⸗

452 1027 559 1069 henden
594 1028 763 1069 Neigungen
800 1031 922 1069 deſſelben
957 1033 1060 1068 kennen
1099 1036 1171 1068 keine
1207 1039 1293 1075 andre

450 1083 636 1124 Schranken,
661 1088 707 1116 als
729 1087 820 1122 welche
841 1085 919 1123 ihnen
939 1092 1074 1122 entweder
1101 1090 1143 1121 die
1164 1091 1293 1133 gebildete

438 1138 654 1189 Vernunft,
687 1153 767 1187 oder,
797 1151 857 1191 ſtatt
883 1151 974 1194 ihrer,
1010 1155 1051 1189 die
1074 1154 1291 1197 Unmoͤglich⸗

434 1211 517 1245 keit
539 1210 604 1250 ſetzt.

801 1263 929 1295 Zuſatz.

529 1325 629 1369 Dieſer
653 1327 753 1367 einzige
775 1326 996 1371 Erfahrurgsſatz
1023 1329 1055 1369 iſt
1083 1338 1121 1365 an
1144 1331 1290 1375 wichtigen

447 1379 638 1419 Folgerungen
653 1388 686 1418 zu
702 1382 866 1422 reichhaltig,
887 1385 923 1415 als
940 1384 996 1422 daß
1008 1384 1048 1421 ich
1062 1387 1131 1422 mich
1147 1388 1289 1427 enthalten

448 1441 542 1474 koͤnte,
583 1440 641 1479 hier
666 1441 828 1482 wenigſtens
853 1443 924 1477 Eine
940 1444 1073 1482 derſelben
1103 1444 1288 1487 anzufuͤhren.

447 1500 508 1535 Sie
524 1500 621 1539 beſteht
636 1503 740 1534 darin:
758 1504 809 1541 daß
826 1505 855 1533 in
868 1505 932 1535 einer
949 1503 1125 1544 Geſellſchaft
1139 1510 1225 1541 weder
1240 1508 1287 1541 ein

445 1558 588 1591 einzelnes,
609 1556 673 1591 noch
691 1555 812 1595 mehrere
827 1556 984 1597 Mitglider
998 1558 1077 1591 einen
1100 1555 1287 1600 ungemeß⸗

446 1625 514 1660 nen
534 1615 615 1661 (oder
638 1615 704 1648 auch
734 1620 788 1650 nur
815 1614 894 1647 einen
919 1621 948 1653 zu
972 1624 1036 1651 weit
1063 1610 1287 1658 ausgedehnten)

444 1676 616 1716 Spielraum
639 1677 685 1716 fuͤr
715 1678 774 1719 ihre
794 1677 951 1719 Neigungen
971 1680 1058 1722 haben
1082 1680 1191 1721 duͤrfen,
1221 1684 1285 1718 weil

444 1738 502 1764 dies
534 1741 624 1770 ganz
652 1734 946 1772 unausbleiblich
969 1736 1024 1771 die
1046 1739 1287 1780 verderblich⸗

442 1796 514 1838 ſten
538 1795 673 1838 Folgen
702 1796 766 1839 fuͤr
796 1800 853 1832 die
885 1798 1010 1845 uͤbrige
1044 1801 1288 1850 Geſellſchaft
