2850 3459
1933 556 1989 592 41

618 656 711 704 Wie
727 654 801 709 ſehr
816 653 879 697 der
896 644 1143 704 gegenwaͤrtig
1161 645 1364 704 glorreichſt
1378 643 1579 700 regierende
1595 640 1724 697 Koͤnig
1744 640 1895 689 Kenner
1913 642 1991 685 und

460 713 645 765 Verehrer
670 715 731 755 der
759 709 905 758 wahren
935 704 1220 762 Gelehrſamkeit
1244 703 1323 758 ſey,
1351 703 1391 758 iſt
1415 702 1546 746 bereits
1570 699 1614 753 in
1640 698 1795 753 Europa
1823 696 1992 742 bekannt.

458 772 518 820 Es
528 774 671 815 werden
672 759 776 825 nicht
796 769 907 811 allein
921 763 1174 819 einheimiſche,
1184 758 1338 816 ſondern
1357 759 1445 814 auch
1460 755 1686 813 auswaͤrtige
1693 753 1870 811 Gelehrte
1883 752 1991 808 durch

461 831 524 881 ihn
544 827 693 873 belohnt
709 830 784 869 und
806 830 1017 874 ermuntert,
1040 825 1091 865 die
1111 824 1156 863 es
1163 822 1263 865 weit
1280 822 1378 873 mehr
1398 813 1615 871 bekraͤftigen
1646 814 1810 867 koͤnnen,
1850 815 1910 856 als
1942 811 1993 865 ich

460 885 501 926 es
523 882 599 933 hier
618 869 690 923 aus
711 880 831 931 eigner
852 874 1105 931 Erfahrung*
1124 871 1267 925 wuͤrdig
1284 879 1325 926 zu
1346 872 1481 924 preiſen
1499 878 1659 922 vermag.
1717 868 1810 915 Wie
1826 869 1902 922 ſehr
1926 867 1992 920 ſich

461 941 617 996 Kuͤnſte,
636 940 936 995 Wiſſenſchaften
956 941 1033 981 und
1048 943 1155 987 guter
1164 934 1377 989 Geſchmack
1395 940 1503 978 unter
1519 931 1629 985 ſeiner
1644 926 1906 984 wohlthaͤtigen
1917 929 1997 974 Re⸗

462 1002 615 1053 gierung
638 999 811 1051 gehoben,
834 1003 910 1041 und
932 996 1174 1046 allenthalben
1196 997 1234 1039 in
1257 993 1387 1045 ſeinem
1398 991 1534 1045 Reiche
1553 990 1742 1036 verbreitet
1762 988 1891 1040 haben,
1903 987 1996 1031 wird

465 1065 581 1104 denen
601 1059 702 1110 leicht
729 1060 768 1102 in
784 1059 841 1100 die
857 1057 989 1106 Augen
1013 1054 1136 1107 fallen,
1155 1052 1212 1097 die
1229 1053 1344 1103 dabey
1365 1049 1461 1104 nicht
1486 1045 1633 1104 muͤſſige
1659 1044 1861 1100 Zuſchauer
1887 1052 1997 1096 gewe⸗

463 1115 536 1167 ſen,
560 1120 637 1159 und
654 1112 755 1169 faͤhig
779 1111 868 1163 ſind,
891 1112 948 1155 die
964 1111 1116 1161 vorigen
1136 1108 1265 1161 Zeiten
1283 1109 1351 1151 mit
1368 1111 1437 1149 den
1464 1101 1757 1157 gegenwaͤrtigen
1783 1108 1825 1154 zu
1852 1099 1998 1152 verglei⸗

464 1173 562 1228 chen.
622 1172 714 1219 Wie
732 1172 807 1224 ſehr
825 1170 912 1219 muß
929 1168 1025 1221 nicht
1044 1172 1106 1211 der
1123 1163 1335 1220 geſchaͤftige
1360 1165 1464 1217 Eifer
1481 1170 1544 1208 der
1573 1158 1760 1215 wuͤrdigen
1782 1159 1999 1214 Mitglieder

463 1235 527 1274 der
541 1230 734 1274 Akademie
757 1232 820 1271 der
845 1223 1146 1280 Wiſſenſchaften
1169 1223 1286 1266 belebt
1301 1218 1457 1270 werden,
1478 1227 1585 1262 wenn
1606 1217 1651 1271 ſie
1679 1220 1749 1261 den
1767 1212 2000 1267 Monarchen

467 1290 506 1332 in
522 1288 622 1338 ihren
644 1282 977 1336 Verſammlungen
997 1289 1039 1335 zu
1062 1280 1163 1333 ſehen
1183 1283 1252 1325 das
1275 1277 1395 1326 Gluͤck
1428 1278 1566 1329 haben,
1594 1283 1700 1318 wenn
1731 1284 1767 1317 er
1798 1274 1897 1326 ihren
1922 1272 2001 1318 Be⸗

462 1342 677 1398 muͤhungen
695 1339 813 1392 ſeinen
838 1338 1081 1394 Koͤniglichen
1097 1333 1312 1393 ſchaͤtzbaren
1331 1333 1486 1390 Beyfall
1506 1333 1615 1387 giebt,
1634 1335 1710 1377 und
1726 1329 1768 1385 ſie
1787 1332 1895 1375 darin
1913 1329 2003 1384 fort⸗

466 1400 639 1457 zufahren
660 1399 748 1452 aufs
764 1391 949 1451 gnaͤdigſte
973 1401 1188 1441 ermuntert.
1253 1391 1393 1447 Schon
1411 1393 1470 1436 als
1479 1390 1692 1447 Kronprinz
1709 1387 1863 1442 ſchenkte
1882 1399 1919 1431 er
1940 1391 2003 1430 der

468 1464 662 1510 Akademie
680 1470 721 1514 zu
740 1457 873 1511 Upſala
892 1459 994 1503 einen
1011 1453 1200 1509 wichtigen
1220 1454 1329 1508 Theil
1346 1458 1408 1499 der
1418 1450 1710 1508 Cronſtedtſchen
1729 1446 2006 1505 Buͤcherſamm⸗

471 1522 575 1573 lung,
597 1519 742 1573 welcher
761 1515 822 1573 fuͤr
839 1520 896 1563 die
937 1508 1165 1573 Schwediſche
1184 1506 1478 1572 Bibelgeſchichte
1490 1512 1526 1563 ſo
1546 1506 1781 1564 merkwuͤrdig
1798 1509 1852 1562 iſt.
1883 1504 2006 1561 Waͤh⸗

468 1574 558 1625 rend
567 1579 686 1632 ſeiner
708 1576 925 1629 Regierung
944 1575 1007 1627 hat
1023 1585 1061 1620 er
1080 1572 1179 1626 nicht
1193 1572 1351 1624 weniger
1370 1572 1426 1614 die
1434 1567 1652 1621 Koͤnigliche
1672 1573 1749 1611 und
1757 1565 2006 1620 Reichs⸗ Bi⸗

471 1637 626 1687 bliothek
653 1636 721 1680 mit
742 1631 932 1687 wichtigen
966 1629 1149 1681 Werken,
1183 1624 1368 1682 koſtbaren
1398 1627 1528 1681 Riſſen
1553 1630 1629 1670 und
1653 1622 1927 1678 Kupferſtichen
1952 1623 2009 1665 be⸗

470 1696 617 1751 ſchenkt,
641 1697 698 1740 die
717 1693 820 1737 einen
842 1692 917 1745 ſehr
938 1690 1076 1746 großen
1096 1688 1234 1741 Werth
1252 1689 1383 1740 haben,
1404 1690 1480 1731 und
1501 1683 1590 1737 noch
1609 1691 1688 1738 zum
1705 1683 1813 1736 Theil
1831 1691 1905 1727 von
1926 1685 2007 1727 dem

471 1753 721 1806 vortreflichen
755 1751 903 1806 Grafen
937 1760 1013 1795 von
1038 1747 1161 1803 Teſſin
1193 1749 1238 1793 in
1263 1745 1415 1800 Jtalien
1449 1749 1526 1790 und
1557 1738 1771 1798 Frankreich
1804 1738 2011 1794 geſammlet

466 1815 638 1857 ſind.**
696 1812 849 1857 Moͤchte
866 1813 930 1857 ihn
947 1807 1035 1864 doch
1054 1810 1113 1855 die
1129 1804 1369 1860 Vorſehung,
1393 1803 1450 1850 die
1477 1803 1540 1857 ihn
1561 1802 1598 1857 ſo
1624 1799 1774 1856 ſichtbar
1804 1795 2011 1854 unterſtuͤtzt

1933 1864 2012 1906 und

640 1952 739 2000 gleich
762 1952 827 1998 auf
847 1955 918 1991 dem
934 1949 1106 1995 Titelblatt
1127 1951 1178 1988 die
1195 1947 1389 1995 Abbildung
1413 1947 1470 1984 des
1487 1938 1807 1992 Begraͤbnißhuͤgels
1827 1939 1906 1987 nach
1929 1940 2011 1978 alter

624 2004 707 2043 Art
725 2004 785 2040 mit
804 2001 888 2038 einer
907 2000 1115 2037 marmornen
1126 1994 1311 2043 Pyramide
1333 1998 1401 2032 und
1419 1997 1473 2030 der
1488 1991 1614 2039 darauf
1624 1989 1829 2039 befindlichen
1844 1988 2013 2036 Jnſchrift

642 2050 815 2101 beygefuͤgt
837 2051 888 2097 iſt.
945 2040 1041 2092 Von
1056 2053 1126 2089 dem
1143 2046 1283 2097 Koͤnigl.
1306 2044 1497 2096 Luſtſchloſſe
1520 2041 1805 2093 Drottningholm
1828 2041 1920 2089 fuͤhrt
1944 2041 2012 2078 eine

644 2093 847 2153 fortgehende
860 2101 948 2146 Aller
965 2101 1079 2149 gerade
1099 2109 1135 2148 zu
1162 2098 1274 2146 dieſem
1290 2094 1405 2145 Huͤgel
1405 2094 1493 2143 hin,
1519 2093 1649 2143 welcher
1669 2097 1738 2133 dem
1761 2093 1854 2141 Auge
1872 2093 1933 2129 mit
1959 2093 2013 2130 der

644 2159 828 2206 Pyramide
845 2158 935 2198 einen
950 2154 1136 2205 praͤchtigen
1150 2152 1288 2194 Anblick
1303 2148 1463 2201 gewaͤhrt.

579 2216 601 2241 *
630 2214 741 2256 Seine
757 2209 897 2259 Koͤnigl.
908 2211 1069 2257 Majeſtaͤt
1087 2213 1190 2256 haben
1207 2214 1292 2253 nicht
1307 2212 1404 2244 allein
1420 2214 1491 2243 dem
1506 2208 1615 2249 Herrn
1624 2208 1805 2242 Bernoulli
1820 2210 1857 2248 zu
1871 2206 2014 2245 Berlin,

647 2282 783 2330 ſondern
810 2278 889 2323 auch
909 2281 980 2315 dem
1006 2275 1115 2323 Herrn
1135 2274 1304 2326 Profeſſor
1340 2273 1418 2318 Paul
1436 2266 1536 2326 Friſi
1544 2273 1577 2310 in
1600 2268 1783 2324 Mailand,
1808 2269 1841 2315 ſo
1859 2268 1920 2305 wie
1937 2266 2016 2311 mir,

645 2325 722 2379 zum
741 2327 873 2376 Zeichen
889 2324 999 2375 Jhres
1014 2324 1175 2375 gnaͤdigen
1190 2321 1453 2373 Wohlgefallens
1469 2331 1513 2359 an
1533 2321 1648 2367 unſern
1656 2317 1775 2368 Jhnen
1797 2316 2016 2365 zugeeigneten

633 2378 807 2431 gelehrten
826 2378 1001 2425 Arbeiten,
1032 2378 1131 2424 jedem
1151 2379 1218 2415 eine
1241 2373 1338 2424 große
1362 2375 1492 2423 goldene
1518 2372 1679 2413 Medaille
1696 2370 1863 2426 geſchenkt.
1934 2367 2015 2410 Den

648 2434 766 2479 beyden
786 2431 881 2478 erſten
901 2433 950 2469 die
969 2430 1034 2476 auf
1046 2433 1097 2470 die
1111 2427 1316 2469 Revolution
1335 2436 1422 2471 1772.
1444 2422 1611 2471 gepraͤgte,
1635 2426 1703 2461 und
1726 2423 1792 2460 mir
1808 2422 1857 2459 die
1880 2418 1944 2464 auf
1965 2423 2016 2458 die

649 2477 913 2534 Taufhandlung
938 2478 1068 2522 Seiner
1080 2479 1222 2528 Koͤnigl.
1238 2476 1363 2528 Hoheit
1386 2479 1441 2520 des
1458 2474 1683 2525 Kronprinzen
1709 2470 1890 2520 verfertigte
1908 2470 2018 2519 ſchoͤne

651 2540 824 2581 Medaille.

585 2608 629 2631 **
655 2603 736 2648 Bey
754 2602 849 2648 dieſer
864 2587 1172 2645 Gelegenheit
1095 2588 1171 2647 darf
1185 2594 1233 2640 ich
1247 2593 1335 2640 nicht
1352 2595 1412 2633 den
1433 2591 1576 2639 neueſten
1584 2588 1727 2631 Beweis
1741 2591 1795 2630 der
1803 2586 2019 2636 Koͤniglichen

626 2652 937 2704 Aufmerkſamkeit
954 2651 1018 2698 auf
1033 2654 1084 2691 die
1100 2649 1336 2697 Vermehrung
1354 2649 1454 2695 dieſes
1470 2643 1736 2694 Buͤcherſchatzes
1753 2640 1942 2689 uͤbergehen,
1965 2643 2019 2677 der

646 2707 793 2742 zugleich
811 2708 862 2742 ein
879 2702 1030 2742 Zeugniß
1050 2708 1104 2742 der
1118 2701 1265 2742 Koͤnigl.
1280 2699 1476 2742 Großmuth
1494 2700 1545 2746 iſt.
1596 2697 1673 2741 Der
1695 2698 1788 2742 ſelige
1806 2692 2020 2742 Canzleyrath

542 2764 700 2815 Schinin.
710 2760 950 2805 Bibel⸗Ueberſ.
957 2773 988 2803 4.
994 2761 1077 2797 St.

1486 2749 1524 2806 F

1923 2748 2021 2795 Berg
