1469 2214
452 436 553 467 malen
572 440 632 467 von
655 438 703 474 A,
743 435 855 472 mithin
876 436 906 468 in
925 437 1127 477 weſentlichen
1155 437 1291 474 Stuͤcken

452 483 497 523 (§.
520 481 615 523 109.)
637 482 805 525 gegruͤndet
822 487 890 524 ſeyn
910 484 1035 521 koͤnnen.
1089 487 1158 526 Alſo
1182 495 1293 523 entwe⸗

452 538 505 568 der
530 536 559 568 in
586 536 701 573 einem,
735 538 806 569 oder
840 539 979 580 mehrern
1005 538 1180 582 derſelben,
1217 542 1289 574 oder

451 592 484 626 in
509 592 597 627 allen.

780 693 807 732 §.
868 701 948 725 111.

526 734 601 762 Das
621 734 712 768 ganze
721 734 829 768 Weſen
840 744 899 761 von
910 736 950 766 A,
962 742 1020 765 von
1037 739 1052 768 a
1059 734 1174 769 kommt
1194 734 1231 768 1)
1244 733 1289 767 al⸗

450 790 497 815 len
516 793 607 829 unter
612 800 636 833 a
652 789 847 819 enthaltenen
864 788 1025 826 Objekten,
1038 790 1091 834 und
1130 786 1162 825 2)
1191 776 1287 825 außer

449 835 540 878 ihnen
560 839 660 870 keinem
682 841 788 885 andern
811 847 856 879 zu,
875 839 1005 883 obgleich
1026 849 1065 881 3)
1084 840 1211 881 einzelne
1229 836 1288 876 we⸗

449 892 586 929 ſentliche
604 888 730 929 Stuͤcke
730 891 819 930 auch
844 892 961 932 andern
991 886 1141 933 Objekten
1162 880 1288 942 zukom⸗

441 939 518 981 men
538 947 665 981 koͤnnen.

553 1006 723 1054 Beweis.
790 1010 824 1053 1)
855 1015 921 1052 Alle
949 1013 1138 1057 weſentliche
1166 1012 1289 1058 Stuͤcke

448 1065 513 1106 ſind
535 1065 753 1107 nothwendige
773 1066 927 1104 Merkmale
946 1063 989 1110 (§.
1011 1065 1109 1110 108.)
1135 1071 1197 1107 und
1209 1066 1289 1110 muͤſ⸗

447 1119 496 1156 ſen
523 1115 618 1156 daher
645 1116 723 1150 allen
748 1123 838 1151 unter
863 1125 882 1147 a
915 1117 1107 1161 enthaltenen
1132 1118 1288 1163 Objekten

449 1178 637 1219 zukommen.

553 1239 590 1265 2)
613 1239 714 1265 Wenn
734 1225 841 1265 einem
855 1218 983 1274 Objekte
1007 1233 1035 1265 X
1057 1234 1115 1267 alle
1138 1237 1286 1275 weſentli⸗

445 1291 498 1328 che
524 1290 640 1333 Stuͤcke
667 1284 742 1334 von
752 1287 792 1330 A
792 1287 989 1332 zukommen,
1021 1282 1059 1332 ſo
1063 1283 1202 1333 kommen
1221 1291 1285 1332 ihm

448 1343 522 1381 auch
551 1343 607 1376 alle
619 1341 847 1387 Eigenſchaften
863 1352 922 1380 von
932 1345 972 1385 A,
993 1343 1036 1388 (§.
1052 1346 1153 1386 108.)
1165 1341 1284 1389 mithin

444 1395 503 1435 alle
516 1394 729 1438 nothwendige
755 1397 928 1434 Merkmale,
956 1398 1020 1441 alſo
1038 1397 1106 1439 alle,
1126 1400 1174 1435 die
1190 1400 1282 1440 durch

446 1448 504 1482 den
523 1442 679 1488 Begriff
662 1442 678 1496 a
698 1446 850 1489 beſtimmt
866 1441 944 1491 ſind,
958 1438 1010 1501 zu,
1034 1437 1110 1484 und
1128 1453 1160 1487 es
1177 1450 1211 1493 iſt
1227 1457 1283 1499 un⸗

445 1494 492 1534 ter
510 1501 573 1544 ihm
598 1492 791 1543 enthalten.

549 1582 586 1639 3)
616 1586 658 1632 (§.
684 1586 784 1630 109.)

788 1677 815 1718 §.
854 1675 959 1711 112.

547 1726 619 1760 Alle
629 1726 822 1762 Merkmale,
851 1725 956 1762 welche
973 1725 1065 1763 durch
1086 1724 1151 1761 eine
1175 1722 1283 1765 Erklaͤ⸗

446 1784 529 1816 rung
555 1777 586 1809 in
618 1779 683 1813 dem
712 1779 874 1816 Erklaͤrten
895 1770 1119 1822 unterſchieden
1145 1783 1282 1823 werden,

443 1831 556 1875 muͤſſen
579 1826 795 1880 nothwendige
812 1835 989 1874 Merkmale
1003 1836 1153 1881 deſſelben
1172 1839 1273 1881 ſeyn.
