1760 2472
661 1269 738 1302 Zwey

620 1290 710 1331 Fehler
731 1296 779 1331 der

620 1331 692 1364 Reg
692 1331 779 1364 erung

621 1367 778 1402 vonCartha⸗

688 1414 734 1439 go.

625 1434 697 1466 Ariſt.
718 1435 736 1466 I.
759 1439 780 1460 c.

619 1026 675 1059 Liv.
682 1013 770 1042 XXXIII

676 1059 720 1087 46.

624 1628 704 1663 Einer
716 1628 780 1668 einzi

621 1679 671 1702 gen
686 1672 779 1703 Perſon

623 1707 687 1735 viele
702 1708 778 1738 Aem⸗

621 1746 662 1770 ter
670 1738 781 1773 beyzule⸗

622 1782 682 1808 gen.

780 421 822 453 ein
834 418 910 458 Jahr
920 416 1056 459 behielten,
1077 415 1174 456 anſtatt
1181 417 1231 459 daß
1240 417 1304 458 dieſe
1313 414 1445 458 beſtaͤndig
1451 414 1613 454 verblieben,

782 469 838 502 und
853 464 915 502 noch
930 466 1004 507 mehr
1017 466 1062 500 als
1069 465 1181 504 hundert
1193 467 1223 499 in
1235 461 1281 505 der
1293 463 1385 504 Anzahl
1393 471 1494 498 waren.
1530 465 1613 500 Man

781 500 870 541 wollte
900 505 1036 546 hierdurch
1064 503 1127 548 der
1145 505 1257 545 Gewalt
1290 508 1334 540 der
1351 503 1520 546 Heerfuͤhrer
1538 505 1614 537 einen

779 543 863 593 Zuͤgel
875 549 991 591 anlegen,
1006 551 1057 590 die,
1078 548 1110 591 ſo
1110 547 1189 591 lange
1209 548 1315 584 dieſelbe
1333 551 1374 585 die
1394 548 1535 584 Soldaten
1546 554 1615 582 com⸗

785 598 938 630 mandirten
952 594 1090 635 ſouverain
1105 596 1159 628 und
1175 593 1226 637 faſt
1236 593 1303 633 ohne
1317 592 1446 633 Graͤnzen
1460 600 1529 627 war.
1551 593 1615 629 Und

783 644 849 670 man
857 636 939 677 ſuchte
955 638 984 678 ſie
998 640 1056 672 dem
1071 637 1143 678 Joch
1150 639 1197 672 der
1210 635 1313 679 Geſetze
1319 634 1349 678 zu
1361 634 1552 675 unterwerfen,
1577 634 1620 667 in⸗

783 681 842 715 dem
851 688 914 714 man
922 680 952 719 ſie
960 670 1075 723 noͤthigte
1088 672 1157 721 dieſẽ
1161 680 1287 720 Richtern
1300 677 1348 720 bey
1355 677 1617 719 ihrerWiederkunft

785 733 822 759 aus
847 726 924 763 ihren
945 719 1088 766 Feldzuͤgen
1104 718 1286 768 Rechenſchaft
1303 720 1334 765 zu
1336 721 1428 765 geben.
1455 724 1516 760 Die
1534 722 1620 764 weiſe⸗

785 765 838 807 ſten
857 768 910 802 und
918 765 1077 808 heilſamſten
1085 765 1295 806 Einrichtungen
1310 765 1385 799 arten
1394 762 1545 804 allmaͤhlich
1554 764 1621 800 aus,

785 812 841 844 und
856 810 963 849 machen
972 810 1069 851 endlich
1098 813 1142 845 der
1164 811 1333 850 Unordnung
1354 808 1409 842 und
1426 809 1472 842 der
1490 805 1620 851 Freyheit

786 851 871 891 Platz,
885 853 925 886 die
941 846 1052 890 uͤberall
1068 852 1204 890 eindringt
1223 854 1277 884 und
1291 851 1337 891 ſich
1354 848 1515 887 ausbreitet.
1534 848 1621 891 Dieſe

787 890 911 929 Richter,
923 890 1015 931 welche
1025 893 1074 925 das
1083 888 1232 930 Schrecken
1240 889 1395 931 desLaſters,
1412 890 1466 922 und
1481 889 1521 922 die
1540 887 1620 929 Stuͤze

787 937 834 970 der
852 934 1047 974 Gerechtigkeit
1065 935 1125 976 ſeyn
1150 931 1258 975 ſollten,
1285 931 1483 974 mißbrauchten
1495 931 1554 970 ihre
1571 931 1630 975 faſt

788 974 1006 1018 unumſchraͤnkte
1014 974 1137 1017 Gewalt,
1150 979 1205 1010 und
1221 979 1333 1012 wurden
1350 973 1413 1011 eben
1427 975 1454 1017 ſo
1469 975 1520 1012 viel
1537 974 1622 1011 kleine

789 1018 945 1061 Tyrannen.
966 1015 1098 1060 Annibal,
1107 1016 1153 1052 der
1163 1017 1228 1057 nach
1237 1017 1316 1064 ſeiner
1333 1017 1468 1064 Ruͤckkunft
1477 1018 1541 1057 nach
1549 1019 1622 1058 Afri⸗

788 1066 819 1094 ca
837 1060 889 1095 das
900 1057 1105 1101 Obrigkeitliche
1116 1059 1184 1093 Amt
1200 1062 1243 1098 (*)
1256 1061 1370 1099 fuͤhrte,
1382 1063 1561 1093 verwandelte
1579 1063 1622 1091 die

789 1106 902 1144 Gewalt
914 1108 992 1150 dieſer
1001 1107 1124 1146 Richter,
1146 1107 1188 1137 die
1194 1114 1273 1145 zuvor
1285 1105 1419 1145 beſtaͤndig
1426 1104 1539 1146 geweſen
1550 1111 1621 1144 war,

789 1153 819 1185 in
830 1153 886 1186 eine
897 1149 1000 1191 jaͤhrige
1015 1148 1147 1190 ungefaͤhr
1160 1148 1347 1191 zweyhundert
1365 1142 1460 1189 Jahre
1478 1148 1543 1189 nach
1560 1152 1621 1185 dem

790 1195 870 1236 erſten
887 1185 1022 1237 Urſprunge
1041 1194 1122 1237 dieſes
1130 1193 1257 1237 Gerichts
1272 1198 1316 1232 der
1334 1184 1450 1237 hundert
1460 1191 1602 1231 Maͤnner.

849 1274 1005 1314 Ariſtoteles
1013 1272 1127 1311 bemerkt
1137 1276 1215 1309 unter
1221 1271 1414 1317 verſchiedenen
1428 1273 1529 1308 andern
1541 1270 1624 1310 Erin⸗

792 1313 940 1347 nerungen,
959 1314 1001 1340 die
1015 1318 1037 1340 er
1044 1315 1110 1343 uͤber
1116 1317 1158 1339 die
1184 1316 1432 1351 Regierungs⸗Form
1448 1323 1500 1339 von
1506 1319 1621 1343 Cartha⸗

795 1371 830 1399 go
841 1363 939 1401 macht,
955 1371 1023 1402 zwey
1038 1363 1120 1403 groſſe
1132 1363 1229 1404 Fehler
1242 1363 1384 1402 derſelben,
1400 1364 1448 1397 die
1456 1363 1523 1402 nach
1539 1361 1621 1402 ſeiner

797 1405 949 1446 Meynung
964 1406 1013 1439 den
1033 1405 1169 1447 Abſichten
1182 1405 1255 1437 eines
1273 1409 1352 1444 guten
1371 1402 1554 1445 Geſetzgebers
1566 1406 1622 1439 und

794 1440 844 1470 den
854 1438 958 1474 Regeln
969 1441 1040 1466 einer
1054 1445 1136 1475 guten
1146 1444 1200 1466 und
1212 1442 1356 1475 heilſamen
1369 1444 1550 1474 Staatskunſt
1562 1447 1620 1475 ſehr

791 1493 907 1532 zuwider
932 1492 995 1534 ſind.

822 1577 887 1617 Der
897 1577 960 1621 erſte
972 1586 1024 1614 von
1036 1579 1119 1622 dieſen
1134 1577 1250 1620 Fehlern
1257 1576 1365 1621 beſtehet
1371 1577 1482 1618 darinn,
1495 1576 1546 1618 daß
1553 1584 1621 1612 man

792 1622 876 1659 einem
895 1624 1008 1666 einzigen
1028 1622 1176 1664 Menſchen
1198 1625 1263 1659 viele
1293 1622 1470 1665 Ehrenſtellen
1498 1621 1622 1663 auftrug,

794 1668 902 1706 velches
909 1677 971 1703 man
980 1677 1009 1710 zu
1021 1666 1159 1707 Carthago
1167 1668 1212 1709 fuͤr
1218 1670 1259 1702 ein
1267 1666 1441 1706 Kennzeichen
1451 1667 1543 1708 ſeltner
1551 1668 1623 1703 Ver⸗

793 1703 886 1752 dienſte
907 1703 1014 1752 anſahe.
1035 1703 1190 1744 Ariſtoteles
1206 1704 1269 1746 hielt
1284 1703 1349 1746 dieſe
1363 1702 1548 1745 Gewohnheit
1561 1708 1621 1739 dem

794 1744 933 1786 gemeinen
954 1746 1052 1782 Beſten
1070 1746 1114 1783 fuͤr
1127 1743 1185 1780 ſehr
1206 1747 1365 1782 nachtheilig
1392 1745 1490 1778 Denn,
1504 1747 1562 1780 ſagt
1577 1753 1621 1781 er,

794 1805 871 1833 wenn
879 1799 921 1833 ein
931 1799 1048 1840 Menſch
1056 1806 1107 1833 nur
1119 1797 1161 1830 ein
1173 1798 1285 1840 einziges
1299 1797 1365 1831 Amt
1378 1796 1429 1838 auf
1435 1796 1487 1838 ſich
1487 1795 1579 1838 nimt,
1594 1796 1621 1839 ſo

791 1840 822 1875 iſt
840 1848 868 1874 er
881 1840 943 1873 weit
950 1839 1026 1877 mehr
1039 1842 1078 1874 im
1091 1837 1206 1875 Stande
1218 1842 1248 1874 es
1262 1837 1334 1878 wohl
1347 1844 1382 1877 zu
1388 1835 1543 1871 verwalten.
1559 1836 1623 1875 Die

792 1882 933 1925 Geſchaͤfte
960 1884 1083 1927 deſſelben
1100 1883 1205 1919 werden
1230 1883 1345 1918 alsdenn
1360 1876 1533 1924 ſorgfaͤltiger
1546 1881 1623 1918 uͤber⸗

789 1922 853 1964 legt,
864 1924 918 1956 und
934 1922 1106 1965 geſchwinder
1123 1922 1310 1965 ausgefuͤhret.
1351 1921 1435 1957 Unter
1445 1924 1494 1957 den
1514 1922 1623 1959 Solda⸗

789 1969 855 2004 ten,
871 1966 960 2010 faͤhret
973 1977 1000 2004 er
1008 1969 1074 2010 fort,
1085 1968 1139 2003 und
1153 1966 1201 2011 bey
1216 1971 1275 2003 dem
1293 1965 1438 2008 Seeweſen
1450 1965 1544 2008 pfleget
1556 1974 1624 2002 man

789 2019 855 2051 ganz
867 2014 969 2050 anders
990 2023 1020 2051 zu
1044 2012 1170 2056 handeln.
1203 2015 1261 2051 Ein
1281 2007 1406 2051 einziger
1424 2007 1535 2051 Officier
1549 2010 1627 2051 com-

1553 2066 1622 2094 man

818 2159 860 2200 (*)
876 2157 913 2190 Es
928 2149 1089 2194 ſcheint,
1045 2153 1091 2198 daß
1104 2152 1147 2197 der
1160 2150 1238 2198 Nahme
1253 2154 1326 2188 eines
1337 2152 1455 2193 Praͤtors,
1472 2155 1522 2187 den
1533 2152 1625 2187 Livius

905 2202 963 2232 dem
976 2199 1107 2235 Hannibal
1120 2199 1233 2234 beylegt,
1249 2203 1287 2231 an
1296 2198 1337 2230 die
1355 2198 1449 2232 Stelle
1466 2197 1512 2230 des
1529 2198 1624 2231 Worts

906 2236 1015 2274 Suffete
1025 2236 1108 2274 geſetzt
1122 2233 1173 2274 ſey.
