1646 2416
603 543 905 601 Gewogenheit
913 553 1040 598 gegen
1046 548 1110 593 die
1131 543 1372 610 bedraͤngten
1387 551 1515 605 Corſen

600 604 723 650 ſchon
734 607 810 639 vor
845 596 1015 650 meinem
987 600 1320 656 Landes⸗Manne
1345 609 1424 650 dem
1436 606 1512 652 Ge⸗

600 649 885 698 neral⸗Major
902 648 1069 700 ruͤhmen
1094 651 1244 704 hoͤren,
1272 656 1514 707 derowegen

599 705 692 755 ſeyd
700 704 765 753 ihr
772 714 856 746 von
868 705 991 756 dieſer
1000 708 1139 747 Minute
1146 721 1197 752 an
1206 711 1292 753 kein
1308 712 1512 763 Gefange⸗

592 760 674 794 ner
689 752 801 802 mehr
816 752 984 805 ſondern
998 753 1099 806 habt
1114 769 1206 800 eure
1227 760 1512 805 vollkommene

598 804 797 854 Freyheit,
814 810 896 847 und
918 805 1068 856 ſolches
1081 817 1127 858 zu
1146 807 1407 863 bekraͤfftigen
1423 813 1512 862 ſeyd

591 862 640 908 ſo
654 857 770 910 guͤtig
778 858 903 909 dieſes
913 863 1015 902 mein
1024 863 1375 915 Seiten⸗Gewehr
1389 873 1512 916 anzu⸗

592 913 767 960 nehmen
780 914 863 954 und
873 909 1042 965 ſelbiges
1050 922 1137 963 zum
1146 917 1358 967 geneigten
1374 921 1511 970 Ange⸗

589 970 759 1016 dencken
773 982 821 1022 zu
828 977 984 1016 tragen.

701 1013 810 1048 Unter
826 1013 933 1056 dieſen
958 1016 1122 1055 Worten
1141 1016 1313 1063 ſchnallete
1337 1011 1526 1057 Theodor

585 1060 664 1112 ſein
674 1062 1142 1113 Seiten⸗Gewehr⸗Kuppel
1156 1065 1215 1113 auf
1234 1071 1290 1109 und
1303 1070 1508 1112 præſentirte

591 1119 635 1147 es
645 1113 779 1153 benebſt
788 1113 866 1150 dem
875 1109 1079 1161 Pallaſche,
1095 1114 1153 1152 der
1159 1109 1216 1153 ein
1224 1118 1290 1156 mit
1299 1116 1508 1163 Edelgeſtei⸗

588 1166 661 1191 nen
671 1160 773 1200 ſtarck
790 1159 937 1202 beſetztes
958 1158 1124 1200 goldenes
1141 1157 1285 1205 Gefaͤße
1301 1160 1404 1205 hatte,
1427 1155 1518 1203 dem

586 1212 713 1246 Alten.
766 1205 898 1251 Dieſer
919 1206 1025 1249 nahm
1044 1214 1082 1246 es
1098 1203 1145 1247 an
1154 1213 1223 1251 und
1234 1208 1345 1257 ſagte;
1372 1213 1420 1257 ich
1432 1217 1506 1254 will

573 1252 695 1301 dieſes
708 1249 851 1298 Koͤnigl.
860 1250 1067 1304 Geſchencke
1077 1255 1209 1305 benebſt
1219 1259 1277 1300 der
1293 1255 1505 1309 verſproche⸗

580 1309 656 1343 nen
673 1299 834 1350 Freyheit
856 1301 920 1342 mit
942 1301 1202 1357 unterthaͤnigen
1225 1304 1379 1354 Dancke
1406 1303 1502 1359 zwar

581 1361 799 1400 annehmen,
824 1352 935 1403 anbey
967 1354 1050 1399 aber
1079 1348 1147 1401 nur
1159 1356 1265 1408 dieſes
1283 1364 1357 1404 aus
1370 1360 1499 1406 bitten:

580 1410 655 1459 daß
665 1408 749 1457 mich
762 1410 844 1459 noch
856 1413 962 1461 einige
976 1412 1082 1461 Tage
1094 1417 1211 1461 allhier
1221 1417 1281 1465 bey
1291 1420 1365 1461 dem
1376 1418 1499 1468 Herrn

579 1462 897 1514 General⸗Major
926 1470 963 1510 in
988 1467 1110 1514 dieſem
1138 1469 1281 1520 Flecken
1313 1470 1498 1519 aufhalten

581 1511 717 1563 duͤrffe,
752 1524 812 1555 um
825 1518 883 1563 ehe
903 1515 952 1564 ich
968 1526 1037 1559 von
1046 1520 1118 1565 hier
1126 1518 1286 1570 abſeegle,
1308 1523 1434 1570 erſtlich
1443 1526 1499 1566 ein

580 1562 846 1619 Jagd⸗Schiff
852 1580 899 1608 an
908 1572 1014 1610 meine
1024 1571 1178 1616 Tochter
1190 1571 1406 1621 abzuſenden,
1425 1578 1497 1617 und

578 1614 752 1669 derſelden
762 1619 870 1661 meine
884 1618 1262 1677 baldigeZuruͤckkunfft
1271 1626 1357 1669 kund
1369 1636 1407 1675 zu
1418 1635 1496 1668 ma⸗

576 1680 681 1717 chen.

684 1717 817 1765 Dieſes
829 1717 947 1758 wurde
956 1717 1026 1763 ihm
1035 1724 1103 1760 von
1114 1720 1187 1763 dem
1197 1719 1333 1770 Koͤnige
1344 1720 1378 1767 ſo
1392 1718 1497 1772 gleich

581 1769 732 1818 erlaubt,
759 1768 827 1809 mir
845 1768 927 1811 aber
944 1774 1012 1816 gab
1030 1773 1174 1819 derſelbe
1191 1778 1339 1822 geheime
1368 1777 1492 1823 Ordre,

577 1825 675 1870 nicht
684 1830 749 1864 nur
767 1822 870 1864 allein
879 1821 962 1870 aufs
970 1825 1095 1872 eiligſte
1111 1831 1164 1871 ein
1181 1828 1440 1881 Jagd⸗Schiff
1452 1840 1494 1877 zu

582 1875 783 1924 procuriren,
806 1867 935 1925 ſondern
945 1871 1028 1917 auch
1054 1876 1109 1916 dem
1119 1869 1208 1924 Alten
1229 1882 1263 1921 in
1273 1881 1372 1920 allem
1384 1879 1498 1923 ſeinen

580 1928 797 1972 Verlangen
810 1932 848 1972 zu
858 1920 1048 1970 ſecundiren
1065 1929 1309 1979 hauptſaͤchlich
1328 1933 1409 1976 aber
1429 1935 1495 1974 mit

579 1979 741 2023 Speiſen
751 1976 820 2016 und
831 1970 1048 2021 Getraͤncken
1063 1978 1145 2027 aufs
1156 1980 1323 2026 allerbeſte
1333 1991 1371 2031 zu
1380 1983 1493 2022 tracti-

581 2039 652 2072 ren,
669 2030 751 2075 doch
760 2024 981 2075 dieſerwegen
991 2026 1115 2078 durffte
1127 2033 1191 2073 mir
1203 2032 1292 2076 keine
1306 2033 1492 2080 gedoppel⸗

579 2087 614 2121 te
626 2083 741 2126 Muͤhe
750 2079 899 2127 machen,
925 2081 1036 2124 indem
1052 2093 1085 2124 er
1093 2083 1263 2134 alltaͤglich
1277 2087 1383 2133 ſowol
1395 2091 1494 2133 Mit⸗

579 2139 661 2178 tags
676 2136 745 2179 als
756 2131 902 2177 Abends
919 2130 983 2174 mit
999 2131 1073 2176 dem
1090 2131 1225 2187 Koͤnige
1235 2137 1304 2180 und
1313 2136 1497 2182 Staabs⸗
