2175 2632
317 343 388 386 Ein
404 348 594 399 Vorſteher
606 354 665 393 der
676 353 780 402 erſten
791 355 1024 408 Saltzburger
1039 359 1149 409 fragte
1162 365 1233 407 eine
1240 365 1487 419 Weibs⸗Per⸗

199 368 287 441 ſon:
299 395 362 433 Ob
375 390 419 435 ſie
431 394 463 431 es
471 387 564 429 mehr
576 391 631 443 mit
652 399 756 433 denen
767 395 877 440 hielte,
897 404 947 437 die
956 404 1059 441 vieles
1071 401 1195 446 wuͤſten
1214 413 1282 446 und
1294 407 1399 458 wenig
1403 408 1486 461 thaͤ⸗

198 439 278 497 ten,
284 444 360 491 oder
379 449 435 490 mit
453 450 557 497 denen,
571 452 623 493 die
630 448 740 504 wenig
749 452 876 505 wuͤſten
893 462 962 507 und
979 461 1081 505 vieles
1099 457 1242 512 thaͤten?
1259 465 1333 512 Da
1341 477 1415 516 nun
1425 470 1483 513 die

195 493 297 548 Frau
297 498 517 549 antwortete:
534 497 613 548 Sie
620 505 713 551 hielte
722 511 759 546 es
768 507 831 556 mit
845 509 898 550 den
910 500 1055 562 letztern,
1096 512 1128 561 ſo
1138 515 1279 565 verſetzte
1289 519 1345 560 der
1352 518 1476 569 Saltz⸗

190 546 339 601 burger:
351 553 446 601 Das
463 551 555 604 thaͤte
565 567 600 599 er
609 557 704 607 auch,
717 562 803 604 denn
814 564 858 605 ob
869 564 910 611 ſie
917 564 1019 614 gleich
1027 567 1137 618 wenig
1146 567 1284 623 wuͤſten,
1299 572 1331 622 ſo
1338 570 1482 626 gedaͤch⸗

190 607 245 644 ten
261 602 302 653 ſie
310 603 457 653 dennoch
472 605 570 653 durch
579 608 629 650 die
647 611 769 664 Krafft
779 616 847 655 und
856 614 988 660 Gnade
1006 617 1157 665 GOttes
1166 622 1229 665 mit
1240 623 1316 669 dem
1324 624 1479 676 wenigen

181 649 270 700 deſto
284 655 431 701 getreuer
437 648 649 706 umzugehen,
664 661 734 700 und
742 656 781 708 es
781 653 996 712 auszuuͤben.

300 708 346 756 b)
376 707 449 754 Mit
463 700 564 759 dieſer
580 709 695 757 Treue
707 721 785 754 war
801 713 852 755 ein
868 715 1082 769 aufrichtiges
1103 721 1172 763 und
1197 719 1471 776 ungeheucheltes

175 756 409 814 Bekaͤnntniß
424 763 485 806 des
495 764 628 811 inneren
645 766 837 819 Zuſtandes
856 772 941 822 ihrer
955 773 1092 821 Seelen
1111 775 1313 829 verknuͤpfet,

263 806 436 859 Fragte
454 819 536 853 man
547 812 650 863 einige
658 814 757 866 junge
771 814 864 860 Leute
874 832 935 863 um
942 824 993 865 die
1003 823 1275 878 Beſchaffenheit
1284 830 1373 879 ihres
1381 829 1475 880 Her⸗

186 865 289 913 tzens,
299 865 351 908 die
359 865 439 913 noch
449 866 557 913 nichts
574 869 763 922 lebendiges
772 873 927 923 erfahren
940 878 1078 925 hatten,
1070 878 1222 926 ſondern
1231 892 1295 925 nur
1303 884 1472 937 gutwilig

172 905 423 967 mitgegangen
436 927 566 969 waren,
577 923 609 970 ſo
623 925 811 971 bekannten
826 929 1001 978 dieſelben:
1024 934 1117 977 Wir
1129 935 1200 982 ſind
1210 938 1292 983 noch
1304 939 1376 986 boͤſe
1394 941 1475 980 Leu⸗

172 970 241 1008 te,
231 965 320 1015 ſind
331 967 412 1010 aber
425 976 484 1010 um
492 971 666 1015 deswillen
682 974 745 1015 mit
758 974 1016 1030 ausgegangen,
1026 980 1094 1028 daß
1109 983 1160 1028 ihr
1176 989 1245 1027 uns
1260 987 1327 1029 den
1343 984 1471 1037 rechten

175 1015 283 1068 Weg
292 1017 399 1069 zeigen
413 1018 513 1073 ſoltet,
526 1026 596 1067 und
604 1025 669 1070 wir
676 1021 902 1081 rechtſchaffen
911 1031 1042 1082 fromm
1058 1031 1210 1079 wuͤrden.

274 1064 463 1112 Andere,
468 1065 542 1121 auch
567 1068 641 1124 wohl
655 1071 733 1116 alte,
749 1070 850 1115 baten
866 1074 947 1122 noch
955 1086 1017 1120 um
1027 1073 1387 1136 Alphabeth⸗Buͤcher,
1395 1085 1466 1128 und

175 1124 354 1176 ſonderlich
368 1126 501 1176 Lutheri
512 1128 759 1193 Catechiſmos,
766 1140 910 1180 woraus
918 1137 963 1188 ſie
974 1140 1069 1192 leſen,
1085 1143 1156 1186 und
1164 1137 1226 1189 den
1234 1138 1366 1191 Grund
1376 1140 1470 1188 ihres

176 1173 284 1227 Heils
298 1171 403 1225 lernen
403 1182 575 1215 wolten.

255 1236 354 1291 VII)
370 1241 459 1299 Die
464 1249 574 1299 Liebe
585 1253 637 1296 zu
655 1250 784 1305 ihrem
795 1248 971 1298 Heiland
972 1258 1067 1296 war
1083 1254 1153 1302 der
1161 1253 1355 1311 Magnet,
1363 1257 1457 1323 wel⸗

334 1304 417 1358 cher
437 1304 489 1362 ſie
499 1311 581 1357 aus
613 1363 631 1367 ihrem
737 1308 987 1366 Vaterlande
1010 1313 1183 1365 gezogen.

283 1363 319 1413 a)
339 1353 484 1413 Wurde
504 1363 602 1410 ihnen
620 1376 687 1408 nur
702 1368 754 1410 ein
773 1369 890 1417 Wort
911 1360 984 1414 von
984 1363 1049 1415 den
1061 1369 1191 1428 Heils⸗
1204 1381 1274 1421 und
1290 1381 1462 1427 Gnaden⸗

163 1422 310 1473 Guͤtern
326 1424 428 1475 dieſes
440 1426 568 1485 groſſen
591 1424 738 1477 Mittlers
758 1438 818 1477 und
834 1445 903 1480 von
917 1439 978 1482 der
987 1439 1108 1491 Krafft
1118 1444 1223 1490 ſeines
1239 1444 1376 1492 Blutes
1386 1453 1460 1492 ans

159 1475 270 1532 Hertz
285 1468 420 1530 geleget,
430 1479 464 1530 ſo
477 1479 586 1532 ſpuͤrte
594 1491 676 1530 man
684 1494 731 1529 an
745 1487 986 1541 verſchiedenen
995 1491 1046 1536 die
1058 1490 1232 1549 zaͤrtlichſte
1241 1498 1455 1552 Bewegung

167 1533 337 1571 hieruͤber.

290 1575 363 1626 Ein
373 1589 495 1631 junges
500 1574 686 1630 Maͤgdgen
704 1595 800 1622 unter
814 1585 885 1627 den
895 1587 1070 1633 Krancken
1093 1585 1238 1632 brannte
1262 1597 1295 1638 ſo
1307 1600 1383 1634 von
1393 1602 1452 1638 der

161 1609 256 1673 Liebe
266 1625 386 1673 JEſu,
411 1627 486 1670 daß
496 1628 547 1673 ihr
554 1643 607 1678 die
629 1634 737 1678 Augen
754 1634 836 1686 recht
850 1642 1046 1685 funckelten,
1064 1643 1132 1680 und
1140 1642 1238 1689 Hertz
1249 1643 1317 1682 und
1326 1643 1451 1690 Mund

160 1684 273 1736 lachte,
282 1695 381 1731 wenn
382 1680 437 1741 ſie
440 1688 570 1739 hoͤrete,
587 1693 657 1740 daß
665 1691 739 1739 man
754 1705 815 1740 von
830 1693 885 1745 ihm
908 1702 1026 1745 redete.

289 1734 375 1779 Eine
386 1739 451 1780 alte
464 1733 597 1782 krancke
606 1735 703 1789 Frau
718 1743 885 1792 bezeugte.
898 1743 1025 1790 daruͤber
1039 1750 1108 1799 ihre
1114 1749 1219 1802 groſſe
1226 1749 1370 1807 Freude,
1378 1754 1450 1809 daß

160 1786 203 1841 ſie
210 1788 277 1837 auf
287 1793 344 1831 der
353 1791 468 1839 Achſel
475 1794 572 1845 ihres
577 1794 681 1847 JEſu
690 1786 777 1844 laͤge,
785 1793 847 1846 der
855 1800 897 1851 ſie
903 1802 973 1850 alſo
983 1803 1192 1855 heimtragen
1207 1805 1337 1855 wuͤrde.

274 1829 353 1889 Eine
373 1834 485 1892 andre,
508 1845 560 1886 die
567 1855 652 1888 man
669 1858 783 1898 wegen
794 1851 883 1898 ihres
901 1853 1017 1899 Alters
1032 1857 1101 1898 und
1109 1856 1237 1909 groſſen
1244 1858 1469 1911 Kranckheit

160 1885 319 1938 noͤthigen
333 1894 452 1944 wolte,
474 1893 540 1943 hier
556 1892 584 1944 zu
598 1898 746 1948 bleiben,
760 1907 979 1947 antwortete:
1004 1905 1076 1955 Ach
1091 1907 1179 1957 nein,
1201 1911 1302 1961 laſſen
1309 1913 1352 1962 ſie
1359 1912 1445 1963 mich

152 1941 269 1993 reiſen,
295 1939 327 1987 ſo
334 1940 434 2000 lange
441 1938 488 1996 es
488 1943 600 1990 GOtt
613 1955 694 1996 will,
722 1956 771 2003 ich
787 1959 855 2007 lege
871 1957 956 2011 mich
973 1960 1007 2006 in
1025 1964 1075 2009 die
1082 1962 1178 2019 fuͤnff
1183 1965 1361 2012 Wunden
1379 1971 1448 2016 des

158 1992 275 2045 Herrn
289 1992 403 2046 JEſu,
416 1998 580 2045 darinnen
589 1993 668 2050 ruhe
676 2002 735 2051 ich.

272 2043 358 2093 Der
373 2035 569 2105 Ausdruck:
588 2041 740 2109 Chriſtus
755 2048 806 2102 ſey
818 2052 871 2103 ihr
886 2054 1014 2110 HErr,
1034 2047 1112 2104 war
1126 2059 1219 2111 ihnen
1237 2069 1296 2107 vor
1313 2067 1444 2110 andern

155 2097 229 2145 lieb,
243 2103 314 2145 und
326 2101 449 2149 redeten
467 2096 568 2150 einige
575 2108 644 2150 viel
659 2108 788 2160 davon,
806 2107 862 2154 wie
884 2121 948 2171 man
962 2113 1087 2165 dieſem
1090 2113 1208 2167 Herrn
1223 2118 1318 2171 mehr
1324 2121 1446 2173 gehor⸗

153 2146 239 2203 hen
244 2146 369 2208 muͤßte,
384 2151 440 2203 als
446 2156 510 2202 den
515 2147 714 2213 Menſchen,
