2043 3034
143 384 187 420 1853

226 399 470 437 Syndicatores
518 416 673 438 Syrenen

906 407 1019 451 Syrer
1104 407 1265 451 Szomber

1348 415 1408 445 1854

168 453 214 485 den.
245 460 296 494 Bey
307 471 395 506 ietzigen
402 481 485 509 Zeiten
495 487 554 507 wird
569 485 614 509 viel
624 489 670 505 von
679 480 745 503 einer

170 480 242 524 Union
242 499 333 537 geredet
341 510 390 535 und
399 512 551 547 geſchrieben,
561 512 674 545 wodurch
683 512 742 545 man

169 513 198 547 die
209 522 350 574 Reformirte
362 544 412 577 und
425 543 575 582 Lutheriſche
591 546 704 584 Religion
719 543 744 574 in

171 549 212 582 eine
218 562 241 588 zu
249 564 345 607 bringen
352 577 460 613 trachtet,
463 582 519 613 und
523 584 565 614 der
570 581 700 616 Meynung
708 577 745 612 iſt,

171 582 204 620 daß
216 595 246 620 die
253 602 321 640 unter
336 610 408 643 ihnen
423 615 577 646 obhabenden
590 612 745 650 Streitigkei⸗

171 619 204 649 ten
210 627 264 658 nicht
270 637 306 667 die
316 642 568 682 Glaubens⸗Articul,
589 650 689 687 ſondern
697 648 746 678 nur

154 656 240 692 andere
249 668 432 714 Neben⸗Dinge
440 684 562 721 betreffen.

149 679 287 736 Syndicatores
298 709 368 747 ſeynd
375 716 403 749 zu
416 719 506 752 Genua
513 711 655 752 diejenigen
648 711 741 753 Beam⸗

171 720 210 755 ten,
217 731 292 773 welche
300 747 346 778 auf
354 749 401 780 das
410 751 545 784 Verhalten
559 755 602 785 des
613 754 684 783 Doge
693 749 745 783 und

157 758 253 795 anderer
260 772 381 815 Beamten
389 785 427 814 ein
430 787 577 823 wachſames
577 788 646 820 Auge
655 783 742 818 haben.

148 782 277 843 Syndiciren,
285 811 341 850 heiſt
348 819 416 847 einen
429 821 584 853 durchziehen
594 821 655 853 oder
660 816 743 851 durch⸗

160 821 253 868 hecheln.

147 848 244 894 Syndicus,
251 872 276 902 iſt
286 880 409 920 derjenige,
417 890 471 920 dem
479 883 519 919 die
529 881 627 921 meiſten
636 889 742 911 Expedi-

168 895 232 932 tiones
239 909 300 943 eines
309 920 507 952 Raths⸗Collegii
509 923 559 956 auf
561 925 613 957 dem
619 919 691 959 Halſe
697 917 741 952 lie⸗

169 932 213 960 gen.
225 939 316 976 Syndici
316 953 452 991 generales
455 963 608 989 Clericorum
620 963 670 985 ſind
680 960 741 989 geiſt⸗

167 964 216 995 liche
222 971 372 1027 Bedienten,
387 1002 415 1030 ſo
429 1001 487 1030 uͤber
500 1001 538 1029 die
552 1001 741 1029 Streitigkeiten

169 994 234 1042 wegen
240 1013 358 1057 geiſtlicher
365 1025 509 1057 Beneficien
521 1028 573 1056 und
581 1025 707 1058 Jntraden
714 1025 741 1058 zu

170 1025 256 1073 ſprechen
266 1050 348 1085 haben.
384 1061 479 1092 Syndici
486 1062 659 1088 Provinciales,
666 1058 742 1091 Lan⸗

172 1064 212 1092 des
221 1074 366 1127 Beſtellte,
385 1096 436 1130 ſind
453 1096 547 1136 gewiſſe
562 1096 742 1134 wohlverdiente

173 1104 275 1156 Maͤnner,
284 1123 304 1156 ſo
314 1125 353 1153 der
362 1128 422 1152 Adel
430 1129 455 1152 in
468 1130 513 1150 den
529 1127 741 1155 Fuͤrſtenthuͤmern

169 1141 272 1184 erwehlet,
282 1161 327 1189 daß
336 1161 363 1192 ſie
372 1165 411 1190 bey
430 1165 682 1194 Zuſammenkuͤnfften
696 1166 739 1189 den

169 1168 262 1219 Vortrag
269 1197 336 1224 thun,
341 1199 379 1227 die
391 1202 523 1226 gemachten
535 1198 641 1224 Schuͤſſe
653 1197 738 1224 expedi⸗

165 1206 206 1231 ren,
214 1216 243 1245 die
253 1226 335 1255 Gelder
346 1231 526 1257 adminiſtriren,
540 1232 587 1258 und
595 1231 633 1260 die
641 1229 740 1261 Angele⸗

169 1243 271 1285 genheiten
287 1263 328 1289 des
345 1265 415 1294 Adels
429 1272 471 1296 zur
488 1264 617 1296 Execution
641 1266 738 1294 bringen

169 1268 232 1315 laſſen,
239 1294 369 1326 dergleichen
386 1299 446 1328 giebt
455 1305 485 1329 es
485 1300 510 1330 in
520 1305 559 1329 der
572 1302 661 1331 Lauſitz.
682 1301 738 1331 Syn-

168 1307 216 1337 dicus
223 1321 299 1361 heiſſet
309 1335 363 1360 auch
374 1335 402 1360 in
412 1335 513 1365 Rechten
523 1337 563 1366 ein
579 1337 736 1365 Bevollmaͤch⸗

165 1337 222 1379 tigter
231 1358 287 1389 einer
282 1365 394 1405 gantzen
408 1370 537 1405 Gemeine.

145 1366 268 1428 Synedrium,
280 1397 307 1434 ſo
312 1402 391 1426 wurde
405 1402 449 1424 das
458 1402 518 1429 hohe
527 1395 624 1429 Gericht
631 1401 658 1429 zu
666 1394 741 1427 Jeru⸗

169 1403 227 1440 ſalem
234 1419 371 1471 benahmet,
384 1435 485 1469 welches
494 1444 543 1463 aus
560 1441 601 1469 72.
610 1435 740 1468 Aſſeſſoren

163 1440 211 1485 oder
216 1451 344 1499 Beyſitzern
351 1469 470 1500 beſtunde,
481 1471 535 1503 und
542 1470 651 1504 bedeutet
659 1467 744 1499 ſolches

165 1471 234 1520 Wort
234 1491 352 1523 eigentlich
358 1504 429 1534 einen
438 1505 493 1539 Sitz
503 1505 560 1536 oder
567 1505 604 1538 die
617 1500 739 1538 Niederſe⸗

164 1512 222 1551 tzung
229 1526 266 1557 des
277 1535 384 1570 Richters
391 1544 444 1570 zum
459 1540 564 1570 Gericht.

147 1526 268 1597 Synergiſtæ,
268 1561 371 1606 wurden
371 1573 455 1608 einige
455 1572 498 1608 im
498 1567 551 1608 16.
551 1564 654 1608 Seculo
654 1569 743 1608 genen⸗

170 1579 217 1613 net,
230 1593 312 1632 welche
312 1603 346 1636 in
346 1607 395 1638 der
399 1611 467 1639 Lehre
476 1615 520 1635 von
531 1607 580 1640 dem
592 1608 667 1639 freyen
677 1608 741 1637 Wil⸗

167 1604 197 1642 len
204 1625 239 1654 des
249 1634 370 1668 Menſchen
383 1646 417 1667 der
436 1644 564 1670 Meynung
583 1645 679 1670 Eraſmi
694 1639 742 1670 Ro⸗

167 1646 275 1699 terodami,
284 1671 306 1700 ſo
316 1677 343 1709 er
343 1677 376 1710 in
383 1678 469 1713 ſeinem
480 1678 562 1712 Buche
567 1676 602 1707 de
602 1676 687 1708 libero
699 1678 741 1702 Ar-

167 1679 231 1725 bitrio
246 1698 387 1740 behauptet,
406 1710 455 1734 und
470 1709 524 1734 dem
538 1708 672 1740 Philippus
686 1702 744 1735 Me⸗

169 1712 278 1771 lanchthon
286 1740 394 1781 gefolget,
402 1746 503 1781 Beyfall
509 1748 595 1781 gaben,
611 1748 661 1775 und
668 1747 743 1776 davor

169 1738 249 1796 hielten,
256 1766 298 1803 daß
308 1784 343 1802 ein
351 1778 601 1808 unwiedergebohrner
610 1776 709 1807 Menſch
717 1775 729 1778 in

169 1783 230 1818 ſeiner
237 1798 377 1847 Bekehrung
393 1813 440 1840 aus
455 1814 552 1844 eigenen
566 1810 676 1844 Kraͤfften
684 1811 742 1844 mit⸗

169 1818 257 1858 wuͤrcken
266 1836 344 1876 koͤnne.
380 1845 454 1876 Dieſe
467 1846 540 1878 Lehre
552 1847 627 1877 hat
602 1847 626 1869 in
634 1845 741 1883 Thuͤrin⸗

169 1853 205 1881 gen
216 1862 282 1901 groſſe
296 1876 394 1914 Unruhe
407 1880 432 1908 in
446 1880 488 1911 der
493 1880 577 1914 Kirche
585 1880 740 1915 veranlaſſet,

170 1884 197 1922 und
210 1889 239 1935 iſt
252 1902 280 1929 die
288 1910 402 1940 Formula
418 1915 561 1942 Concordiæ
572 1915 612 1946 als
626 1915 683 1948 irrig
691 1920 741 1949 ver⸗

150 1922 252 1963 worffen
260 1942 358 1977 worden.

145 1933 265 2007 Synodus,iſt
268 1979 321 2010 eine
329 1981 523 2020 Verſammlung
529 1984 568 2014 der
578 1983 743 2015 Geiſtlichkeit,

170 1989 190 2015 in
194 1991 279 2040 welcher
285 2012 328 2045 der
334 2017 490 2047 obhabenden
505 2018 689 2049 Controverſien
694 2025 743 2051 we⸗

167 2023 203 2053 gen
210 2033 244 2060 ein
250 2040 381 2084 foͤrmlicher
389 2050 485 2086 Schluß
493 2051 588 2087 gefaſſet
600 2052 670 2084 wird.
687 2052 741 2089 Die

166 2052 240 2103 Synodi
246 2073 296 2106 ſind
304 2085 421 2118 entweder
428 2086 579 2119 Diœceſales,
590 2086 640 2116 und
655 2086 742 2119 geſche⸗

168 2082 204 2116 hen
211 2098 253 2139 von
261 2111 299 2144 der
308 2117 490 2156 Prieſterſchafft
500 2117 566 2150 einer
579 2119 689 2151 eintzigen
699 2124 738 2150 Su-

168 2122 318 2184 perintendenz
335 2154 391 2183 oder
406 2154 552 2186 Inſpection;
570 2154 629 2186 oder
641 2153 743 2182 Provin-

168 2159 234 2205 ciales.
242 2176 311 2216 wenn
318 2185 355 2218 die
364 2185 504 2219 Geiſtlichen
513 2185 578 2216 eines
586 2185 744 2223 Fuͤrſtenthu⸗

166 2185 209 2218 mes
219 2200 265 2243 und
278 2218 367 2250 gantzer
382 2221 492 2257 Provintz
513 2220 555 2257 ſich
568 2222 744 2253 verſammlen;

167 2220 211 2253 oder
217 2239 270 2279 auch
277 2252 440 2286 Vniverſales,
450 2262 525 2286 wenn
539 2256 586 2287 alle
599 2255 742 2286 Geiſtlichen

165 2253 219 2288 eines
225 2273 314 2317 gantzen
329 2285 476 2325 Koͤnigreichs
480 2288 614 2325 zuſammen
624 2293 745 2323 kommen.

166 2285 209 2332 Der
220 2303 322 2353 Synodus
328 2327 495 2350 Dordracena.
516 2325 539 2358 ſo
551 2327 600 2358 An.
608 2327 677 2358 1618.
683 2324 739 2353 und

167 2323 215 2359 1619.
228 2341 252 2365 zu
260 2348 394 2392 Dordrecht
403 2356 429 2387 in
435 2352 618 2388 Suͤd⸗Holland
630 2356 742 2393 gehalten

167 2354 257 2401 worden,
264 2385 288 2418 iſt
297 2387 369 2420 daher
376 2390 499 2422 beruͤhmt,
507 2390 553 2425 daß
558 2389 599 2421 die
607 2389 742 2421 Reformir⸗

169 2394 202 2426 ten
208 2404 377 2450 Niederlaͤnder
383 2423 430 2450 auf
435 2424 566 2447 demſelben
578 2427 616 2447 ein
630 2428 741 2450 Symbo⸗

168 2419 235 2470 liſches
241 2443 308 2489 Buch
317 2457 465 2488 verfertiget,
478 2460 504 2492 ſo
522 2458 568 2487 den
575 2457 671 2498 Jnhalt
677 2457 741 2488 ihrer

164 2452 378 2522 Glaubens⸗Articul
395 2496 517 2523 vorſtellet.

147 2474 241 2539 Synopſis.
252 2519 284 2548 der
302 2526 395 2552 Auszug
417 2531 466 2552 oder
481 2529 550 2554 kurtze
568 2527 658 2556 Begriff
680 2527 738 2551 eines

169 2525 258 2577 Buches.

145 2539 256 2612 Syntagma.
258 2572 320 2619 heiſt
327 2595 365 2621 ein
379 2596 466 2626 Buch,
482 2594 602 2624 darinnen
617 2596 742 2622 allerhand

155 2593 238 2638 Dinge
250 2615 383 2660 zuſammen
390 2629 504 2658 getragen
513 2626 574 2657 ſind.

143 2606 240 2678 Syracuſa,
245 2651 302 2683 ſiehe
317 2659 428 2685 Siracuſa.
447 2668 550 2690 p.1771.

144 2645 265 2718 Syrenen,
265 2683 343 2724 ſollen
343 2695 437 2726 gewiſſe
449 2693 566 2729 Monſtra
580 2696 627 2726 auf
635 2702 676 2722 der
683 2700 740 2722 See

161 2683 218 2741 ſeyn,
225 2711 251 2741 ſo
258 2718 313 2757 halb
319 2726 361 2762 ein
365 2728 527 2770 Weibesbild,
533 2728 586 2762 und
595 2727 655 2766 halb
668 2729 736 2759 einen

813 470 875 505 Fiſch
883 470 1050 504 vorſtelleten,
1073 471 1123 499 und
1138 471 1207 501 durch
1221 471 1258 498 die
1271 470 1404 502 zaubernde

809 511 893 545 Krafft
901 511 965 544 ihres
973 511 1091 543 Singens
1100 510 1136 540 die
1144 510 1366 542 See ⸗ Fahrenden
1376 515 1403 535 in

809 544 866 576 groß
877 540 979 576 Ungluͤck
988 541 1107 571 brachten.
1162 544 1213 573 Sie
1226 543 1295 575 ſollen
1311 542 1352 573 ſich
1362 542 1404 569 bey

809 580 854 607 den
869 574 1053 612 Sicilianiſchen
1069 576 1233 611 See ⸗ Kuͤſten
1249 577 1405 609 aufgehalten

809 614 902 643 haben,
927 612 976 638 und
987 612 1012 639 es
1030 610 1055 644 iſt
1067 610 1131 641 durch
1143 612 1179 640 die
1186 612 1258 641 Alten
1268 617 1314 638 von
1325 610 1403 640 dieſen

810 645 1048 682 Waſſer⸗Nymphen
1064 651 1133 678 mehr
1147 646 1303 679 Fabelwercks
1320 645 1403 675 aufge⸗

807 682 917 714 zeichnet,
926 682 964 711 als
977 683 1015 713 die
1028 679 1159 715 Wahrheit
1172 682 1213 710 der
1225 687 1301 711 neuen
1315 679 1401 715 Zeiten

809 726 961 757 bekraͤfftiget.

774 753 879 788 Syrer,
894 753 954 786 ſiehe
961 753 1091 783 Melchiten.
1109 760 1133 784 p.
1147 756 1218 781 1140.

775 784 1031 809 Syrien,Souriſtan,
1039 785 1073 802 Soria,
1120 779 1185 814 groſſe
1200 770 1324 814 Tuͤrckiſche
1324 774 1402 806 Land⸗

807 818 887 852 ſchafft
894 818 919 848 in
927 819 1007 853 Aſien,
1032 818 1114 848 welche
1123 825 1190 852 gegen
1198 817 1290 850 Suͤden
1299 825 1330 847 an
1337 820 1398 843 Ara-

807 855 871 873 biam
879 854 1005 876 Petræam,
1028 855 1099 880 gegen
1106 851 1178 880 Oſten
1188 853 1217 874 an
1226 848 1339 874 Arabiam
1347 849 1401 873 De-

805 886 888 909 ſertam
896 885 946 911 und
954 885 1077 910 Diarbec,
1097 888 1179 912 wovon
1192 883 1222 915 ſie
1239 884 1279 912 der
1292 883 1400 915 Euphrat

806 919 913 954 ſcheidet,
921 926 993 952 gegen
1002 921 1106 951 Norden
1115 927 1146 948 an
1156 918 1291 951 Natolien,
1305 917 1355 946 und
1362 923 1400 951 ge⸗

782 962 848 990 gen
866 953 964 990 Weſten
982 963 1016 986 an
1039 958 1084 984 das
1102 956 1301 989 Mittellaͤndiſche
1327 957 1399 986 Meer

804 995 912 1027 grentzet.
947 994 1000 1024 Die
1007 994 1070 1027 Lufft
1078 996 1197 1023 darinnen
1213 995 1239 1028 iſt
1256 994 1305 1028 ſehr
1322 990 1402 1022 tempe⸗

808 1026 879 1060 riret,
887 1029 936 1056 und
944 1028 989 1056 das
998 1027 1108 1061 Erdreich
1119 1027 1259 1060 fruchtbar,
1278 1026 1334 1057 liegt
1344 1028 1400 1055 aber

808 1059 895 1094 anietzo
904 1059 946 1095 faſt
952 1065 1017 1093 gantz
1026 1061 1106 1094 wuͤſte,
1121 1063 1171 1091 und
1180 1061 1239 1090 wird
1247 1060 1347 1096 daſſelbe
1354 1066 1402 1089 von

810 1096 930 1130 Chriſten,
954 1092 1051 1128 Juͤden,
1075 1096 1178 1126 Tuͤrcken
1188 1099 1237 1122 und
1245 1097 1353 1126 Arabern
1363 1096 1401 1121 be⸗

805 1133 910 1161 wohnet.
936 1132 988 1162 Die
995 1130 1173 1166 einheimiſchen
1182 1131 1283 1160 Voͤlcker
1290 1134 1341 1160 ſind
1351 1133 1402 1160 ſehr

807 1164 922 1198 wolluͤſtig
930 1165 980 1193 und
989 1163 1101 1197 weibiſch,
1110 1166 1159 1193 und
1167 1165 1279 1197 meiſtens
1293 1169 1333 1190 der
1341 1167 1402 1192 Ma⸗

805 1198 993 1234 hometaniſchen
1001 1198 1114 1232 Religion
1127 1199 1252 1233 zugethan.
1311 1200 1401 1229 Dieſes

806 1234 871 1263 Land
880 1233 997 1268 begreiffet
1004 1241 1026 1266 3.
1035 1233 1234 1267 Beglerbeglies,
1246 1233 1345 1261 nemlich
1354 1234 1400 1261 das

806 1274 853 1297 von
861 1267 962 1302 Aleppo,
970 1267 1067 1302 Tripoli
1076 1268 1125 1296 und
1132 1269 1244 1299 Damas.
1263 1269 1331 1298 Man
1341 1270 1401 1298 thei⸗

807 1300 839 1330 let
847 1302 873 1330 es
887 1300 946 1332 auch
959 1298 1094 1332 insgemein
1108 1299 1133 1329 in
1150 1301 1196 1329 das
1211 1299 1357 1334 eigentlich
1370 1300 1400 1331 ſo

803 1339 949 1368 genannte
964 1336 1086 1370 Syrien,
1101 1335 1263 1369 Phönicien
1272 1337 1330 1363 und
1337 1336 1401 1369 Ju⸗

806 1376 899 1401 däam.

773 1396 932 1435 Syrmiſch,
950 1396 1085 1421 Comitatus
1094 1396 1238 1427 Sirmienſis,
1255 1395 1402 1429 Grafſchafft

806 1441 832 1463 in
839 1433 995 1465 Sclavonien
1003 1433 1028 1464 in
1037 1434 1159 1467 Ungarn,
1164 1441 1197 1462 an
1206 1435 1247 1463 der
1255 1431 1403 1468 Grafſchafft

807 1473 962 1503 Walkowar,
980 1470 1088 1504 zwiſchen
1103 1475 1145 1501 der
1158 1472 1221 1502 Sau
1236 1472 1287 1500 und
1296 1473 1401 1503 Donau.

808 1506 860 1540 Die
866 1505 1015 1542 Hauptſtadt
1023 1507 1187 1538 Syrmiſch,
1202 1508 1330 1537 Szreim,
1343 1508 1399 1532 Sir-

805 1541 884 1570 mium,
889 1535 922 1572 iſt
930 1535 977 1570 faſt
974 1539 1162 1572 wuͤſte,
1067 1535 1104 1569 hat
1117 1535 1167 1570 aber
1177 1535 1217 1568 ein
1209 1539 1399 1574 Biſchoffthum,

809 1580 877 1604 unter
892 1577 934 1603 den
943 1571 1130 1601 Ertz ⸗ Biſchoff
1141 1582 1167 1604 zu
1182 1574 1281 1605 Colocza
1294 1571 1401 1607 gehoͤrig.

807 1612 863 1640 Der
875 1609 965 1639 Kayſer
976 1610 1108 1639 Leopoldus
1122 1610 1167 1639 hat
1180 1610 1228 1635 An.
1241 1613 1312 1639 1698.
1327 1609 1401 1644 dieſes

808 1643 934 1676 Syrmiſch
941 1643 994 1673 dem
1001 1642 1174 1675 Jtaliaͤniſchen
1182 1642 1350 1674 Fuͤrſten,
1310 1638 1348 1671 Don
1359 1645 1399 1669 Li-

809 1685 849 1701 vio
858 1675 1035 1703 Odeſchalchi,
1060 1674 1097 1702 als
1113 1682 1150 1703 ein
1164 1670 1336 1708 Fuͤrſtenthum
1349 1681 1399 1705 ver⸗

807 1710 889 1744 kaufft,
896 1710 954 1744 nach
962 1710 1036 1743 deſſen
1045 1712 1171 1741 Abſterben
1185 1712 1241 1741 aber
1255 1711 1298 1742 hat
1307 1713 1332 1741 es
1340 1713 1401 1739 Don

808 1751 880 1774 Carlo
887 1749 986 1778 Albani,
994 1749 1035 1778 der
1043 1746 1172 1783 Paͤbſtliche
1180 1748 1287 1782 Nepote,
1295 1747 1324 1777 A.
1334 1754 1401 1781 1713.

806 1781 925 1814 erhalten.

773 1812 886 1849 Syror,
896 1810 970 1846 Jnſul
979 1809 1004 1840 in
1012 1810 1065 1841 dem
1075 1811 1201 1845 Cattegat,
1209 1819 1230 1846 5.
1238 1810 1281 1841 M.
1288 1815 1335 1842 von
1344 1810 1400 1843 dem

805 1854 885 1884 Stifft
892 1854 986 1883 Arhus.

774 1883 860 1915 Syrtes,
871 1881 929 1914 ſiehe
937 1883 1015 1908 Sirtes.
1027 1889 1050 1913 p.
1058 1888 1127 1914 1772.

773 1917 887 1952 Syſtema,
897 1917 953 1952 heiſt
961 1916 998 1948 ein
1016 1917 1100 1952 ſolches
1114 1917 1195 1952 Buch,
1212 1917 1330 1948 darinnen
1346 1917 1400 1949 eine

805 1960 883 1988 gantze
890 1956 963 1989 Lehre
970 1955 1118 1988 ausfuͤhrlich
1132 1960 1285 1990 vorgetragen
1295 1956 1328 1989 iſt.
1361 1958 1402 1992 Jn

805 1993 847 2016 der
865 1990 1014 2024 Aſtronomie
1027 1990 1136 2021 bedeutet
1150 1996 1175 2019 es
1195 1991 1232 2021 die
1245 1992 1402 2021 wunderbare

807 2023 1047 2062 Zuſammenfuͤgung
1056 2028 1098 2054 des
1105 2027 1232 2057 Himmels
1247 2028 1297 2053 und
1305 2027 1345 2055 der
1354 2028 1400 2057 Er⸗

808 2064 865 2090 den,
880 2058 943 2091 nebſt
956 2060 1025 2086 deren
1042 2058 1112 2090 Lauff
1121 2061 1170 2088 und
1178 2058 1401 2093 Abwechſelungen.

805 2091 861 2124 Alſo
869 2090 910 2124 ſoll
918 2091 976 2123 nach
983 2091 1036 2118 dem
1044 2092 1171 2121 Syſtemate
1185 2092 1225 2119 des
1235 2091 1360 2124 Tychonis
1369 2093 1401 2116 de

803 2127 880 2152 Brahe
888 2126 925 2156 die
933 2126 1025 2156 Sonne
1033 2125 1117 2154 herum
1126 2125 1261 2159 lauffen,
1247 2120 1289 2159 und
1289 2125 1342 2158 Tag
1351 2129 1403 2154 und

804 2160 888 2191 Nacht
895 2159 1011 2190 machen,
1035 2159 1065 2186 da
1075 2158 1189 2191 hingegen
1198 2161 1346 2191 Copernicus
1355 2159 1399 2195 ſol⸗

805 2192 857 2225 ches
864 2194 906 2223 der
913 2193 1056 2225 Bewegung
1064 2192 1104 2221 der
1113 2187 1178 2222 Erde
1186 2191 1297 2225 beyleget.

771 2228 931 2257 Szakathura.
939 2225 1000 2257 ſiehe
1007 2225 1255 2259 Czackenthurn.p.
1264 2226 1316 2258 526.

772 2265 904 2292 Szarkani,
917 2262 1057 2290 kleiner
1023 2255 1065 2289 Ort
1068 2263 1092 2294 in
1100 2260 1306 2298 Siebenbuͤrgen,
1317 2269 1343 2295 7.
1354 2264 1399 2295 M.

807 2301 854 2323 von
864 2294 1045 2328 Hermanſtadt.

772 2330 914 2363 Szarkat,
922 2329 982 2359 ſiehe
988 2331 1083 2356 Zarkat.

772 2362 923 2388 Szaszvatos,
933 2359 992 2392 ſiehe
1002 2362 1074 2385 Broſs.
1091 2368 1114 2392 p.
1122 2365 1179 2393 310.

770 2396 953 2422 Szasz.-Szebes,
962 2392 1022 2425 ſiehe
1028 2393 1252 2426 Müllenbach.p.
1260 2400 1335 2425 1209.

770 2431 864 2462 Szeck,
872 2430 945 2458 kleine
951 2429 1037 2460 Stadt
1044 2427 1068 2460 in
1078 2427 1276 2464 Siebenbuͤrgen,
1283 2429 1353 2459 allwo
1359 2435 1401 2463 gu⸗

807 2469 831 2492 te
847 2459 1017 2496 Saltz⸗Gruben
1019 2465 1190 2498 anzutreffen.

771 2496 940 2531 Szekelhyd,
947 2493 1008 2530 ſiehe
1016 2496 1163 2529 Jekelbeit.

773 2532 1048 2564 Szklow,Sclovia,
1056 2534 1107 2561 Ort
1115 2533 1177 2566 nebſt
1184 2531 1261 2563 einem
1269 2533 1355 2566 Caſtell
1362 2532 1399 2563 im

806 2564 968 2598 Litbauiſchen
979 2567 1096 2601 Reuſſen,
1112 2567 1136 2598 in
1159 2569 1191 2596 der
1197 2566 1399 2601 Woywodſchafft

806 2600 944 2632 Mſcislaw,
961 2606 1003 2629 am
1018 2600 1129 2634 Nieper,
1142 2598 1225 2634 fuͤhret
1237 2602 1282 2629 den
1289 2600 1359 2630 Titul
1367 2602 1399 2631 ei⸗

804 2641 847 2663 ner
856 2634 1010 2668 Grafſchafft,
1023 2637 1073 2664 und
1088 2637 1113 2669 iſt
1122 2642 1174 2666 eine
1188 2635 1397 2669 Grentz⸗Feſtung

801 2674 874 2700 gegen
889 2669 1049 2699 Smolensko.

768 2697 893 2725 Szomber,
902 2696 989 2726 kleiner
998 2697 1047 2727 Ort
1055 2696 1080 2725 in
1094 2690 1301 2731 Siebenbuͤrgen,
1321 2698 1345 2724 6.
1355 2697 1399 2729 M.

795 2731 844 2755 von
856 2737 896 2768 der
903 2736 1061 2768 Ungariſchen
1071 2738 1179 2768 Grentze.

1253 2767 1390 2796 Szomboth
