2408 2764
747 330 852 386 nach
871 335 951 376 dem
972 318 1369 384 Originalcodex.

1613 329 1682 377 283

320 431 470 479 zentliche
495 433 584 468 deme
609 429 687 477 darf
705 428 837 468 nimant
860 427 948 466 keine
973 432 1126 464 antwerte
1154 423 1254 471 geben
1280 422 1385 463 weder
1404 421 1445 473 l)
1467 430 1576 460 vmme
1600 422 1681 465 einiz

322 487 409 521 oder
427 484 476 527 m)
502 490 611 518 vmme
628 482 655 525 iz
673 481 718 525 n)
734 483 861 518 andere.
935 480 1021 518 Kein
1044 487 1119 515 man
1136 483 1208 513 mac
1224 486 1281 513 uor
1296 478 1355 512 den
1372 476 1512 511 anderen
1529 471 1677 520 geklagen

324 535 402 577 noch
418 538 633 579 geantwerten
653 533 689 580 he
706 532 790 579 habe
804 533 836 569 in
853 533 953 566 denne
972 540 1030 565 uor
1045 529 1177 575 gerichte
1193 537 1228 573 zu
1247 530 1426 564 uormunde
1444 525 1569 570 gekorn.
1598 526 1633 573 he
1657 524 1679 569 ſi

320 588 424 622 denne
442 585 485 627 ſin
504 580 654 625 brotezze.
728 581 818 620 Kein
843 590 921 617 man
945 589 1019 615 mac
1043 588 1102 614 uor
1123 578 1207 621 ſinen
1230 578 1285 623 ſun
1302 574 1451 622 geklagen
1469 574 1544 617 noch
1559 581 1672 619 geant⸗

320 636 439 668 werten
459 633 513 666 der
531 630 563 666 in
583 629 683 665 eimer
695 630 835 665 anderen
854 626 917 670 ſtat
930 626 968 670 iſt
983 628 1054 661 oder
1070 625 1104 661 in
1122 626 1201 660 eime
1220 625 1356 659 anderen
1384 616 1479 659 lande
1496 624 1562 658 vnd
1580 623 1612 667 iz
1612 629 1677 667 we⸗

323 686 379 720 der
396 683 455 729 ſiht
472 681 548 724 noch
564 681 647 728 hort.
718 680 807 719 Kein
822 689 900 716 man
920 685 992 715 mac
1007 680 1066 714 den
1084 679 1222 715 anderen
1248 675 1466 719 uorteidingen
1486 675 1547 710 mit
1567 675 1679 711 urteile

324 735 362 782 he
380 735 419 777 ſte
437 738 538 770 denne
557 732 589 769 bi
604 733 650 771 im
669 733 737 769 vnd
752 731 819 777 iehe
836 740 886 767 an
900 730 944 771 ſin
962 736 1053 767 wort.
1096 723 1139 774 o)
1184 729 1315 771 Welche
1333 736 1437 761 urowe
1453 726 1541 762 einen
1565 725 1678 768 elichen

323 793 402 819 man
420 783 477 830 hat
493 783 526 820 di
544 781 625 826 darf
641 775 773 825 nimande
806 779 982 816 antwerten
1000 787 1036 823 zu
1055 775 1149 818 rechte
1168 778 1188 822 ſi
1205 786 1277 821 muz
1295 774 1369 811 aber
1386 774 1507 819 bewiſen
1530 773 1585 811 mit
1603 783 1678 818 zwen

322 830 503 875 beſezzenen
522 835 666 864 mannen
683 829 743 873 daz
759 829 780 872 ſi
799 826 949 873 einen
918 822 959 876 p)
968 835 1044 862 man
1062 823 1154 871 habe.
1230 823 1318 860 Kein
1344 831 1422 859 man
1441 822 1517 867 darf
1530 822 1605 864 ouch
1622 823 1678 859 kei⸗

324 891 381 919 ner
405 889 527 916 urowen
546 878 723 927 antwerten
746 881 778 917 di
786 879 885 916 einen
902 876 1016 920 elichen
1035 884 1111 912 man
1130 876 1186 923 hat
1202 874 1237 922 he
1254 882 1326 919 muz
1343 873 1370 919 iz
1387 871 1464 909 aber
1486 873 1561 914 ouch
1588 872 1681 908 bewi⸗

325 932 377 977 ſen
393 924 448 976 mit
469 926 648 974 beſezzenen
664 927 757 963 luten
777 930 841 972 daz
843 921 877 976 ſi
877 924 984 962 einen
999 922 1115 968 elichen
1132 933 1211 960 man
1229 923 1287 958 hat
1302 923 1331 964 ſo
1353 921 1467 958 wirdit
1488 921 1526 967 he
1543 924 1598 957 der
1611 926 1683 955 ant⸗

323 984 420 1016 werte
437 976 529 1015 ledik.
545 976 595 1024 q)
620 975 731 1021 welche
747 984 855 1011 urowe
871 975 961 1010 einen
980 971 1093 1014 elichen
1113 983 1188 1009 man
1196 963 1245 1022 hat
1251 973 1327 1007 des
1345 972 1419 1007 dinc
1429 971 1492 1014 alſo
1508 971 1560 1019 ſtet
1562 972 1636 1018 vnd
1636 970 1681 1017 r)

325 1040 456 1078 gewant
472 1032 509 1075 iſt
525 1035 585 1077 daz
608 1029 645 1076 he
661 1040 699 1075 zu
718 1030 811 1074 dinge
830 1029 915 1073 nicht
927 1028 984 1065 wil
1003 1026 1079 1069 noch
1095 1038 1133 1062 en
1150 1036 1223 1063 mac
1239 1026 1281 1062 ab
1299 1026 1332 1062 in
1360 1025 1448 1068 lichte
1469 1025 1564 1062 irrete
1585 1023 1684 1070 ſuch⸗

325 1083 361 1125 te
361 1081 402 1124 s)
419 1084 494 1118 oder
510 1089 553 1118 vn
562 1079 759 1118 bederbekeit
775 1084 849 1116 oder
864 1077 1024 1120 manicher
1040 1077 1096 1113 leie
1114 1077 1196 1122 ſache
1214 1077 1255 1111 wi
1273 1077 1331 1120 daz
1353 1075 1392 1117 iſt
1414 1076 1497 1112 vnde
1515 1075 1547 1110 di
1573 1081 1682 1110 urowe

327 1131 429 1170 trittet
446 1140 505 1166 uor
521 1129 652 1175 gerichte
667 1133 751 1166 vnde
768 1132 850 1168 wille
864 1128 937 1165 kurt
951 1129 1010 1172 daz
1028 1136 1064 1171 zu
1082 1125 1161 1162 eime
1178 1126 1273 1167 rechte
1290 1127 1346 1170 daz
1365 1126 1384 1167 ſi
1403 1122 1482 1165 recht
1498 1121 1596 1168 geben
1614 1124 1682 1159 vnd

328 1190 442 1217 nemen
458 1179 548 1216 wolle
564 1178 598 1221 t)
625 1187 668 1213 an
689 1177 755 1214 ires
773 1183 913 1213 mannes
930 1175 993 1220 ſtat
1009 1179 1065 1211 der
1082 1182 1156 1219 muz
1175 1182 1251 1208 man
1267 1177 1441 1208 antwerten
1460 1180 1496 1215 zu
1506 1169 1604 1213 rechte
1613 1177 1682 1215 waz

328 1231 357 1275 ſi
369 1238 406 1276 zu
421 1225 551 1271 klagene
570 1226 634 1273 hat.
666 1228 689 1271 ſi
705 1231 778 1271 muz
792 1224 870 1267 ouch
889 1223 1057 1270 antwerten
1074 1220 1169 1269 aller
1165 1221 1375 1267 manneglich.
1393 1219 1435 1264 v)
1454 1221 1564 1263 welche
1574 1229 1681 1256 urowe

327 1283 421 1319 einen
437 1279 553 1320 elichen
589 1287 648 1315 man
663 1278 723 1324 hat
738 1278 780 1313 di
798 1278 866 1321 mac
875 1275 1057 1313 nimandes
1075 1276 1256 1312 vormunde
1268 1273 1353 1318 geſin
1376 1269 1496 1316 uorbaz
1513 1280 1551 1315 zu
1574 1270 1683 1310 rechte.

328 1327 391 1373 Jſt
412 1329 463 1365 ein
492 1335 569 1364 man
594 1326 645 1362 ein
671 1326 799 1368 munich
821 1327 895 1361 oder
917 1322 1053 1367 begeben
1077 1323 1189 1367 geweſt
1211 1312 1294 1357 vnde
1319 1320 1373 1367 hat
1396 1320 1561 1365 gehorſam
1587 1325 1681 1362 getan

327 1374 535 1420 wizzentliche
550 1376 631 1409 vnde
645 1374 685 1417 iſt
701 1382 740 1418 uz
756 1370 902 1417 geloufen
921 1372 981 1408 mit
998 1370 1141 1411 vnrechte
1158 1372 1246 1405 deme
1263 1370 1340 1409 darf
1354 1370 1482 1404 nimant
1506 1369 1591 1403 keine
1615 1373 1685 1401 ant⸗

329 1437 424 1466 werte
447 1428 544 1473 geben
563 1436 630 1471 waz
651 1428 687 1473 he
703 1436 740 1472 zu
758 1426 887 1471 klagene
904 1426 972 1472 hat.
1049 1422 1110 1469 Jſt
1128 1426 1177 1460 ein
1199 1432 1274 1460 man
1304 1423 1442 1460 verteilit
1467 1419 1579 1465 geweſt
1602 1423 1685 1456 vnde

329 1474 429 1512 blibet
447 1472 587 1510 lebendic
605 1482 632 1507 iz
645 1471 671 1518 ſi
688 1471 737 1512 w)
764 1480 826 1506 uon
843 1469 1007 1514 geſchichte
1024 1474 1097 1505 oder
1115 1478 1177 1502 uon
1196 1468 1404 1511 vngeſchichte
1428 1471 1517 1502 deme
1544 1468 1625 1510 darf
1638 1470 1685 1501 ni⸗

327 1524 425 1561 mant
446 1521 534 1558 keine
556 1525 712 1558 antwerte
737 1519 842 1563 geben
876 1523 963 1566 vmme
985 1521 1047 1554 den
1076 1519 1167 1554 vride
1183 1517 1261 1552 aber
1274 1525 1386 1552 vmme
1405 1517 1501 1559 ſchult
1516 1523 1588 1557 muz
1605 1526 1684 1547 man

329 1579 376 1615 im
387 1582 579 1613 antwerten.
619 1571 653 1624 x)
722 1575 836 1619 Welch
853 1578 933 1612 man
949 1574 999 1610 ein
1016 1571 1099 1618 pfert
1115 1574 1188 1608 ritet
1205 1572 1237 1608 in
1272 1570 1365 1607 eines
1381 1572 1494 1616 mannes
1515 1568 1590 1614 hus.
1618 1571 1685 1605 der⸗

331 1617 412 1671 ſelbe
439 1629 493 1661 der
513 1623 540 1669 iz
559 1626 617 1658 dar
634 1622 669 1658 in
686 1619 816 1667 brenget
831 1622 887 1657 der
904 1623 979 1664 muz
997 1619 1025 1663 iz
1040 1618 1117 1659 ouch
1140 1618 1263 1662 vorſten
1286 1619 1371 1653 vnde
1390 1624 1465 1660 muz
1486 1618 1588 1650 dauor
1612 1621 1684 1650 ant⸗

331 1682 448 1712 werten
468 1672 508 1709 ab
526 1685 602 1710 man
621 1674 647 1718 iz
663 1683 712 1708 im
732 1673 785 1715 y)
785 1672 930 1713 darinne
946 1670 1139 1716 verſprichet.
1165 1669 1299 1706 nichein
1317 1666 1358 1714 z)
1384 1670 1483 1704 ander
1508 1675 1584 1701 man
1610 1674 1684 1701 mac

332 1730 360 1772 iz
376 1725 520 1772 verſtehn
538 1723 647 1767 denne
647 1722 789 1768 derſelbe
806 1723 847 1760 ab
863 1720 890 1767 iz
907 1722 969 1757 wol
983 1721 1106 1764 geligen
1124 1730 1204 1756 were
1220 1723 1293 1756 oder
1307 1717 1349 1754 ab
1369 1717 1397 1769 he
1407 1716 1442 1769 iz
1442 1715 1596 1768 gemietet
1596 1716 1684 1767 hette

333 1780 365 1825 ſo
383 1781 456 1819 muz
474 1771 512 1818 he
527 1773 555 1818 iz
571 1773 605 1809 iv
619 1771 700 1809 ledic
716 1770 847 1816 machen
864 1772 947 1806 vnde
961 1759 1103 1815 verſtehn
1120 1779 1164 1804 an
1182 1770 1236 1804 der
1253 1768 1325 1812 ſtat.

407 1883 475 1922 Ein
491 1879 580 1926 iklich
607 1885 689 1917 man
711 1880 784 1926 muz
806 1880 879 1916 dem
902 1877 1018 1915 andirn
1041 1875 1213 1914 antwertin
1239 1882 1298 1910 vor
1319 1872 1452 1918 gerichte
1469 1879 1536 1908 wes
1559 1872 1597 1918 he
1619 1872 1684 1907 ime

335 1932 431 1979 ſchult
445 1929 542 1977 gibit.
566 1935 620 1967 der
636 1930 668 1966 in
687 1932 746 1966 den
766 1927 880 1966 benkin
896 1928 945 1972 iſt.
970 1927 1040 1966 adir
1058 1929 1112 1963 der
1121 1922 1310 1970 vorgebotin
1329 1922 1389 1968 iſt.
1404 1923 1505 1961 keiner
1520 1924 1686 1963 rechenun⸗

333 1992 370 2029 ge
385 1988 468 2021 mac
489 1982 529 2027 he
551 1981 688 2027 gebittin
710 1983 786 2026 noch
806 1992 853 2018 an
856 1971 936 2022 keine
959 1972 1040 2029 tafil
1057 1977 1112 2025 ſich
1127 1976 1245 2023 geczin.
1270 1978 1305 2023 he
1324 1985 1397 2022 muz
1414 1976 1447 2012 in
1472 1977 1513 2011 da
1538 1971 1590 2012 ien
1613 1975 1688 2012 adir

335 2031 441 2070 loukin
476 2033 542 2067 vnd
558 2032 608 2067 ein
624 2029 711 2074 iklich
728 2038 806 2065 man
825 2035 898 2073 muz
914 2025 1084 2063 benennin.
1110 2033 1290 2061 warumme
1314 2023 1351 2069 he
1373 2024 1436 2060 ime
1452 2024 1487 2060 di
1502 2022 1564 2065 aa)
1591 2023 1687 2066 ſchult

335 2082 468 2130 ſchuldic
492 2082 515 2127 ſi
531 2080 588 2129 bb)
606 2079 650 2118 ab
672 2080 706 2119 is
728 2079 812 2118 ienir
834 2079 946 2118 mutit.
1017 2077 1086 2117 Ein
1108 2087 1187 2114 man
1212 2083 1285 2113 mac
1306 2076 1365 2112 den
1390 2072 1508 2111 andirn
1530 2072 1614 2116 nicht
1631 2081 1680 2106 me

1697 483 1776 511 XVII.

1685 579 1774 608 XVIII.

1702 684 1770 704 XIX.

1701 729 1758 756 XX.

1697 814 1764 855 XXI.

1700 973 1780 1003 XXII.

1694 1214 1787 1256 XXIII.

1693 1324 1789 1350 XXIV.

1685 1571 1779 1604 XXV.

1694 1882 1787 1911 XXVI.

1692 2081 1795 2108 XXVII.

977 2131 1049 2172 Nn
1074 2141 1096 2168 2

1591 2129 1686 2171 ſchult

371 2268 400 2304 l)
416 2267 489 2298 nach
531 2269 574 2301 m)
589 2264 638 2297 das
653 2274 729 2301 eyne
743 2263 836 2298 nach
858 2268 891 2297 n)
907 2262 958 2294 das
998 2266 1032 2299 o)
1050 2263 1088 2292 So
1127 2260 1161 2302 p)
1176 2253 1291 2293 clichen
1331 2263 1363 2301 q)
1376 2260 1415 2290 So
1453 2259 1485 2298 r)
1501 2257 1550 2295 ſyn
1563 2266 1617 2289 tun
1625 2256 1684 2287 alſo

385 2314 445 2352 s)
457 2313 528 2343 ader
546 2312 666 2349 hyndert
687 2306 819 2350 ſichtum
854 2315 878 2346 t)
892 2309 960 2340 ader
973 2309 1061 2341 wolle
1106 2310 1140 2349 v)
1154 2310 1191 2338 So
1241 2313 1283 2345 w)
1308 2305 1383 2347 fehlt
1429 2312 1460 2343 x)
1477 2307 1514 2338 So
1565 2306 1597 2345 y)
1612 2304 1685 2344 fehlt

413 2358 443 2390 z)
459 2342 536 2388 keyn
575 2350 624 2389 aa)
639 2349 712 2392 fehlt
754 2348 808 2390 bb)
821 2357 875 2382 zcu
887 2347 985 2379 rechte
