2518 3041
428 691 641 746 HERR
655 694 817 743 Gott/
837 679 1142 755 himmliſcher
1155 700 1351 751 Vater/
1380 714 1456 753 dir
1475 708 1669 763 dancken
1683 721 1774 757 wir

299 748 389 793 vor
397 746 556 793 deinen
565 750 717 791 treuen
727 744 878 796 diener
887 744 1137 809 Paulum/
1171 770 1256 805 den
1269 761 1329 808 du
1343 770 1464 808 nicht
1484 778 1624 817 durch
1647 780 1773 825 men⸗

302 797 476 851 ſchen/
506 796 696 852 ſondern
712 801 1008 863 unmittelbar
1028 820 1159 873 ſelbſt
1169 831 1271 874 zum
1281 816 1506 870 Apoſtel/
1533 832 1628 883 und
1638 837 1770 888 zwar

298 853 542 910 ſonderlich
553 856 777 915 unſerm/
807 867 878 914 der
896 871 1120 931 heyden/
1153 886 1342 934 Apoſtel
1364 886 1655 939 verordnet/
1688 897 1771 942 mit

299 905 544 966 ſtattlichen
563 912 712 972 gaben
732 916 816 962 des
831 918 999 974 geiſtes
1020 938 1358 1004 ausgerüſtet/
1387 944 1480 996 und
1500 952 1592 998 uns
1606 943 1771 1008 bisher

302 970 414 1020 noch
439 971 549 1031 ſeine
576 973 807 1033 ſchrifften
832 979 1026 1036 gelaſſen
1058 987 1179 1048 haſt.
1239 997 1387 1049 Lehre
1409 1010 1499 1051 uns
1517 1005 1589 1052 die
1603 1010 1773 1066 wahr⸗

299 1017 436 1078 heit/
461 1024 626 1081 welche
655 1033 852 1086 derſelbe
882 1040 931 1089 in
947 1041 1124 1096 deinem
1150 1041 1279 1092 lichte
1304 1062 1658 1124 vorgetragen/
1679 1070 1775 1127 und

297 1091 410 1147 auch
431 1096 479 1143 in
500 1096 645 1153 dieſer
662 1094 845 1158 Epiſtel
871 1099 1075 1157 gelehret
1098 1103 1230 1157 hat/
1274 1108 1371 1154 alſo
1388 1120 1646 1176 erkennen/
1677 1130 1772 1184 daß

297 1156 388 1199 aus
407 1152 595 1208 ſolchem
613 1153 776 1212 hellem
793 1158 997 1213 ſcheine/
1015 1165 1102 1209 den
1121 1167 1183 1208 du
1205 1168 1253 1211 in
1273 1169 1361 1217 ſein
1382 1176 1503 1221 hertz
1518 1184 1773 1241 vorweilen

278 1207 493 1268 gegeben
503 1210 656 1270 haſt/
685 1214 829 1266 durch
847 1219 960 1272 ſeine
974 1223 1208 1274 ſchrifften
1225 1230 1298 1265 die
1309 1232 1595 1277 erleuchtung
1609 1244 1776 1292 wahr⸗

277 1267 473 1329 hafftig
509 1273 556 1320 in
581 1271 743 1327 unſern
781 1275 957 1333 hertzen
988 1284 1186 1334 entſtehe
1214 1297 1308 1326 von
1346 1293 1500 1339 deiner
1538 1295 1772 1351 klahrheit

277 1331 390 1375 und
400 1331 663 1394 herrligkeit
679 1337 733 1385 in
733 1337 839 1386 dem
857 1337 1104 1398 angeſichte
1116 1343 1265 1398 JEſu
1279 1346 1509 1406 Chriſti:
1539 1356 1645 1409 laſſe
1665 1363 1775 1415 aber

278 1375 417 1435 nicht
432 1389 529 1441 zu/
558 1385 659 1441 daß
676 1390 771 1435 wir
791 1398 882 1435 uns
907 1398 1113 1447 jemahln
1140 1410 1283 1444 durch
1310 1409 1456 1462 falche
1476 1411 1664 1465 Apoſtel
1683 1424 1775 1444 und

277 1435 446 1494 lehrer
461 1440 701 1499 verführen
722 1445 913 1506 laſſen/
937 1462 1033 1493 von
1046 1459 1213 1515 ſolcher
1221 1467 1503 1535 wahrheit/
1519 1476 1587 1524 als
1599 1479 1672 1534 die
1679 1484 1775 1530 wir

277 1494 494 1563 wiſſen/
511 1496 605 1552 von
616 1513 739 1550 wem
749 1510 845 1552 wir
855 1507 909 1558 ſie
917 1515 1117 1565 gelernet
1136 1522 1334 1580 haben/
1352 1531 1547 1588 nemlich
1559 1542 1656 1586 von
1679 1541 1774 1592 dei⸗

293 1566 397 1612 nem
409 1553 594 1620 Apoſtel
602 1557 762 1624 deines
772 1567 971 1622 Sohns
983 1571 1132 1623 JEſu
1143 1583 1372 1634 Chriſti/
1392 1594 1438 1637 ja
1448 1595 1590 1644 durch
1609 1591 1663 1655 ſie
1679 1602 1773 1652 von

294 1615 546 1670 demſelben
572 1615 748 1674 ſelbſt/
775 1621 857 1669 der
878 1624 942 1669 da
967 1627 1028 1676 iſt
1039 1632 1127 1667 die
1155 1638 1360 1684 warheit
1394 1648 1487 1696 und
1519 1650 1611 1707 das
1633 1652 1777 1716 licht/

293 1672 458 1724 Amen.

286 1786 430 1963 S

440 1803 654 1856 Ondern.
717 1802 906 1864 Hierauß
918 1803 1028 1865 ſehen
1038 1807 1119 1857 wir
1132 1809 1311 1867 alſo/daß
1319 1813 1512 1866 Chriſtus
1528 1840 1613 1878 kein
1633 1826 1776 1873 bloſſer

433 1864 612 1920 menſch
624 1866 715 1924 ſey/
743 1866 911 1926 ſondern
926 1871 1017 1920 dem
1028 1868 1175 1928 bloſſen
1195 1880 1402 1929 menſchen
1425 1888 1622 1942 entgegen
1642 1898 1775 1942 geſetzt

454 1922 615 1979 werde/
626 1920 699 1972 als
708 1929 791 1971 von
801 1923 976 1979 welchen
987 1929 1174 1985 Paulus
1187 1936 1296 1981 nicht
1308 1938 1491 1997 beruffen
1498 1953 1557 1994 iſt.

422 1973 604 2032 Durch.
661 1980 795 2034 Nicht
813 1984 881 2031 als
895 1993 978 2030 nur
997 1993 1118 2034 durch
1142 1996 1210 2049 ein
1235 2000 1373 2046 mittel
1391 2006 1569 2061 perſon;
1600 2011 1706 2057 denn
1725 2015 1774 2057 es

293 2029 401 2078 wird
411 2035 490 2082 das
497 2032 689 2084 woͤrtlein
699 2039 840 2087 durch
850 2043 949 2083 eben
969 2049 1006 2091 ſo
1017 2052 1127 2092 wohl
1145 2058 1227 2101 von
1246 2057 1382 2111 GOtt
1394 2065 1494 2108 dem
1513 2062 1656 2120 Vater
1671 2071 1774 2119 eini⸗

292 2095 427 2147 gemal
448 2092 696 2159 gebraucht;
719 2097 911 2157 ſondern/
942 2108 1010 2151 der
1033 2110 1094 2149 die
1115 2111 1248 2159 haupt
1265 2118 1422 2170 urſache
1447 2120 1592 2181 ſolches
1617 2127 1773 2189 beruffs

293 2162 402 2203 war.

420 2210 618 2269 JEſum
636 2198 901 2276 Chriſtum.
963 2219 1161 2277 JEſum/
1178 2244 1254 2281 den
1273 2244 1342 2279 der
1356 2243 1499 2289 Vater
1515 2246 1610 2286 zum
1633 2241 1772 2293 Chriſt

292 2277 477 2326 gemacht
500 2275 589 2327 hat.
615 2275 758 2337 Apoſt.
783 2280 904 2338 geſch.
931 2287 974 2333 2/
1000 2289 1067 2335 36.
1108 2291 1177 2326 der
1206 2294 1424 2338 deswegen
1449 2297 1516 2345 als
1542 2300 1659 2337 koͤnig
1687 2306 1770 2344 und

278 2329 462 2385 prophet
492 2331 654 2392 Apoſtel
683 2332 959 2401 außzuſenden
988 2347 1125 2390 macht
1154 2348 1237 2393 hat.
1267 2353 1378 2395 Eph.
1408 2354 1456 2409 4/
1509 2363 1569 2403 11.
1606 2358 1655 2393 ſie
1684 2359 1767 2409 ſind

277 2385 564 2446 bottſchaffter
585 2402 641 2440 an
652 2389 848 2448 Chriſtus
863 2401 971 2443 ſtatt.
1002 2411 1042 2460 2.
1064 2407 1164 2444 Cor.
1184 2411 1227 2460 5/
1239 2415 1311 2460 20.
1369 2409 1438 2445 Es
1459 2410 1506 2448 iſt
1524 2413 1621 2461 aber
1644 2415 1771 2479 Chri⸗

277 2444 409 2505 ſtus/
436 2453 505 2498 der
518 2445 613 2501 ihm
655 2448 781 2514 Paulo
809 2458 1025 2510 erſchienen
1042 2474 1160 2516 war/
1189 2463 1280 2511 Ap.
1309 2460 1553 2511 Geſchicht
1573 2474 1614 2538 9/
1634 2482 1674 2527 6.
1706 2485 1770 2538 15.

278 2500 503 2565 ſonderlich
518 2517 549 2556 c.
558 2505 648 2562 22/
644 2515 686 2571 6.
700 2514 781 2561 u.f.
807 2517 916 2570 item
928 2525 966 2569 v.
980 2529 1048 2573 21.
1073 2530 1104 2571 c.
1114 2521 1251 2574 26.
1195 2528 1256 2575 15.
1290 2530 1358 2575 wo
1379 2532 1428 2567 zu
1447 2527 1557 2583 ſehen
1579 2535 1662 2594 iſt/
1691 2542 1772 2598 daß

277 2555 335 2636 in
346 2556 486 2632 ſolcher
497 2564 753 2628 erſcheinung
774 2573 931 2635 Chriſti
954 2580 1093 2636 Paulus
1120 2581 1216 2637 nicht
1239 2582 1363 2623 allein
1379 2585 1571 2662 bekehrt/
1601 2597 1768 2651 ſondern
