2596 3056
309 514 639 567 Reichs⸗Statt
639 514 911 567 Rotenburg
911 514 976 567 an
976 514 1061 567 der
1061 514 1260 567 Tauber.

1275 495 1418 554 Num.
1418 495 1485 554 V.
1485 495 1570 554 VI.

1610 501 1710 564 613

257 618 324 663 den
353 621 583 665 vorgenanten
612 612 733 661 unſern
755 608 1016 661 Nachkommen
1044 607 1112 650 und
1141 597 1426 652 allermaͤnniglich
1448 598 1699 649 ungehindert;

258 678 341 722 Mit
356 673 493 716 Urkund
507 671 563 719 diß
573 665 734 717 Brieffs,
757 663 926 713 verſiegelt
940 664 1004 705 mit
1020 662 1115 711 unſer
1135 653 1361 706 Kuͤniglichen
1381 647 1553 703 Majeſtaͤt
1573 651 1701 698 anhan⸗

262 720 409 772 gendem
424 718 598 770 Jnſiegel,
622 717 744 759 Geben
765 724 800 763 zu
821 712 1038 764 Heydelberg
1060 709 1142 757 nach
1159 702 1293 758 Chriſts
1312 706 1469 751 Geburte,
1516 699 1701 748 vierzehen⸗

263 776 406 825 hundert
421 769 563 821 Jahre,
585 778 628 810 an
640 769 715 809 dem
729 765 874 815 nechſten
887 762 1111 813 Donnerſtag
1138 759 1216 810 nach
1239 759 1302 802 dem
1323 751 1416 813 Heil.
1436 748 1613 807 Oſtertag,
1639 761 1700 792 un⸗

261 828 332 878 ſers
358 825 469 873 Richs
485 822 519 864 in
530 820 605 863 dem
618 819 815 861 Neundten
831 815 966 868 Jahre.

835 905 976 950 Num.
1001 908 1076 949 VI.

264 990 439 1042 Extraƈt
457 983 629 1043 Koͤnigs
645 982 825 1040 Ruperti
838 981 1069 1038 Privilegii,
1087 979 1169 1031 daß
1189 979 1252 1029 die
1262 977 1410 1029 Stadt
1418 969 1704 1027 Rothenburg

315 1044 500 1098 jaͤhrlichen
512 1043 606 1085 einen
616 1037 868 1093 Jahrmarckt,
894 1040 926 1088 ſo
943 1040 983 1087 uf
995 1035 1274 1075 S.Barcholomæi
1289 1030 1441 1079 angehen
1457 1029 1532 1078 ſoll,
1549 1026 1656 1075 haben

667 1090 741 1131 und
758 1086 874 1135 halten
886 1081 1007 1135 moͤge,
1020 1085 1062 1120 de
1076 1087 1178 1120 Anno
1206 1085 1312 1126 1406.

262 1156 347 1242 W

365 1166 413 1203 Jr
430 1156 611 1206 Ruprecht
623 1162 691 1198 von
705 1154 804 1198 Gots
818 1153 989 1201 Gnaden,
1000 1146 1203 1199 Roͤmiſcher
1214 1144 1355 1194 Kunig,
1368 1150 1413 1184 ꝛc.
1444 1141 1552 1190 haben
1564 1142 1601 1191 jn
1617 1142 1709 1183 (von

384 1198 606 1252 Rotenburg)
631 1198 779 1234 darumb
796 1202 862 1234 von
877 1197 1006 1238 Unſern
1025 1192 1209 1235 beſondern
1221 1190 1374 1227 Gnaden
1390 1187 1555 1228 gegennet
1572 1184 1642 1219 und
1660 1187 1710 1217 er⸗

269 1263 409 1313 laubet,
433 1255 569 1308 guͤnnen
588 1260 658 1302 und
676 1256 838 1299 erlauben
850 1256 887 1305 jn
899 1255 984 1300 auch
998 1253 1034 1294 in
1043 1252 1164 1301 Krafft
1176 1252 1232 1299 diß
1250 1246 1405 1296 Briefs,
1427 1247 1496 1288 und
1507 1242 1707 1291 Romiſcher

267 1311 495 1366 Kuniglichen
508 1311 652 1360 Mechte
665 1304 1027 1356 Vollkommenheide,
1045 1308 1111 1347 das
1130 1304 1170 1350 ſie
1183 1297 1304 1348 fuͤrbas
1321 1308 1356 1346 zu
1374 1295 1500 1344 ewigen
1510 1294 1629 1344 Zeiten
1646 1296 1709 1336 alle

271 1368 371 1421 Jare
383 1363 584 1418 Jehrlichen
604 1361 698 1404 einen
708 1358 958 1413 Jahrmarckt,
971 1358 1032 1399 der
1044 1356 1120 1399 eins
1133 1353 1272 1403 jglichen
1285 1352 1408 1402 Jahrs
1423 1351 1464 1396 uf
1477 1351 1552 1395 ſant
1563 1348 1706 1386 Bartho-

272 1419 413 1455 lomæus
432 1414 492 1454 des
507 1410 669 1458 Heiligen
684 1404 987 1459 Zwoͤlff⸗Botten
1002 1404 1117 1447 Abent
1143 1405 1184 1451 zu
1186 1398 1376 1449 Veſperzyt
1389 1403 1516 1444 angeen
1533 1393 1616 1445 ſoll,
1638 1393 1709 1437 und

273 1475 385 1508 weren
401 1465 455 1512 biß
471 1463 524 1513 uff
536 1452 622 1513 ſant
623 1458 770 1508 Egidien
783 1460 860 1504 tach
873 1455 981 1505 nechſt
993 1453 1142 1498 darnach
1156 1454 1227 1494 und
1242 1450 1412 1500 denſelben
1427 1450 1511 1490 allen
1527 1447 1561 1488 in
1575 1447 1635 1487 der
1650 1444 1709 1484 ob⸗

268 1520 440 1569 genanten
449 1515 546 1561 unſer
556 1514 630 1555 und
639 1516 699 1552 des
715 1504 871 1565 Heiligen
887 1503 987 1554 Richs
1003 1509 1104 1552 Stadt
1108 1503 1319 1550 Rotenburg
1328 1502 1380 1546 uff
1387 1500 1447 1542 deꝛ
1447 1498 1587 1545 Thuber
1598 1495 1707 1540 haben

270 1568 344 1612 und
352 1566 468 1614 halten
477 1565 576 1612 ſollen
589 1564 663 1603 und
672 1568 810 1607 moͤgen,
823 1560 895 1599 und
909 1558 1024 1603 ſollent
1035 1557 1118 1602 auch
1127 1554 1243 1600 igliche
1257 1555 1299 1597 ſie
1310 1554 1358 1595 ſin
1368 1553 1475 1592 Arme
1487 1551 1569 1591 oder
1578 1548 1712 1594 Riche,

270 1618 326 1661 die
344 1612 517 1663 denſelben
529 1609 763 1656 Jahrmarckt
777 1609 893 1654 ſuchen
907 1605 1080 1648 werdent,
1107 1605 1170 1643 alle
1189 1601 1283 1647 Zijt,
1310 1601 1343 1646 ſo
1365 1599 1405 1641 ſie
1421 1601 1484 1637 den
1506 1595 1660 1643 ſuchent,
1676 1594 1712 1638 in

272 1664 372 1715 unſer
382 1662 453 1705 und
460 1662 521 1705 des
545 1653 712 1707 Heiligen
721 1649 977 1701 RichsSchirme
994 1656 1062 1696 und
1073 1652 1208 1692 Geleite
1218 1650 1263 1694 ſin
1274 1658 1336 1689 one
1345 1651 1406 1688 alle
1414 1646 1586 1686 Geverde.
1635 1646 1715 1685 Und

271 1715 327 1766 ſoll
341 1711 427 1761 auch
442 1708 610 1762 derſelben
622 1705 679 1754 Lip
690 1708 762 1748 und
775 1707 881 1749 Gut,
904 1704 968 1744 den
982 1698 1250 1749 obgeſchriebene
1264 1695 1474 1744 Jarmarckt
1487 1697 1579 1739 gantz
1597 1693 1642 1739 uß
1652 1689 1710 1738 fuͤr

270 1766 371 1804 allem
382 1759 555 1803 Kummer
567 1755 638 1798 und
652 1751 808 1805 Gepotte
822 1748 1062 1800 obgenannten
1077 1742 1399 1796 Burgermeiſtere,
1423 1743 1483 1783 des
1498 1741 1623 1784 Rades
1639 1743 1711 1781 und

274 1815 445 1861 Burgere
458 1810 519 1850 der
533 1805 770 1857 obgenannten
786 1802 890 1854 Unſer
899 1806 970 1844 und
984 1801 1047 1849 deß
1056 1797 1215 1851 Heiligen
1226 1796 1339 1844 Richs
1351 1794 1464 1841 Stad
1477 1790 1712 1837 Rotenburg,

275 1861 468 1908 gemeinlich
483 1859 554 1899 und
569 1853 773 1906 ſunderlich,
798 1853 870 1895 und
884 1849 945 1900 ſuſt
958 1845 1225 1897 allermenglichs
1239 1844 1272 1887 in
1284 1845 1342 1885 der
1355 1845 1589 1889 vorgenanten
1597 1837 1710 1883 Stad

275 1913 501 1961 Rotemburg
520 1909 619 1955 ſicher
638 1905 708 1947 und
725 1904 797 1953 frey
813 1901 898 1951 ſein,
914 1897 1126 1949 ußgenom̃en
1141 1898 1208 1946 daß
1223 1896 1276 1938 die
1293 1894 1487 1943 obgenannt
1502 1891 1597 1936 unſer
1608 1890 1711 1931 Gna⸗

274 1969 317 2002 de
332 1966 403 2001 und
415 1963 543 2006 Friheit
560 1957 697 2003 dieben,
716 1955 850 2000 dupen,
870 1951 1052 1994 mordern,
1065 1944 1288 1996 nottzogern,
1300 1933 1484 1992 felſchern,
1495 1940 1565 1979 und
1580 1938 1644 1979 den
1658 1937 1713 1979 die

275 2018 319 2057 by
334 2013 539 2056 geverlicher
554 2005 669 2050 maße,
683 2005 766 2042 oder
779 1998 974 2047 unrechtem
987 1997 1167 2046 Gewichte
1178 1993 1305 2043 funden
1319 1988 1479 2038 worden,
1493 1990 1574 2030 oder
1589 1987 1641 2026 die
1659 1996 1715 2031 ye⸗

280 2067 379 2100 mant
395 2067 443 2096 an
465 2060 589 2103 ſeinem
603 2057 677 2095 Libe
702 2053 783 2092 oder
800 2051 901 2093 Gute
923 2044 1140 2097 frevenlichen
1166 2040 1414 2093 beſchedigten,
1439 2038 1527 2084 nicht
1551 2035 1714 2084 ſchirmen

280 2117 364 2162 noch
382 2119 417 2159 zu
428 2107 560 2158 Helffte
576 2106 728 2148 kommen
742 2105 798 2155 ſoll
814 2104 848 2144 in
865 2102 988 2149 dheine
999 2100 1120 2148 Wiſe,
1134 2098 1219 2143 ohne
1235 2099 1297 2137 alle
1311 2093 1480 2137 Geverde.
1494 2101 1537 2130 ꝛc.
1590 2090 1716 2133 Geben

278 2174 316 2207 zu
329 2166 442 2201 Luden
455 2156 537 2201 nach
546 2151 673 2202 Chriſti
681 2150 861 2200 Gepurte,
876 2143 1230 2195 Viertzehenhundert
1243 2149 1312 2183 und
1327 2142 1361 2182 in
1377 2144 1451 2182 dem
1460 2136 1633 2187 Sechſten
1642 2135 1719 2188 Ja⸗

282 2225 337 2261 re,
355 2213 406 2262 uff
417 2213 495 2251 dem
506 2206 654 2257 nechſten
666 2204 826 2255 Sontag
840 2211 903 2243 vor
914 2201 988 2249 ſant
1001 2197 1224 2245 Katharinen
1237 2196 1339 2243 Tag,
1363 2192 1422 2233 der
1433 2188 1575 2241 heiligen
1589 2185 1718 2240 Jung⸗

284 2263 428 2314 frauen,
439 2260 582 2313 Vnſers
593 2258 704 2307 Richs
716 2251 757 2302 in
757 2250 834 2301 dem
850 2254 1067 2305 Syebenden
1080 2251 1190 2299 Jare.

892 2297 949 2331 Ad
963 2292 1165 2329 Mandatum
1179 2291 1311 2326 Domini
1323 2288 1425 2336 Regis.

1111 2344 1305 2395 Johannes
1321 2341 1522 2392 Winheim.

1114 2410 1153 2441 ꝶ.
1170 2394 1373 2437 Bertholdus
1389 2389 1570 2439 Durlach.

878 2492 1039 2560 Hhhh
1039 2492 1095 2560 3

1477 2484 1729 2541 Num.VII.
