1717 2445
714 452 867 502 lyriſchen
884 454 1036 502 Legionen
1052 454 1303 503 wohlbewafnet
1316 454 1487 504 umgeben,
1501 460 1569 495 und

715 507 874 553 befanden
892 495 951 555 ſich
965 506 1031 550 alſo
1044 504 1212 555 gleichſam
1239 511 1283 547 im
1300 508 1382 556 Netz
1397 505 1570 554 gefangen.

767 557 878 602 Dann
897 562 998 610 nahm
1013 561 1176 603 Severus
1195 566 1265 602 eine
1288 562 1450 612 drohende
1464 565 1570 604 Mine

717 617 784 653 und
816 615 1071 665 nachdruͤckliche
1099 615 1256 665 Sprache
1286 627 1357 660 an,
1395 621 1462 656 und
1491 610 1570 666 hielt

715 664 814 712 ihnen
829 665 899 714 ihre
917 668 1038 716 Laſter,
1065 670 1126 707 den
1142 670 1250 711 Mord
1258 674 1316 708 des
1326 670 1498 716 Pertinax,
1508 672 1572 706 den

715 722 873 770 Verkauf
892 727 949 761 des
974 715 1118 776 Reichs,
1144 726 1212 763 und
1237 723 1326 771 ſelbſt
1351 727 1401 763 die
1429 725 1571 766 Nieder⸗

714 772 914 825 traͤchtigkeit
936 785 1015 820 vor,
1042 776 1103 814 mit
1126 778 1179 815 der
1200 778 1240 826 ſie
1262 781 1324 817 den
1347 777 1484 820 Didius
1503 788 1571 815 ver⸗

714 829 813 878 laſſen
836 834 904 870 und
926 829 1099 878 verrathen
1126 827 1252 877 hatten.
1306 830 1358 872 Er
1380 832 1485 883 ſchloß
1503 833 1571 878 alſo

715 880 863 923 daraus,
891 879 954 926 daß
970 885 1006 919 es
1022 881 1108 918 keine
1131 870 1269 928 Strafe
1284 879 1386 927 gaͤbe,
1413 873 1509 921 deren
1528 882 1571 929 ſie

717 933 777 983 ſich
795 933 893 982 durch
908 932 977 982 ihre
992 932 1252 985 Schandthaten
1267 924 1352 985 nicht
1373 936 1501 983 wuͤrdig
1519 926 1571 981 ge⸗

711 986 824 1035 macht
846 986 987 1035 haͤtten,
1023 992 1091 1026 und
1128 993 1166 1031 es
1197 989 1335 1038 folglich
1375 991 1444 1029 eine
1483 992 1572 1039 freye

718 1038 842 1080 Gnade
859 1036 969 1082 waͤre,
996 1047 1092 1076 wenn
1111 1048 1144 1075 er
1153 1037 1251 1085 ihnen
1268 1030 1331 1076 das
1348 1039 1445 1077 Leben
1453 1034 1599 1087 ſchenk⸗

717 1103 764 1134 te.
817 1095 926 1137 Allein
942 1107 975 1134 er
991 1098 1104 1137 dankte
1123 1097 1164 1145 ſie
1186 1096 1252 1145 auf
1268 1099 1338 1135 eine
1361 1088 1572 1147 ſchimpfliche

716 1147 784 1188 Art
796 1145 861 1190 ab,
889 1149 956 1185 und
967 1144 1076 1195 befahl
1098 1139 1223 1199 ihnen,
1235 1147 1301 1194 auf
1307 1149 1388 1194 ewig
1410 1143 1470 1197 von
1484 1159 1574 1187 Rom

718 1193 860 1240 entfernt
883 1205 911 1243 zu
918 1185 1076 1243 bleiben,
1104 1199 1171 1233 und
1192 1196 1252 1243 bey
1273 1196 1490 1245 Lebensſtrafe
1512 1196 1572 1246 ſich

714 1248 805 1296 nicht
822 1248 904 1287 uͤber
926 1249 1071 1295 hundert
1089 1245 1223 1292 Meilen
1239 1255 1313 1293 der
1323 1250 1444 1294 Stadt
1449 1252 1495 1303 zu
1499 1251 1571 1296 naͤ⸗

716 1302 812 1347 hern.

771 1347 845 1380 Die
858 1324 1036 1388 Leibwache
1046 1347 1158 1376 wurde
1166 1340 1264 1388 gleich
1274 1343 1327 1378 als
1342 1347 1418 1379 vom
1426 1338 1572 1382 Donner

717 1403 902 1454 geſchlagen
917 1411 987 1446 und
1010 1405 1126 1457 befand
1147 1404 1207 1458 ſich
1226 1406 1491 1459 ſchlechterdings
1513 1420 1574 1448 un⸗

718 1454 935 1504 vermoͤgend,
962 1445 1025 1503 auf
1038 1457 1148 1504 irgend
1163 1452 1268 1505 einige
1286 1457 1352 1498 Art
1372 1455 1432 1505 ſich
1457 1452 1501 1506 zu
1516 1461 1573 1497 wi⸗

718 1510 890 1559 derſetzen;
917 1512 956 1560 ſie
974 1510 1076 1557 lieſſen
1093 1510 1151 1560 ſich
1166 1521 1229 1551 von
1245 1518 1306 1552 den
1322 1512 1495 1554 Soldaten
1509 1503 1571 1554 des

718 1563 918 1613 Jllyriſchen
936 1565 1046 1613 Heers
1060 1565 1244 1611 pluͤndern,
1269 1566 1319 1602 die
1337 1555 1435 1614 ihnen
1451 1565 1513 1614 auf
1517 1572 1572 1605 der

686 1622 836 1661 Stelle
852 1622 921 1670 ihre
938 1623 1063 1664 Guͤrtel
1080 1626 1146 1661 und
1166 1623 1299 1669 Degen,
1310 1626 1377 1660 und
1394 1623 1489 1669 alles,
1498 1627 1571 1662 was

718 1668 819 1715 ihnen
837 1683 901 1710 nur
916 1677 969 1711 als
985 1671 1192 1714 Merkmaale
1207 1675 1275 1717 und
1288 1666 1464 1721 Zierathen
1481 1676 1572 1712 eines

719 1721 893 1763 Soldaten
900 1717 1004 1776 uͤbrig
1030 1719 1101 1775 ſeyn
1104 1723 1214 1769 konte,
1242 1714 1477 1772 wegnahmen,
1503 1726 1570 1762 und

719 1779 761 1824 ſie
775 1777 964 1825 noͤthigten,
989 1779 1090 1817 voller
1106 1777 1241 1829 Scham
1257 1781 1326 1819 und
1341 1776 1419 1828 halb
1434 1779 1570 1822 nackend

718 1824 778 1876 ſich
793 1830 829 1875 zu
847 1825 1026 1875 entfernen.

774 1871 935 1908 Severus
958 1874 1068 1916 dachte
1082 1876 1142 1914 auf
1162 1857 1282 1922 alles.
1315 1876 1366 1910 Er
1383 1862 1470 1917 hatte
1485 1884 1521 1909 es
1536 1883 1577 1909 in

720 1931 847 1967 voraus
868 1927 1023 1976 geſehen,
1050 1920 1114 1974 daß
1136 1934 1173 1971 es
1199 1932 1302 1968 denen
1324 1930 1572 1980 aufgebrachten

720 1986 894 2029 Soldaten
911 1988 1061 2035 einfallen
1078 1987 1211 2031 koͤnnte,
1238 1989 1273 2025 in
1289 1984 1341 2034 ihr
1358 1986 1452 2035 Lager
1463 1987 1573 2036 zuruͤck

720 2046 758 2085 zu
776 2033 897 2083 gehen,
924 2042 991 2077 und
1009 2037 1079 2087 ihre
1090 2038 1227 2085 Waffen
1244 2042 1362 2080 wieder
1372 2050 1410 2088 zu
1421 2036 1600 2088 nehmen.

723 2085 759 2141 Er
759 2077 844 2130 lies
854 2090 915 2128 das
932 2087 1026 2137 Lager
1038 2089 1101 2128 mit
1116 2084 1338 2138 auserleſenen
1351 2090 1506 2138 Truppen
1523 2091 1572 2129 be⸗
