<?xml version='1.0' encoding='utf-8'?>
<PcGts xmlns="http://schema.primaresearch.org/PAGE/gts/pagecontent/2019-07-15" xmlns:xsi="http://www.w3.org/2001/XMLSchema-instance" pcGtsId="PAGE_01" xsi:schemaLocation="http://schema.primaresearch.org/PAGE/gts/pagecontent/2019-07-15 http://schema.primaresearch.org/PAGE/gts/pagecontent/2019-07-15/pagecontent.xsd">
  <Metadata>
    <Creator>OCR-D DFG Phase III</Creator>
    <Created>2024-01-19T13:09:32Z</Created>
    <LastChange>2024-01-19T13:09:32Z</LastChange>
    <Comments>ODEM: OCR-D extension for mass digitization (2021-2024)</Comments>
  </Metadata>
  <Page imageFilename="MAX/urn+nbn+de+gbv+3+1-727483-p0010-2_ger.png" imageWidth="2136" imageHeight="2712" type="content" primaryLanguage="German">
    <Border>
      <Coords points="121,92 131,2632 1985,2612 1974,78"/>
    </Border>
    <ReadingOrder>
      <OrderedGroup id="ro_1658481147473" caption="Regions reading order">
        <RegionRefIndexed index="0" regionRef="region0001"/>
        <RegionRefIndexed index="1" regionRef="region0002"/>
      </OrderedGroup>
    </ReadingOrder>
    <TextRegion orientation="0.4751626" readingDirection="left-to-right" id="region0001" custom="readingOrder {index:0;}">
      <Coords points="439,310 1936,310 1936,1001 439,1001"/>
      <TextLine id="region0001_line0001" custom="readingOrder {index:0;}">
        <Coords points="610,312 524,315 519,320 520,355 528,361 528,367 534,373 790,371 801,380 809,379 815,371 850,370 970,373 1040,370 1049,374 1069,371 1078,378 1089,378 1096,371 1335,369 1398,372 1408,380 1425,380 1436,371 1445,370 1519,367 1590,368 1600,376 1609,376 1617,369 1670,366 1817,369 1834,369 1847,374 1853,374 1860,369 1936,369 1935,319 1864,318 1857,310 1841,310 1830,317 1761,316 1754,311 1740,311 1734,316 1695,318 1691,311 1686,310 1672,310 1668,318 1600,314 1594,310 1581,311 1574,316 1546,317 1542,314 1529,314 1523,318 1483,319 1423,311 1386,312 1353,320 1279,319 1264,315 1227,317 1221,314 1207,314 1201,319 1160,321 1156,312 1142,311 1135,321 1121,321 1104,318 1095,311 1047,310 1041,316 1027,318 1009,310 919,310 892,319 863,314 800,313 760,321 679,322 644,314"/>
        <Baseline points="528,362 1936,358"/>
        <Word id="region0001_line0001_word0000" custom="readingOrder {index:0;}">
          <Coords points="595,324 711,323 712,367 596,368"/>
          <TextEquiv conf="0.9320839">
            <Unicode>Kann</Unicode>
          </TextEquiv>
        </Word>
        <Word id="region0001_line0001_word0001" custom="readingOrder {index:1;}">
          <Coords points="830,325 732,326 732,371 790,371 795,375 811,375 815,371 830,370"/>
          <TextEquiv conf="0.93241715">
            <Unicode>wohl</Unicode>
          </TextEquiv>
        </Word>
        <Word id="region0001_line0001_word0002" custom="readingOrder {index:2;}">
          <Coords points="850,327 915,326 916,366 851,367"/>
          <TextEquiv conf="0.9328024">
            <Unicode>der</Unicode>
          </TextEquiv>
        </Word>
        <Word id="region0001_line0001_word0003" custom="readingOrder {index:3;}">
          <Coords points="1096,318 931,319 932,372 970,373 1040,370 1049,374 1069,371 1073,374 1093,374 1096,371 1097,371"/>
          <TextEquiv conf="0.92983294">
            <Unicode>Wunſch</Unicode>
          </TextEquiv>
        </Word>
        <Word id="region0001_line0001_word0004" custom="readingOrder {index:4;}">
          <Coords points="1120,321 1121,364 1224,363 1223,320 1170,321 1160,321 1160,321 1135,321 1135,321 1121,321 1121,321"/>
          <TextEquiv conf="0.9308142">
            <Unicode>eines</Unicode>
          </TextEquiv>
        </Word>
        <Word id="region0001_line0001_word0005" custom="readingOrder {index:5;}">
          <Coords points="1247,323 1377,322 1378,361 1248,362"/>
          <TextEquiv conf="0.9303888">
            <Unicode>treuen</Unicode>
          </TextEquiv>
        </Word>
        <Word id="region0001_line0001_word0006" custom="readingOrder {index:6;}">
          <Coords points="1400,318 1401,370 1458,369 1519,367 1590,368 1590,368 1620,368 1619,316 1559,317 1546,317 1546,317 1525,317 1523,318 1483,319 1471,317"/>
          <TextEquiv conf="0.93116385">
            <Unicode>Freundes,</Unicode>
          </TextEquiv>
        </Word>
        <Word id="region0001_line0001_word0007" custom="readingOrder {index:7;}">
          <Coords points="1670,313 1668,318 1654,317 1655,356 1757,355 1756,313 1737,313 1734,316 1695,318 1692,313"/>
          <TextEquiv conf="0.93092173">
            <Unicode>eines</Unicode>
          </TextEquiv>
        </Word>
        <Word id="region0001_line0001_word0008" custom="readingOrder {index:8;}">
          <Coords points="1833,314 1830,317 1776,316 1777,364 1926,363 1925,318 1864,318 1860,314"/>
          <TextEquiv conf="0.9247444">
            <Unicode>wahren</Unicode>
          </TextEquiv>
        </Word>
        <TextEquiv conf="0.93057436">
          <Unicode>Kann wohl der Wunſch eines treuen Freundes, eines wahren</Unicode>
        </TextEquiv>
      </TextLine>
      <TextLine id="region0001_line0002" custom="readingOrder {index:1;}">
        <Coords points="474,371 440,373 439,436 539,432 654,434 916,429 930,431 948,422 988,415 989,430 996,438 1009,433 1019,433 1026,438 1050,439 1067,435 1085,436 1090,440 1101,440 1106,435 1235,433 1296,437 1440,434 1511,438 1513,435 1570,431 1623,430 1631,440 1636,440 1644,432 1704,428 1735,428 1742,436 1748,436 1757,426 1817,429 1827,435 1835,435 1841,430 1935,431 1936,425 1936,382 1854,377 1836,371 1829,374 1813,373 1807,378 1783,373 1771,378 1766,371 1759,368 1747,369 1738,378 1727,378 1719,369 1711,369 1703,378 1682,375 1586,379 1546,372 1489,371 1435,381 1400,382 1356,373 1321,372 1282,374 1258,380 1239,377 1233,371 1215,375 1158,372 1098,381 1078,379 1071,375 1043,373 920,374 866,383 860,380 851,380 846,384 805,383 791,375 775,382 768,382 763,378 749,378 744,382 734,384 695,384 690,380 677,380 672,384 636,384 620,384 613,379 600,379 594,384 543,384 514,374"/>
        <Baseline points="989,424 1936,421"/>
        <Word id="region0001_line0002_word0000" custom="readingOrder {index:0;}">
          <Coords points="446,384 446,432 615,431 615,383 595,383 594,384 543,384 541,383"/>
          <TextEquiv conf="0.9289125">
            <Unicode>Dieners</Unicode>
          </TextEquiv>
        </Word>
        <Word id="region0001_line0002_word0001" custom="readingOrder {index:1;}">
          <Coords points="629,389 764,388 764,426 629,427"/>
          <TextEquiv conf="0.9217391">
            <Unicode>anders</Unicode>
          </TextEquiv>
        </Word>
        <Word id="region0001_line0002_word0002" custom="readingOrder {index:2;}">
          <Coords points="782,384 782,425 936,424 936,383 847,384 846,384 833,384"/>
          <TextEquiv conf="0.9147382">
            <Unicode>lauten?</Unicode>
          </TextEquiv>
        </Word>
        <Word id="region0001_line0002_word0003" custom="readingOrder {index:3;}">
          <Coords points="1024,381 1024,431 1108,430 1108,380 1104,380 1098,381 1090,380"/>
          <TextEquiv conf="0.9189538">
            <Unicode>Ja,</Unicode>
          </TextEquiv>
        </Word>
        <Word id="region0001_line0002_word0004" custom="readingOrder {index:4;}">
          <Coords points="1139,380 1139,427 1286,426 1286,379 1261,379 1258,380 1253,379"/>
          <TextEquiv conf="0.81285286">
            <Unicode>Edles</Unicode>
          </TextEquiv>
        </Word>
        <Word id="region0001_line0002_word0005" custom="readingOrder {index:5;}">
          <Coords points="1308,379 1308,434 1559,431 1570,431 1623,430 1623,431 1645,431 1645,376 1586,379 1572,376 1452,377 1435,381 1400,382 1382,378"/>
          <TextEquiv>
            <Unicode>Braut⸗Paar,</Unicode>
          </TextEquiv>
        </Word>
        <Word id="region0001_line0002_word0006" custom="readingOrder {index:6;}">
          <Coords points="1705,374 1703,378 1682,375 1682,426 1796,425 1796,375 1788,374 1780,374 1771,378 1768,374 1741,374 1738,378 1727,378 1724,374"/>
          <TextEquiv conf="0.9259557">
            <Unicode>dieſes</Unicode>
          </TextEquiv>
        </Word>
        <Word id="region0001_line0002_word0007" custom="readingOrder {index:7;}">
          <Coords points="1852,376 1836,371 1829,374 1813,373 1807,378 1794,375 1794,427 1817,429 1824,433 1837,433 1841,430 1852,430"/>
          <TextEquiv conf="0.93142784">
            <Unicode>iſt</Unicode>
          </TextEquiv>
        </Word>
        <Word id="region0001_line0002_word0008" custom="readingOrder {index:8;}">
          <Coords points="1864,383 1926,383 1926,419 1864,419"/>
          <TextEquiv conf="0.9322705">
            <Unicode>der</Unicode>
          </TextEquiv>
        </Word>
        <TextEquiv>
          <Unicode>Dieners anders lauten? Ja, Edles Braut⸗Paar, dieſes iſt der</Unicode>
        </TextEquiv>
      </TextLine>
      <TextLine id="region0001_line0003" custom="readingOrder {index:2;}">
        <Coords points="949,431 944,434 912,436 895,434 885,443 858,444 852,437 840,437 833,445 809,446 771,445 742,436 652,437 634,439 613,448 595,449 567,448 562,439 549,438 540,448 525,448 519,438 508,437 500,448 439,448 440,498 508,495 553,498 557,502 577,503 586,498 658,495 660,500 685,503 736,504 742,499 769,494 841,493 882,494 888,501 898,501 904,494 912,494 936,495 943,501 951,501 956,496 972,496 982,501 989,500 995,495 1024,495 1026,499 1038,501 1049,501 1055,496 1104,495 1163,498 1300,497 1304,502 1317,501 1323,497 1414,492 1488,492 1490,499 1500,499 1512,496 1516,492 1569,490 1573,497 1584,498 1592,488 1683,491 1690,496 1717,491 1792,489 1936,491 1935,443 1825,439 1819,434 1799,439 1787,437 1781,432 1774,432 1771,428 1765,427 1757,427 1748,441 1697,442 1691,433 1679,433 1672,441 1663,437 1652,437 1647,441 1632,442 1623,431 1609,432 1604,436 1598,432 1580,432 1571,441 1556,440 1549,434 1526,440 1487,438 1484,441 1475,435 1465,435 1457,444 1395,445 1388,437 1377,437 1370,444 1361,441 1299,444 1246,441 1225,437 1222,435 1161,437 1126,443 1075,443 1072,438 1061,436 1044,443 1037,439 1027,442 1019,434 1009,434 996,439 988,430 976,431 971,434 964,431"/>
        <Baseline points="440,487 642,485 671,491 761,483 1936,480"/>
        <Word id="region0001_line0003_word0000" custom="readingOrder {index:0;}">
          <Coords points="500,446 500,448 443,448 444,496 491,495 508,495 516,495 615,495 614,447 613,448 595,449 567,448 566,446 541,446 540,448 525,448 524,446"/>
          <TextEquiv conf="0.92477685">
            <Unicode>meinige.</Unicode>
          </TextEquiv>
        </Word>
        <Word id="region0001_line0003_word0001" custom="readingOrder {index:1;}">
          <Coords points="686,446 687,497 756,496 769,494 785,493 785,445 774,445"/>
          <TextEquiv conf="0.92318827">
            <Unicode>Jhre</Unicode>
          </TextEquiv>
        </Word>
        <Word id="region0001_line0003_word0002" custom="readingOrder {index:2;}">
          <Coords points="800,447 871,446 872,485 801,486"/>
          <TextEquiv conf="0.92510873">
            <Unicode>mir</Unicode>
          </TextEquiv>
        </Word>
        <Word id="region0001_line0003_word0003" custom="readingOrder {index:3;}">
          <Coords points="889,444 924,444 925,494 890,494"/>
          <TextEquiv conf="0.92510873">
            <Unicode>ſo</Unicode>
          </TextEquiv>
        </Word>
        <Word id="region0001_line0003_word0004" custom="readingOrder {index:4;}">
          <Coords points="938,438 939,498 939,498 954,498 956,496 972,496 975,498 992,497 995,495 1024,495 1025,497 1054,497 1055,496 1104,495 1128,496 1149,496 1148,439 1126,443 1075,443 1072,438 1065,437 1059,437 1044,443 1037,439 1027,442 1022,437 1000,437 996,439 995,437"/>
          <TextEquiv conf="0.9277975">
            <Unicode>ſchaͤtzbare</Unicode>
          </TextEquiv>
        </Word>
        <Word id="region0001_line0003_word0005" custom="readingOrder {index:5;}">
          <Coords points="1163,441 1164,494 1321,493 1320,442 1299,444 1246,441 1243,440"/>
          <TextEquiv conf="0.9237839">
            <Unicode>Eltern,</Unicode>
          </TextEquiv>
        </Word>
        <Word id="region0001_line0003_word0006" custom="readingOrder {index:6;}">
          <Coords points="1350,443 1351,483 1408,483 1407,444 1395,445 1393,443 1371,443 1370,444 1367,443"/>
          <TextEquiv conf="0.9313765">
            <Unicode>die</Unicode>
          </TextEquiv>
        </Word>
        <Word id="region0001_line0003_word0007" custom="readingOrder {index:7;}">
          <Coords points="1460,441 1457,444 1424,445 1425,492 1488,492 1488,492 1516,492 1515,440 1485,440 1484,441 1483,440"/>
          <TextEquiv conf="0.9295794">
            <Unicode>mich</Unicode>
          </TextEquiv>
        </Word>
        <Word id="region0001_line0003_word0008" custom="readingOrder {index:8;}">
          <Coords points="1538,437 1527,440 1528,489 1592,488 1592,488 1599,488 1714,487 1713,442 1697,442 1692,435 1677,435 1672,441 1663,437 1652,437 1647,441 1632,442 1627,436 1576,436 1571,441 1556,440 1552,437"/>
          <TextEquiv conf="0.92979467">
            <Unicode>beſtaͤndig</Unicode>
          </TextEquiv>
        </Word>
        <Word id="region0001_line0003_word0009" custom="readingOrder {index:9;}">
          <Coords points="1753,432 1748,441 1730,441 1731,479 1799,479 1798,438 1787,437 1781,432 1774,432"/>
          <TextEquiv conf="0.9282023">
            <Unicode>mit</Unicode>
          </TextEquiv>
        </Word>
        <Word id="region0001_line0003_word0010" custom="readingOrder {index:10;}">
          <Coords points="1812,440 1813,481 1927,480 1926,442 1844,439"/>
          <TextEquiv conf="0.92996824">
            <Unicode>denen</Unicode>
          </TextEquiv>
        </Word>
        <TextEquiv conf="0.92715317">
          <Unicode>meinige. Jhre mir ſo ſchaͤtzbare Eltern, die mich beſtaͤndig mit denen</Unicode>
        </TextEquiv>
      </TextLine>
      <TextLine id="region0001_line0004" custom="readingOrder {index:3;}">
        <Coords points="612,498 602,507 588,508 579,508 572,503 556,503 550,508 535,508 529,500 519,499 505,508 440,511 439,559 510,557 517,564 526,564 533,557 553,557 559,564 569,564 577,557 600,557 610,562 618,561 621,556 652,556 658,562 667,562 673,556 699,556 742,559 748,563 759,560 826,556 832,563 843,564 852,556 950,553 1003,557 1086,556 1092,564 1099,564 1113,554 1362,552 1368,559 1379,559 1391,552 1442,555 1448,561 1457,561 1464,555 1489,554 1491,557 1499,558 1513,552 1616,549 1689,551 1702,558 1712,557 1719,551 1789,551 1791,555 1803,558 1811,550 1935,549 1936,540 1936,506 1922,505 1920,499 1913,494 1902,495 1896,503 1853,501 1844,495 1832,495 1823,502 1815,491 1801,491 1790,502 1782,502 1775,494 1764,494 1758,501 1719,500 1715,493 1692,497 1688,501 1681,493 1671,493 1663,501 1656,502 1565,503 1558,496 1544,496 1533,502 1516,502 1510,497 1489,501 1434,501 1424,505 1390,505 1384,498 1371,498 1358,506 1334,507 1324,500 1299,506 1289,506 1282,501 1269,501 1263,506 1231,505 1223,505 1217,498 1192,499 1184,505 1171,506 1136,505 1130,498 1113,501 1108,498 1097,499 1088,503 1058,499 1049,502 1025,499 973,500 968,504 959,505 937,505 932,501 921,501 916,505 851,506 845,496 834,496 821,505 812,499 801,499 792,504 768,497 757,497 729,508 704,508 689,507 675,501 659,501 654,506 637,506 626,497"/>
        <Baseline points="439,549 1936,539"/>
        <Word id="region0001_line0004_word0000" custom="readingOrder {index:0;}">
          <Coords points="490,509 446,511 446,558 484,558 510,557 511,558 533,557 533,557 553,557 553,557 577,557 577,557 586,557 621,557 621,556 652,556 653,557 673,556 673,556 699,556 702,556 727,556 727,508 704,508 693,507 588,508 588,508 586,508"/>
          <TextEquiv conf="0.91913337">
            <Unicode>wahrhafteſten</Unicode>
          </TextEquiv>
        </Word>
        <Word id="region0001_line0004_word0001" custom="readingOrder {index:1;}">
          <Coords points="748,505 748,556 881,555 898,555 898,505 851,506 850,504 822,505 821,505 820,505"/>
          <TextEquiv conf="0.92524314">
            <Unicode>Zeichen</Unicode>
          </TextEquiv>
        </Word>
        <Word id="region0001_line0004_word0002" custom="readingOrder {index:2;}">
          <Coords points="921,509 988,508 988,545 921,546"/>
          <TextEquiv conf="0.9267669">
            <Unicode>des</Unicode>
          </TextEquiv>
        </Word>
        <Word id="region0001_line0004_word0003" custom="readingOrder {index:3;}">
          <Coords points="1007,505 1007,555 1113,554 1113,554 1284,553 1284,503 1266,503 1263,506 1231,505 1223,505 1222,503 1186,504 1184,505 1171,506 1136,505 1135,504"/>
          <TextEquiv conf="0.92266965">
            <Unicode>Wohlwollens</Unicode>
          </TextEquiv>
        </Word>
        <Word id="region0001_line0004_word0004" custom="readingOrder {index:4;}">
          <Coords points="1303,505 1301,506 1301,551 1462,550 1462,504 1426,504 1424,505 1390,505 1390,504 1360,505 1358,506 1334,507 1331,505"/>
          <TextEquiv conf="0.9238054">
            <Unicode>beehret,</Unicode>
          </TextEquiv>
        </Word>
        <Word id="region0001_line0004_word0005" custom="readingOrder {index:5;}">
          <Coords points="1493,502 1493,549 1606,548 1606,503 1565,503 1563,501 1534,502 1533,502 1516,502 1516,502"/>
          <TextEquiv conf="0.9294362">
            <Unicode>haben</Unicode>
          </TextEquiv>
        </Word>
        <Word id="region0001_line0004_word0006" custom="readingOrder {index:6;}">
          <Coords points="1664,499 1663,501 1656,502 1630,502 1630,549 1720,548 1720,500 1719,500 1718,499 1689,499 1688,501 1686,499"/>
          <TextEquiv conf="0.917884">
            <Unicode>mich</Unicode>
          </TextEquiv>
        </Word>
        <Word id="region0001_line0004_word0007" custom="readingOrder {index:7;}">
          <Coords points="1760,497 1758,501 1736,500 1736,548 1848,547 1848,497 1847,497 1829,497 1823,502 1819,497 1794,497 1790,502 1782,502 1778,497"/>
          <TextEquiv conf="0.9221485">
            <Unicode>dieſes</Unicode>
          </TextEquiv>
        </Word>
        <Word id="region0001_line0004_word0008" custom="readingOrder {index:8;}">
          <Coords points="1898,500 1896,503 1863,501 1863,540 1929,540 1929,505 1922,505 1920,500"/>
          <TextEquiv>
            <Unicode>rei⸗</Unicode>
          </TextEquiv>
        </Word>
        <TextEquiv>
          <Unicode>wahrhafteſten Zeichen des Wohlwollens beehret, haben mich dieſes rei⸗</Unicode>
        </TextEquiv>
      </TextLine>
      <TextLine id="region0001_line0005" custom="readingOrder {index:4;}">
        <Coords points="941,554 934,559 931,567 859,568 824,565 809,567 804,559 794,558 788,559 779,567 768,561 759,561 752,568 719,568 711,563 697,564 693,561 683,561 673,567 666,567 640,561 597,561 578,562 556,569 526,569 521,565 511,565 506,569 439,573 440,630 448,635 459,635 468,627 479,623 511,618 572,621 752,617 781,618 787,624 796,625 803,624 809,618 947,616 1011,620 1021,626 1035,626 1043,621 1067,624 1096,620 1101,623 1113,622 1116,618 1123,618 1125,625 1134,629 1144,626 1153,618 1178,618 1186,625 1196,625 1208,617 1225,615 1269,618 1574,614 1577,619 1584,620 1592,619 1596,612 1632,612 1656,613 1668,621 1681,621 1691,614 1701,613 1846,611 1887,614 1892,620 1900,623 1907,622 1914,615 1936,616 1935,558 1931,556 1913,559 1898,557 1887,562 1869,564 1804,564 1801,559 1792,556 1784,558 1779,565 1688,565 1671,564 1665,555 1654,555 1649,559 1644,556 1616,556 1608,560 1601,553 1589,552 1576,563 1550,560 1544,556 1509,556 1435,565 1413,563 1404,557 1368,560 1363,557 1337,556 1200,564 1196,561 1183,561 1176,554 1166,554 1162,555 1154,566 1151,566 1145,557 1128,560 1122,556 1111,556 1097,568 1058,569 1025,566 1018,558 1007,558 999,566 990,562 959,567 954,555"/>
        <Baseline points="440,615 499,609 914,605 1040,610 1936,605"/>
        <Word id="region0001_line0005_word0000" custom="readingOrder {index:0;}">
          <Coords points="576,574 448,575 449,626 471,625 479,623 511,618 572,621 576,620"/>
          <TextEquiv conf="0.92842454">
            <Unicode>zenden</Unicode>
          </TextEquiv>
        </Word>
        <Word id="region0001_line0005_word0001" custom="readingOrder {index:1;}">
          <Coords points="591,571 713,570 714,613 592,614"/>
          <TextEquiv conf="0.9303284">
            <Unicode>Titels</Unicode>
          </TextEquiv>
        </Word>
        <Word id="region0001_line0005_word0002" custom="readingOrder {index:2;}">
          <Coords points="826,568 727,569 727,617 752,617 781,618 782,619 807,619 809,618 826,617"/>
          <TextEquiv conf="0.93115973">
            <Unicode>nicht</Unicode>
          </TextEquiv>
        </Word>
        <Word id="region0001_line0005_word0003" custom="readingOrder {index:3;}">
          <Coords points="932,563 931,567 859,568 844,566 844,617 947,616 973,617 1041,617 1040,567 1025,566 1021,562 1002,562 999,566 991,562 986,562 959,567 957,562"/>
          <TextEquiv conf="0.9278398">
            <Unicode>unwuͤrdig</Unicode>
          </TextEquiv>
        </Word>
        <Word id="region0001_line0005_word0004" custom="readingOrder {index:4;}">
          <Coords points="1106,560 1097,568 1058,569 1056,569 1057,620 1115,619 1116,618 1123,618 1123,619 1152,619 1153,618 1178,618 1179,619 1206,618 1208,617 1225,615 1232,615 1231,562 1200,564 1196,561 1183,561 1182,560 1158,560 1154,566 1151,566 1147,560"/>
          <TextEquiv conf="0.23428734">
            <Unicode>geſchaͤtzt.</Unicode>
          </TextEquiv>
        </Word>
        <Word id="region0001_line0005_word0005" custom="readingOrder {index:5;}">
          <Coords points="1307,565 1308,609 1464,608 1463,564 1442,564 1435,565 1426,564"/>
          <TextEquiv conf="0.9322633">
            <Unicode>Sollten</Unicode>
          </TextEquiv>
        </Word>
        <Word id="region0001_line0005_word0006" custom="readingOrder {index:6;}">
          <Coords points="1485,564 1564,564 1565,607 1486,607"/>
          <TextEquiv conf="0.9279114">
            <Unicode>Sie</Unicode>
          </TextEquiv>
        </Word>
        <Word id="region0001_line0005_word0007" custom="readingOrder {index:7;}">
          <Coords points="1582,561 1583,612 1732,610 1731,565 1688,565 1671,564 1668,559"/>
          <TextEquiv conf="0.9298735">
            <Unicode>ſelbigen</Unicode>
          </TextEquiv>
        </Word>
        <Word id="region0001_line0005_word0008" custom="readingOrder {index:8;}">
          <Coords points="1781,562 1779,565 1747,565 1748,602 1817,602 1816,564 1804,564 1802,562"/>
          <TextEquiv conf="0.92746407">
            <Unicode>mir</Unicode>
          </TextEquiv>
        </Word>
        <Word id="region0001_line0005_word0009" custom="readingOrder {index:9;}">
          <Coords points="1931,611 1930,561 1889,561 1887,562 1869,564 1829,564 1830,611 1846,611"/>
          <TextEquiv conf="0.9294268">
            <Unicode>wohl</Unicode>
          </TextEquiv>
        </Word>
        <TextEquiv conf="0.8598979">
          <Unicode>zenden Titels nicht unwuͤrdig geſchaͤtzt. Sollten Sie ſelbigen mir wohl</Unicode>
        </TextEquiv>
      </TextLine>
      <TextLine id="region0001_line0006" custom="readingOrder {index:5;}">
        <Coords points="1242,616 1234,624 1205,621 1196,626 1155,630 1134,630 1114,623 1100,623 1047,624 1020,629 1010,622 985,622 973,628 956,628 949,621 937,621 926,628 916,623 905,623 898,630 843,633 831,632 824,622 814,622 808,627 763,621 668,624 635,632 583,634 573,633 565,625 557,625 548,630 542,624 533,624 525,628 517,623 507,623 498,630 494,627 482,627 470,631 467,635 440,637 439,684 486,685 493,686 499,692 508,690 514,685 522,685 528,695 540,695 550,685 580,685 585,691 597,692 611,688 614,684 680,683 693,675 698,682 704,684 834,683 849,684 855,691 865,690 873,683 926,683 933,693 944,693 955,683 995,681 1035,688 1062,687 1068,690 1081,687 1105,689 1109,686 1143,681 1286,682 1297,688 1314,687 1319,682 1354,680 1391,683 1402,691 1411,691 1419,683 1450,682 1455,687 1465,687 1471,680 1486,679 1490,686 1501,687 1511,679 1571,677 1625,678 1631,688 1650,686 1656,678 1690,679 1704,687 1713,686 1722,679 1935,678 1936,627 1909,626 1876,616 1790,617 1754,624 1724,622 1720,625 1634,628 1596,627 1593,620 1583,620 1569,624 1563,615 1546,617 1541,627 1513,626 1506,619 1495,619 1484,626 1477,617 1461,617 1451,628 1418,629 1374,627 1368,620 1356,620 1350,626 1343,627 1335,620 1326,620 1311,627 1300,628 1292,621 1281,621 1275,627 1262,628 1255,617"/>
        <Baseline points="439,675 702,667 1061,676 1935,667"/>
        <Word id="region0001_line0006_word0000" custom="readingOrder {index:0;}">
          <Coords points="687,636 450,638 450,684 486,685 493,686 499,692 508,690 514,685 522,685 526,692 542,692 550,685 580,685 585,691 594,691 597,691 611,688 614,684 680,683 687,678"/>
          <TextEquiv conf="0.92674667">
            <Unicode>abſchlagen?</Unicode>
          </TextEquiv>
        </Word>
        <Word id="region0001_line0006_word0001" custom="readingOrder {index:1;}">
          <Coords points="742,637 850,637 850,681 742,681"/>
          <TextEquiv conf="0.92644346">
            <Unicode>Nein,</Unicode>
          </TextEquiv>
        </Word>
        <Word id="region0001_line0006_word0002" custom="readingOrder {index:2;}">
          <Coords points="955,635 904,635 904,683 926,683 930,690 947,690 955,683"/>
          <TextEquiv conf="0.93191576">
            <Unicode>ich</Unicode>
          </TextEquiv>
        </Word>
        <Word id="region0001_line0006_word0003" custom="readingOrder {index:3;}">
          <Coords points="977,637 1039,636 1039,679 977,680"/>
          <TextEquiv conf="0.93183434">
            <Unicode>bin</Unicode>
          </TextEquiv>
        </Word>
        <Word id="region0001_line0006_word0004" custom="readingOrder {index:4;}">
          <Coords points="1174,635 1057,636 1057,687 1108,687 1109,686 1143,681 1174,681"/>
          <TextEquiv conf="0.92664456">
            <Unicode>Jhrer</Unicode>
          </TextEquiv>
        </Word>
        <Word id="region0001_line0006_word0005" custom="readingOrder {index:5;}">
          <Coords points="1191,629 1191,681 1286,682 1291,685 1316,685 1319,682 1354,680 1384,682 1384,627 1376,627 1302,628 1300,628 1300,628"/>
          <TextEquiv conf="0.9259696">
            <Unicode>Guͤtigkeit</Unicode>
          </TextEquiv>
        </Word>
        <Word id="region0001_line0006_word0006" custom="readingOrder {index:6;}">
          <Coords points="1441,641 1400,641 1400,686 1416,686 1419,683 1441,682"/>
          <TextEquiv conf="0.9326891">
            <Unicode>zu</Unicode>
          </TextEquiv>
        </Word>
        <Word id="region0001_line0006_word0007" custom="readingOrder {index:7;}">
          <Coords points="1531,628 1454,629 1454,683 1468,682 1471,680 1486,679 1488,682 1506,682 1511,679 1531,678"/>
          <TextEquiv conf="0.9326172">
            <Unicode>ſehr</Unicode>
          </TextEquiv>
        </Word>
        <Word id="region0001_line0006_word0008" custom="readingOrder {index:8;}">
          <Coords points="1544,625 1544,677 1571,677 1625,678 1628,683 1652,682 1656,678 1690,679 1696,682 1717,682 1722,679 1748,678 1748,623 1740,623 1722,623 1720,625 1634,628 1596,627 1594,624"/>
          <TextEquiv conf="0.9264685">
            <Unicode>uͤberzeugt.</Unicode>
          </TextEquiv>
        </Word>
        <Word id="region0001_line0006_word0009" custom="readingOrder {index:9;}">
          <Coords points="1835,627 1931,627 1931,674 1835,674"/>
          <TextEquiv>
            <Unicode>Ver⸗</Unicode>
          </TextEquiv>
        </Word>
        <TextEquiv>
          <Unicode>abſchlagen? Nein, ich bin Jhrer Guͤtigkeit zu ſehr uͤberzeugt. Ver⸗</Unicode>
        </TextEquiv>
      </TextLine>
      <TextLine id="region0001_line0007" custom="readingOrder {index:6;}">
        <Coords points="609,689 597,693 583,692 549,699 525,699 519,691 509,690 486,692 481,700 440,701 440,757 449,762 459,762 465,761 470,755 487,752 516,754 529,749 664,747 768,747 775,756 785,756 795,747 831,746 1016,745 1038,746 1051,753 1060,746 1068,746 1081,752 1096,746 1169,745 1178,752 1193,752 1203,745 1230,743 1270,747 1322,747 1329,754 1340,754 1350,745 1377,746 1393,753 1407,747 1423,751 1432,746 1462,743 1524,743 1531,750 1542,748 1546,743 1575,742 1713,744 1726,750 1737,750 1746,744 1936,742 1935,693 1886,692 1878,688 1867,688 1862,691 1809,693 1804,689 1794,689 1789,684 1779,684 1771,692 1765,692 1759,685 1748,685 1735,691 1727,691 1675,682 1611,693 1592,691 1586,687 1560,689 1548,683 1537,683 1531,686 1518,684 1511,691 1499,693 1420,696 1352,692 1341,685 1332,685 1325,689 1278,686 1213,696 1182,695 1175,687 1165,687 1158,694 1144,692 1138,687 1129,687 1118,693 1102,695 1096,695 1090,688 1072,691 1050,688 1045,689 1039,696 994,697 897,697 889,687 877,689 872,697 787,698 757,697 750,688 740,689 724,697 670,697 649,693 644,688 634,688 630,691"/>
        <Baseline points="440,744 857,735 1936,731"/>
        <Word id="region0001_line0007_word0000" custom="readingOrder {index:0;}">
          <Coords points="567,701 450,702 450,755 471,754 487,752 516,754 529,749 567,748"/>
          <TextEquiv conf="0.92969656">
            <Unicode>zeihen</Unicode>
          </TextEquiv>
        </Word>
        <Word id="region0001_line0007_word0001" custom="readingOrder {index:1;}">
          <Coords points="583,701 663,700 663,744 583,745"/>
          <TextEquiv conf="0.92899054">
            <Unicode>Sie</Unicode>
          </TextEquiv>
        </Word>
        <Word id="region0001_line0007_word0002" custom="readingOrder {index:2;}">
          <Coords points="797,700 680,701 680,747 768,747 771,751 790,751 795,747 797,746"/>
          <TextEquiv>
            <Unicode>anbey</Unicode>
          </TextEquiv>
        </Word>
        <Word id="region0001_line0007_word0003" custom="readingOrder {index:3;}">
          <Coords points="821,699 964,698 964,740 821,741"/>
          <TextEquiv conf="0.9319881">
            <Unicode>meinen</Unicode>
          </TextEquiv>
        </Word>
        <Word id="region0001_line0007_word0004" custom="readingOrder {index:4;}">
          <Coords points="998,696 994,697 986,697 986,745 1016,745 1038,746 1042,748 1056,748 1060,746 1068,746 1073,748 1090,748 1096,746 1169,745 1172,747 1199,747 1203,745 1230,743 1243,744 1243,695 1218,695 1213,696 1193,695"/>
          <TextEquiv>
            <Unicode>unſchuldigen</Unicode>
          </TextEquiv>
        </Word>
        <Word id="region0001_line0007_word0005" custom="readingOrder {index:5;}">
          <Coords points="1264,694 1265,746 1349,745 1350,745 1361,745 1425,745 1424,696 1420,696 1374,693"/>
          <TextEquiv>
            <Unicode>Scherz;</Unicode>
          </TextEquiv>
        </Word>
        <Word id="region0001_line0007_word0006" custom="readingOrder {index:6;}">
          <Coords points="1454,705 1493,704 1493,734 1454,735"/>
          <TextEquiv conf="0.93151754">
            <Unicode>er</Unicode>
          </TextEquiv>
        </Word>
        <Word id="region0001_line0007_word0007" custom="readingOrder {index:7;}">
          <Coords points="1557,693 1516,693 1517,743 1524,743 1546,743 1557,742"/>
          <TextEquiv conf="0.9264133">
            <Unicode>iſt</Unicode>
          </TextEquiv>
        </Word>
        <Word id="region0001_line0007_word0008" custom="readingOrder {index:8;}">
          <Coords points="1577,698 1638,697 1638,736 1577,737"/>
          <TextEquiv conf="0.9304103">
            <Unicode>der</Unicode>
          </TextEquiv>
        </Word>
        <Word id="region0001_line0007_word0009" custom="readingOrder {index:9;}">
          <Coords points="1653,691 1654,742 1845,740 1844,691 1809,693 1804,689 1773,689 1771,692 1765,692 1763,689 1736,690 1735,691 1727,691 1722,690"/>
          <TextEquiv conf="0.9299963">
            <Unicode>Begleiter</Unicode>
          </TextEquiv>
        </Word>
        <Word id="region0001_line0007_word0010" custom="readingOrder {index:10;}">
          <Coords points="1864,695 1930,695 1930,733 1864,733"/>
          <TextEquiv conf="0.9268053">
            <Unicode>der</Unicode>
          </TextEquiv>
        </Word>
        <TextEquiv>
          <Unicode>zeihen Sie anbey meinen unſchuldigen Scherz; er iſt der Begleiter der</Unicode>
        </TextEquiv>
      </TextLine>
      <TextLine id="region0001_line0008" custom="readingOrder {index:7;}">
        <Coords points="981,747 970,759 959,758 952,749 942,749 935,756 926,752 916,752 909,756 884,756 878,752 870,752 864,756 794,761 737,760 732,756 722,756 716,760 689,760 649,753 645,750 627,750 587,761 540,762 538,756 532,752 519,752 507,762 440,763 439,814 511,812 518,820 530,820 541,811 604,811 637,816 657,811 721,810 759,811 768,820 773,821 780,820 785,812 855,808 967,808 978,812 986,811 989,807 1019,809 1030,815 1043,809 1122,809 1125,814 1133,816 1140,816 1147,809 1188,807 1300,810 1306,814 1341,808 1387,807 1390,811 1410,807 1445,807 1486,808 1493,815 1506,815 1521,808 1560,807 1570,810 1575,815 1627,816 1662,815 1704,806 1730,805 1805,807 1813,815 1835,810 1840,806 1851,806 1859,815 1870,815 1878,806 1935,805 1935,756 1899,754 1893,748 1876,751 1870,745 1857,746 1852,750 1845,745 1817,746 1807,756 1784,758 1697,757 1668,749 1635,749 1627,746 1563,757 1555,757 1549,749 1527,751 1521,757 1499,757 1494,748 1482,747 1474,757 1429,759 1421,758 1420,752 1410,748 1391,754 1388,758 1350,758 1321,755 1317,752 1302,752 1297,749 1266,747 1225,750 1198,758 1168,758 1150,757 1144,749 1111,749 1106,753 1097,754 1094,750 1081,753 1068,749 1062,754 1051,754 1038,747 1029,749 1022,758 1003,759 997,748"/>
        <Baseline points="440,804 1935,796"/>
        <Word id="region0001_line0008_word0000" custom="readingOrder {index:0;}">
          <Coords points="603,763 451,764 451,813 511,812 513,814 536,814 541,811 603,811"/>
          <TextEquiv conf="0.9265707">
            <Unicode>wahren</Unicode>
          </TextEquiv>
        </Word>
        <Word id="region0001_line0008_word0001" custom="readingOrder {index:1;}">
          <Coords points="622,760 622,813 623,813 645,813 657,811 721,810 759,811 761,813 788,813 788,760 737,760 736,759 716,759 716,760 689,760 686,759"/>
          <TextEquiv conf="0.9288366">
            <Unicode>Freude,</Unicode>
          </TextEquiv>
        </Word>
        <Word id="region0001_line0008_word0002" custom="readingOrder {index:2;}">
          <Coords points="816,765 893,764 893,803 816,804"/>
          <TextEquiv conf="0.927102">
            <Unicode>und</Unicode>
          </TextEquiv>
        </Word>
        <Word id="region0001_line0008_word0003" custom="readingOrder {index:3;}">
          <Coords points="912,759 912,808 967,808 971,809 987,809 989,807 1005,808 1005,759 1003,759 1002,758 971,758 970,759 964,758"/>
          <TextEquiv conf="0.927208">
            <Unicode>dieſe</Unicode>
          </TextEquiv>
        </Word>
        <Word id="region0001_line0008_word0004" custom="readingOrder {index:4;}">
          <Coords points="1090,759 1027,759 1027,812 1036,812 1043,809 1090,809"/>
          <TextEquiv conf="0.9303528">
            <Unicode>ſoll</Unicode>
          </TextEquiv>
        </Word>
        <Word id="region0001_line0008_word0005" custom="readingOrder {index:5;}">
          <Coords points="1214,761 1112,761 1112,809 1122,809 1123,812 1144,812 1147,809 1188,807 1214,807"/>
          <TextEquiv conf="0.92136973">
            <Unicode>ihren</Unicode>
          </TextEquiv>
        </Word>
        <Word id="region0001_line0008_word0006" custom="readingOrder {index:6;}">
          <Coords points="1322,809 1322,757 1238,757 1238,808 1262,809"/>
          <TextEquiv conf="0.928247">
            <Unicode>Sitz</Unicode>
          </TextEquiv>
        </Word>
        <Word id="region0001_line0008_word0007" custom="readingOrder {index:7;}">
          <Coords points="1342,807 1412,806 1412,756 1389,756 1388,758 1350,758 1342,757"/>
          <TextEquiv conf="0.923693">
            <Unicode>auf</Unicode>
          </TextEquiv>
        </Word>
        <Word id="region0001_line0008_word0008" custom="readingOrder {index:8;}">
          <Coords points="1475,755 1474,757 1429,759 1423,758 1423,807 1445,807 1466,807 1516,807 1516,757 1499,757 1497,755"/>
          <TextEquiv conf="0.92737067">
            <Unicode>ewig</Unicode>
          </TextEquiv>
        </Word>
        <Word id="region0001_line0008_word0009" custom="readingOrder {index:9;}">
          <Coords points="1531,757 1531,805 1597,804 1597,756 1566,756 1563,757 1555,757 1555,757"/>
          <TextEquiv conf="0.9261962">
            <Unicode>bey</Unicode>
          </TextEquiv>
        </Word>
        <Word id="region0001_line0008_word0010" custom="readingOrder {index:10;}">
          <Coords points="1612,753 1612,806 1726,805 1730,805 1733,805 1744,805 1744,757 1697,757 1680,752"/>
          <TextEquiv conf="0.926299">
            <Unicode>Jhnen</Unicode>
          </TextEquiv>
        </Word>
        <Word id="region0001_line0008_word0011" custom="readingOrder {index:11;}">
          <Coords points="1810,752 1807,756 1784,758 1754,757 1754,805 1765,805 1930,805 1930,755 1899,754 1897,752"/>
          <TextEquiv>
            <Unicode>aufſchla⸗</Unicode>
          </TextEquiv>
        </Word>
        <TextEquiv>
          <Unicode>wahren Freude, und dieſe ſoll ihren Sitz auf ewig bey Jhnen aufſchla⸗</Unicode>
        </TextEquiv>
      </TextLine>
      <TextLine id="region0001_line0009" custom="readingOrder {index:8;}">
        <Coords points="863,808 854,817 848,812 837,812 829,818 805,815 798,820 778,822 723,820 715,811 701,811 688,819 661,814 637,817 620,813 592,813 563,815 540,823 440,827 440,884 462,886 506,875 539,873 691,873 696,882 709,883 720,873 828,871 835,879 845,879 855,871 902,869 962,870 966,878 979,879 990,868 1010,868 1026,860 1047,865 1133,870 1300,869 1306,877 1319,877 1328,869 1421,869 1425,875 1441,876 1447,869 1510,866 1514,869 1523,869 1532,862 1581,864 1625,869 1688,869 1735,859 1764,870 1790,873 1862,872 1901,866 1936,865 1936,824 1901,824 1868,818 1782,819 1726,823 1692,818 1624,818 1590,822 1561,815 1535,815 1526,810 1518,810 1507,816 1466,819 1461,816 1452,816 1445,819 1440,811 1428,810 1415,819 1410,809 1389,812 1385,820 1378,820 1344,817 1329,819 1326,813 1301,813 1296,817 1276,811 1234,808 1199,811 1184,817 1165,820 1126,815 1121,819 1080,822 1064,815 1039,813 1030,816 1011,810 994,813 969,811 957,817 951,811 939,811 932,819 885,820 876,810"/>
        <Baseline points="440,871 1031,852 1132,859 1733,853 1810,862 1936,856"/>
        <Word id="region0001_line0009_word0000" custom="readingOrder {index:0;}">
          <Coords points="450,830 536,829 536,873 450,874"/>
          <TextEquiv conf="0.92832357">
            <Unicode>gen.</Unicode>
          </TextEquiv>
        </Word>
        <Word id="region0001_line0009_word0001" custom="readingOrder {index:1;}">
          <Coords points="720,821 609,822 609,873 691,873 692,876 716,876 720,873"/>
          <TextEquiv conf="0.90444887">
            <Unicode>Doch</Unicode>
          </TextEquiv>
        </Word>
        <Word id="region0001_line0009_word0002" custom="readingOrder {index:2;}">
          <Coords points="731,826 818,825 818,865 731,866"/>
          <TextEquiv conf="0.93120927">
            <Unicode>was</Unicode>
          </TextEquiv>
        </Word>
        <Word id="region0001_line0009_word0003" custom="readingOrder {index:3;}">
          <Coords points="830,819 830,872 854,871 855,871 902,869 919,869 919,819 885,820 883,818"/>
          <TextEquiv conf="0.930499">
            <Unicode>hoͤre</Unicode>
          </TextEquiv>
        </Word>
        <Word id="word_1658480946734_4131" custom="readingOrder {index:4;}">
          <Coords points="938,819 1070,817 1080,822 1121,819 1122,817 1130,817 1130,869 1047,865 1026,860 1010,868 990,868 986,871 962,871 962,870 938,869"/>
          <TextEquiv>
            <Unicode>ich?⸗⸗</Unicode>
          </TextEquiv>
        </Word>
        <Word id="word_1658480946734_4130" custom="readingOrder {index:5;}">
          <Coords points="1130,817 1144,817 1165,820 1183,817 1196,817 1196,869 1133,870 1130,869"/>
          <TextEquiv>
            <Unicode>den</Unicode>
          </TextEquiv>
        </Word>
        <Word id="word_1658480961906_4141" custom="readingOrder {index:6;}">
          <Coords points="1219,816 1291,815 1296,817 1298,815 1327,815 1329,819 1344,817 1378,820 1385,820 1388,815 1413,814 1415,819 1422,814 1442,814 1445,819 1452,816 1461,816 1466,819 1507,816 1512,813 1532,813 1535,815 1561,815 1590,822 1624,818 1638,818 1638,865 1596,866 1581,864 1532,862 1526,866 1510,866 1498,867 1220,869"/>
          <TextEquiv>
            <Unicode>Nachtwaͤchter?⸗⸗</Unicode>
          </TextEquiv>
        </Word>
        <Word id="word_1658480961906_4140" custom="readingOrder {index:7;}">
          <Coords points="1638,818 1678,818 1679,865 1638,865"/>
          <TextEquiv>
            <Unicode>I.</Unicode>
          </TextEquiv>
        </Word>
        <Word id="region0001_line0009_word0006" custom="readingOrder {index:8;}">
          <Coords points="1701,831 1763,825 1763,848 1701,854"/>
          <TextEquiv>
            <Unicode>⸗⸗</Unicode>
          </TextEquiv>
        </Word>
        <Word id="region0001_line0009_word0007" custom="readingOrder {index:9;}">
          <Coords points="1806,820 1845,819 1845,855 1806,856"/>
          <TextEquiv conf="0.7735184">
            <Unicode>2.</Unicode>
          </TextEquiv>
        </Word>
        <Word id="region0001_line0009_word0008" custom="readingOrder {index:10;}">
          <Coords points="1875,824 1929,824 1929,848 1875,848"/>
          <TextEquiv>
            <Unicode>⸗⸗</Unicode>
          </TextEquiv>
        </Word>
        <TextEquiv>
          <Unicode>gen. Doch was hoͤre ich?⸗⸗ den Nachtwaͤchter?⸗⸗ I. ⸗⸗ 2. ⸗⸗</Unicode>
        </TextEquiv>
      </TextLine>
      <TextLine id="region0001_line0010" custom="readingOrder {index:9;}">
        <Coords points="1728,860 1720,863 1722,878 1686,883 1623,878 1554,879 1488,883 1409,873 1327,880 1114,879 1109,871 1101,870 1016,871 953,884 925,884 920,880 439,887 440,951 538,947 545,941 544,932 549,930 562,930 566,937 574,939 646,940 652,945 665,945 671,940 732,940 740,929 753,928 760,930 760,939 767,945 905,941 912,939 914,935 914,926 921,924 942,924 953,933 1044,932 1048,935 1057,935 1061,932 1107,931 1113,926 1201,926 1202,935 1209,941 1223,941 1227,936 1229,929 1245,931 1252,925 1320,925 1322,933 1326,936 1436,935 1452,933 1475,924 1526,923 1528,934 1541,939 1623,936 1654,926 1687,923 1703,924 1712,931 1865,931 1882,929 1897,921 1906,920 1914,927 1922,927 1935,920 1936,885 1901,885 1864,879 1743,878 1743,864"/>
        <Baseline points="439,939 544,932 563,931 569,931 737,933 760,933 841,934 914,926 937,924 947,923 1122,921 1129,926 1202,933 1218,934 1228,933 1321,926 1477,915 1595,925 1662,916 1844,921 1936,911"/>
        <Word id="region0001_line0010_word0000" custom="readingOrder {index:0;}">
          <Coords points="581,930 581,885 571,885 455,887 455,931 548,930 549,930 562,930 562,930"/>
          <TextEquiv>
            <Unicode>3.⸗⸗</Unicode>
          </TextEquiv>
        </Word>
        <Word id="region0001_line0010_word0001" custom="readingOrder {index:1;}">
          <Coords points="638,886 766,885 766,926 638,927"/>
          <TextEquiv>
            <Unicode>4.⸗⸗</Unicode>
          </TextEquiv>
        </Word>
        <Word id="region0001_line0010_word0003" custom="readingOrder {index:2;}">
          <Coords points="821,884 821,928 914,927 914,926 921,924 942,924 945,927 961,927 961,883 957,883 953,884 925,884 924,883"/>
          <TextEquiv>
            <Unicode>5.⸗⸗</Unicode>
          </TextEquiv>
        </Word>
        <Word id="region0001_line0010_word0004" custom="readingOrder {index:3;}">
          <Coords points="1015,875 1015,922 1145,921 1145,879 1114,879 1111,874"/>
          <TextEquiv>
            <Unicode>6.⸗⸗</Unicode>
          </TextEquiv>
        </Word>
        <Word id="region0001_line0010_word0006" custom="readingOrder {index:4;}">
          <Coords points="1332,927 1332,883 1201,884 1201,926 1201,927 1248,927 1252,925 1320,925 1320,927"/>
          <TextEquiv>
            <Unicode>7.⸗⸗</Unicode>
          </TextEquiv>
        </Word>
        <Word id="word_1658481035808_4213" custom="readingOrder {index:5;}">
          <Coords points="1390,874 1397,874 1416,874 1431,875 1522,884 1522,908 1431,919 1390,919"/>
          <TextEquiv>
            <Unicode>8.⸗⸗</Unicode>
          </TextEquiv>
        </Word>
        <Word id="region0001_line0010_word0010" custom="readingOrder {index:6;}">
          <Coords points="1579,879 1579,921 1714,919 1714,879 1686,883 1626,878"/>
          <TextEquiv>
            <Unicode>9.⸗⸗</Unicode>
          </TextEquiv>
        </Word>
        <Word id="word_1658481049317_4224" custom="readingOrder {index:7;}">
          <Coords points="1748,878 1841,878 1929,885 1929,908 1841,912 1748,913"/>
          <TextEquiv>
            <Unicode>10.⸗⸗</Unicode>
          </TextEquiv>
        </Word>
        <TextEquiv>
          <Unicode>3.⸗⸗ 4.⸗⸗ 5.⸗⸗ 6.⸗⸗ 7.⸗⸗ 8.⸗⸗ 9.⸗⸗ 10.⸗⸗</Unicode>
        </TextEquiv>
      </TextLine>
      <TextLine id="region0001_line0011" custom="readingOrder {index:10;}">
        <Coords points="634,947 440,952 439,1001 570,1001 572,994 584,993 589,997 596,997 599,1001 755,1000 793,993 844,993 849,988 849,957 844,952 786,952 730,947"/>
        <Baseline points="439,996 572,994 586,994 715,993 849,984"/>
        <Word id="region0001_line0011_word0000" custom="readingOrder {index:0;}">
          <Coords points="604,1000 604,965 457,966 457,1001 570,1000 572,994 584,993 589,997 596,997 598,1000"/>
          <TextEquiv>
            <Unicode>II.⸗⸗</Unicode>
          </TextEquiv>
        </Word>
        <Word id="word_1658481061253_4241" custom="readingOrder {index:1;}">
          <Coords points="638,960 734,960 816,968 816,992 734,1000 638,1000"/>
          <TextEquiv>
            <Unicode>12.⸗⸗</Unicode>
          </TextEquiv>
        </Word>
        <TextEquiv>
          <Unicode>II.⸗⸗ 12.⸗⸗</Unicode>
        </TextEquiv>
      </TextLine>
      <TextEquiv>
        <Unicode>Kann wohl der Wunſch eines treuen Freundes, eines wahren
Dieners anders lauten? Ja, Edles Braut⸗Paar, dieſes iſt der
meinige. Jhre mir ſo ſchaͤtzbare Eltern, die mich beſtaͤndig mit denen
wahrhafteſten Zeichen des Wohlwollens beehret, haben mich dieſes rei⸗
zenden Titels nicht unwuͤrdig geſchaͤtzt. Sollten Sie ſelbigen mir wohl
abſchlagen? Nein, ich bin Jhrer Guͤtigkeit zu ſehr uͤberzeugt. Ver⸗
zeihen Sie anbey meinen unſchuldigen Scherz; er iſt der Begleiter der
wahren Freude, und dieſe ſoll ihren Sitz auf ewig bey Jhnen aufſchla⸗
gen. Doch was hoͤre ich?⸗⸗ den Nachtwaͤchter?⸗⸗ I. ⸗⸗ 2. ⸗⸗
3.⸗⸗ 4.⸗⸗ 5.⸗⸗ 6.⸗⸗ 7.⸗⸗ 8.⸗⸗ 9.⸗⸗ 10.⸗⸗
II.⸗⸗ 12.⸗⸗</Unicode>
      </TextEquiv>
    </TextRegion>
    <TextRegion orientation="0.4751626" readingDirection="left-to-right" id="region0002" custom="readingOrder {index:1;}">
      <Coords points="449,1053 1936,1053 1936,1314 449,1314"/>
      <TextLine id="region0002_line0001" custom="readingOrder {index:0;}">
        <Coords points="844,1054 832,1061 769,1055 684,1056 665,1063 615,1058 527,1058 522,1063 522,1101 527,1106 549,1106 550,1116 556,1122 591,1122 607,1127 617,1127 629,1122 690,1117 712,1117 719,1124 728,1124 734,1117 780,1116 786,1124 796,1123 806,1116 836,1116 842,1123 852,1123 858,1116 865,1116 867,1122 875,1123 885,1121 895,1114 964,1114 995,1110 1001,1115 1012,1115 1017,1112 1126,1115 1131,1122 1137,1123 1153,1114 1216,1112 1263,1114 1351,1110 1445,1111 1448,1117 1458,1118 1474,1109 1530,1108 1619,1111 1705,1109 1754,1112 1852,1111 1895,1115 1920,1122 1935,1118 1935,1063 1885,1060 1880,1055 1869,1055 1860,1059 1829,1054 1744,1053 1671,1061 1666,1053 1650,1053 1643,1060 1625,1060 1583,1059 1577,1054 1562,1053 1555,1059 1497,1060 1475,1059 1472,1054 1448,1054 1441,1060 1415,1061 1383,1060 1378,1056 1356,1060 1316,1053 1245,1053 1224,1061 1217,1054 1207,1054 1198,1064 1192,1064 1153,1061 1146,1053 1127,1057 1068,1053 953,1054 944,1058 906,1063 896,1061 891,1053 872,1053 868,1057 862,1054"/>
        <Baseline points="550,1111 1008,1098 1098,1105 1560,1098 1935,1105"/>
        <Word id="region0002_line0001_word0000" custom="readingOrder {index:0;}">
          <Coords points="737,1070 607,1071 607,1123 626,1122 629,1122 690,1117 712,1117 717,1122 729,1122 734,1117 737,1116"/>
          <TextEquiv conf="0.92612916">
            <Unicode>Zwoͤlf</Unicode>
          </TextEquiv>
        </Word>
        <Word id="region0002_line0001_word0001" custom="readingOrder {index:1;}">
          <Coords points="827,1070 746,1071 746,1116 780,1116 784,1122 796,1122 806,1116 827,1116"/>
          <TextEquiv conf="0.9238859">
            <Unicode>Uhr</Unicode>
          </TextEquiv>
        </Word>
        <Word id="region0002_line0001_word0002" custom="readingOrder {index:2;}">
          <Coords points="1011,1066 843,1068 843,1123 852,1123 858,1116 865,1116 867,1122 875,1123 885,1121 895,1114 964,1114 995,1110 1001,1115 1011,1115"/>
          <TextEquiv>
            <Unicode>ſchon?⸗</Unicode>
          </TextEquiv>
        </Word>
        <Word id="region0002_line0001_word0003" custom="readingOrder {index:3;}">
          <Coords points="1171,1067 1053,1068 1053,1112 1126,1115 1129,1120 1141,1120 1153,1114 1171,1113"/>
          <TextEquiv conf="0.93155897">
            <Unicode>Nicht</Unicode>
          </TextEquiv>
        </Word>
        <Word id="region0002_line0001_word0004" custom="readingOrder {index:4;}">
          <Coords points="1185,1067 1244,1066 1244,1109 1185,1110"/>
          <TextEquiv conf="0.928038">
            <Unicode>ein</Unicode>
          </TextEquiv>
        </Word>
        <Word id="region0002_line0001_word0005" custom="readingOrder {index:5;}">
          <Coords points="1258,1064 1378,1063 1378,1109 1258,1110"/>
          <TextEquiv conf="0.9256872">
            <Unicode>Wort</Unicode>
          </TextEquiv>
        </Word>
        <Word id="region0002_line0001_word0006" custom="readingOrder {index:6;}">
          <Coords points="1490,1062 1389,1063 1389,1110 1445,1111 1446,1114 1464,1114 1474,1109 1490,1108"/>
          <TextEquiv conf="0.92201483">
            <Unicode>mehr</Unicode>
          </TextEquiv>
        </Word>
        <Word id="region0002_line0001_word0007" custom="readingOrder {index:7;}">
          <Coords points="1504,1065 1578,1065 1578,1105 1504,1105"/>
          <TextEquiv conf="0.92201483">
            <Unicode>aus</Unicode>
          </TextEquiv>
        </Word>
        <Word id="region0002_line0001_word0008" custom="readingOrder {index:8;}">
          <Coords points="1593,1064 1748,1062 1748,1105 1593,1107"/>
          <TextEquiv conf="0.9241749">
            <Unicode>meinem</Unicode>
          </TextEquiv>
        </Word>
        <Word id="region0002_line0001_word0009" custom="readingOrder {index:9;}">
          <Coords points="1759,1061 1759,1111 1852,1111 1876,1113 1930,1113 1930,1062 1888,1060"/>
          <TextEquiv conf="0.9230284">
            <Unicode>Munde;</Unicode>
          </TextEquiv>
        </Word>
        <TextEquiv>
          <Unicode>Zwoͤlf Uhr ſchon?⸗ Nicht ein Wort mehr aus meinem Munde;</Unicode>
        </TextEquiv>
      </TextLine>
      <TextLine id="region0002_line0002" custom="readingOrder {index:1;}">
        <Coords points="905,1116 899,1120 875,1124 860,1123 821,1126 816,1119 805,1118 791,1126 770,1126 765,1122 756,1122 748,1128 720,1129 674,1128 660,1120 629,1123 618,1129 591,1123 568,1125 549,1121 533,1121 501,1129 494,1124 482,1124 476,1130 449,1130 450,1182 521,1185 526,1190 603,1181 633,1180 638,1185 648,1185 653,1180 669,1180 675,1189 684,1190 695,1187 700,1180 737,1178 985,1175 1013,1177 1098,1177 1104,1183 1114,1182 1121,1176 1191,1177 1198,1178 1205,1186 1216,1186 1222,1178 1282,1177 1291,1170 1298,1169 1308,1178 1437,1174 1489,1176 1503,1183 1509,1182 1513,1176 1557,1174 1622,1173 1626,1179 1635,1180 1645,1173 1692,1169 1816,1169 1829,1170 1833,1175 1840,1175 1849,1174 1854,1169 1936,1167 1935,1124 1922,1124 1909,1119 1901,1121 1895,1116 1884,1116 1874,1124 1825,1126 1797,1123 1779,1126 1721,1126 1717,1124 1713,1116 1698,1116 1693,1112 1683,1112 1670,1122 1651,1122 1586,1122 1525,1111 1496,1111 1421,1122 1356,1116 1345,1113 1330,1116 1306,1114 1257,1121 1243,1121 1232,1114 1216,1114 1203,1122 1176,1123 1171,1123 1168,1116 1153,1115 1140,1124 1085,1121 1080,1116 1055,1120 1044,1115 1036,1115 1027,1120 983,1125 968,1123 963,1118 931,1119 925,1116"/>
        <Baseline points="450,1172 1936,1158"/>
        <Word id="region0002_line0002_word0000" custom="readingOrder {index:0;}">
          <Coords points="456,1137 514,1136 514,1178 456,1179"/>
          <TextEquiv conf="0.921252">
            <Unicode>die</Unicode>
          </TextEquiv>
        </Word>
        <Word id="region0002_line0002_word0001" custom="readingOrder {index:1;}">
          <Coords points="609,1134 528,1134 528,1186 560,1186 603,1181 609,1180"/>
          <TextEquiv conf="0.92981184">
            <Unicode>Zeit</Unicode>
          </TextEquiv>
        </Word>
        <Word id="region0002_line0002_word0002" custom="readingOrder {index:2;}">
          <Coords points="720,1133 624,1134 624,1180 633,1180 638,1185 648,1185 653,1180 669,1180 674,1188 690,1188 695,1187 700,1180 720,1178"/>
          <TextEquiv conf="0.65520495">
            <Unicode>iſt</Unicode>
          </TextEquiv>
        </Word>
        <Word id="region0002_line0002_word0003" custom="readingOrder {index:3;}">
          <Coords points="740,1128 720,1129 698,1128 698,1181 700,1180 737,1178 740,1177"/>
          <TextEquiv conf="0.65520495">
            <Unicode>zu</Unicode>
          </TextEquiv>
        </Word>
        <Word id="region0002_line0002_word0004" custom="readingOrder {index:4;}">
          <Coords points="737,1133 824,1132 824,1175 737,1176"/>
          <TextEquiv conf="0.92386055">
            <Unicode>edel.</Unicode>
          </TextEquiv>
        </Word>
        <Word id="region0002_line0002_word0005" custom="readingOrder {index:5;}">
          <Coords points="1006,1175 1006,1131 898,1132 898,1176 916,1175 985,1175 987,1175"/>
          <TextEquiv conf="0.92340463">
            <Unicode>Eilen</Unicode>
          </TextEquiv>
        </Word>
        <Word id="region0002_line0002_word0006" custom="readingOrder {index:6;}">
          <Coords points="1117,1179 1116,1129 1021,1130 1021,1177 1098,1177 1100,1179"/>
          <TextEquiv conf="0.92340463">
            <Unicode>Sie,</Unicode>
          </TextEquiv>
        </Word>
        <Word id="region0002_line0002_word0007" custom="readingOrder {index:7;}">
          <Coords points="1291,1126 1146,1127 1147,1176 1191,1177 1198,1178 1202,1183 1219,1183 1222,1178 1282,1177 1291,1170 1292,1170"/>
          <TextEquiv conf="0.9232564">
            <Unicode>beſtes</Unicode>
          </TextEquiv>
        </Word>
        <Word id="region0002_line0002_word0008" custom="readingOrder {index:8;}">
          <Coords points="1642,1123 1307,1126 1308,1178 1308,1178 1437,1174 1489,1176 1496,1179 1511,1179 1513,1176 1557,1174 1622,1173 1625,1178 1638,1178 1643,1174"/>
          <TextEquiv>
            <Unicode>Braut⸗Paar,</Unicode>
          </TextEquiv>
        </Word>
        <Word id="region0002_line0002_word0009" custom="readingOrder {index:9;} textStyle {offset:0; length:3;italic:true; fontSize:0.0; kerning:0;}">
          <Coords points="1670,1124 1671,1162 1727,1161 1726,1126 1721,1126 1717,1124 1717,1123"/>
          <TextEquiv>
            <Unicode>hic</Unicode>
          </TextEquiv>
        </Word>
        <Word id="region0002_line0002_word0010" custom="readingOrder {index:10;} textStyle {offset:0; length:5;italic:true; fontSize:0.0; kerning:0;}">
          <Coords points="1849,1170 1849,1133 1740,1134 1740,1169 1816,1169 1829,1170 1829,1170"/>
          <TextEquiv conf="0.71693504">
            <Unicode>meta,</Unicode>
          </TextEquiv>
        </Word>
        <Word id="region0002_line0002_word0011" custom="readingOrder {index:11;} textStyle {offset:0; length:3;italic:true; fontSize:0.0; kerning:0;}">
          <Coords points="1874,1126 1931,1126 1932,1160 1875,1160"/>
          <TextEquiv>
            <Unicode>hic</Unicode>
          </TextEquiv>
        </Word>
        <TextEquiv>
          <Unicode>die Zeit iſt zu edel. Eilen Sie, beſtes Braut⸗Paar, hic meta, hic</Unicode>
        </TextEquiv>
      </TextLine>
      <TextLine id="region0002_line0003" custom="readingOrder {index:2;}">
        <Coords points="1294,1170 1282,1178 1281,1184 1241,1189 1183,1190 1173,1185 1159,1188 1067,1187 1028,1182 1022,1178 988,1179 918,1189 888,1183 879,1177 794,1181 759,1188 707,1184 684,1191 539,1198 519,1198 518,1191 513,1186 497,1187 492,1191 490,1198 482,1198 475,1189 462,1189 455,1197 449,1197 449,1244 547,1240 553,1241 560,1249 570,1249 576,1245 594,1245 599,1252 605,1253 615,1252 624,1245 632,1243 777,1244 790,1250 830,1253 852,1253 863,1248 886,1249 914,1245 1109,1244 1117,1251 1127,1251 1133,1243 1177,1244 1190,1241 1344,1244 1349,1248 1407,1241 1531,1239 1573,1241 1582,1249 1590,1249 1605,1240 1631,1238 1680,1240 1692,1248 1700,1248 1706,1243 1731,1242 1739,1247 1749,1247 1755,1243 1826,1244 1838,1246 1844,1242 1883,1237 1935,1237 1935,1185 1883,1184 1853,1178 1850,1175 1798,1174 1735,1184 1707,1186 1672,1185 1667,1181 1657,1182 1651,1176 1643,1176 1632,1185 1626,1185 1620,1176 1606,1177 1598,1185 1575,1186 1562,1185 1556,1178 1542,1178 1530,1185 1519,1185 1501,1184 1489,1177 1475,1181 1465,1177 1454,1177 1402,1187 1372,1188 1335,1184 1331,1181 1318,1182"/>
        <Baseline points="449,1234 826,1239 1238,1230 1806,1234 1935,1227"/>
        <Word id="region0002_line0003_word0000" custom="readingOrder {index:0;} textStyle {offset:0; length:6;italic:true; fontSize:0.0; kerning:0;}">
          <Coords points="456,1194 456,1195 456,1241 539,1240 547,1240 548,1240 575,1240 575,1196 539,1198 519,1198 518,1194 490,1194 490,1198 482,1198 479,1194"/>
          <TextEquiv conf="0.9239401">
            <Unicode>labor,</Unicode>
          </TextEquiv>
        </Word>
        <Word id="region0002_line0003_word0001" custom="readingOrder {index:1;}">
          <Coords points="683,1202 603,1203 603,1245 625,1244 632,1243 683,1243"/>
          <TextEquiv conf="0.9282238">
            <Unicode>zum</Unicode>
          </TextEquiv>
        </Word>
        <Word id="region0002_line0003_word0002" custom="readingOrder {index:2;}">
          <Coords points="698,1192 805,1191 805,1241 698,1242"/>
          <TextEquiv conf="0.93011916">
            <Unicode>Troſt</Unicode>
          </TextEquiv>
        </Word>
        <Word id="region0002_line0003_word0003" custom="readingOrder {index:3;}">
          <Coords points="817,1187 817,1245 953,1244 953,1186 938,1186 918,1189 904,1186"/>
          <TextEquiv conf="0.9326471">
            <Unicode>Jhrer</Unicode>
          </TextEquiv>
        </Word>
        <Word id="region0002_line0003_word0004" custom="readingOrder {index:4;}">
          <Coords points="965,1188 965,1244 1135,1242 1135,1187 1067,1187 1065,1186"/>
          <TextEquiv conf="0.92554605">
            <Unicode>Eltern,</Unicode>
          </TextEquiv>
        </Word>
        <Word id="region0002_line0003_word0005" custom="readingOrder {index:5;}">
          <Coords points="1159,1193 1271,1192 1271,1234 1159,1235"/>
          <TextEquiv conf="0.9318031">
            <Unicode>deren</Unicode>
          </TextEquiv>
        </Word>
        <Word id="region0002_line0003_word0006" custom="readingOrder {index:6;}">
          <Coords points="1285,1239 1418,1238 1418,1183 1402,1187 1372,1188 1335,1184 1331,1181 1318,1182 1294,1170 1285,1176"/>
          <TextEquiv conf="0.93048346">
            <Unicode>Segen</Unicode>
          </TextEquiv>
        </Word>
        <Word id="region0002_line0003_word0007" custom="readingOrder {index:7;}">
          <Coords points="1436,1185 1436,1231 1514,1230 1514,1184 1503,1184"/>
          <TextEquiv conf="0.9254601">
            <Unicode>Sie</Unicode>
          </TextEquiv>
        </Word>
        <Word id="region0002_line0003_word0008" custom="readingOrder {index:8;}">
          <Coords points="1533,1183 1533,1183 1533,1239 1625,1238 1631,1238 1641,1238 1709,1238 1709,1186 1707,1186 1672,1185 1669,1182 1635,1182 1632,1185 1626,1185 1624,1182 1600,1183 1598,1185 1575,1186 1562,1185 1560,1183"/>
          <TextEquiv conf="0.92902726">
            <Unicode>begleite,</Unicode>
          </TextEquiv>
        </Word>
        <Word id="region0002_line0003_word0009" custom="readingOrder {index:9;}">
          <Coords points="1733,1189 1780,1189 1780,1236 1733,1236"/>
          <TextEquiv conf="0.9315793">
            <Unicode>zu</Unicode>
          </TextEquiv>
        </Word>
        <Word id="region0002_line0003_word0010" custom="readingOrder {index:10;}">
          <Coords points="1792,1180 1792,1236 1930,1235 1930,1184 1883,1184 1860,1179"/>
          <TextEquiv conf="0.9300457">
            <Unicode>Jhrem</Unicode>
          </TextEquiv>
        </Word>
        <TextEquiv conf="0.92898864">
          <Unicode>labor, zum Troſt Jhrer Eltern, deren Segen Sie begleite, zu Jhrem</Unicode>
        </TextEquiv>
      </TextLine>
      <TextLine id="region0002_line0004" custom="readingOrder {index:3;}">
        <Coords points="634,1244 615,1253 558,1258 500,1259 495,1250 481,1249 474,1260 450,1260 450,1310 518,1313 565,1308 618,1307 705,1309 711,1314 733,1314 739,1309 783,1309 788,1313 808,1313 814,1309 835,1308 940,1306 945,1301 945,1263 940,1258 884,1257 881,1250 874,1248 863,1249 858,1253 857,1258 789,1257 787,1250 777,1245 763,1246 759,1256 709,1256 663,1246"/>
        <Baseline points="450,1301 945,1296"/>
        <Word id="region0002_line0004_word0000" custom="readingOrder {index:0;}">
          <Coords points="475,1257 474,1260 455,1260 455,1310 552,1309 565,1308 608,1307 608,1257 566,1257 558,1258 500,1259 499,1257"/>
          <TextEquiv conf="0.9280281">
            <Unicode>eigenen</Unicode>
          </TextEquiv>
        </Word>
        <Word id="region0002_line0004_word0001" custom="readingOrder {index:1;}">
          <Coords points="627,1253 628,1307 705,1309 705,1309 876,1307 875,1250 862,1250 858,1253 857,1258 789,1257 787,1251 761,1251 759,1256 709,1256 692,1252"/>
          <TextEquiv conf="0.9225374">
            <Unicode>Vergnuͤgen!</Unicode>
          </TextEquiv>
        </Word>
        <TextEquiv conf="0.9252827">
          <Unicode>eigenen Vergnuͤgen!</Unicode>
        </TextEquiv>
      </TextLine>
      <TextEquiv>
        <Unicode>Zwoͤlf Uhr ſchon?⸗ Nicht ein Wort mehr aus meinem Munde;
die Zeit iſt zu edel. Eilen Sie, beſtes Braut⸗Paar, hic meta, hic
labor, zum Troſt Jhrer Eltern, deren Segen Sie begleite, zu Jhrem
eigenen Vergnuͤgen!</Unicode>
      </TextEquiv>
    </TextRegion>
    <GraphicRegion id="Graphic_1658480812083_4081" custom="readingOrder {index:2;}">
      <Coords points="416,115 1290,115 1290,300 416,300"/>
    </GraphicRegion>
    <GraphicRegion id="Graphic_1658480817532_4084" custom="readingOrder {index:3;}">
      <Coords points="804,1476 1606,1476 1606,1994 804,1994"/>
    </GraphicRegion>
    <GraphicRegion id="Graphic_1658480819591_4087" custom="readingOrder {index:4;}">
      <Coords points="1646,2170 1849,2170 1849,2364 1646,2364"/>
    </GraphicRegion>
  </Page>
</PcGts>
