1619 2430
595 432 734 467 renvoller
759 433 816 468 mir
832 439 893 468 nun
908 437 996 476 dieſer
1010 437 1137 478 Auftrag
1153 444 1233 476 war,
1257 439 1330 479 deſto
1345 440 1427 481 mehr
1444 441 1488 474 be⸗

593 488 691 529 ſtrebte
712 488 750 525 ich
772 486 841 525 mich
862 485 912 526 ihn
936 487 989 528 auf
1006 491 1059 523 das
1073 488 1322 532 gewiſſenhafteſte
1336 493 1383 525 ins
1399 494 1487 529 Werk

593 543 626 570 zu
648 537 769 571 richten,
793 538 849 566 und
873 536 941 573 mich
965 536 1043 570 eines
1058 536 1225 576 Zutrauens
1246 536 1358 577 wuͤrdig
1379 546 1412 578 zu
1427 531 1487 572 ma⸗

593 593 675 631 chen,
712 596 766 626 das
794 596 851 627 mir
850 590 884 638 ſo
920 595 1054 636 ſchaͤtzbar
1074 604 1154 633 war;
1191 597 1255 637 doch
1277 598 1336 631 will
1354 600 1392 638 ich
1412 601 1487 640 nicht

593 645 691 676 weiter
711 650 768 676 von
790 647 852 676 dem
874 645 976 685 reden,
998 651 1063 678 was
1083 647 1121 684 ich
1138 648 1243 687 gethan
1259 647 1347 689 habe:
1370 653 1418 682 der
1433 650 1488 684 Er⸗

592 699 651 738 folg
673 698 751 739 ſelbſt
769 707 835 740 mag
855 700 944 739 dieſes
958 699 1070 742 lehren!
1093 703 1163 737 Mir
1176 703 1273 736 wuͤrde
1285 711 1316 736 es
1332 705 1410 743 ſchon
1424 705 1485 739 Be⸗

593 748 721 785 lohnung
749 746 829 786 ſeyn,
853 738 940 788 wenn
965 749 1031 783 Ew.
1058 749 1283 793 Hochwohlgeb.
1310 752 1371 785 kein
1400 754 1485 795 Miß⸗

592 807 695 836 trauen
713 805 743 836 in
757 805 826 842 mich
842 805 948 846 ſetzten.
991 806 1052 847 Jch
1066 809 1159 839 werde
1175 808 1242 844 auch
1257 810 1311 850 auf
1322 812 1375 843 alle
1390 811 1484 850 Weiſe

588 856 711 895 darnach
738 856 860 899 ſtreben,
889 858 996 899 Jhnen
1022 864 1055 898 zu
1076 861 1188 899 zeigen,
1218 863 1273 900 daß
1295 864 1358 897 Sie
1381 865 1429 905 ſich
1450 868 1483 895 es

590 906 665 943 nicht
684 906 786 945 duͤrfen
806 908 927 947 gereuen
947 906 1052 948 laſſen,
1074 910 1131 942 mir
1151 912 1196 944 ein
1220 911 1247 950 ſo
1263 911 1409 951 wichtiges
1422 913 1484 947 Ge⸗

589 956 676 996 ſchaͤft
693 955 865 997 uͤbertragen
898 961 934 996 zu
942 956 1046 997 haben.
1088 959 1150 999 Jch
1167 961 1216 994 bin
1230 961 1286 996 mit
1297 963 1347 995 der
1361 956 1535 1004 groͤßten

589 1015 794 1058 Hochachtung

826 1069 908 1112 Ew.
926 1068 1187 1121 Hochwohlgeb.

1144 1159 1338 1203 ergebenſter
1358 1163 1480 1199 Diener.

1013 1211 1062 1243 4.

686 1251 973 1307 Hochgebohrner,

635 1308 1008 1361 Hoͤchſtzuverehrender
1029 1312 1128 1363 Herr
1138 1314 1243 1364 Graf,

671 1400 736 1435 Ew.
751 1397 918 1441 Hochgraͤfl.
933 1401 1062 1437 Gnaden
1076 1400 1169 1442 haben
1192 1401 1248 1436 mir
1278 1400 1478 1444 aufgetragen,

582 1447 691 1490 Jhnen
708 1450 789 1481 einen
808 1449 941 1490 Wagen,
964 1450 1032 1489 nach
1047 1454 1110 1485 dem
1125 1453 1258 1492 Modell,
1282 1450 1399 1494 welches
1414 1455 1476 1489 Sie

584 1505 642 1538 mir
661 1502 812 1543 bezeichnet
833 1503 924 1544 haben,
964 1505 1093 1547 hieſelbſt
1108 1503 1140 1551 zu
1147 1506 1285 1549 beſtellen.
1313 1507 1388 1549 Jch
1404 1508 1476 1548 habe

582 1557 685 1597 Jhren
697 1556 808 1597 Befehl
831 1557 969 1599 puͤnktlich
984 1557 1191 1600 ausgerichtet,
1213 1563 1270 1594 und
1288 1563 1350 1598 Sie
1364 1564 1475 1597 koͤnnen

584 1613 646 1633 nun
666 1606 719 1633 den
734 1605 850 1640 Wagen
865 1611 898 1640 zu
912 1606 960 1634 der
975 1603 1150 1645 beſtimmten
1163 1605 1226 1644 Zeit
1239 1605 1361 1647 abholen
1376 1607 1475 1646 laſſen,

583 1663 651 1688 oder
669 1663 755 1689 wenn
768 1658 829 1690 Sie
845 1666 876 1690 es
894 1653 1043 1700 befehlen,
1062 1660 1090 1699 ſo
1106 1661 1181 1694 kann
1185 1654 1236 1706 ich
1254 1654 1335 1706 Jhnen
1371 1663 1475 1702 denſel⸗

581 1714 639 1743 ben
649 1712 718 1753 auch
727 1709 898 1750 zuſchicken.
942 1712 1001 1751 Jch
1015 1713 1106 1752 hoffe,
1126 1714 1181 1751 daß
1197 1722 1226 1745 er
1238 1716 1339 1754 Jhren
1351 1715 1473 1755 voͤlligen

581 1763 699 1800 Beifall
725 1762 852 1798 erhalten
879 1763 973 1801 wird,
995 1763 1061 1795 weil
1086 1765 1245 1803 derjenige,
1275 1764 1317 1795 bei
1343 1766 1474 1805 welchem

581 1818 621 1852 ich
636 1817 686 1854 ihn
700 1814 803 1856 beſtellt
817 1814 904 1855 habe,
927 1816 958 1848 in
974 1818 1023 1849 der
1036 1825 1142 1857 ganzen
1159 1818 1261 1851 Stadt
1275 1820 1318 1852 die
1333 1819 1402 1861 beſte
1418 1821 1473 1855 Ar⸗

581 1869 639 1897 beit
659 1869 768 1903 macht,
797 1871 856 1898 und
876 1867 1019 1909 beſtaͤndig
1039 1869 1118 1906 Ehre
1141 1868 1233 1903 damit
1251 1871 1365 1911 einlegt.
1411 1870 1472 1910 Jch

580 1921 714 1967 verharre
730 1921 783 1954 mit
798 1925 847 1954 der
861 1923 980 1963 groͤßten
993 1917 1197 1968 Hochachtung

766 1992 862 2034 Ewr.
878 1987 1072 2042 Hochgraͤfl.
1088 1985 1244 2036 Gnaden.

1114 2053 1333 2097 unterthaͤniger
1350 2060 1474 2092 Diener.
