<PcGts xmlns="http://schema.primaresearch.org/PAGE/gts/pagecontent/2019-07-15" xmlns:xsi="http://www.w3.org/2001/XMLSchema-instance" pcGtsId="PAGE_01" xsi:schemaLocation="http://schema.primaresearch.org/PAGE/gts/pagecontent/2019-07-15 http://schema.primaresearch.org/PAGE/gts/pagecontent/2019-07-15/pagecontent.xsd">
  <Metadata>
    <Creator>OCR-D DFG Phase III</Creator>
    <Created>2024-01-19T13:09:26Z</Created>
    <LastChange>2024-01-19T13:09:26Z</LastChange>
    <Comments>ODEM: OCR-D extension for mass digitization (2021-2024)</Comments>
  </Metadata>
  <Page imageFilename="MAX/urn+nbn+de+gbv+3+1-714246_urn+nbn+de+gbv+3+1-714246-p0167-3_ger.png" imageWidth="1980" imageHeight="2893" type="content" primaryLanguage="German">
    <Border>
      <Coords points="90,282 101,2767 1619,2771 1606,272"/>
    </Border>
    <ReadingOrder>
      <OrderedGroup id="ro_1652426481829" caption="Regions reading order">
        <RegionRefIndexed index="0" regionRef="TextRegion_1651559995786_544"/>
        <RegionRefIndexed index="1" regionRef="TextRegion_1651560002032_549"/>
        <RegionRefIndexed index="2" regionRef="TextRegion_1651560019596_561"/>
        <RegionRefIndexed index="3" regionRef="TextRegion_1651560019595_560"/>
        <RegionRefIndexed index="4" regionRef="TextRegion_1651560011550_555"/>
        <RegionRefIndexed index="5" regionRef="TextRegion_1651560011550_554"/>
      </OrderedGroup>
    </ReadingOrder>
    <TextRegion orientation="0.6627164" readingDirection="left-to-right" id="TextRegion_1651559995786_544" custom="readingOrder {index:0;}">
      <Coords points="164,547 1252,533 1261,1272 173,1272"/>
      <TextLine id="region0003_line0001" custom="readingOrder {index:0;}">
        <Coords points="713,540 708,546 704,543 695,543 689,547 608,551 594,551 591,542 575,543 571,552 530,551 526,548 508,551 494,544 471,544 468,548 462,544 452,544 447,548 428,546 424,549 391,555 368,554 361,548 339,550 335,547 242,547 233,551 230,557 225,559 165,561 166,601 174,609 241,609 247,604 263,602 328,601 347,601 353,607 363,607 370,601 403,605 409,601 420,599 424,605 434,606 440,597 448,597 455,603 463,603 469,596 487,597 497,604 509,602 515,597 541,599 596,593 724,592 757,594 763,597 773,597 796,591 892,586 1027,587 1042,588 1048,594 1057,594 1064,588 1099,589 1109,593 1129,590 1135,594 1144,594 1148,590 1252,590 1252,547 1217,547 1211,538 1200,538 1193,545 1185,548 1169,548 1121,544 1116,540 1095,542 1092,536 1070,536 1067,540 1062,537 1051,537 1043,541 1019,542 1015,537 1000,537 988,544 961,543 958,537 941,537 941,537 933,544 892,543 887,538 871,538 866,543 841,545 819,542 817,539"/>
        <Word id="region0003_line0001_word0000" custom="readingOrder {index:0;}">
          <Coords points="226,558 227,602 367,600 366,553 231,554 230,557"/>
          <TextEquiv conf="0.91290647">
            <Unicode>gluͤcklich</Unicode>
          </TextEquiv>
        </Word>
        <Word id="region0003_line0001_word0001" custom="readingOrder {index:1;}">
          <Coords points="505,549 414,550 391,555 388,554 389,601 410,600 420,599 421,600 437,600 440,597 448,597 451,600 465,600 469,596 487,597 490,599 512,599 515,597 541,599 545,598 545,551 530,551 527,549 517,549 508,551"/>
          <TextEquiv conf="0.92385364">
            <Unicode>geſchaͤtzt,</Unicode>
          </TextEquiv>
        </Word>
        <Word id="region0003_line0001_word0002" custom="readingOrder {index:2;}">
          <Coords points="594,551 580,551 580,590 671,589 671,550 616,551 608,551 594,551"/>
          <TextEquiv conf="0.92230934">
            <Unicode>wenn</Unicode>
          </TextEquiv>
        </Word>
        <Word id="region0003_line0001_word0003" custom="readingOrder {index:3;}">
          <Coords points="694,552 739,552 739,588 694,588"/>
          <TextEquiv conf="0.93022645">
            <Unicode>die</Unicode>
          </TextEquiv>
        </Word>
        <Word id="region0003_line0001_word0004" custom="readingOrder {index:4;}">
          <Coords points="827,589 827,550 762,550 762,594 784,594 796,591"/>
          <TextEquiv conf="0.92623764">
            <Unicode>Zeit</Unicode>
          </TextEquiv>
        </Word>
        <Word id="region0003_line0001_word0005" custom="readingOrder {index:5;}">
          <Coords points="850,551 884,551 884,584 850,584"/>
          <TextEquiv conf="0.9229584">
            <Unicode>es</Unicode>
          </TextEquiv>
        </Word>
        <Word id="region0003_line0001_word0006" custom="readingOrder {index:6;}">
          <Coords points="908,550 1032,548 1032,583 908,585"/>
          <TextEquiv conf="0.9186834">
            <Unicode>erlaubt</Unicode>
          </TextEquiv>
        </Word>
        <Word id="region0003_line0001_word0007" custom="readingOrder {index:7;}">
          <Coords points="1123,544 1046,545 1046,590 1061,589 1064,588 1099,589 1100,589 1146,589 1146,546"/>
          <TextEquiv conf="0.91531694">
            <Unicode>haͤtte,</Unicode>
          </TextEquiv>
        </Word>
        <Word id="region0003_line0001_word0008" custom="readingOrder {index:8;}">
          <Coords points="1247,547 1185,548 1185,548 1184,548 1184,583 1247,582"/>
          <TextEquiv conf="0.92938644">
            <Unicode>eine</Unicode>
          </TextEquiv>
        </Word>
        <TextEquiv conf="0.922431">
          <Unicode>gluͤcklich geſchaͤtzt, wenn die Zeit es erlaubt haͤtte, eine</Unicode>
        </TextEquiv>
      </TextLine>
      <TextLine id="region0003_line0002" custom="readingOrder {index:1;}">
        <Coords points="886,602 879,608 862,603 816,604 806,607 801,613 781,615 763,615 757,608 745,608 740,613 728,610 720,616 713,616 708,607 693,605 683,617 638,618 631,609 623,609 610,618 565,619 561,613 553,611 544,611 536,619 529,619 525,611 513,610 507,616 492,614 486,619 413,620 370,624 309,625 303,617 294,617 283,623 276,616 254,614 166,615 167,673 172,678 235,678 288,670 294,677 303,677 311,669 371,667 377,673 391,673 399,667 487,663 532,662 539,670 550,669 554,662 612,662 618,668 628,668 635,662 750,660 755,665 771,666 780,658 854,658 977,653 1023,652 1029,659 1038,659 1044,653 1132,655 1143,656 1149,662 1159,662 1165,656 1169,656 1185,657 1191,663 1201,662 1208,656 1253,656 1253,613 1211,612 1205,604 1194,604 1183,612 1169,612 1163,604 1151,604 1140,611 1106,612 1083,609 1076,605 1053,605 1044,601 1034,601 1029,605 1023,600 1013,601 1000,609 992,610 902,612 897,603"/>
        <Word id="region0003_line0002_word0000" custom="readingOrder {index:0;}">
          <Coords points="278,618 225,619 225,663 396,661 396,621 370,624 309,625 303,618 291,618 283,623"/>
          <TextEquiv conf="0.9213614">
            <Unicode>Zeichnung</Unicode>
          </TextEquiv>
        </Word>
        <Word id="region0003_line0002_word0001" custom="readingOrder {index:1;}">
          <Coords points="413,623 476,622 476,652 413,653"/>
          <TextEquiv conf="0.91786283">
            <Unicode>von</Unicode>
          </TextEquiv>
        </Word>
        <Word id="region0003_line0002_word0002" custom="readingOrder {index:2;}">
          <Coords points="506,616 492,616 492,659 586,658 586,619 565,619 562,615 540,615 536,619 529,619 527,616 507,616 507,616"/>
          <TextEquiv conf="0.92622674">
            <Unicode>dieſen</Unicode>
          </TextEquiv>
        </Word>
        <Word id="region0003_line0002_word0003" custom="readingOrder {index:3;}">
          <Coords points="633,611 618,611 610,618 603,618 603,658 813,656 813,610 803,610 801,613 781,615 763,615 759,610 742,610 740,613 731,610 726,610 720,616 713,616 710,610 687,611 683,617 638,618"/>
          <TextEquiv conf="0.90721464">
            <Unicode>ehrwuͤrdigen</Unicode>
          </TextEquiv>
        </Word>
        <Word id="region0003_line0002_word0004" custom="readingOrder {index:4;}">
          <Coords points="901,610 829,612 829,649 954,647 954,610 902,612"/>
          <TextEquiv conf="0.92185426">
            <Unicode>Ruinen</Unicode>
          </TextEquiv>
        </Word>
        <Word id="region0003_line0002_word0005" custom="readingOrder {index:5;}">
          <Coords points="972,610 972,652 1051,651 1051,609 994,609 992,610"/>
          <TextEquiv conf="0.9269249">
            <Unicode>nebſt</Unicode>
          </TextEquiv>
        </Word>
        <Word id="region0003_line0002_word0006" custom="readingOrder {index:6;}">
          <Coords points="1066,613 1131,612 1131,645 1066,646"/>
          <TextEquiv conf="0.9210347">
            <Unicode>dem</Unicode>
          </TextEquiv>
        </Word>
        <Word id="region0003_line0002_word0007" custom="readingOrder {index:7;}">
          <Coords points="1167,609 1147,610 1147,651 1247,650 1247,612 1211,612 1209,609 1186,609 1183,612 1169,612"/>
          <TextEquiv conf="0.90917724">
            <Unicode>hohen</Unicode>
          </TextEquiv>
        </Word>
        <TextEquiv conf="0.9189571">
          <Unicode>Zeichnung von dieſen ehrwuͤrdigen Ruinen nebſt dem hohen</Unicode>
        </TextEquiv>
      </TextLine>
      <TextLine id="region0003_line0003" custom="readingOrder {index:2;}">
        <Coords points="1011,668 998,676 989,676 983,669 973,669 961,677 898,681 878,679 859,672 847,673 792,676 769,683 764,675 753,675 745,685 694,684 687,676 677,676 667,684 646,684 640,679 631,679 625,684 593,684 585,677 574,677 566,685 527,685 509,684 497,677 488,677 477,684 466,679 454,679 444,685 417,687 393,688 386,683 378,683 373,688 347,688 336,692 290,692 268,684 248,682 166,683 167,723 168,731 173,736 277,736 285,737 292,743 305,743 314,737 339,738 389,732 438,731 449,738 458,738 464,732 483,731 489,738 498,738 505,730 568,729 575,736 583,736 591,728 694,727 701,728 703,735 708,739 719,738 727,727 837,729 842,733 851,732 860,726 939,722 965,722 971,729 980,729 989,721 1038,721 1043,725 1052,725 1057,721 1080,720 1237,724 1254,722 1253,679 1147,677 1142,673 1133,673 1127,677 1076,678 1039,673 1026,675 1021,668"/>
        <Word id="region0003_line0003_word0000" custom="readingOrder {index:0;}">
          <Coords points="276,687 227,688 227,730 345,728 345,688 336,692 290,692"/>
          <TextEquiv conf="0.92245585">
            <Unicode>Berge,</Unicode>
          </TextEquiv>
        </Word>
        <Word id="region0003_line0003_word0001" custom="readingOrder {index:1;}">
          <Coords points="391,686 378,687 378,719 428,718 428,686 417,687 393,688"/>
          <TextEquiv conf="0.9302389">
            <Unicode>der</Unicode>
          </TextEquiv>
        </Word>
        <Word id="region0003_line0003_word0002" custom="readingOrder {index:2;}">
          <Coords points="471,681 449,681 446,683 447,726 504,725 503,681 481,681 477,684"/>
          <TextEquiv conf="0.91767746">
            <Unicode>ſich</Unicode>
          </TextEquiv>
        </Word>
        <Word id="region0003_line0003_word0003" custom="readingOrder {index:3;}">
          <Coords points="590,682 568,682 566,685 529,685 530,725 607,724 606,684 593,684"/>
          <TextEquiv conf="0.92719865">
            <Unicode>nahe</Unicode>
          </TextEquiv>
        </Word>
        <Word id="region0003_line0003_word0004" custom="readingOrder {index:4;}">
          <Coords points="645,683 630,683 631,728 694,727 701,728 701,728 726,728 727,727 726,685 694,684 693,682 669,683 667,684 646,684"/>
          <TextEquiv conf="0.92378116">
            <Unicode>dabey</Unicode>
          </TextEquiv>
        </Word>
        <Word id="region0003_line0003_word0005" custom="readingOrder {index:5;}">
          <Coords points="767,680 752,681 753,716 785,715 784,680 778,680 769,683"/>
          <TextEquiv conf="0.9256411">
            <Unicode>in</Unicode>
          </TextEquiv>
        </Word>
        <Word id="region0003_line0003_word0006" custom="readingOrder {index:6;}">
          <Coords points="880,679 807,680 808,723 902,722 901,680 898,681"/>
          <TextEquiv conf="0.9256411">
            <Unicode>Oſten</Unicode>
          </TextEquiv>
        </Word>
        <Word id="region0003_line0003_word0007" custom="readingOrder {index:7;}">
          <Coords points="989,676 963,676 961,677 937,679 938,720 1056,719 1055,675 1054,675 999,675 998,676 989,676"/>
          <TextEquiv conf="0.9197396">
            <Unicode>erhebt,</Unicode>
          </TextEquiv>
        </Word>
        <Word id="region0003_line0003_word0008" custom="readingOrder {index:8;}">
          <Coords points="1087,681 1150,680 1151,711 1087,712"/>
          <TextEquiv conf="0.9209222">
            <Unicode>und</Unicode>
          </TextEquiv>
        </Word>
        <Word id="region0003_line0003_word0009" custom="readingOrder {index:9;}">
          <Coords points="1174,683 1248,682 1248,712 1174,713"/>
          <TextEquiv conf="0.9215596">
            <Unicode>vom</Unicode>
          </TextEquiv>
        </Word>
        <TextEquiv conf="0.9234856">
          <Unicode>Berge, der ſich nahe dabey in Oſten erhebt, und vom</Unicode>
        </TextEquiv>
      </TextLine>
      <TextLine id="region0003_line0004" custom="readingOrder {index:3;}">
        <Coords points="1039,734 1032,740 1024,741 996,737 976,737 945,745 923,748 907,748 903,741 891,740 883,749 842,750 836,741 825,741 818,750 694,751 672,751 668,748 658,748 654,751 593,752 578,752 572,744 561,744 550,752 538,753 429,754 425,751 416,751 412,755 370,757 355,756 350,751 335,749 328,755 298,758 265,750 180,751 167,752 168,792 172,793 173,800 178,804 324,802 330,808 340,808 348,800 434,800 441,806 452,806 458,800 512,796 558,796 562,803 573,804 580,797 616,796 621,800 629,800 635,796 678,794 1033,788 1038,792 1046,792 1051,787 1114,785 1142,787 1150,793 1164,793 1171,788 1255,787 1254,746 1206,745 1195,741 1155,744 1074,742 1062,741 1056,734"/>
        <Word id="region0003_line0004_word0000" custom="readingOrder {index:0;}">
          <Coords points="274,752 227,753 228,795 426,792 425,751 425,751 416,751 412,755 370,757 355,756 350,751 332,751 328,755 298,758"/>
          <TextEquiv conf="0.9243264">
            <Unicode>Montſerrat</Unicode>
          </TextEquiv>
        </Word>
        <Word id="region0003_line0004_word0001" custom="readingOrder {index:1;}">
          <Coords points="441,756 476,756 477,791 442,791"/>
          <TextEquiv conf="0.9296174">
            <Unicode>zu</Unicode>
          </TextEquiv>
        </Word>
        <Word id="region0003_line0004_word0002" custom="readingOrder {index:2;}">
          <Coords points="573,745 558,746 550,752 538,753 494,753 495,790 634,788 633,751 593,752 578,752"/>
          <TextEquiv conf="0.9197819">
            <Unicode>machen,</Unicode>
          </TextEquiv>
        </Word>
        <Word id="region0003_line0004_word0003" custom="readingOrder {index:3;}">
          <Coords points="672,751 659,751 660,781 716,780 715,751 694,751 672,751"/>
          <TextEquiv conf="0.928867">
            <Unicode>den</Unicode>
          </TextEquiv>
        </Word>
        <Word id="region0003_line0004_word0004" custom="readingOrder {index:4;}">
          <Coords points="736,755 810,754 811,779 737,780"/>
          <TextEquiv conf="0.92380637">
            <Unicode>man</Unicode>
          </TextEquiv>
        </Word>
        <Word id="region0003_line0004_word0005" custom="readingOrder {index:5;}">
          <Coords points="838,744 826,745 827,780 859,779 858,749 842,750"/>
          <TextEquiv conf="0.93106276">
            <Unicode>in</Unicode>
          </TextEquiv>
        </Word>
        <Word id="region0003_line0004_word0006" custom="readingOrder {index:6;}">
          <Coords points="905,744 886,744 883,749 875,749 876,780 955,779 954,744 948,744 945,745 923,748 907,748"/>
          <TextEquiv conf="0.9218668">
            <Unicode>einer</Unicode>
          </TextEquiv>
        </Word>
        <Word id="region0003_line0004_word0007" custom="readingOrder {index:7;}">
          <Coords points="1062,741 971,742 972,783 1169,781 1168,743 1155,744 1074,742"/>
          <TextEquiv conf="0.92872185">
            <Unicode>Entfernung</Unicode>
          </TextEquiv>
        </Word>
        <Word id="region0003_line0004_word0008" custom="readingOrder {index:8;}">
          <Coords points="1186,747 1248,746 1249,775 1187,776"/>
          <TextEquiv conf="0.92174447">
            <Unicode>von</Unicode>
          </TextEquiv>
        </Word>
        <TextEquiv conf="0.92553276">
          <Unicode>Montſerrat zu machen, den man in einer Entfernung von</Unicode>
        </TextEquiv>
      </TextLine>
      <TextLine id="region0003_line0005" custom="readingOrder {index:4;}">
        <Coords points="1109,799 1060,811 1043,811 1038,804 1027,803 1014,813 1000,814 994,806 983,806 972,814 953,815 909,816 903,808 892,808 888,811 871,808 863,814 833,817 782,817 775,808 765,808 758,817 690,817 686,814 676,814 672,818 613,818 607,810 596,810 589,819 556,820 548,811 537,812 527,820 430,821 425,816 415,817 409,822 374,823 339,815 314,818 304,825 295,826 249,824 241,820 169,821 169,866 173,869 276,869 278,877 283,881 294,880 302,870 472,864 526,863 532,864 538,871 547,871 555,864 586,863 686,862 696,866 703,859 736,863 860,860 866,867 875,867 882,860 911,859 977,859 983,865 993,865 1000,859 1007,858 1019,858 1025,863 1034,863 1042,856 1057,855 1135,854 1142,862 1152,861 1157,854 1163,860 1171,860 1177,854 1256,855 1255,812 1235,811 1228,802 1218,802 1210,806 1205,802 1187,806 1181,801 1166,801 1158,808 1149,809 1139,801 1126,803"/>
        <Word id="region0003_line0005_word0000" custom="readingOrder {index:0;}">
          <Coords points="244,821 225,822 226,867 302,866 301,825 295,826 249,824"/>
          <TextEquiv conf="0.89693224">
            <Unicode>drey</Unicode>
          </TextEquiv>
        </Word>
        <Word id="region0003_line0005_word0001" custom="readingOrder {index:1;}">
          <Coords points="350,817 320,818 320,854 471,852 471,820 430,821 425,816 417,816 415,817 409,822 374,823"/>
          <TextEquiv conf="0.9268425">
            <Unicode>Stunden</Unicode>
          </TextEquiv>
        </Word>
        <Word id="region0003_line0005_word0002" custom="readingOrder {index:2;}">
          <Coords points="550,814 534,814 527,820 483,820 484,858 702,855 702,817 690,817 686,814 676,814 672,818 613,818 609,813 593,813 589,819 556,820"/>
          <TextEquiv conf="0.93066865">
            <Unicode>wahrnimmt,</Unicode>
          </TextEquiv>
        </Word>
        <Word id="region0003_line0005_word0003" custom="readingOrder {index:3;}">
          <Coords points="778,812 761,812 758,817 734,817 734,850 790,849 790,817 782,817"/>
          <TextEquiv conf="0.91813225">
            <Unicode>wie</Unicode>
          </TextEquiv>
        </Word>
        <Word id="region0003_line0005_word0004" custom="readingOrder {index:4;}">
          <Coords points="812,822 842,822 842,848 812,848"/>
          <TextEquiv conf="0.91813225">
            <Unicode>er</Unicode>
          </TextEquiv>
        </Word>
        <Word id="region0003_line0005_word0005" custom="readingOrder {index:5;}">
          <Coords points="906,812 866,812 865,812 865,854 963,853 963,814 953,815 909,816"/>
          <TextEquiv conf="0.9298539">
            <Unicode>ſeinen</Unicode>
          </TextEquiv>
        </Word>
        <Word id="region0003_line0005_word0006" custom="readingOrder {index:6;}">
          <Coords points="996,809 981,810 981,853 1078,852 1078,809 1067,809 1060,811 1043,811 1041,809 1018,809 1014,813 1000,814"/>
          <TextEquiv conf="0.92714965">
            <Unicode>hohen</Unicode>
          </TextEquiv>
        </Word>
        <Word id="region0003_line0005_word0007" custom="readingOrder {index:7;}">
          <Coords points="1145,806 1096,807 1096,853 1202,851 1202,805 1190,805 1187,806 1186,805 1160,805 1158,808 1149,809"/>
          <TextEquiv conf="0.9051392">
            <Unicode>Gipfel</Unicode>
          </TextEquiv>
        </Word>
        <Word id="region0003_line0005_word0008" custom="readingOrder {index:8;}">
          <Coords points="1233,809 1219,809 1219,846 1250,846 1250,811 1235,811"/>
          <TextEquiv conf="0.9051392">
            <Unicode>in</Unicode>
          </TextEquiv>
        </Word>
        <TextEquiv conf="0.91755444">
          <Unicode>drey Stunden wahrnimmt, wie er ſeinen hohen Gipfel in</Unicode>
        </TextEquiv>
      </TextLine>
      <TextLine id="region0003_line0006" custom="readingOrder {index:5;}">
        <Coords points="703,860 697,866 698,877 613,876 578,882 574,885 547,887 542,887 535,878 508,878 495,888 411,888 401,887 395,881 373,882 363,887 293,887 268,892 251,891 242,887 169,888 169,928 175,936 235,936 286,939 505,929 546,931 555,937 567,937 574,932 667,926 849,926 867,927 873,933 882,933 887,928 908,928 914,935 923,935 931,928 959,926 1176,922 1187,923 1194,930 1206,929 1218,922 1256,922 1256,879 1159,878 1153,870 1136,872 1130,878 1086,881 1076,881 1070,872 1058,873 1053,881 1037,881 1031,875 1017,875 1011,882 997,883 957,882 946,878 933,882 927,875 916,875 902,881 891,874 879,874 868,881 853,874 796,874 789,875 777,883 748,885 713,882 718,874 718,863"/>
        <Word id="region0003_line0006_word0000" custom="readingOrder {index:0;}">
          <Coords points="230,887 230,914 287,913 287,888 268,892 251,891 242,887"/>
          <TextEquiv conf="0.9206455">
            <Unicode>den</Unicode>
          </TextEquiv>
        </Word>
        <Word id="region0003_line0006_word0001" custom="readingOrder {index:1;}">
          <Coords points="303,887 303,914 432,912 432,888 411,888 401,887 395,881 373,882 363,887"/>
          <TextEquiv conf="0.92723083">
            <Unicode>Wolken</Unicode>
          </TextEquiv>
        </Word>
        <Word id="region0003_line0006_word0002" custom="readingOrder {index:2;}">
          <Coords points="450,888 450,916 601,914 601,878 578,882 574,885 547,887 542,887 535,878 508,878 495,888"/>
          <TextEquiv conf="0.9197816">
            <Unicode>verbirgt.</Unicode>
          </TextEquiv>
        </Word>
        <Word id="region0003_line0006_word0003" custom="readingOrder {index:3;}">
          <Coords points="718,870 697,870 698,877 635,876 635,906 815,904 815,874 796,874 789,875 777,883 748,885 713,882 718,874"/>
          <TextEquiv conf="0.9213252">
            <Unicode>Martorell</Unicode>
          </TextEquiv>
        </Word>
        <Word id="region0003_line0006_word0004" custom="readingOrder {index:4;}">
          <Coords points="837,874 837,913 947,911 947,878 946,878 933,882 927,875 916,875 902,881 891,874 879,874 868,881 853,874"/>
          <TextEquiv conf="0.9213252">
            <Unicode>beſteht</Unicode>
          </TextEquiv>
        </Word>
        <Word id="region0003_line0006_word0005" custom="readingOrder {index:5;}">
          <Coords points="966,882 966,903 1029,902 1029,875 1017,875 1011,882 997,883"/>
          <TextEquiv conf="0.9275636">
            <Unicode>aus</Unicode>
          </TextEquiv>
        </Word>
        <Word id="region0003_line0006_word0006" custom="readingOrder {index:6;}">
          <Coords points="1045,881 1045,900 1123,899 1123,878 1086,881 1076,881 1070,872 1058,873 1053,881"/>
          <TextEquiv conf="0.9226023">
            <Unicode>einer</Unicode>
          </TextEquiv>
        </Word>
        <Word id="region0003_line0006_word0007" custom="readingOrder {index:7;}">
          <Coords points="1140,871 1140,906 1251,905 1251,878 1159,878 1153,870"/>
          <TextEquiv conf="0.9271077">
            <Unicode>langen</Unicode>
          </TextEquiv>
        </Word>
        <TextEquiv conf="0.9234477">
          <Unicode>den Wolken verbirgt. Martorell beſteht aus einer langen</Unicode>
        </TextEquiv>
      </TextLine>
      <TextLine id="region0003_line0007" custom="readingOrder {index:6;}">
        <Coords points="484,936 476,949 461,946 402,947 384,952 360,949 306,961 170,963 170,1003 261,1005 268,1011 284,1012 292,1005 372,1002 395,1002 401,1008 420,1006 426,1001 438,1001 447,1009 455,1009 464,1000 489,997 678,996 695,997 701,1003 711,1003 719,999 745,1005 794,1004 828,997 861,996 869,1003 877,1003 883,996 907,995 1081,995 1087,1001 1096,1001 1103,994 1144,992 1154,993 1164,1001 1172,1001 1181,995 1216,992 1220,998 1230,999 1237,991 1257,990 1257,947 1238,939 1200,941 1191,949 1176,949 1170,943 1161,943 1155,949 1108,949 1102,948 1095,940 1085,940 1081,944 1038,942 1010,949 994,946 989,950 946,952 925,952 918,943 908,943 901,951 896,951 892,945 882,941 874,941 862,951 822,949 795,942 735,943 720,950 713,942 704,942 687,950 668,952 620,948 612,942 557,951 553,951 547,944 537,944 530,952 505,952 499,951 498,942 494,937"/>
        <Word id="region0003_line0007_word0000" custom="readingOrder {index:0;}">
          <Coords points="230,962 230,994 325,993 325,958 319,958 306,961"/>
          <TextEquiv conf="0.96174514">
            <Unicode>engen</Unicode>
          </TextEquiv>
        </Word>
        <Word id="region0003_line0007_word0001" custom="readingOrder {index:1;}">
          <Coords points="346,952 346,995 454,994 454,948 396,948 384,952 360,949"/>
          <TextEquiv conf="0.9643743">
            <Unicode>Gaſſe,</Unicode>
          </TextEquiv>
        </Word>
        <Word id="region0003_line0007_word0002" custom="readingOrder {index:2;}">
          <Coords points="495,938 482,938 477,947 478,983 568,982 567,949 557,951 553,951 547,944 537,944 530,952 505,952 499,951 498,942"/>
          <TextEquiv conf="0.93303245">
            <Unicode>darin</Unicode>
          </TextEquiv>
        </Word>
        <Word id="region0003_line0007_word0003" custom="readingOrder {index:3;}">
          <Coords points="615,944 594,944 585,946 585,989 735,987 735,943 720,950 714,943 700,943 687,950 668,952 620,948"/>
          <TextEquiv conf="0.9225542">
            <Unicode>Armuth,</Unicode>
          </TextEquiv>
        </Word>
        <Word id="region0003_line0007_word0004" custom="readingOrder {index:4;}">
          <Coords points="882,941 873,941 862,951 822,949 795,942 770,942 770,987 932,986 931,952 925,952 918,943 908,943 901,951 896,951 892,945"/>
          <TextEquiv>
            <Unicode>Jnduſtrie</Unicode>
          </TextEquiv>
        </Word>
        <Word id="region0003_line0007_word0005" custom="readingOrder {index:5;}">
          <Coords points="950,951 950,978 1012,978 1012,948 1010,949 994,946 989,950"/>
          <TextEquiv conf="0.9640295">
            <Unicode>und</Unicode>
          </TextEquiv>
        </Word>
        <Word id="region0003_line0007_word0006" custom="readingOrder {index:6;}">
          <Coords points="1032,943 1033,984 1195,983 1194,946 1191,949 1176,949 1170,943 1161,943 1155,949 1108,949 1102,948 1095,940 1085,940 1081,944 1038,942"/>
          <TextEquiv>
            <Unicode>Schmutz,</Unicode>
          </TextEquiv>
        </Word>
        <Word id="region0003_line0007_word0007" custom="readingOrder {index:7;}">
          <Coords points="1221,939 1222,981 1254,981 1253,945 1238,939"/>
          <TextEquiv conf="0.9666491">
            <Unicode>ſo</Unicode>
          </TextEquiv>
        </Word>
        <TextEquiv>
          <Unicode>engen Gaſſe, darin Armuth, Jnduſtrie und Schmutz, ſo</Unicode>
        </TextEquiv>
      </TextLine>
      <TextLine id="region0003_line0008" custom="readingOrder {index:7;}">
        <Coords points="567,1011 554,1020 546,1012 537,1012 525,1020 473,1024 456,1023 446,1015 430,1015 419,1023 359,1027 297,1028 275,1024 270,1020 175,1023 170,1023 170,1031 171,1064 177,1074 225,1074 232,1081 241,1081 248,1073 403,1069 419,1068 425,1075 435,1075 441,1067 465,1066 532,1066 538,1074 562,1072 569,1065 583,1065 590,1066 592,1073 597,1077 608,1076 614,1068 620,1073 628,1073 635,1065 805,1064 816,1070 825,1070 830,1065 840,1068 849,1068 853,1064 885,1064 892,1071 901,1071 909,1064 967,1066 1044,1064 1050,1069 1059,1069 1065,1063 1084,1062 1090,1070 1099,1070 1106,1062 1143,1062 1149,1069 1164,1069 1170,1062 1221,1060 1227,1065 1236,1065 1241,1060 1258,1060 1257,1004 1225,1005 1213,1016 1164,1018 1159,1013 1150,1013 1138,1018 1133,1017 1127,1009 1115,1009 1104,1018 1068,1018 1062,1009 1051,1009 1043,1013 971,1013 933,1020 910,1019 904,1012 889,1010 880,1010 872,1017 844,1018 836,1012 815,1010 805,1010 797,1019 786,1016 763,1020 646,1021 641,1015 634,1013 625,1013 614,1021 597,1021 583,1021 578,1012"/>
        <Word id="region0003_line0008_word0000" custom="readingOrder {index:0;}">
          <Coords points="282,1025 229,1026 230,1069 320,1068 319,1027 297,1028"/>
          <TextEquiv conf="0.9237425">
            <Unicode>ſelten</Unicode>
          </TextEquiv>
        </Word>
        <Word id="region0003_line0008_word0001" custom="readingOrder {index:1;}">
          <Coords points="336,1031 410,1031 410,1059 336,1059"/>
          <TextEquiv conf="0.96356463">
            <Unicode>man</Unicode>
          </TextEquiv>
        </Word>
        <Word id="region0003_line0008_word0002" custom="readingOrder {index:2;}">
          <Coords points="453,1021 425,1021 426,1064 463,1064 462,1023 456,1023"/>
          <TextEquiv conf="0.9486702">
            <Unicode>ſie</Unicode>
          </TextEquiv>
        </Word>
        <Word id="region0003_line0008_word0003" custom="readingOrder {index:3;}">
          <Coords points="548,1014 533,1014 525,1020 485,1023 485,1066 532,1066 535,1071 554,1071 553,1019"/>
          <TextEquiv conf="0.9053427">
            <Unicode>auch</Unicode>
          </TextEquiv>
        </Word>
        <Word id="region0003_line0008_word0004" custom="readingOrder {index:4;}">
          <Coords points="581,1018 557,1018 554,1020 553,1019 554,1068 566,1068 569,1065 583,1065 590,1066 590,1068 633,1067 635,1065 754,1064 753,1020 646,1021 643,1017 619,1017 614,1021 597,1021 583,1021"/>
          <TextEquiv conf="0.9053427">
            <Unicode>beyſammen</Unicode>
          </TextEquiv>
        </Word>
        <Word id="region0003_line0008_word0005" custom="readingOrder {index:5;}">
          <Coords points="840,1015 799,1015 797,1019 786,1016 772,1018 773,1059 853,1058 852,1017 844,1018"/>
          <TextEquiv conf="0.9221816">
            <Unicode>trift,</Unicode>
          </TextEquiv>
        </Word>
        <Word id="region0003_line0008_word0006" custom="readingOrder {index:6;}">
          <Coords points="907,1015 878,1016 879,1060 964,1059 963,1015 959,1015 933,1020 910,1019"/>
          <TextEquiv conf="0.96821845">
            <Unicode>ihren</Unicode>
          </TextEquiv>
        </Word>
        <Word id="region0003_line0008_word0007" custom="readingOrder {index:7;}">
          <Coords points="1065,1014 981,1015 982,1059 1166,1057 1165,1017 1164,1018 1159,1013 1149,1013 1138,1018 1133,1017 1130,1013 1109,1013 1104,1018 1068,1018"/>
          <TextEquiv conf="0.916577">
            <Unicode>Wohnplatz</Unicode>
          </TextEquiv>
        </Word>
        <Word id="region0003_line0008_word0008" custom="readingOrder {index:8;}">
          <Coords points="1183,1017 1184,1054 1253,1053 1252,1011 1217,1011 1213,1016"/>
          <TextEquiv>
            <Unicode>auf⸗</Unicode>
          </TextEquiv>
        </Word>
        <TextEquiv>
          <Unicode>ſelten man ſie auch beyſammen trift, ihren Wohnplatz auf⸗</Unicode>
        </TextEquiv>
      </TextLine>
      <TextLine id="region0003_line0009" custom="readingOrder {index:8;}">
        <Coords points="557,1080 542,1090 489,1091 483,1083 471,1083 460,1092 454,1093 445,1093 439,1085 428,1085 416,1095 409,1096 342,1098 333,1096 327,1090 309,1094 304,1090 296,1090 291,1094 272,1092 244,1101 171,1102 171,1110 172,1143 178,1152 242,1152 259,1147 278,1151 284,1145 307,1149 317,1143 340,1142 346,1147 353,1148 361,1148 370,1142 405,1140 422,1139 429,1144 437,1144 444,1137 479,1135 624,1134 631,1142 640,1142 646,1134 654,1133 795,1131 803,1145 814,1146 820,1137 825,1137 830,1132 939,1130 946,1133 955,1132 961,1137 969,1137 975,1131 1026,1130 1032,1135 1050,1135 1055,1130 1088,1129 1145,1130 1150,1135 1159,1135 1165,1130 1181,1130 1189,1136 1202,1135 1208,1128 1233,1127 1239,1132 1259,1128 1258,1085 1202,1084 1196,1078 1187,1080 1182,1076 1173,1076 1167,1082 1127,1077 1071,1086 1038,1086 1032,1078 1022,1079 1017,1084 1009,1086 987,1086 981,1079 965,1078 957,1086 921,1088 826,1088 821,1087 814,1079 804,1079 793,1087 747,1088 733,1086 726,1079 692,1079 687,1082 660,1086 648,1080"/>
        <Word id="region0003_line0009_word0000" custom="readingOrder {index:0;}">
          <Coords points="284,1093 267,1093 244,1101 230,1101 231,1137 404,1135 403,1096 342,1098 333,1096 329,1092 313,1093 309,1094 307,1093 291,1093 291,1094"/>
          <TextEquiv conf="0.9035287">
            <Unicode>geſchlagen</Unicode>
          </TextEquiv>
        </Word>
        <Word id="region0003_line0009_word0001" custom="readingOrder {index:1;}">
          <Coords points="442,1089 425,1090 426,1133 536,1132 535,1090 489,1091 487,1089 462,1089 460,1092 454,1093 445,1093"/>
          <TextEquiv conf="0.91786075">
            <Unicode>haben.</Unicode>
          </TextEquiv>
        </Word>
        <Word id="region0003_line0009_word0002" custom="readingOrder {index:2;}">
          <Coords points="662,1132 662,1090 599,1090 599,1134 624,1134 624,1135 645,1135 646,1134 654,1133"/>
          <TextEquiv conf="0.93133295">
            <Unicode>Die</Unicode>
          </TextEquiv>
        </Word>
        <Word id="region0003_line0009_word0003" custom="readingOrder {index:3;}">
          <Coords points="824,1088 685,1089 686,1133 795,1131 799,1138 820,1138 820,1137 825,1137 830,1132 876,1131 875,1088 826,1088"/>
          <TextEquiv conf="0.90302676">
            <Unicode>Einwohner</Unicode>
          </TextEquiv>
        </Word>
        <Word id="region0003_line0009_word0004" custom="readingOrder {index:4;}">
          <Coords points="998,1086 947,1087 921,1088 907,1088 908,1129 1090,1127 1089,1085 1076,1085 1071,1086 1038,1086 1038,1086 1010,1086 1009,1086"/>
          <TextEquiv conf="0.9282315">
            <Unicode>verfertigen</Unicode>
          </TextEquiv>
        </Word>
        <Word id="region0003_line0009_word0005" custom="readingOrder {index:5;}">
          <Coords points="1200,1082 1114,1083 1115,1126 1253,1125 1252,1084 1202,1084"/>
          <TextEquiv conf="0.9153622">
            <Unicode>Spitzen,</Unicode>
          </TextEquiv>
        </Word>
        <TextEquiv conf="0.91655713">
          <Unicode>geſchlagen haben. Die Einwohner verfertigen Spitzen,</Unicode>
        </TextEquiv>
      </TextLine>
      <TextLine id="region0003_line0010" custom="readingOrder {index:9;}">
        <Coords points="667,1145 636,1146 628,1151 607,1154 566,1154 556,1153 547,1148 534,1148 528,1153 470,1157 464,1150 454,1150 443,1158 414,1161 378,1162 372,1154 361,1154 350,1162 314,1166 294,1166 289,1161 279,1161 271,1166 172,1168 173,1208 314,1208 323,1214 335,1213 344,1207 352,1206 397,1203 415,1205 427,1201 466,1205 475,1200 507,1197 523,1197 531,1205 541,1205 547,1197 572,1198 583,1204 596,1202 601,1197 616,1196 907,1194 931,1195 938,1204 950,1204 959,1194 984,1193 1078,1193 1107,1201 1163,1200 1175,1197 1190,1200 1196,1194 1204,1193 1259,1193 1259,1150 1204,1149 1193,1142 1179,1145 1161,1142 1115,1142 1087,1150 1081,1142 1070,1142 1063,1151 1037,1151 1028,1145 1018,1146 1014,1149 1009,1144 996,1146 992,1143 982,1143 969,1151 938,1152 904,1151 899,1147 857,1152 814,1152 810,1149 797,1152 762,1153 742,1152 737,1147 720,1150 703,1145"/>
        <Word id="region0003_line0010_word0000" custom="readingOrder {index:0;}">
          <Coords points="289,1161 278,1161 271,1166 231,1166 231,1193 296,1192 296,1166 294,1166"/>
          <TextEquiv conf="0.9668017">
            <Unicode>und</Unicode>
          </TextEquiv>
        </Word>
        <Word id="region0003_line0010_word0001" custom="readingOrder {index:1;}">
          <Coords points="373,1156 357,1156 350,1162 320,1165 320,1198 508,1195 508,1154 470,1157 467,1154 447,1154 443,1158 414,1161 378,1162"/>
          <TextEquiv conf="0.790242">
            <Unicode>gebrauchen</Unicode>
          </TextEquiv>
        </Word>
        <Word id="region0003_line0010_word0002" custom="readingOrder {index:2;}">
          <Coords points="530,1155 562,1155 562,1195 530,1195"/>
          <TextEquiv conf="0.95038867">
            <Unicode>ſo</Unicode>
          </TextEquiv>
        </Word>
        <Word id="region0003_line0010_word0003" custom="readingOrder {index:3;}">
          <Coords points="578,1156 643,1155 643,1194 578,1195"/>
          <TextEquiv conf="0.9463761">
            <Unicode>gar</Unicode>
          </TextEquiv>
        </Word>
        <Word id="region0003_line0010_word0004" custom="readingOrder {index:4;}">
          <Coords points="750,1152 659,1154 659,1189 777,1187 777,1152 762,1153"/>
          <TextEquiv conf="0.9463761">
            <Unicode>Kinder</Unicode>
          </TextEquiv>
        </Word>
        <Word id="region0003_line0010_word0005" custom="readingOrder {index:5;}">
          <Coords points="800,1157 863,1156 863,1185 800,1186"/>
          <TextEquiv conf="0.93260676">
            <Unicode>von</Unicode>
          </TextEquiv>
        </Word>
        <Word id="region0003_line0010_word0006" custom="readingOrder {index:6;}">
          <Coords points="959,1194 959,1153 887,1154 887,1194 907,1194 920,1194"/>
          <TextEquiv conf="0.92852783">
            <Unicode>drey</Unicode>
          </TextEquiv>
        </Word>
        <Word id="region0003_line0010_word0007" custom="readingOrder {index:7;}">
          <Coords points="1013,1148 976,1149 976,1184 1030,1183 1030,1148 1015,1148 1014,1149"/>
          <TextEquiv conf="0.9652293">
            <Unicode>bis</Unicode>
          </TextEquiv>
        </Word>
        <Word id="region0003_line0010_word0008" custom="readingOrder {index:8;}">
          <Coords points="1085,1147 1065,1147 1063,1151 1048,1151 1048,1181 1112,1180 1112,1147 1096,1147 1087,1150"/>
          <TextEquiv conf="0.96427596">
            <Unicode>vier</Unicode>
          </TextEquiv>
        </Word>
        <Word id="region0003_line0010_word0009" custom="readingOrder {index:9;}">
          <Coords points="1199,1146 1126,1147 1126,1189 1252,1188 1252,1149 1204,1149"/>
          <TextEquiv conf="0.96351165">
            <Unicode>Jahren</Unicode>
          </TextEquiv>
        </Word>
        <TextEquiv conf="0.9354336">
          <Unicode>und gebrauchen ſo gar Kinder von drey bis vier Jahren</Unicode>
        </TextEquiv>
      </TextLine>
      <TextLine id="region0003_line0011" custom="readingOrder {index:10;}">
        <Coords points="498,1210 490,1218 482,1218 475,1211 465,1211 457,1216 448,1216 444,1213 432,1216 419,1214 379,1222 354,1219 348,1224 340,1224 333,1217 325,1218 317,1225 304,1223 297,1228 272,1229 253,1228 247,1222 174,1224 174,1272 260,1271 264,1281 276,1282 286,1271 344,1268 350,1275 359,1275 366,1268 378,1267 490,1261 575,1261 588,1251 588,1220 583,1215 525,1216 513,1214 508,1209"/>
        <Word id="region0003_line0011_word0000" custom="readingOrder {index:0;}">
          <Coords points="249,1224 230,1225 230,1268 287,1267 287,1228 272,1229 253,1228"/>
          <TextEquiv conf="0.9316499">
            <Unicode>bey</Unicode>
          </TextEquiv>
        </Word>
        <Word id="region0003_line0011_word0001" custom="readingOrder {index:1;}">
          <Coords points="337,1221 320,1221 317,1225 304,1223 303,1223 303,1264 393,1263 393,1221 383,1221 379,1222 372,1221 351,1221 348,1224 340,1224"/>
          <TextEquiv conf="0.930426">
            <Unicode>dieſer</Unicode>
          </TextEquiv>
        </Word>
        <Word id="region0003_line0011_word0002" custom="readingOrder {index:2;}">
          <Coords points="415,1220 533,1218 533,1255 415,1257"/>
          <TextEquiv conf="0.909163">
            <Unicode>Arbeit.</Unicode>
          </TextEquiv>
        </Word>
        <TextEquiv conf="0.9237463">
          <Unicode>bey dieſer Arbeit.</Unicode>
        </TextEquiv>
      </TextLine>
      <TextEquiv>
        <Unicode>gluͤcklich geſchaͤtzt, wenn die Zeit es erlaubt haͤtte, eine
Zeichnung von dieſen ehrwuͤrdigen Ruinen nebſt dem hohen
Berge, der ſich nahe dabey in Oſten erhebt, und vom
Montſerrat zu machen, den man in einer Entfernung von
drey Stunden wahrnimmt, wie er ſeinen hohen Gipfel in
den Wolken verbirgt. Martorell beſteht aus einer langen
engen Gaſſe, darin Armuth, Jnduſtrie und Schmutz, ſo
ſelten man ſie auch beyſammen trift, ihren Wohnplatz auf⸗
geſchlagen haben. Die Einwohner verfertigen Spitzen,
und gebrauchen ſo gar Kinder von drey bis vier Jahren
bey dieſer Arbeit.</Unicode>
      </TextEquiv>
    </TextRegion>
    <TextRegion orientation="0.6627164" readingDirection="left-to-right" id="TextRegion_1651560002032_549" custom="readingOrder {index:1;}">
      <Coords points="173,1272 1261,1272 1268,1809 180,1809"/>
      <TextLine id="region0003_line0012" custom="readingOrder {index:0;}">
        <Coords points="778,1269 773,1273 753,1274 718,1280 677,1280 644,1273 584,1274 555,1282 532,1282 526,1277 516,1277 509,1282 464,1285 458,1278 448,1278 434,1283 429,1278 414,1278 406,1284 376,1290 335,1282 252,1283 242,1290 243,1319 248,1324 248,1335 253,1340 326,1340 386,1335 405,1335 410,1339 419,1339 429,1331 451,1331 460,1338 472,1338 481,1331 519,1327 660,1326 675,1327 684,1332 695,1332 704,1327 744,1324 1016,1323 1043,1323 1049,1329 1058,1329 1064,1323 1098,1326 1104,1321 1112,1319 1262,1323 1261,1278 1150,1278 1125,1268 1055,1268 1047,1268 1033,1277 1023,1279 950,1278 943,1269 933,1270 925,1278 825,1280 797,1275 789,1269"/>
        <Word id="region0003_line0012_word0000" custom="readingOrder {index:0;}">
          <Coords points="361,1287 304,1288 305,1325 379,1324 378,1289 376,1290"/>
          <TextEquiv conf="0.9249774">
            <Unicode>Den</Unicode>
          </TextEquiv>
        </Word>
        <Word id="region0003_line0012_word0001" custom="readingOrder {index:1;}">
          <Coords points="434,1283 409,1283 410,1328 573,1326 572,1281 558,1281 555,1282 532,1282 531,1281 509,1282 509,1282 464,1285 462,1282 435,1283 434,1283"/>
          <TextEquiv conf="0.9139394">
            <Unicode>folgenden</Unicode>
          </TextEquiv>
        </Word>
        <Word id="region0003_line0012_word0002" custom="readingOrder {index:2;}">
          <Coords points="599,1282 739,1281 740,1324 600,1325"/>
          <TextEquiv conf="0.9177658">
            <Unicode>Morgen</Unicode>
          </TextEquiv>
        </Word>
        <Word id="region0003_line0012_word0003" custom="readingOrder {index:3;}">
          <Coords points="811,1277 773,1278 774,1317 879,1316 878,1278 825,1280"/>
          <TextEquiv conf="0.92121696">
            <Unicode>kamen</Unicode>
          </TextEquiv>
        </Word>
        <Word id="region0003_line0012_word0004" custom="readingOrder {index:4;}">
          <Coords points="949,1277 925,1278 925,1278 902,1278 903,1314 961,1313 960,1278 950,1278"/>
          <TextEquiv conf="0.92712486">
            <Unicode>wir</Unicode>
          </TextEquiv>
        </Word>
        <Word id="region0003_line0012_word0005" custom="readingOrder {index:5;}">
          <Coords points="987,1278 988,1321 1062,1320 1061,1276 1033,1276 1033,1277 1023,1279"/>
          <TextEquiv conf="0.91298485">
            <Unicode>nach</Unicode>
          </TextEquiv>
        </Word>
        <Word id="region0003_line0012_word0006" custom="readingOrder {index:6;}">
          <Coords points="1145,1276 1085,1277 1086,1317 1181,1316 1180,1278 1150,1278"/>
          <TextEquiv conf="0.9157862">
            <Unicode>Piera</Unicode>
          </TextEquiv>
        </Word>
        <Word id="region0003_line0012_word0007" custom="readingOrder {index:7;}">
          <Coords points="1202,1284 1254,1284 1255,1312 1203,1312"/>
          <TextEquiv conf="0.9157862">
            <Unicode>am</Unicode>
          </TextEquiv>
        </Word>
        <TextEquiv conf="0.9186977">
          <Unicode>Den folgenden Morgen kamen wir nach Piera am</Unicode>
        </TextEquiv>
      </TextLine>
      <TextLine id="region0003_line0013" custom="readingOrder {index:1;}">
        <Coords points="951,1336 937,1346 931,1340 923,1340 913,1350 880,1347 870,1340 837,1340 810,1342 798,1348 768,1348 762,1340 752,1340 744,1345 737,1340 727,1340 715,1349 699,1350 628,1351 623,1347 614,1347 608,1351 553,1351 543,1344 533,1344 525,1350 507,1352 461,1347 404,1348 386,1351 375,1358 311,1354 274,1357 175,1356 176,1413 252,1416 273,1410 282,1414 300,1414 310,1407 521,1397 528,1407 539,1408 543,1405 545,1397 569,1396 621,1396 626,1400 636,1400 641,1396 731,1394 748,1395 754,1402 763,1402 770,1394 816,1394 822,1402 830,1402 837,1395 856,1394 862,1401 871,1401 879,1394 900,1393 945,1393 951,1399 960,1399 966,1394 1045,1392 1058,1393 1067,1399 1079,1399 1088,1393 1262,1391 1262,1385 1262,1346 1223,1345 1214,1336 1204,1337 1199,1344 1158,1347 1154,1339 1140,1338 1133,1347 1048,1348 1045,1339 1040,1335 1013,1340 1001,1347 966,1347 961,1337"/>
        <Word id="region0003_line0013_word0000" custom="readingOrder {index:0;}">
          <Coords points="230,1358 316,1357 317,1401 231,1402"/>
          <TextEquiv conf="0.9524109">
            <Unicode>Fuſſe</Unicode>
          </TextEquiv>
        </Word>
        <Word id="region0003_line0013_word0001" custom="readingOrder {index:1;}">
          <Coords points="359,1357 340,1357 341,1392 395,1392 394,1357 376,1357 375,1358"/>
          <TextEquiv conf="0.9644141">
            <Unicode>des</Unicode>
          </TextEquiv>
        </Word>
        <Word id="region0003_line0013_word0002" custom="readingOrder {index:2;}">
          <Coords points="639,1398 638,1351 424,1353 425,1400 466,1400 521,1397 522,1399 545,1399 545,1397 569,1396 621,1396 624,1398 638,1398"/>
          <TextEquiv conf="0.8798153">
            <Unicode>Montſerrat,</Unicode>
          </TextEquiv>
        </Word>
        <Word id="region0003_line0013_word0003" custom="readingOrder {index:3;}">
          <Coords points="800,1394 799,1348 707,1350 699,1350 677,1350 678,1395 731,1394 746,1395 770,1394 770,1394"/>
          <TextEquiv conf="0.9682224">
            <Unicode>welcher</Unicode>
          </TextEquiv>
        </Word>
        <Word id="region0003_line0013_word0004" custom="readingOrder {index:4;}">
          <Coords points="821,1349 875,1348 876,1393 822,1394"/>
          <TextEquiv conf="0.96259737">
            <Unicode>ſich</Unicode>
          </TextEquiv>
        </Word>
        <Word id="region0003_line0013_word0005" custom="readingOrder {index:5;}">
          <Coords points="935,1344 918,1344 913,1350 899,1348 900,1391 979,1390 978,1347 966,1347 964,1344 939,1344 937,1346"/>
          <TextEquiv conf="0.96675026">
            <Unicode>nicht</Unicode>
          </TextEquiv>
        </Word>
        <Word id="region0003_line0013_word0006" custom="readingOrder {index:6;}">
          <Coords points="1046,1343 1009,1344 1010,1391 1117,1389 1116,1347 1048,1348"/>
          <TextEquiv>
            <Unicode>laͤnger</Unicode>
          </TextEquiv>
        </Word>
        <Word id="region0003_line0013_word0007" custom="readingOrder {index:7;}">
          <Coords points="1158,1346 1140,1346 1141,1382 1173,1382 1172,1346 1172,1346 1158,1347"/>
          <TextEquiv conf="0.96337426">
            <Unicode>in</Unicode>
          </TextEquiv>
        </Word>
        <Word id="region0003_line0013_word0008" custom="readingOrder {index:8;}">
          <Coords points="1222,1344 1205,1344 1206,1382 1255,1382 1254,1345 1223,1345"/>
          <TextEquiv conf="0.96554404">
            <Unicode>der</Unicode>
          </TextEquiv>
        </Word>
        <TextEquiv>
          <Unicode>Fuſſe des Montſerrat, welcher ſich nicht laͤnger in der</Unicode>
        </TextEquiv>
      </TextLine>
      <TextLine id="region0003_line0014" custom="readingOrder {index:2;}">
        <Coords points="1207,1402 1158,1406 1147,1408 1137,1414 1109,1417 1089,1417 1083,1408 1071,1409 1066,1417 1019,1418 1013,1409 1003,1409 991,1418 983,1418 959,1417 952,1408 936,1412 930,1418 922,1409 910,1410 905,1418 870,1418 797,1417 792,1412 782,1412 776,1417 760,1417 741,1410 675,1416 650,1412 644,1417 632,1415 621,1419 606,1419 599,1412 587,1413 577,1420 559,1420 553,1412 541,1412 529,1419 507,1414 451,1415 429,1418 420,1423 393,1427 385,1419 376,1419 368,1428 335,1430 288,1431 271,1422 176,1423 177,1481 288,1482 297,1477 314,1475 415,1470 440,1469 489,1475 493,1472 539,1466 581,1466 587,1472 598,1471 605,1464 641,1463 661,1464 666,1469 674,1469 679,1465 721,1463 728,1470 737,1470 744,1462 971,1461 994,1462 1001,1469 1010,1469 1020,1462 1123,1459 1206,1460 1214,1469 1238,1466 1244,1461 1263,1460 1263,1442 1263,1415 1228,1415 1221,1403"/>
        <Word id="region0003_line0014_word0000" custom="readingOrder {index:0;}">
          <Coords points="273,1423 232,1424 233,1468 332,1467 331,1430 288,1431"/>
          <TextEquiv conf="0.92668235">
            <Unicode>Figur</Unicode>
          </TextEquiv>
        </Word>
        <Word id="region0003_line0014_word0001" custom="readingOrder {index:1;}">
          <Coords points="388,1422 372,1422 368,1428 360,1428 360,1458 447,1457 447,1422 421,1422 420,1423 393,1427"/>
          <TextEquiv conf="0.92370635">
            <Unicode>eines</Unicode>
          </TextEquiv>
        </Word>
        <Word id="region0003_line0014_word0002" custom="readingOrder {index:2;}">
          <Coords points="559,1420 476,1421 477,1465 680,1462 679,1418 621,1419 621,1419 611,1419 578,1419 577,1420 559,1420"/>
          <TextEquiv conf="0.9167557">
            <Unicode>Zuckerhuts,</Unicode>
          </TextEquiv>
        </Word>
        <Word id="region0003_line0014_word0003" custom="readingOrder {index:3;}">
          <Coords points="797,1417 726,1418 727,1461 856,1459 856,1418 797,1417"/>
          <TextEquiv conf="0.92172384">
            <Unicode>ſondern</Unicode>
          </TextEquiv>
        </Word>
        <Word id="region0003_line0014_word0004" custom="readingOrder {index:4;}">
          <Coords points="927,1415 906,1415 905,1418 889,1418 890,1460 1034,1458 1034,1417 1019,1418 1016,1414 995,1414 991,1418 983,1418 959,1417 957,1415 932,1415 930,1418"/>
          <TextEquiv conf="0.9200631">
            <Unicode>vielmehr</Unicode>
          </TextEquiv>
        </Word>
        <Word id="region0003_line0014_word0005" custom="readingOrder {index:5;}">
          <Coords points="1087,1414 1067,1414 1066,1417 1058,1417 1058,1450 1137,1449 1137,1414 1109,1417 1089,1417"/>
          <TextEquiv conf="0.9257218">
            <Unicode>einer</Unicode>
          </TextEquiv>
        </Word>
        <Word id="region0003_line0014_word0006" custom="readingOrder {index:6;}">
          <Coords points="1224,1409 1164,1410 1164,1459 1186,1459 1257,1459 1256,1415 1228,1415"/>
          <TextEquiv conf="0.92190033">
            <Unicode>Saͤge</Unicode>
          </TextEquiv>
        </Word>
        <TextEquiv conf="0.9223648">
          <Unicode>Figur eines Zuckerhuts, ſondern vielmehr einer Saͤge</Unicode>
        </TextEquiv>
      </TextLine>
      <TextLine id="region0003_line0015" custom="readingOrder {index:3;}">
        <Coords points="699,1474 687,1482 680,1482 674,1478 663,1478 657,1482 646,1478 629,1478 624,1481 611,1481 605,1485 599,1479 587,1480 575,1488 562,1488 556,1481 544,1481 533,1489 502,1490 468,1483 448,1483 349,1488 313,1497 285,1499 280,1499 274,1490 261,1491 257,1499 177,1500 177,1549 244,1551 249,1546 271,1544 279,1549 290,1549 299,1543 362,1542 367,1547 407,1547 426,1543 435,1536 538,1533 544,1539 553,1539 561,1532 596,1530 616,1530 625,1538 634,1538 640,1531 660,1531 666,1539 675,1539 683,1530 729,1529 734,1530 741,1540 751,1540 761,1530 778,1528 802,1528 809,1535 817,1535 827,1529 859,1529 865,1535 874,1535 880,1529 962,1528 974,1529 980,1535 988,1535 995,1529 1020,1532 1024,1529 1122,1525 1139,1526 1145,1532 1155,1532 1161,1526 1264,1526 1264,1480 1237,1479 1231,1473 1219,1473 1206,1479 1190,1481 1170,1479 1162,1474 1150,1474 1145,1478 1114,1480 1110,1478 1099,1478 1087,1483 1039,1484 1009,1481 993,1483 987,1475 979,1475 966,1483 941,1483 931,1477 920,1477 909,1483 891,1481 886,1477 869,1477 864,1481 828,1485 822,1476 812,1475 798,1485 755,1486 727,1484 721,1476"/>
        <Word id="word_1651560173465_598" custom="readingOrder {index:0;}">
          <Coords points="261,1491 274,1490 356,1490 391,1490 391,1531 232,1532 232,1499"/>
          <TextEquiv>
            <Unicode>zeigte.*)</Unicode>
          </TextEquiv>
        </Word>
        <Word id="region0003_line0015_word0002" custom="readingOrder {index:1;}">
          <Coords points="443,1489 488,1489 488,1526 443,1526"/>
          <TextEquiv conf="0.9313337">
            <Unicode>Er</Unicode>
          </TextEquiv>
        </Word>
        <Word id="region0003_line0015_word0003" custom="readingOrder {index:2;}">
          <Coords points="562,1487 535,1488 533,1489 510,1490 510,1530 602,1529 602,1487 576,1487 575,1488 562,1488"/>
          <TextEquiv conf="0.9666306">
            <Unicode>erhob</Unicode>
          </TextEquiv>
        </Word>
        <Word id="region0003_line0015_word0004" custom="readingOrder {index:3;}">
          <Coords points="626,1486 680,1485 680,1529 626,1530"/>
          <TextEquiv conf="0.9330248">
            <Unicode>ſich</Unicode>
          </TextEquiv>
        </Word>
        <Word id="region0003_line0015_word0005" custom="readingOrder {index:4;}">
          <Coords points="725,1482 696,1482 696,1530 729,1529 734,1530 735,1531 760,1531 761,1530 778,1528 802,1528 804,1530 825,1530 827,1529 841,1529 841,1484 828,1485 825,1481 803,1481 798,1485 755,1486 727,1484"/>
          <TextEquiv conf="0.9277056">
            <Unicode>beynahe</Unicode>
          </TextEquiv>
        </Word>
        <Word id="region0003_line0015_word0006" custom="readingOrder {index:5;}">
          <Coords points="898,1481 865,1482 865,1525 1025,1524 1025,1482 1009,1481 1008,1481 993,1483 991,1481 968,1481 966,1483 941,1483 938,1481 911,1481 909,1483"/>
          <TextEquiv conf="0.93963057">
            <Unicode>ſenkrecht,</Unicode>
          </TextEquiv>
        </Word>
        <Word id="region0003_line0015_word0007" custom="readingOrder {index:6;}">
          <Coords points="1054,1484 1117,1483 1117,1515 1054,1516"/>
          <TextEquiv conf="0.96345365">
            <Unicode>und</Unicode>
          </TextEquiv>
        </Word>
        <Word id="region0003_line0015_word0008" custom="readingOrder {index:7;}">
          <Coords points="1177,1479 1145,1480 1145,1521 1258,1520 1258,1479 1241,1479 1202,1479 1190,1481"/>
          <TextEquiv conf="0.9633489">
            <Unicode>ſtreckte</Unicode>
          </TextEquiv>
        </Word>
        <TextEquiv>
          <Unicode>zeigte.*) Er erhob ſich beynahe ſenkrecht, und ſtreckte</Unicode>
        </TextEquiv>
      </TextLine>
      <TextLine id="region0003_line0016" custom="readingOrder {index:4;}">
        <Coords points="178,1550 178,1610 219,1612 224,1616 245,1616 251,1609 263,1608 353,1605 357,1608 366,1608 370,1605 389,1605 395,1610 403,1610 410,1605 431,1602 469,1605 474,1609 490,1609 496,1605 519,1601 526,1608 534,1608 541,1600 567,1600 573,1606 594,1607 600,1599 615,1599 621,1604 633,1605 641,1598 671,1598 681,1602 689,1602 694,1598 736,1595 814,1597 821,1606 829,1606 837,1599 844,1606 853,1605 864,1595 871,1594 1099,1591 1164,1595 1169,1599 1207,1593 1213,1599 1221,1599 1229,1593 1238,1593 1242,1596 1265,1593 1265,1552 1233,1550 1230,1543 1225,1539 1201,1539 1193,1547 1185,1546 1178,1540 1170,1540 1159,1546 1127,1548 1124,1548 1116,1539 1108,1540 1101,1547 1096,1544 1085,1544 1081,1548 1055,1549 1045,1549 1040,1542 1029,1541 1021,1551 1006,1552 966,1551 962,1546 948,1542 937,1544 932,1552 880,1551 827,1543 796,1545 782,1549 773,1543 762,1544 756,1552 732,1550 694,1553 636,1553 631,1548 621,1548 616,1545 607,1545 600,1553 596,1548 586,1547 578,1547 570,1554 538,1548 456,1550 432,1558 413,1559 409,1552 397,1551 384,1560 280,1565 271,1556 261,1556 257,1559 199,1559 194,1551"/>
        <Word id="region0003_line0016_word0001" custom="readingOrder {index:0;}">
          <Coords points="276,1561 227,1562 227,1604 309,1603 309,1563 280,1565"/>
          <TextEquiv conf="0.76040125">
            <Unicode>ſeine</Unicode>
          </TextEquiv>
        </Word>
        <Word id="region0003_line0016_word0002" custom="readingOrder {index:1;}">
          <Coords points="412,1557 386,1558 384,1560 331,1562 331,1601 450,1599 450,1557 434,1557 432,1558 413,1559"/>
          <TextEquiv conf="0.93105525">
            <Unicode>rauhen</Unicode>
          </TextEquiv>
        </Word>
        <Word id="region0003_line0016_word0003" custom="readingOrder {index:2;}">
          <Coords points="672,1598 693,1598 693,1554 470,1557 470,1601 541,1600 541,1600 544,1600 600,1599 600,1599 615,1599 615,1599 640,1599 641,1598 671,1598"/>
          <TextEquiv conf="0.9142955">
            <Unicode>Felſenſpitzen,</Unicode>
          </TextEquiv>
        </Word>
        <Word id="region0003_line0016_word0004" custom="readingOrder {index:3;}">
          <Coords points="731,1555 787,1554 787,1588 731,1589"/>
          <TextEquiv conf="0.9613259">
            <Unicode>wie</Unicode>
          </TextEquiv>
        </Word>
        <Word id="region0003_line0016_word0005" custom="readingOrder {index:4;}">
          <Coords points="1006,1552 814,1554 814,1597 816,1599 836,1599 837,1599 837,1599 859,1599 864,1595 871,1594 1006,1592"/>
          <TextEquiv conf="0.9655705">
            <Unicode>Pyramiden</Unicode>
          </TextEquiv>
        </Word>
        <Word id="region0003_line0016_word0006" custom="readingOrder {index:5;}">
          <Coords points="1028,1551 1060,1551 1060,1585 1028,1585"/>
          <TextEquiv conf="0.965784">
            <Unicode>in</Unicode>
          </TextEquiv>
        </Word>
        <Word id="region0003_line0016_word0007" custom="readingOrder {index:6;}">
          <Coords points="1086,1550 1131,1549 1131,1585 1086,1586"/>
          <TextEquiv conf="0.9676198">
            <Unicode>die</Unicode>
          </TextEquiv>
        </Word>
        <Word id="region0003_line0016_word0008" custom="readingOrder {index:7;}">
          <Coords points="1232,1548 1157,1549 1157,1592 1257,1591 1257,1551 1233,1550"/>
          <TextEquiv>
            <Unicode>Hoͤhe,</Unicode>
          </TextEquiv>
        </Word>
        <TextEquiv>
          <Unicode>ſeine rauhen Felſenſpitzen, wie Pyramiden in die Hoͤhe,</Unicode>
        </TextEquiv>
      </TextLine>
      <TextLine id="region0003_line0017" custom="readingOrder {index:5;}">
        <Coords points="897,1595 894,1599 894,1608 900,1616 893,1618 843,1618 839,1615 825,1617 798,1611 737,1612 717,1619 676,1621 660,1620 653,1611 640,1612 634,1608 612,1605 608,1608 603,1621 585,1621 579,1613 569,1613 555,1621 510,1623 465,1622 456,1615 447,1615 422,1621 358,1622 341,1626 335,1621 325,1622 318,1629 304,1627 299,1631 178,1632 179,1676 411,1674 465,1668 503,1670 509,1674 520,1674 526,1669 583,1665 636,1665 642,1671 652,1671 658,1665 729,1662 921,1663 989,1660 1036,1662 1044,1667 1054,1667 1063,1662 1085,1660 1157,1661 1162,1665 1172,1665 1177,1661 1266,1658 1265,1614 1251,1614 1244,1605 1233,1605 1228,1609 1216,1608 1208,1612 1179,1613 1169,1617 1118,1615 1112,1610 1102,1610 1094,1616 1056,1617 1043,1603 1033,1602 1027,1612 1016,1608 1007,1608 990,1615 959,1616 933,1610 918,1613 917,1605 911,1596"/>
        <Word id="region0003_line0017_word0000" custom="readingOrder {index:0;}">
          <Coords points="232,1631 233,1650 288,1649 287,1631"/>
          <TextEquiv conf="0.9282627">
            <Unicode>um</Unicode>
          </TextEquiv>
        </Word>
        <Word id="region0003_line0017_word0001" custom="readingOrder {index:1;}">
          <Coords points="304,1627 305,1650 350,1649 349,1624 341,1626 335,1621 325,1622 318,1629"/>
          <TextEquiv conf="0.92937523">
            <Unicode>die</Unicode>
          </TextEquiv>
        </Word>
        <Word id="region0003_line0017_word0002" custom="readingOrder {index:2;}">
          <Coords points="361,1621 362,1650 492,1649 491,1622 465,1622 456,1615 447,1615 422,1621"/>
          <TextEquiv conf="0.91829866">
            <Unicode>Wolken</Unicode>
          </TextEquiv>
        </Word>
        <Word id="region0003_line0017_word0003" custom="readingOrder {index:3;}">
          <Coords points="508,1622 509,1652 545,1652 544,1621 510,1623"/>
          <TextEquiv conf="0.93005776">
            <Unicode>zu</Unicode>
          </TextEquiv>
        </Word>
        <Word id="region0003_line0017_word0004" custom="readingOrder {index:4;}">
          <Coords points="563,1616 564,1651 724,1649 723,1616 717,1619 676,1621 660,1620 653,1611 640,1612 634,1608 612,1605 608,1608 603,1621 585,1621 579,1613 569,1613"/>
          <TextEquiv conf="0.9230478">
            <Unicode>beruͤhren.</Unicode>
          </TextEquiv>
        </Word>
        <Word id="region0003_line0017_word0005" custom="readingOrder {index:5;}">
          <Coords points="776,1611 777,1641 872,1640 871,1618 843,1618 839,1615 825,1617 798,1611"/>
          <TextEquiv conf="0.9230478">
            <Unicode>Unter</Unicode>
          </TextEquiv>
        </Word>
        <Word id="region0003_line0017_word0006" custom="readingOrder {index:6;}">
          <Coords points="897,1616 898,1642 979,1641 978,1615 959,1616 933,1610 918,1613 917,1605 911,1596 897,1595 897,1612 900,1616"/>
          <TextEquiv conf="0.9209121">
            <Unicode>allen</Unicode>
          </TextEquiv>
        </Word>
        <Word id="region0003_line0017_word0007" custom="readingOrder {index:7;}">
          <Coords points="992,1614 993,1646 1176,1644 1175,1614 1169,1617 1118,1615 1112,1610 1102,1610 1094,1616 1056,1617 1043,1603 1033,1602 1027,1612 1016,1608 1007,1608"/>
          <TextEquiv conf="0.9214049">
            <Unicode>Gegenden,</Unicode>
          </TextEquiv>
        </Word>
        <Word id="region0003_line0017_word0008" custom="readingOrder {index:8;}">
          <Coords points="1212,1609 1213,1636 1259,1636 1258,1614 1251,1614 1244,1605 1233,1605 1228,1609 1216,1608"/>
          <TextEquiv conf="0.91323775">
            <Unicode>die</Unicode>
          </TextEquiv>
        </Word>
        <TextEquiv conf="0.9230716">
          <Unicode>um die Wolken zu beruͤhren. Unter allen Gegenden, die</Unicode>
        </TextEquiv>
      </TextLine>
      <TextLine id="region0003_line0018" custom="readingOrder {index:6;}">
        <Coords points="853,1676 844,1686 837,1687 825,1687 821,1679 812,1677 800,1678 793,1687 735,1686 729,1680 712,1680 706,1686 662,1689 656,1680 644,1680 638,1689 545,1689 539,1681 526,1683 522,1690 469,1691 464,1687 437,1691 427,1684 411,1685 403,1692 383,1693 370,1697 350,1696 342,1688 332,1689 325,1694 299,1692 280,1695 273,1690 263,1690 253,1696 246,1691 235,1691 229,1699 179,1700 180,1742 251,1742 260,1743 266,1749 275,1749 281,1743 289,1743 296,1750 305,1750 311,1743 325,1743 330,1748 340,1747 347,1741 361,1742 365,1745 402,1741 407,1745 417,1745 423,1737 430,1736 501,1734 642,1732 660,1739 670,1739 680,1733 703,1732 709,1738 719,1738 725,1731 739,1730 785,1731 794,1732 799,1736 810,1734 815,1737 828,1737 833,1733 857,1736 863,1731 870,1730 912,1729 945,1730 958,1738 968,1737 973,1730 1002,1728 1098,1728 1105,1729 1111,1735 1119,1734 1125,1728 1267,1725 1266,1682 1222,1681 1217,1677 1206,1677 1201,1681 1172,1683 1166,1674 1156,1674 1148,1683 1137,1683 1133,1677 1126,1675 1116,1675 1107,1684 1102,1684 1095,1674 1084,1675 1078,1684 1073,1679 1062,1679 1056,1684 1048,1677 1035,1679 1030,1674 1022,1675 1009,1684 969,1687 913,1682 898,1676 874,1681 869,1676"/>
        <Word id="region0003_line0018_word0000" custom="readingOrder {index:0;}">
          <Coords points="248,1692 236,1693 237,1736 279,1735 278,1693 275,1692 258,1692 253,1696"/>
          <TextEquiv conf="0.93283653">
            <Unicode>ich</Unicode>
          </TextEquiv>
        </Word>
        <Word id="region0003_line0018_word0001" custom="readingOrder {index:1;}">
          <Coords points="345,1691 328,1691 325,1694 299,1692 295,1692 296,1736 379,1735 378,1694 370,1697 350,1696"/>
          <TextEquiv conf="0.92996424">
            <Unicode>ſahe,</Unicode>
          </TextEquiv>
        </Word>
        <Word id="region0003_line0018_word0002" custom="readingOrder {index:2;}">
          <Coords points="434,1689 408,1690 409,1733 473,1732 472,1690 469,1691 466,1689 447,1689 437,1691"/>
          <TextEquiv conf="0.92304003">
            <Unicode>ſind</Unicode>
          </TextEquiv>
        </Word>
        <Word id="region0003_line0018_word0003" custom="readingOrder {index:3;}">
          <Coords points="544,1688 522,1688 522,1690 496,1690 497,1726 556,1725 555,1689 545,1689"/>
          <TextEquiv conf="0.96443194">
            <Unicode>mir</Unicode>
          </TextEquiv>
        </Word>
        <Word id="region0003_line0018_word0004" custom="readingOrder {index:4;}">
          <Coords points="660,1686 639,1686 638,1689 576,1689 577,1730 692,1728 691,1687 662,1689"/>
          <TextEquiv conf="0.9641001">
            <Unicode>wenige</Unicode>
          </TextEquiv>
        </Word>
        <Word id="region0003_line0018_word0005" custom="readingOrder {index:5;}">
          <Coords points="710,1687 739,1687 740,1728 711,1728"/>
          <TextEquiv conf="0.96266085">
            <Unicode>ſo</Unicode>
          </TextEquiv>
        </Word>
        <Word id="region0003_line0018_word0006" custom="readingOrder {index:6;}">
          <Coords points="823,1683 796,1683 793,1687 754,1686 755,1730 773,1731 965,1728 964,1687 913,1682 912,1682 847,1683 844,1686 837,1687 825,1687"/>
          <TextEquiv conf="0.9089727">
            <Unicode>aufgefallen,</Unicode>
          </TextEquiv>
        </Word>
        <Word id="region0003_line0018_word0007" custom="readingOrder {index:7;}">
          <Coords points="995,1685 996,1720 1049,1719 1048,1681 1012,1681 1009,1684"/>
          <TextEquiv conf="0.9602155">
            <Unicode>als</Unicode>
          </TextEquiv>
        </Word>
        <Word id="region0003_line0018_word0008" custom="readingOrder {index:8;}">
          <Coords points="1074,1680 1063,1681 1064,1725 1137,1724 1136,1681 1135,1680 1110,1680 1107,1684 1102,1684 1099,1680 1080,1680 1078,1684"/>
          <TextEquiv conf="0.94857335">
            <Unicode>dieſe</Unicode>
          </TextEquiv>
        </Word>
        <Word id="region0003_line0018_word0009" custom="readingOrder {index:9;}">
          <Coords points="1170,1681 1155,1681 1155,1716 1188,1716 1188,1681 1172,1683"/>
          <TextEquiv conf="0.9652391">
            <Unicode>in</Unicode>
          </TextEquiv>
        </Word>
        <Word id="region0003_line0018_word0010" custom="readingOrder {index:10;}">
          <Coords points="1205,1684 1257,1684 1257,1716 1205,1716"/>
          <TextEquiv conf="0.9652391">
            <Unicode>der</Unicode>
          </TextEquiv>
        </Word>
        <TextEquiv conf="0.9477521">
          <Unicode>ich ſahe, ſind mir wenige ſo aufgefallen, als dieſe in der</Unicode>
        </TextEquiv>
      </TextLine>
      <TextLine id="region0003_line0019" custom="readingOrder {index:7;}">
        <Coords points="620,1739 613,1748 553,1748 523,1756 512,1756 505,1752 480,1756 471,1750 456,1750 446,1758 435,1759 430,1759 422,1750 414,1751 407,1756 391,1755 384,1760 359,1763 348,1763 341,1754 331,1755 323,1760 318,1756 308,1756 297,1763 274,1756 180,1756 181,1810 302,1809 307,1816 319,1817 325,1808 351,1805 379,1806 384,1813 396,1814 402,1805 407,1805 414,1811 424,1810 430,1804 440,1804 446,1809 462,1809 467,1804 508,1800 598,1802 662,1799 668,1806 678,1807 685,1798 817,1798 831,1786 831,1757 826,1752 769,1753 765,1751 756,1751 741,1755 696,1754 689,1748 675,1748 667,1754 642,1755 634,1752 631,1740"/>
        <Word id="region0003_line0019_word0000" custom="readingOrder {index:0;}">
          <Coords points="423,1751 412,1751 407,1756 391,1755 384,1760 359,1763 348,1763 341,1754 331,1755 323,1760 318,1756 308,1756 297,1763 274,1756 235,1756 235,1800 479,1797 479,1755 472,1751 454,1751 446,1758 435,1759 430,1759"/>
          <TextEquiv conf="0.9609212">
            <Unicode>Nachbarſchaft</Unicode>
          </TextEquiv>
        </Word>
        <Word id="region0003_line0019_word0001" custom="readingOrder {index:1;}">
          <Coords points="508,1753 496,1754 496,1788 550,1787 550,1753 533,1753 523,1756 512,1756"/>
          <TextEquiv conf="0.9329795">
            <Unicode>des</Unicode>
          </TextEquiv>
        </Word>
        <Word id="region0003_line0019_word0002" custom="readingOrder {index:2;}">
          <Coords points="631,1742 617,1742 613,1748 567,1748 567,1794 776,1791 776,1752 769,1753 765,1751 756,1751 741,1755 696,1754 689,1748 675,1748 667,1754 642,1755 634,1752"/>
          <TextEquiv>
            <Unicode>Montſerrat.</Unicode>
          </TextEquiv>
        </Word>
        <TextEquiv>
          <Unicode>Nachbarſchaft des Montſerrat.</Unicode>
        </TextEquiv>
      </TextLine>
      <TextEquiv>
        <Unicode>Den folgenden Morgen kamen wir nach Piera am
Fuſſe des Montſerrat, welcher ſich nicht laͤnger in der
Figur eines Zuckerhuts, ſondern vielmehr einer Saͤge
zeigte.*) Er erhob ſich beynahe ſenkrecht, und ſtreckte
ſeine rauhen Felſenſpitzen, wie Pyramiden in die Hoͤhe,
um die Wolken zu beruͤhren. Unter allen Gegenden, die
ich ſahe, ſind mir wenige ſo aufgefallen, als dieſe in der
Nachbarſchaft des Montſerrat.</Unicode>
      </TextEquiv>
    </TextRegion>
    <TextRegion orientation="0.6627164" type="signature-mark" readingDirection="left-to-right" id="TextRegion_1651560019596_561" custom="readingOrder {index:2;} structure {type:signature-mark;}">
      <Coords points="180,1809 946,1809 946,1869 181,1879"/>
      <TextLine id="line_1651560019635_564" custom="readingOrder {index:0;}">
        <Coords points="719,1812 746,1811 821,1810 862,1820 946,1819 946,1847 920,1848 918,1857 909,1863 857,1863 852,1868 840,1868 835,1864 725,1866 720,1862 719,1852 714,1847 714,1817"/>
        <Word id="region0003_line0020_word0000" custom="readingOrder {index:0;}">
          <Coords points="777,1826 806,1826 806,1862 777,1862"/>
          <TextEquiv conf="0.8120449">
            <Unicode>K</Unicode>
          </TextEquiv>
        </Word>
        <Word id="region0003_line0020_word0001" custom="readingOrder {index:1;}">
          <Coords points="854,1866 854,1832 831,1832 831,1864 835,1864 837,1866"/>
          <TextEquiv conf="0.8829254">
            <Unicode>4</Unicode>
          </TextEquiv>
        </Word>
        <TextEquiv conf="0.867699">
          <Unicode>K 4</Unicode>
        </TextEquiv>
      </TextLine>
      <TextEquiv>
        <Unicode>K 4 Der</Unicode>
      </TextEquiv>
    </TextRegion>
    <TextRegion orientation="0.6627164" type="catch-word" readingDirection="left-to-right" id="TextRegion_1651560019595_560" custom="readingOrder {index:3;} structure {type:catch-word;}">
      <Coords points="946,1809 1268,1809 1269,1865 946,1869"/>
      <TextLine id="line_1651560019635_563" custom="readingOrder {index:0;}">
        <Coords points="946,1819 1129,1817 1131,1809 1135,1806 1236,1806 1268,1815 1268,1860 1141,1861 1136,1856 1134,1845 946,1847"/>
        <Word id="region0003_line0020_word0002" custom="readingOrder {index:0;}">
          <Coords points="1195,1821 1262,1820 1262,1858 1195,1859"/>
          <TextEquiv conf="0.9081268">
            <Unicode>Der</Unicode>
          </TextEquiv>
        </Word>
        <TextEquiv conf="0.867699">
          <Unicode>Der</Unicode>
        </TextEquiv>
      </TextLine>
      <TextEquiv>
        <Unicode>K 4 Der</Unicode>
      </TextEquiv>
    </TextRegion>
    <TextRegion orientation="0.6627164" type="footnote-continued" readingDirection="left-to-right" id="TextRegion_1651560011550_555" custom="readingOrder {index:4;} structure {type:footnote-continued;}">
      <Coords points="209,1896 1267,1882 1272,2275 213,2275"/>
      <TextLine id="region0004_line0001" custom="readingOrder {index:0;}">
        <Coords points="739,1889 706,1890 699,1894 689,1894 687,1890 666,1891 661,1895 654,1891 452,1893 401,1901 357,1896 349,1904 344,1904 337,1897 321,1901 268,1900 263,1905 263,1932 276,1949 318,1949 324,1957 334,1957 343,1948 359,1948 366,1955 374,1955 383,1948 503,1940 630,1939 645,1944 652,1937 659,1936 708,1935 720,1941 731,1935 780,1934 786,1939 797,1939 802,1934 845,1936 899,1932 981,1934 1069,1932 1092,1934 1098,1941 1106,1941 1112,1935 1268,1936 1267,1895 1259,1895 1252,1886 1238,1888 1192,1885 1157,1892 1137,1887 1120,1889 1115,1884 1115,1884 1097,1885 1093,1890 1085,1891 830,1893 825,1889 815,1889 807,1894 755,1896 750,1895 746,1889"/>
        <Word id="region0004_line0001_word0000" custom="readingOrder {index:0;}">
          <Coords points="323,1905 397,1904 397,1947 323,1948"/>
          <TextEquiv conf="0.95871454">
            <Unicode>heißt</Unicode>
          </TextEquiv>
        </Word>
        <Word id="region0004_line0001_word0001" custom="readingOrder {index:1;}">
          <Coords points="413,1908 459,1907 459,1937 413,1938"/>
          <TextEquiv conf="0.9492025">
            <Unicode>es:</Unicode>
          </TextEquiv>
        </Word>
        <Word id="region0004_line0001_word0002" custom="readingOrder {index:2;}">
          <Coords points="551,1939 551,1896 484,1897 484,1941 503,1940"/>
          <TextEquiv conf="0.8423972">
            <Unicode>Karl</Unicode>
          </TextEquiv>
        </Word>
        <Word id="region0004_line0001_word0003" custom="readingOrder {index:3;}">
          <Coords points="564,1902 616,1901 616,1935 564,1936"/>
          <TextEquiv conf="0.8423972">
            <Unicode>III.</Unicode>
          </TextEquiv>
        </Word>
        <Word id="region0004_line0001_word0004" custom="readingOrder {index:4;}">
          <Coords points="700,1935 700,1901 634,1902 634,1940 638,1941 647,1941 652,1937 659,1936"/>
          <TextEquiv conf="0.9623721">
            <Unicode>habe</Unicode>
          </TextEquiv>
        </Word>
        <Word id="region0004_line0001_word0005" custom="readingOrder {index:5;}">
          <Coords points="749,1934 749,1901 715,1901 715,1938 718,1940 721,1940 731,1935"/>
          <TextEquiv conf="0.96230024">
            <Unicode>ſie</Unicode>
          </TextEquiv>
        </Word>
        <Word id="region0004_line0001_word0006" custom="readingOrder {index:6;}">
          <Coords points="819,1934 856,1934 856,1901 767,1903 767,1934 780,1934 781,1935 800,1935 802,1934"/>
          <TextEquiv conf="0.88533235">
            <Unicode>1768.</Unicode>
          </TextEquiv>
        </Word>
        <Word id="region0004_line0001_word0007" custom="readingOrder {index:7;}">
          <Coords points="881,1904 937,1904 937,1929 881,1929"/>
          <TextEquiv conf="0.9626631">
            <Unicode>von</Unicode>
          </TextEquiv>
        </Word>
        <Word id="region0004_line0001_word0008" custom="readingOrder {index:8;}">
          <Coords points="952,1903 1046,1902 1046,1928 952,1929"/>
          <TextEquiv conf="0.95749044">
            <Unicode>neuem</Unicode>
          </TextEquiv>
        </Word>
        <Word id="region0004_line0001_word0009" custom="readingOrder {index:9;}">
          <Coords points="1112,1935 1112,1896 1062,1896 1062,1932 1069,1932 1092,1934 1093,1936 1111,1936"/>
          <TextEquiv conf="0.8570415">
            <Unicode>auf</Unicode>
          </TextEquiv>
        </Word>
        <Word id="region0004_line0001_word0010" custom="readingOrder {index:10;}">
          <Coords points="1128,1899 1177,1899 1177,1928 1128,1928"/>
          <TextEquiv conf="0.9662047">
            <Unicode>den</Unicode>
          </TextEquiv>
        </Word>
        <Word id="region0004_line0001_word0011" custom="readingOrder {index:11;}">
          <Coords points="1192,1895 1267,1893 1267,1927 1192,1929"/>
          <TextEquiv>
            <Unicode>Rui⸗</Unicode>
          </TextEquiv>
        </Word>
        <TextEquiv>
          <Unicode>heißt es: Karl III. habe ſie 1768. von neuem auf den Rui⸗</Unicode>
        </TextEquiv>
      </TextLine>
      <TextLine id="region0004_line0002" custom="readingOrder {index:1;}">
        <Coords points="707,1939 690,1940 683,1946 674,1949 625,1942 619,1945 590,1945 581,1950 560,1951 554,1944 542,1944 525,1953 491,1954 481,1948 470,1948 462,1955 444,1957 406,1959 401,1955 393,1955 383,1960 362,1962 268,1964 263,1969 264,1996 275,2005 359,2005 517,1996 536,1996 542,2002 551,2002 559,1995 580,1994 585,2001 595,2002 602,1993 681,1991 727,1994 742,1991 770,1990 781,1993 787,1990 858,1988 879,1989 884,1993 893,1993 898,1989 992,1988 1058,1991 1064,1998 1076,1996 1080,1991 1096,1995 1169,1990 1186,1991 1192,1996 1202,1995 1208,1991 1218,1995 1228,1990 1237,1995 1248,1995 1252,1990 1268,1990 1267,1949 1252,1949 1246,1941 1195,1942 1184,1948 1164,1949 1157,1940 1148,1940 1141,1948 1134,1948 1129,1940 1117,1939 1110,1949 1099,1949 1084,1948 1076,1940 1064,1940 1057,1946 1047,1947 1010,1939 948,1946 934,1944 896,1945 890,1939 882,1939 875,1943 871,1940 860,1940 854,1946 834,1948 756,1950 754,1942 750,1939 728,1939 720,1942"/>
        <Word id="region0004_line0002_word0000" custom="readingOrder {index:0;}">
          <Coords points="323,1963 378,1962 379,1987 324,1988"/>
          <TextEquiv conf="0.9689962">
            <Unicode>nen</Unicode>
          </TextEquiv>
        </Word>
        <Word id="region0004_line0002_word0001" custom="readingOrder {index:1;}">
          <Coords points="393,1955 394,1985 438,1984 437,1957 406,1959 401,1955"/>
          <TextEquiv conf="0.96584624">
            <Unicode>der</Unicode>
          </TextEquiv>
        </Word>
        <Word id="region0004_line0002_word0002" custom="readingOrder {index:2;}">
          <Coords points="485,1950 466,1950 462,1955 452,1956 453,1985 525,1984 524,1953 491,1954"/>
          <TextEquiv conf="0.96584624">
            <Unicode>alten</Unicode>
          </TextEquiv>
        </Word>
        <Word id="region0004_line0002_word0003" custom="readingOrder {index:3;}">
          <Coords points="559,1950 540,1950 541,1992 675,1991 674,1949 582,1950 581,1950 560,1951"/>
          <TextEquiv conf="0.9621727">
            <Unicode>herſtellen</Unicode>
          </TextEquiv>
        </Word>
        <Word id="region0004_line0002_word0004" custom="readingOrder {index:4;}">
          <Coords points="755,1947 690,1948 691,1987 787,1986 786,1949 756,1950"/>
          <TextEquiv conf="0.91868925">
            <Unicode>laſſen,</Unicode>
          </TextEquiv>
        </Word>
        <Word id="region0004_line0002_word0005" custom="readingOrder {index:5;}">
          <Coords points="817,1948 818,1984 912,1983 911,1946 847,1946 834,1948"/>
          <TextEquiv conf="0.955009">
            <Unicode>welche</Unicode>
          </TextEquiv>
        </Word>
        <Word id="region0004_line0002_word0006" custom="readingOrder {index:6;}">
          <Coords points="926,1951 969,1950 970,1977 927,1978"/>
          <TextEquiv conf="0.9265875">
            <Unicode>der</Unicode>
          </TextEquiv>
        </Word>
        <Word id="region0004_line0002_word0007" custom="readingOrder {index:7;}">
          <Coords points="1030,1943 987,1944 988,1986 1265,1983 1264,1949 1252,1949 1246,1941 1223,1941 1195,1942 1184,1948 1164,1949 1158,1942 1146,1942 1141,1948 1134,1948 1130,1942 1114,1942 1110,1949 1099,1949 1084,1948 1079,1943 1060,1943 1057,1946 1047,1947"/>
          <TextEquiv conf="0.9145733">
            <Unicode>Karthaginienſiſche</Unicode>
          </TextEquiv>
        </Word>
        <TextEquiv conf="0.9472151">
          <Unicode>nen der alten herſtellen laſſen, welche der Karthaginienſiſche</Unicode>
        </TextEquiv>
      </TextLine>
      <TextLine id="region0004_line0003" custom="readingOrder {index:2;}">
        <Coords points="709,1993 702,1995 695,2004 657,2007 621,2007 615,1999 605,1999 595,2008 588,2008 582,2000 558,2000 548,2010 509,2011 493,2005 480,2005 475,2008 441,2006 427,2013 388,2017 371,2016 356,2009 277,2012 270,2013 265,2018 265,2045 286,2063 294,2063 299,2059 386,2059 466,2055 475,2055 478,2059 485,2060 499,2055 558,2051 599,2050 608,2051 613,2055 622,2055 629,2051 657,2053 667,2049 771,2047 784,2051 792,2044 800,2048 828,2046 837,2050 874,2043 976,2045 986,2046 992,2050 1032,2045 1086,2045 1094,2051 1112,2051 1117,2045 1269,2045 1269,2021 1268,2001 1234,1994 1170,1995 1152,2003 1142,2004 1138,2004 1131,1994 1087,1996 1069,1998 1063,2002 1013,2005 987,2002 982,1997 939,2003 795,2002 789,1993 771,1997 753,1993"/>
        <Word id="region0004_line0003_word0000" custom="readingOrder {index:0;}">
          <Coords points="290,2011 290,2046 449,2044 449,2007 438,2007 427,2013 388,2017 371,2016 356,2009"/>
          <TextEquiv conf="0.9122955">
            <Unicode>General</Unicode>
          </TextEquiv>
        </Word>
        <Word id="region0004_line0003_word0001" custom="readingOrder {index:1;}">
          <Coords points="584,2003 554,2003 548,2010 509,2011 493,2005 480,2005 479,2005 479,2045 623,2043 623,2007 621,2007 618,2003 600,2003 595,2008 588,2008"/>
          <TextEquiv conf="0.6992618">
            <Unicode>Hannibal,</Unicode>
          </TextEquiv>
        </Word>
        <Word id="region0004_line0003_word0002" custom="readingOrder {index:2;}">
          <Coords points="628,2012 708,2010 708,2040 628,2042"/>
          <TextEquiv conf="0.52415586">
            <Unicode>1985</Unicode>
          </TextEquiv>
        </Word>
        <Word id="region0004_line0003_word0003" custom="readingOrder {index:3;}">
          <Coords points="793,1999 726,2000 726,2042 822,2041 822,2002 795,2002"/>
          <TextEquiv conf="0.93764615">
            <Unicode>Jahre</Unicode>
          </TextEquiv>
        </Word>
        <Word id="region0004_line0003_word0004" custom="readingOrder {index:4;}">
          <Coords points="835,2008 917,2007 917,2039 835,2040"/>
          <TextEquiv conf="0.9659062">
            <Unicode>zuvor</Unicode>
          </TextEquiv>
        </Word>
        <Word id="region0004_line0003_word0005" custom="readingOrder {index:5;}">
          <Coords points="933,2002 932,2003 932,2040 1044,2038 1044,2003 1013,2005 987,2002 940,2002 939,2003"/>
          <TextEquiv conf="0.9431485">
            <Unicode>anlegen</Unicode>
          </TextEquiv>
        </Word>
        <Word id="region0004_line0003_word0006" custom="readingOrder {index:6;}">
          <Coords points="1134,1999 1068,2000 1068,2038 1155,2037 1155,2001 1152,2003 1142,2004 1138,2004"/>
          <TextEquiv>
            <Unicode>laſſen.</Unicode>
          </TextEquiv>
        </Word>
        <Word id="region0004_line0003_word0007" custom="readingOrder {index:7;}">
          <Coords points="1258,1999 1201,2000 1201,2032 1264,2031 1264,2000"/>
          <TextEquiv conf="0.9597671">
            <Unicode>Der</Unicode>
          </TextEquiv>
        </Word>
        <TextEquiv>
          <Unicode>General Hannibal, 1985 Jahre zuvor anlegen laſſen. Der</Unicode>
        </TextEquiv>
      </TextLine>
      <TextLine id="region0004_line0004" custom="readingOrder {index:3;}">
        <Coords points="753,2050 747,2058 666,2061 660,2054 645,2056 641,2053 631,2053 620,2063 573,2065 562,2058 497,2058 481,2061 477,2067 369,2073 348,2072 339,2064 272,2066 267,2071 267,2098 273,2104 273,2112 278,2117 319,2116 324,2120 334,2120 339,2115 360,2119 371,2114 432,2110 604,2107 609,2112 615,2112 624,2107 627,2111 633,2112 649,2106 673,2105 682,2110 690,2109 700,2102 732,2100 757,2101 763,2107 773,2106 779,2100 811,2098 869,2098 875,2105 887,2103 892,2098 919,2099 925,2105 934,2105 940,2099 989,2098 1037,2100 1043,2107 1051,2107 1061,2100 1133,2101 1139,2107 1149,2107 1156,2101 1173,2100 1270,2100 1269,2057 1254,2051 1234,2051 1228,2055 1208,2058 1160,2059 1153,2051 1139,2051 1131,2059 1126,2059 1076,2059 1071,2058 1063,2050 1051,2048 987,2050 962,2057 955,2049 945,2049 936,2057 909,2057 897,2049 879,2048 871,2055 842,2057 836,2050 823,2049 817,2057 805,2057 788,2056 782,2051"/>
        <Word id="region0004_line0004_word0000" custom="readingOrder {index:0;}">
          <Coords points="339,2064 324,2065 324,2104 485,2102 485,2063 479,2063 477,2067 369,2073 348,2072"/>
          <TextEquiv conf="0.9068912">
            <Unicode>ſogenannte</Unicode>
          </TextEquiv>
        </Word>
        <Word id="region0004_line0004_word0001" custom="readingOrder {index:1;}">
          <Coords points="567,2061 509,2062 510,2103 731,2100 730,2059 714,2059 666,2061 665,2059 622,2060 620,2063 573,2065"/>
          <TextEquiv conf="0.91845465">
            <Unicode>Triumphbogen</Unicode>
          </TextEquiv>
        </Word>
        <Word id="region0004_line0004_word0002" custom="readingOrder {index:2;}">
          <Coords points="754,2059 785,2058 786,2099 755,2100"/>
          <TextEquiv conf="0.90964735">
            <Unicode>iſt</Unicode>
          </TextEquiv>
        </Word>
        <Word id="region0004_line0004_word0003" custom="readingOrder {index:3;}">
          <Coords points="810,2059 854,2059 855,2091 811,2091"/>
          <TextEquiv conf="0.9321741">
            <Unicode>ein</Unicode>
          </TextEquiv>
        </Word>
        <Word id="region0004_line0004_word0004" custom="readingOrder {index:4;}">
          <Coords points="876,2058 983,2057 984,2097 877,2098"/>
          <TextEquiv conf="0.9181846">
            <Unicode>ſimples</Unicode>
          </TextEquiv>
        </Word>
        <Word id="region0004_line0004_word0005" custom="readingOrder {index:5;}">
          <Coords points="1069,2056 1013,2057 1014,2099 1092,2098 1091,2059 1076,2059 1071,2058"/>
          <TextEquiv conf="0.9260087">
            <Unicode>Thor</Unicode>
          </TextEquiv>
        </Word>
        <Word id="region0004_line0004_word0006" custom="readingOrder {index:6;}">
          <Coords points="1158,2057 1133,2057 1131,2059 1126,2059 1121,2059 1122,2096 1191,2096 1190,2058 1160,2059"/>
          <TextEquiv conf="0.8994389">
            <Unicode>ohne</Unicode>
          </TextEquiv>
        </Word>
        <Word id="region0004_line0004_word0007" custom="readingOrder {index:7;}">
          <Coords points="1214,2057 1215,2087 1266,2087 1265,2056 1221,2056"/>
          <TextEquiv conf="0.9302839">
            <Unicode>alle</Unicode>
          </TextEquiv>
        </Word>
        <TextEquiv conf="0.91763544">
          <Unicode>ſogenannte Triumphbogen iſt ein ſimples Thor ohne alle</Unicode>
        </TextEquiv>
      </TextLine>
      <TextLine id="region0004_line0005" custom="readingOrder {index:4;}">
        <Coords points="784,2105 777,2113 736,2114 706,2107 698,2112 683,2112 666,2118 650,2118 645,2112 640,2111 627,2116 622,2112 611,2113 604,2119 542,2123 417,2126 410,2119 401,2119 394,2127 388,2127 366,2119 269,2120 264,2125 265,2152 268,2156 275,2157 277,2165 281,2168 382,2169 388,2174 400,2174 406,2169 426,2166 472,2166 478,2171 491,2172 501,2165 529,2164 534,2169 542,2169 548,2164 583,2162 630,2162 636,2168 644,2168 651,2162 662,2161 702,2159 707,2163 718,2163 726,2158 805,2154 842,2155 849,2156 854,2161 864,2160 869,2155 906,2153 1081,2154 1086,2145 1097,2147 1104,2155 1205,2154 1229,2156 1235,2161 1270,2155 1270,2145 1270,2113 1181,2114 1175,2105 1153,2105 1146,2113 1123,2113 1104,2111 1097,2106 1084,2106 1078,2110 1030,2111 998,2103 951,2104 940,2111 921,2113 898,2113 889,2104 874,2107 856,2104 851,2110 846,2110 840,2105 832,2105 819,2112 813,2112 807,2105"/>
        <Word id="region0004_line0005_word0000" custom="readingOrder {index:0;}">
          <Coords points="369,2120 325,2121 326,2160 547,2157 546,2122 542,2123 417,2126 410,2119 400,2119 394,2127 388,2127"/>
          <TextEquiv conf="0.9135429">
            <Unicode>Verzierungen,</Unicode>
          </TextEquiv>
        </Word>
        <Word id="region0004_line0005_word0001" custom="readingOrder {index:1;}">
          <Coords points="648,2116 606,2116 604,2119 569,2121 570,2157 681,2156 680,2116 671,2116 666,2118 650,2118"/>
          <TextEquiv conf="0.9609021">
            <Unicode>welches</Unicode>
          </TextEquiv>
        </Word>
        <Word id="region0004_line0005_word0002" custom="readingOrder {index:2;}">
          <Coords points="734,2113 693,2114 694,2153 840,2152 839,2113 752,2113 736,2114"/>
          <TextEquiv conf="0.96110094">
            <Unicode>Hannibal</Unicode>
          </TextEquiv>
        </Word>
        <Word id="region0004_line0005_word0003" custom="readingOrder {index:3;}">
          <Coords points="903,2113 855,2114 856,2153 952,2151 951,2112 925,2112 921,2113"/>
          <TextEquiv conf="0.9680495">
            <Unicode>ſeinem</Unicode>
          </TextEquiv>
        </Word>
        <Word id="region0004_line0005_word0004" custom="readingOrder {index:4;}">
          <Coords points="966,2112 1058,2111 1058,2145 967,2146"/>
          <TextEquiv conf="0.93303823">
            <Unicode>Vater</Unicode>
          </TextEquiv>
        </Word>
        <Word id="region0004_line0005_word0005" custom="readingOrder {index:5;}">
          <Coords points="1103,2111 1072,2111 1072,2144 1218,2142 1218,2114 1181,2114 1178,2110 1149,2110 1146,2113 1123,2113 1104,2111"/>
          <TextEquiv conf="0.9147655">
            <Unicode>Hamilcar</Unicode>
          </TextEquiv>
        </Word>
        <Word id="region0004_line0005_word0006" custom="readingOrder {index:6;}">
          <Coords points="1235,2118 1266,2118 1267,2148 1236,2148"/>
          <TextEquiv conf="0.9681276">
            <Unicode>zu</Unicode>
          </TextEquiv>
        </Word>
        <TextEquiv conf="0.9456467">
          <Unicode>Verzierungen, welches Hannibal ſeinem Vater Hamilcar zu</Unicode>
        </TextEquiv>
      </TextLine>
      <TextLine id="region0004_line0006" custom="readingOrder {index:5;}">
        <Coords points="1087,2146 1081,2155 1085,2160 1061,2161 1050,2169 1015,2169 1011,2162 999,2158 931,2160 920,2159 915,2154 906,2154 899,2159 876,2160 859,2167 826,2160 750,2161 688,2165 678,2172 660,2174 638,2174 631,2167 621,2167 608,2174 601,2173 595,2167 583,2167 573,2174 521,2176 515,2169 504,2170 494,2178 448,2180 391,2181 367,2173 272,2175 267,2180 267,2208 281,2221 351,2224 361,2229 370,2228 373,2224 388,2224 396,2218 404,2218 410,2223 464,2220 470,2226 480,2226 493,2220 520,2218 528,2210 533,2212 535,2222 548,2219 578,2218 583,2222 589,2222 600,2216 677,2215 684,2221 692,2221 699,2214 742,2211 754,2211 759,2214 865,2211 883,2213 887,2216 953,2209 1134,2209 1141,2216 1150,2216 1156,2209 1247,2209 1252,2213 1262,2213 1271,2209 1271,2168 1267,2168 1260,2160 1248,2161 1240,2167 1202,2167 1197,2163 1188,2163 1182,2167 1163,2167 1157,2161 1102,2160 1103,2155 1097,2148"/>
        <Word id="region0004_line0006_word0000" custom="readingOrder {index:0;}">
          <Coords points="326,2173 326,2208 420,2207 420,2180 391,2181 367,2173"/>
          <TextEquiv conf="0.9664185">
            <Unicode>Ehren</Unicode>
          </TextEquiv>
        </Word>
        <Word id="region0004_line0006_word0001" custom="readingOrder {index:1;}">
          <Coords points="434,2180 434,2203 557,2202 557,2174 521,2176 515,2169 504,2170 494,2178 448,2180"/>
          <TextEquiv conf="0.96134585">
            <Unicode>angelegt</Unicode>
          </TextEquiv>
        </Word>
        <Word id="region0004_line0006_word0002" custom="readingOrder {index:2;}">
          <Coords points="582,2167 582,2202 667,2201 667,2173 660,2174 638,2174 631,2167 621,2167 608,2174 601,2173 595,2167 583,2167"/>
          <TextEquiv conf="0.9681814">
            <Unicode>haben</Unicode>
          </TextEquiv>
        </Word>
        <Word id="region0004_line0006_word0003" custom="readingOrder {index:3;}">
          <Coords points="684,2167 684,2202 738,2202 738,2163 719,2163 688,2165"/>
          <TextEquiv conf="0.9421632">
            <Unicode>ſoll.</Unicode>
          </TextEquiv>
        </Word>
        <Word id="region0004_line0006_word0004" custom="readingOrder {index:4;}">
          <Coords points="828,2160 783,2161 783,2195 864,2194 864,2164 859,2167"/>
          <TextEquiv conf="0.9323039">
            <Unicode>Man</Unicode>
          </TextEquiv>
        </Word>
        <Word id="region0004_line0006_word0005" custom="readingOrder {index:5;}">
          <Coords points="888,2159 888,2199 911,2199 911,2154 906,2154 899,2159"/>
          <TextEquiv conf="0.91144544">
            <Unicode>ſ.</Unicode>
          </TextEquiv>
        </Word>
        <Word id="region0004_line0006_word0006" custom="readingOrder {index:6;}">
          <Coords points="926,2159 926,2194 1061,2192 1061,2161 1050,2169 1015,2169 1011,2162 999,2158 931,2160"/>
          <TextEquiv conf="0.92349005">
            <Unicode>Dillons</Unicode>
          </TextEquiv>
        </Word>
        <Word id="region0004_line0006_word0007" custom="readingOrder {index:7;}">
          <Coords points="1102,2158 1084,2158 1085,2160 1083,2160 1083,2198 1165,2197 1165,2167 1163,2167 1157,2161 1102,2160"/>
          <TextEquiv>
            <Unicode>Reiſe</Unicode>
          </TextEquiv>
        </Word>
        <Word id="region0004_line0006_word0008" custom="readingOrder {index:8;}">
          <Coords points="1188,2163 1188,2194 1265,2193 1265,2165 1260,2160 1248,2161 1240,2167 1202,2167 1197,2163"/>
          <TextEquiv conf="0.92851824">
            <Unicode>durch</Unicode>
          </TextEquiv>
        </Word>
        <TextEquiv>
          <Unicode>Ehren angelegt haben ſoll. Man ſ. Dillons Reiſe durch</Unicode>
        </TextEquiv>
      </TextLine>
      <TextLine id="region0004_line0007" custom="readingOrder {index:6;}">
        <Coords points="528,2211 519,2220 490,2222 479,2227 477,2232 437,2232 430,2224 420,2225 412,2234 407,2234 409,2223 404,2219 396,2219 390,2223 388,2235 373,2229 361,2230 354,2227 275,2231 269,2237 269,2264 280,2275 358,2278 364,2283 373,2283 380,2277 455,2272 535,2271 542,2278 550,2278 558,2271 586,2269 1007,2264 1047,2260 1052,2255 1051,2228 1048,2224 996,2221 986,2216 968,2213 909,2214 897,2217 778,2215 774,2218 772,2226 758,2227 758,2214 742,2212 737,2215 737,2227 684,2228 677,2221 666,2218 601,2218 589,2223 573,2221 567,2226 549,2221 535,2223 532,2212"/>
        <Word id="region0004_line0007_word0000" custom="readingOrder {index:0;}">
          <Coords points="326,2228 327,2268 464,2266 463,2232 437,2232 430,2224 420,2225 412,2234 407,2234 409,2223 404,2219 396,2219 390,2223 388,2235 373,2229 361,2230 354,2227"/>
          <TextEquiv conf="0.9037906">
            <Unicode>Spanien</Unicode>
          </TextEquiv>
        </Word>
        <Word id="region0004_line0007_word0001" custom="readingOrder {index:1;}">
          <Coords points="478,2237 494,2237 494,2255 478,2255"/>
          <TextEquiv conf="0.9631772">
            <Unicode>2</Unicode>
          </TextEquiv>
        </Word>
        <Word id="region0004_line0007_word0002" custom="readingOrder {index:2;}">
          <Coords points="563,2225 511,2225 512,2265 593,2265 592,2225 568,2225 567,2226"/>
          <TextEquiv conf="0.93301344">
            <Unicode>Theil</Unicode>
          </TextEquiv>
        </Word>
        <Word id="region0004_line0007_word0003" custom="readingOrder {index:3;}">
          <Coords points="612,2223 655,2223 656,2256 613,2256"/>
          <TextEquiv conf="0.92162645">
            <Unicode>S.</Unicode>
          </TextEquiv>
        </Word>
        <Word id="region0004_line0007_word0004" custom="readingOrder {index:4;}">
          <Coords points="750,2213 740,2213 737,2215 737,2227 684,2228 677,2221 675,2220 676,2256 752,2255 751,2213"/>
          <TextEquiv conf="0.7064778">
            <Unicode>201.</Unicode>
          </TextEquiv>
        </Word>
        <Word id="region0004_line0007_word0005" custom="readingOrder {index:5;}">
          <Coords points="831,2221 868,2220 869,2253 832,2254"/>
          <TextEquiv conf="0.8103622">
            <Unicode>A.</Unicode>
          </TextEquiv>
        </Word>
        <Word id="region0004_line0007_word0006" custom="readingOrder {index:6;}">
          <Coords points="884,2224 913,2224 914,2252 885,2252"/>
          <TextEquiv conf="0.9021735">
            <Unicode>d.</Unicode>
          </TextEquiv>
        </Word>
        <Word id="region0004_line0007_word0007" custom="readingOrder {index:7;}">
          <Coords points="990,2218 927,2219 928,2254 1006,2253 1005,2221 996,2221"/>
          <TextEquiv conf="0.9021735">
            <Unicode>Ueb.</Unicode>
          </TextEquiv>
        </Word>
        <TextEquiv conf="0.88034934">
          <Unicode>Spanien 2 Theil S. 201. A. d. Ueb.</Unicode>
        </TextEquiv>
      </TextLine>
      <TextEquiv>
        <Unicode>heißt es: Karl III. habe ſie 1768. von neuem auf den Rui⸗
nen der alten herſtellen laſſen, welche der Karthaginienſiſche
General Hannibal, 1985 Jahre zuvor anlegen laſſen. Der
ſogenannte Triumphbogen iſt ein ſimples Thor ohne alle
Verzierungen, welches Hannibal ſeinem Vater Hamilcar zu
Ehren angelegt haben ſoll. Man ſ. Dillons Reiſe durch
Spanien 2 Theil S. 201. A. d. Ueb.</Unicode>
      </TextEquiv>
    </TextRegion>
    <TextRegion orientation="0.6627164" type="footnote" readingDirection="left-to-right" id="TextRegion_1651560011550_554" custom="readingOrder {index:5;} structure {type:footnote;}">
      <Coords points="213,2275 1272,2275 1275,2440 216,2454"/>
      <TextLine id="region0004_line0008" custom="readingOrder {index:0;}">
        <Coords points="591,2279 565,2287 550,2287 546,2284 517,2287 511,2281 502,2281 490,2289 435,2292 421,2293 414,2286 385,2285 348,2286 325,2291 316,2288 226,2290 221,2295 221,2321 227,2326 273,2325 284,2326 289,2330 304,2327 313,2331 313,2339 318,2344 330,2344 342,2333 347,2338 452,2332 496,2332 501,2336 510,2336 516,2331 527,2330 647,2327 652,2327 658,2335 667,2335 676,2327 724,2327 728,2330 742,2327 876,2323 1057,2325 1163,2323 1185,2325 1191,2331 1199,2331 1208,2324 1218,2331 1225,2331 1238,2324 1273,2324 1272,2283 1222,2282 1213,2272 1193,2274 1182,2285 1132,2286 1111,2286 1102,2276 1089,2277 1081,2284 974,2286 967,2276 955,2276 949,2285 898,2286 893,2277 880,2276 874,2278 867,2286 802,2288 778,2280 690,2286 676,2286 670,2278"/>
        <Word id="region0004_line0008_word0000" custom="readingOrder {index:0;}">
          <Coords points="313,2334 338,2334 337,2295 282,2295 282,2325 284,2326 289,2330 304,2327 313,2331"/>
          <TextEquiv>
            <Unicode>**)</Unicode>
          </TextEquiv>
        </Word>
        <Word id="region0004_line0008_word0001" custom="readingOrder {index:1;}">
          <Coords points="418,2290 363,2291 364,2325 428,2324 427,2292 421,2293"/>
          <TextEquiv conf="0.95798844">
            <Unicode>Wie</Unicode>
          </TextEquiv>
        </Word>
        <Word id="region0004_line0008_word0002" custom="readingOrder {index:2;}">
          <Coords points="452,2291 453,2326 516,2325 515,2286 494,2286 490,2289"/>
          <TextEquiv conf="0.93558794">
            <Unicode>auch</Unicode>
          </TextEquiv>
        </Word>
        <Word id="region0004_line0008_word0003" custom="readingOrder {index:3;}">
          <Coords points="537,2291 581,2291 581,2319 537,2319"/>
          <TextEquiv conf="0.9326736">
            <Unicode>der</Unicode>
          </TextEquiv>
        </Word>
        <Word id="word_1651560310596_658" custom="readingOrder {index:4;}">
          <Coords points="601,2286 676,2285 718,2285 735,2313 735,2320 719,2325 602,2326"/>
          <TextEquiv>
            <Unicode>Nahme</Unicode>
          </TextEquiv>
        </Word>
        <Word id="region0004_line0008_word0006" custom="readingOrder {index:5;}">
          <Coords points="800,2287 745,2288 745,2316 851,2315 851,2287 827,2287 802,2288"/>
          <TextEquiv conf="0.92046845">
            <Unicode>Monte</Unicode>
          </TextEquiv>
        </Word>
        <Word id="region0004_line0008_word0007" custom="readingOrder {index:6;}">
          <Coords points="895,2281 872,2282 872,2313 987,2312 987,2285 974,2286 970,2281 951,2281 949,2285 898,2286"/>
          <TextEquiv conf="0.9185357">
            <Unicode>ſerrado</Unicode>
          </TextEquiv>
        </Word>
        <Word id="region0004_line0008_word0008" custom="readingOrder {index:7;}">
          <Coords points="1009,2290 1065,2289 1065,2313 1009,2314"/>
          <TextEquiv conf="0.93292725">
            <Unicode>von</Unicode>
          </TextEquiv>
        </Word>
        <Word id="region0004_line0008_word0009" custom="readingOrder {index:8;}">
          <Coords points="1106,2280 1085,2281 1085,2312 1175,2311 1175,2285 1132,2286 1111,2286"/>
          <TextEquiv conf="0.9128856">
            <Unicode>ſerrar</Unicode>
          </TextEquiv>
        </Word>
        <Word id="region0004_line0008_word0010" custom="readingOrder {index:9;}">
          <Coords points="1217,2276 1190,2276 1189,2277 1190,2319 1269,2318 1268,2282 1222,2282"/>
          <TextEquiv>
            <Unicode>ſaͤgen</Unicode>
          </TextEquiv>
        </Word>
        <TextEquiv>
          <Unicode>**) Wie auch der Nahme Monte ſerrado von ſerrar ſaͤgen</Unicode>
        </TextEquiv>
      </TextLine>
      <TextLine id="region0004_line0009" custom="readingOrder {index:1;}">
        <Coords points="691,2329 685,2334 672,2337 668,2342 627,2341 591,2334 456,2336 435,2345 409,2347 403,2342 392,2342 383,2349 273,2354 268,2359 268,2386 273,2391 357,2390 369,2397 378,2397 385,2390 396,2390 402,2396 419,2396 427,2387 542,2387 588,2384 629,2384 634,2389 647,2388 650,2384 667,2384 674,2390 682,2390 689,2382 698,2382 704,2388 716,2388 723,2382 877,2382 894,2387 936,2381 1085,2380 1123,2383 1156,2380 1162,2386 1170,2386 1176,2380 1194,2382 1199,2379 1273,2377 1273,2336 1247,2336 1239,2328 1230,2329 1221,2336 1185,2336 1177,2329 1153,2327 1096,2328 1085,2337 1077,2338 1069,2338 1063,2331 1052,2331 1046,2338 986,2338 981,2337 975,2330 965,2330 958,2338 901,2339 889,2328 878,2328 831,2331 823,2333 815,2342 794,2342 787,2333 777,2333 771,2341 751,2340 747,2337 723,2340 717,2332 705,2333 700,2329"/>
        <Word id="region0004_line0009_word0000" custom="readingOrder {index:0;}">
          <Coords points="404,2343 389,2343 383,2349 327,2351 327,2384 442,2382 442,2343 439,2343 435,2345 409,2347"/>
          <TextEquiv conf="0.6840945">
            <Unicode>anzeigt.</Unicode>
          </TextEquiv>
        </Word>
        <Word id="region0004_line0009_word0001" custom="readingOrder {index:1;}">
          <Coords points="485,2344 545,2343 545,2376 485,2377"/>
          <TextEquiv conf="0.9268776">
            <Unicode>Die</Unicode>
          </TextEquiv>
        </Word>
        <Word id="region0004_line0009_word0002" custom="readingOrder {index:2;}">
          <Coords points="633,2341 561,2342 561,2383 649,2382 649,2341"/>
          <TextEquiv conf="0.9304132">
            <Unicode>Abtey</Unicode>
          </TextEquiv>
        </Word>
        <Word id="region0004_line0009_word0003" custom="readingOrder {index:3;}">
          <Coords points="720,2336 673,2337 673,2380 749,2379 749,2338 747,2337 723,2340"/>
          <TextEquiv>
            <Unicode>fuͤhrt</Unicode>
          </TextEquiv>
        </Word>
        <Word id="region0004_line0009_word0004" custom="readingOrder {index:4;}">
          <Coords points="769,2341 763,2341 763,2372 821,2371 821,2340 817,2340 815,2342 794,2342 793,2340 771,2341 771,2341"/>
          <TextEquiv conf="0.9581989">
            <Unicode>eine</Unicode>
          </TextEquiv>
        </Word>
        <Word id="region0004_line0009_word0005" custom="readingOrder {index:5;}">
          <Coords points="895,2334 838,2335 838,2377 922,2376 922,2338 901,2339"/>
          <TextEquiv>
            <Unicode>Saͤge</Unicode>
          </TextEquiv>
        </Word>
        <Word id="region0004_line0009_word0006" custom="readingOrder {index:6;}">
          <Coords points="980,2336 959,2336 958,2338 935,2338 935,2371 1032,2369 1032,2338 986,2338 981,2337"/>
          <TextEquiv conf="0.9641344">
            <Unicode>mitten</Unicode>
          </TextEquiv>
        </Word>
        <Word id="region0004_line0009_word0007" custom="readingOrder {index:7;}">
          <Coords points="1068,2337 1052,2337 1052,2369 1091,2369 1091,2337 1085,2337 1077,2338 1069,2338"/>
          <TextEquiv conf="0.9657251">
            <Unicode>im</Unicode>
          </TextEquiv>
        </Word>
        <Word id="region0004_line0009_word0008" custom="readingOrder {index:8;}">
          <Coords points="1181,2332 1114,2334 1114,2376 1205,2374 1205,2336 1185,2336"/>
          <TextEquiv conf="0.85712594">
            <Unicode>Felſen</Unicode>
          </TextEquiv>
        </Word>
        <Word id="region0004_line0009_word0009" custom="readingOrder {index:9;}">
          <Coords points="1245,2334 1227,2334 1227,2366 1268,2366 1268,2336 1247,2336"/>
          <TextEquiv conf="0.9534832">
            <Unicode>im</Unicode>
          </TextEquiv>
        </Word>
        <TextEquiv>
          <Unicode>anzeigt. Die Abtey fuͤhrt eine Saͤge mitten im Felſen im</Unicode>
        </TextEquiv>
      </TextLine>
      <TextLine id="region0004_line0010" custom="readingOrder {index:2;}">
        <Coords points="482,2389 441,2391 432,2396 430,2403 398,2406 386,2406 379,2397 369,2398 361,2395 272,2397 267,2402 268,2429 277,2435 277,2442 282,2447 381,2447 383,2451 402,2451 404,2447 461,2444 472,2435 512,2443 572,2443 743,2437 754,2434 759,2429 758,2402 755,2398 730,2396 725,2391 714,2389 706,2389 700,2395 696,2395 691,2390 659,2388 616,2389 596,2395 563,2390"/>
        <Word id="region0004_line0010_word0000" custom="readingOrder {index:0;}">
          <Coords points="384,2404 328,2405 329,2447 381,2447 381,2447 411,2447 449,2445 448,2403 426,2403 398,2406 386,2406"/>
          <TextEquiv>
            <Unicode>Wappen.</Unicode>
          </TextEquiv>
        </Word>
        <Word id="region0004_line0010_word0001" custom="readingOrder {index:1;}">
          <Coords points="534,2403 571,2403 572,2439 535,2439"/>
          <TextEquiv conf="0.7736972">
            <Unicode>A.</Unicode>
          </TextEquiv>
        </Word>
        <Word id="region0004_line0010_word0002" custom="readingOrder {index:2;}">
          <Coords points="589,2409 621,2408 621,2436 589,2437"/>
          <TextEquiv conf="0.7736972">
            <Unicode>d.</Unicode>
          </TextEquiv>
        </Word>
        <Word id="region0004_line0010_word0003" custom="readingOrder {index:3;}">
          <Coords points="634,2400 722,2399 723,2435 635,2436"/>
          <TextEquiv conf="0.89097625">
            <Unicode>Ueb.</Unicode>
          </TextEquiv>
        </Word>
        <TextEquiv>
          <Unicode>Wappen. A. d. Ueb.</Unicode>
        </TextEquiv>
      </TextLine>
      <TextEquiv>
        <Unicode>**) Wie auch der Nahme Monte ſerrado von ſerrar ſaͤgen
anzeigt. Die Abtey fuͤhrt eine Saͤge mitten im Felſen im
Wappen. A. d. Ueb.</Unicode>
      </TextEquiv>
    </TextRegion>
  </Page>
</PcGts>