1655 2359
929 453 962 501 §.
1019 463 1073 493 12.

620 520 710 570 Zum
726 520 889 570 Beſchluß
907 519 1006 571 dieſes
1024 516 1215 571 Abſchnitts
1240 517 1334 567 rathe
1355 518 1402 570 ich
1424 522 1471 571 je⸗

542 573 637 620 dem,
682 576 737 611 der
762 574 808 611 im
832 571 989 615 Rechnen
1013 571 1201 621 Unterricht
1223 568 1372 619 ertheilt,
1414 572 1467 611 die

544 624 676 668 Kinder
694 624 802 670 fleißig
820 622 866 659 im
875 619 1001 672 Zaͤhlen
1020 623 1105 672 nicht
1123 637 1186 664 nur
1204 618 1384 671 vorwaͤrts,
1394 622 1464 671 ſon⸗

544 679 625 714 dern
642 675 720 718 auch
736 670 913 712 ruͤckwaͤrts
936 684 974 720 zu
990 673 1085 713 uͤben.
1137 674 1244 717 Beim
1264 672 1465 713 Vorwaͤrts⸗

547 722 659 774 zaͤhlen
678 725 716 770 iſt
732 733 767 764 es
784 725 899 773 beſſer,
928 726 969 771 ſie
984 733 1048 763 von
1063 735 1088 761 0
1103 725 1155 763 als
1171 732 1236 764 von
1257 736 1273 760 1
1295 721 1464 770 anfangen

546 791 586 828 zu
603 779 720 825 laſſen;
747 779 856 823 ferner
874 777 912 824 iſt
929 788 963 817 es
979 780 1089 826 beſſer,
1114 781 1154 826 ſie
1172 779 1223 818 die
1241 778 1465 825 Ruhepunkte

544 829 625 875 nach
652 832 712 865 den
733 827 879 876 Zahlen,
916 828 966 866 die
988 827 1050 866 mit
1071 838 1117 875 9,
1146 827 1232 874 nicht
1248 829 1325 875 nach
1347 832 1462 876 denen,

547 880 599 919 die
616 878 678 918 mit
693 889 717 916 0
734 883 847 923 enden,
868 878 997 928 machen
1019 890 1057 926 zu
1076 879 1192 925 laſſen;
1220 879 1306 925 nicht
1321 892 1389 917 0⸗⸗
1409 881 1463 920 bis

549 943 621 980 10,
660 932 758 972 11⸗⸗
758 932 807 972 bis
826 943 871 981 20
871 943 947 982 ꝛc.,
980 931 1115 983 ſondern
1145 942 1250 979 0⸗⸗9;
1297 941 1463 977 10⸗⸗19;

544 998 646 1026 20⸗⸗
647 990 701 1035 29
701 980 763 1035 ꝛc.;
799 987 920 1033 endlich
936 988 974 1040 iſt
1001 995 1036 1029 es
1052 985 1276 1039 hinreichend,
1305 995 1400 1026 wenn
1423 992 1465 1038 ſie

542 1042 599 1082 bis
620 1053 694 1079 100
712 1038 823 1089 zaͤhlen
839 1040 978 1089 koͤnnen,
995 1039 1108 1080 weiter
1124 1040 1181 1089 hin
1196 1039 1284 1089 giebt
1300 1036 1379 1089 ſichs
1396 1049 1463 1081 von

544 1098 648 1143 ſelbt.
716 1098 804 1135 Das
826 1092 1142 1142 Ruͤckwaͤrtszaͤhlen
1166 1095 1251 1136 wird
1276 1090 1464 1143 anfaͤnglich

547 1147 610 1181 den
632 1141 788 1181 Kindern
814 1140 950 1189 ſchwer,
988 1142 1030 1188 ſie
1058 1142 1169 1179 lernen
1201 1148 1236 1177 es
1258 1139 1335 1179 aber
1346 1141 1462 1189 leicht,

546 1202 644 1232 wenn
662 1202 740 1229 man
755 1193 796 1237 ſie
810 1201 873 1229 nur
890 1194 951 1241 erſt
967 1191 1041 1239 uͤbt,
1066 1198 1131 1229 von
1147 1203 1171 1238 9
1190 1190 1242 1228 bis
1257 1201 1284 1226 0
1298 1192 1408 1236 zuruͤck
1423 1202 1464 1237 zu

548 1243 671 1297 zaͤhlen.
724 1247 903 1293 Uebungen
929 1246 975 1287 im
992 1243 1119 1296 Zaͤhlen
1142 1246 1263 1297 muͤſſen
1286 1245 1358 1296 oft,
1384 1246 1463 1288 aber

546 1293 601 1337 nie
615 1296 710 1345 lange
729 1294 837 1346 hinter
855 1293 1009 1338 einander
1024 1295 1188 1344 getrieben
1201 1298 1342 1338 werden.
