1329 2192
435 319 523 368 Sei
543 325 608 367 auch
632 334 678 368 zur
700 328 762 370 Zeit
783 330 834 364 der
853 330 952 366 Leiden

504 395 562 430 Ein
585 392 676 434 Chriſt
698 409 735 418 —
749 387 804 435 und
818 391 1017 436 tugendhaſt!

459 443 525 483 Und
553 446 627 480 dann
649 444 751 486 ergreif
770 446 808 487 im
833 437 968 483 Glauben

503 512 573 548 Den
597 511 678 551 Troſt
701 515 749 545 der
769 510 924 552 Ewigkeit;

459 568 533 605 Wer
554 565 621 602 kann
646 569 690 601 dir
708 564 796 607 dieſen
815 565 941 611 rauben,

442 627 567 667 Der
586 629 658 663 allen
681 627 780 663 Gram
801 626 968 668 zerſtreut.

456 793 527 830 Mit
554 785 683 833 ruhigem
710 791 897 832 Gemuͤthe

475 829 609 881 Verlaß
634 839 684 880 auf
711 840 758 880 ihn
782 826 840 881 dich
863 836 957 888 veſt,

457 890 512 932 und
533 891 607 936 wiß,
631 892 696 941 daß
709 892 794 941 ſeine
797 893 895 934 Guͤte

498 953 573 995 Dich
593 941 661 996 ewig
686 955 759 995 nicht
779 949 898 994 verlaͤßt.

449 1017 496 1054 Er
518 1020 573 1051 will
596 1018 664 1057 nach
686 1019 768 1057 einer
782 1015 878 1056 Weile

497 1068 574 1106 Dich
596 1067 669 1108 deſto
689 1054 769 1106 mehr
786 1054 944 1110 erfreun;

449 1129 493 1172 Zu
518 1131 626 1166 deinem
642 1125 767 1172 groͤßten
790 1130 889 1173 Heile

490 1192 649 1238 Verzeucht
667 1200 715 1233 er;
745 1193 830 1237 harre
853 1192 927 1238 ſein!

340 1322 451 1368 3)
477 1314 577 1362 Sind
610 1320 659 1361 die
683 1321 916 1372 verſchiedenen
940 1324 1007 1362 und
1028 1319 1079 1372 oft
1095 1327 1187 1365 trau⸗

319 1373 415 1424 rigen
446 1374 705 1423 Verbindungen
740 1378 801 1414 mit
819 1366 1046 1429 boͤsartigen,
1078 1373 1186 1430 unge⸗

325 1418 446 1468 rechten
469 1432 537 1465 und
554 1419 778 1476 hartnaͤckigen
806 1419 980 1474 Menſchen
1002 1418 1186 1479 Veranlaſ⸗

318 1463 440 1521 ſungen
468 1483 541 1521 zum
568 1474 811 1523 Selbſtmorde.

422 1577 499 1634 Jhr
521 1573 635 1626 kennt
661 1586 718 1624 die
747 1584 1030 1630 Verbindungen,
1070 1582 1182 1629 welche

325 1637 423 1669 unter
439 1637 496 1670 den
508 1631 680 1678 Menſchen
700 1631 854 1678 geknuͤpft
872 1639 1023 1677 werden,
1050 1639 1115 1671 und
1134 1635 1201 1674 die

326 1683 411 1721 nicht
429 1679 540 1727 leicht,
565 1680 643 1722 nach
660 1686 718 1718 den
736 1680 881 1727 einmahl
907 1689 1183 1726 angenommenen

323 1726 468 1772 Geſetzen
489 1732 541 1764 der
557 1726 741 1774 Ordnüng,
771 1727 885 1764 wieder
908 1717 1083 1776 aufgeloͤſet
1102 1726 1183 1768 wer⸗

322 1788 383 1822 den
400 1785 534 1825 koͤnnen.
598 1783 721 1832 Dahin
745 1787 853 1829 rechne
869 1786 917 1825 ich
933 1787 1099 1832 beſonders
1121 1791 1181 1826 den

323 1839 506 1890 Eheſtand.
544 1834 713 1890 Schlaͤgt
729 1841 777 1880 die
795 1839 1028 1894 Vorſtellung,
1054 1843 1102 1882 die
1124 1843 1181 1888 ſich
