1508 2397
472 445 628 494 ſchwerer
634 446 857 497 Miſſethaten
866 450 935 491 und
944 449 1341 502 boshafterUbertretun⸗

474 504 539 545 gen
556 499 698 547 ſchuldig
714 499 848 550 wiſſen,
865 512 964 543 wenn
974 502 1014 550 ſie
1041 514 1088 547 nur
1115 501 1159 552 den
1172 505 1340 554 begange⸗

472 557 539 589 nen
558 546 680 595 Frevel
693 548 861 602 bußfertig
880 552 1061 604 erkennen,
1076 551 1122 606 und
1145 554 1217 604 ſein
1234 554 1339 602 bluti⸗

474 608 537 648 ges
545 600 786 651 Verdienſt
754 599 797 644 im
807 603 974 649 Glauben
990 606 1162 657 ergreifen.
1211 608 1340 657 Dieſer

472 646 536 699 iſts
557 681 689 702 endlich,
700 664 768 695 von
777 655 930 705 welchem
943 657 1080 707 Petrus
1094 660 1185 708 ſagt:
1216 662 1274 704 Es
1290 662 1352 710 iſt

471 701 550 743 kein
558 703 719 743 anderer
725 702 863 746 Name
871 709 985 743 unter
990 706 1076 746 dem
1088 706 1251 754 Himmel
1263 711 1338 748 den

472 752 675 802 Menſchen
684 755 845 801 gegeben,
880 756 1065 799 darinnen
1080 760 1130 809 ſie
1139 759 1226 809 ſelig
1236 766 1337 801 wer⸗

474 808 546 846 den
556 806 668 853 ſollen,
674 809 748 853 als
755 811 813 848 der
820 810 945 853 Name
950 809 1097 862 JEſus,
1110 811 1232 858 Apoſt.
1239 821 1277 858 4,
1286 822 1336 850 12.

471 853 525 898 Es
534 853 667 903 gehoͤret
680 856 785 903 ferner
792 856 920 907 dahin,
935 867 1034 900 wenn
1044 863 1102 904 der
1119 861 1271 914 Meſſias
1287 863 1353 906 im

468 914 513 951 95
519 902 656 960 Pſalm,
663 906 817 954 (welcher
826 907 908 956 nach
917 912 974 951 der
980 906 1177 960 Erklaͤrung
1183 915 1247 957 des
1253 904 1337 956 neu⸗

467 964 510 996 en
516 954 755 1005 Teſtamentes
762 955 875 1005 Hebr.
882 966 950 1006 3,7.
961 962 992 1001 8.
1007 967 1038 998 c.
1045 969 1123 1007 4,7.
1133 968 1202 1004 von
1209 962 1337 1014 CHri⸗

467 1004 517 1056 ſto
537 1004 698 1055 handelt)
728 1006 776 1051 im
802 1020 836 1050 1.
857 1008 962 1052 Vers
981 1017 1147 1057 genennet
1165 1012 1252 1055 wird
1275 1015 1336 1058 der

468 1052 590 1104 Hort,
601 1057 679 1096 oder
687 1056 793 1104 hohe,
799 1055 896 1107 ſichre
909 1052 974 1103 Ort
984 1056 1112 1109 unſers
1142 1061 1256 1111 Heyls,
1281 1063 1349 1105 da⸗

470 1105 532 1151 bey
546 1114 631 1146 man
644 1096 749 1156 ſich
716 1103 751 1156 zu
759 1107 912 1150 erinnern
921 1108 1003 1160 hat,
1022 1102 1089 1160 daß
1089 1102 1156 1164 faſt
1173 1106 1232 1159 alle
1245 1106 1347 1166 ſechs

463 1155 660 1210 Freyſtaͤdte
672 1163 730 1203 der
744 1159 931 1210 Jſraeliten
946 1170 1015 1205 auf
1028 1162 1241 1214 erhabenen
1254 1167 1336 1210 Ge⸗

468 1207 602 1255 birgen
616 1206 771 1259 gelegen,
791 1207 901 1254 damit
909 1210 961 1254 ein
970 1199 1137 1264 fluͤchtiger
1145 1203 1347 1265 Todſchlaͤ⸗

467 1271 525 1311 ger
534 1263 576 1312 ſie
590 1271 657 1307 von
667 1263 758 1315 ferne
767 1265 942 1317 erblicken,
955 1270 1027 1310 und
1034 1271 1179 1319 gerades
1186 1270 1345 1320 Weges

464 1317 571 1367 dahin
590 1318 709 1364 laufen
729 1318 839 1364 koͤnte.
885 1319 1001 1372 Siehe!
1030 1316 1228 1376 Joſ.20,7.
1245 1324 1346 1375 Der

463 1361 619 1421 Prophet
639 1363 799 1422 Jeremias
819 1375 907 1416 redet
921 1385 938 1414 c
957 1377 1069 1426 16,19.
1085 1378 1150 1419 den
1163 1375 1342 1427 Meßiam

464 1418 536 1469 alſo
553 1424 616 1462 an:
642 1420 779 1470 HErr!
801 1425 853 1465 du
860 1422 934 1473 biſt
949 1428 1067 1469 meine
1075 1424 1241 1472 Staͤrcke
1249 1429 1343 1474 und

465 1472 610 1523 Kraft,
622 1475 738 1517 meine
745 1473 919 1525 Zuflucht
930 1479 969 1518 in
983 1482 1051 1521 der
1066 1475 1207 1529 Noth.
1256 1483 1330 1524 Die

462 1516 610 1566 Heyden
628 1520 782 1564 werden
802 1529 848 1568 zu
870 1521 933 1564 dir
952 1515 1125 1569 kommen
1150 1534 1233 1568 von
1253 1526 1343 1581 der

461 1578 580 1619 Welt
586 1577 695 1620 Ende
703 1588 754 1620 ꝛc.
789 1577 853 1622 Der
855 1570 1019 1629 Prophet
1031 1569 1108 1633 Joel
1126 1569 1243 1642 ſpricht
1243 1579 1341 1637 cap.

463 1634 551 1672 3,21.
567 1625 692 1675 (Hebr.
700 1636 728 1666 c.
738 1638 773 1676 4,
781 1629 853 1678 16.)
869 1632 947 1671 Der
955 1631 1069 1680 HErr
1077 1626 1181 1676 wird
1195 1626 1330 1677 ſeinem

462 1678 601 1721 Volcke
609 1679 687 1719 eine
692 1676 869 1729 Zuflucht
876 1679 966 1731 ſeyn,
974 1682 1054 1721 und
1060 1684 1141 1730 eine
1147 1682 1248 1735 Feſte
1254 1688 1328 1728 den

459 1730 632 1773 Kindern
646 1729 803 1783 Jſrael;
841 1725 1342 1787 anderer
997 1725 1110 1787 Oerter
1132 1729 1374 1787 zugeſchwei⸗

458 1794 537 1831 gen.

558 1817 613 1859 Es
623 1812 697 1866 laͤßt
706 1818 766 1869 ſich
774 1819 881 1865 dieſes
896 1823 938 1867 2)
951 1824 1188 1871 erweiſen
1117 1831 1174 1878 aus
1202 1810 1328 1875 denſel⸗

456 1880 520 1920 ben
535 1877 693 1922 Stellen
707 1885 766 1924 der
780 1872 938 1931 Schrift,
953 1884 1013 1925 da
1025 1887 1094 1926 der
1108 1878 1261 1929 Glaube
1274 1885 1342 1940 an

453 1936 528 1975 den
537 1933 680 1990 HErrn
686 1935 845 1989 JEſum
852 1936 914 1980 als
919 1939 982 1983 ein
989 1935 1127 1990 fliehen
1145 1934 1211 1991 und
1231 1935 1327 1989 kom⸗
