2334 2671
261 395 379 445 durch
394 393 554 451 Erbfall
568 396 658 447 oder
674 391 807 451 Kauf,
823 402 878 440 an
895 392 943 446 ſie
963 390 1164 444 kommen,
1182 389 1219 447 ſo
1231 388 1347 446 lange
1364 395 1404 436 er
1414 390 1479 436 der
1489 388 1617 445 Pfar⸗

262 462 325 497 rer
343 452 399 499 im
415 452 648 509 Miniſterio
667 451 770 506 aufn
793 451 927 499 Lande
951 450 1041 503 ſeyn
1062 449 1177 496 wird.
1237 450 1339 497 Wie
1354 446 1494 503 ſolches
1521 447 1616 494 alles

260 506 367 562 nicht
383 508 519 558 alleine
535 515 618 557 von
634 511 724 556 dem
740 503 1146 562 Durchlauchtigſten
1168 507 1253 550 und
1275 500 1620 560 Hochgebohrnen

259 563 429 621 Fuͤrſten
446 569 528 614 und
545 564 696 621 Herrn,
712 563 853 622 Herrn
872 556 1066 620 Friedrich
1091 560 1381 615 Willhelmen,
1403 558 1618 616 Hertzogen

257 636 308 676 zu
325 630 525 687 Sachſen,
542 625 817 684 hochloͤblicher
834 624 1105 677 Gedaͤchtniß,
1125 624 1197 673 bey
1213 625 1303 674 Zeit
1328 626 1447 675 ſeiner
1471 621 1619 679 Fuͤrſtl.

257 685 347 735 Gn.
367 683 704 740 Adminiſtration
726 686 791 731 der
813 679 1161 737 Chur ⸗ Sachſen,
1186 681 1230 725 de
1256 678 1379 727 Anno
1405 683 1516 734 1596.
1544 678 1619 725 den

253 750 307 796 31.
324 741 453 799 Julii,
472 746 546 792 den
563 745 625 792 16.
645 742 871 794 Novembr.
892 744 976 788 und
990 741 1114 787 Anno
1131 740 1240 783 1601.
1260 738 1333 782 den
1358 739 1428 791 14.
1448 736 1619 784 Decem⸗

253 801 351 850 bris.
380 800 598 858 Sowohln
614 809 698 848 von
715 798 929 853 Hertzogen
945 797 1181 848 Chriſtiano
1192 799 1279 839 dem
1290 797 1457 845 andern,
1468 795 1620 849 Chriſt⸗

253 852 428 913 ſeligſten
446 855 700 906 Andenkens,
716 851 877 906 unſerm
894 841 1124 908 gnaͤdigſten
1142 847 1300 907 Herrn,
1326 838 1376 896 de
1386 848 1463 898 Ao.
1487 850 1619 897 1606.

254 917 330 964 den
348 929 415 970 24.
441 908 598 970 Aprilis
621 912 867 964 confirmiret
890 914 974 962 und
1001 909 1225 970 beſtaͤtiget,
1241 907 1406 963 ſondern
1432 909 1530 959 auch
1556 909 1619 957 im

255 978 502 1031 Churfuͤrſtl.
519 975 676 1028 Saͤchſ.
695 976 915 1030 loͤblichſten
932 968 1416 1030 Appellation ⸗ Gerichte
1425 980 1475 1030 zu
1489 969 1620 1026 Dreß⸗

251 1037 342 1087 den,
355 1037 430 1080 den
447 1045 497 1090 13.
515 1031 627 1089 Julii
644 1020 769 1084 Anno
788 1030 910 1089 1609.
928 1027 1006 1087 alſo
1023 1027 1200 1086 erhalten
1218 1029 1396 1078 worden.

369 1110 402 1153 §.
433 1119 466 1161 3.
495 1106 579 1157 Die
592 1101 887 1160 Bauersleute,
900 1104 938 1159 ſo
949 1113 1033 1153 von
1048 1107 1123 1153 den
1140 1099 1330 1159 Doͤrfern
1342 1104 1387 1151 in
1405 1102 1463 1151 die
1480 1102 1621 1151 Stadt

254 1157 459 1213 kommen,
477 1160 559 1206 und
586 1160 661 1207 das
680 1151 1029 1215 Buͤrger ⸗ Recht
1055 1155 1291 1212 gewinnen,
1309 1155 1393 1200 und
1416 1152 1510 1200 aber
1534 1152 1620 1200 kein

254 1218 414 1278 zuͤnftig
434 1218 684 1279 Handwerck
705 1219 875 1276 gelernet
897 1218 1046 1275 haben,
1068 1216 1165 1269 noch
1190 1217 1353 1268 treiben,
1376 1215 1475 1269 auch
1499 1212 1620 1269 durch

255 1278 342 1334 ihre
359 1268 570 1335 Heyrath,
594 1281 687 1326 oder
703 1276 823 1330 durch
841 1276 954 1323 einen
973 1275 1144 1329 Erbfall,
1160 1275 1200 1314 in
1225 1274 1324 1314 linea
1343 1274 1621 1322 deſcendende,

256 1332 365 1386 nicht
382 1336 427 1378 in
453 1335 518 1379 ein
540 1333 829 1384 Brau ⸗ Erbe,
847 1331 1013 1383 ſondern
1037 1330 1081 1375 in
1104 1331 1247 1376 andere
1273 1326 1409 1373 Guͤter
1432 1325 1620 1381 einſitzen,

254 1398 382 1439 denen
397 1394 464 1443 ſoll
481 1390 784 1446 hernachmals,
802 1398 927 1437 wenn
949 1387 998 1443 ſie
1023 1386 1141 1444 gleich
1167 1388 1231 1438 ein
1258 1385 1525 1437 Brau ⸗ Erbe
1551 1387 1619 1434 ins

256 1448 434 1502 kuͤnftige
452 1447 589 1502 erblich
607 1445 763 1503 kauffen
787 1436 954 1502 wollen,
977 1446 1051 1495 das
1069 1440 1251 1497 Brauen
1273 1441 1373 1500 ohne
1392 1438 1622 1499 ſonderliche

255 1508 485 1562 Erlaubniß
511 1511 579 1557 des
597 1506 740 1565 Raths
758 1504 1022 1561 keinesweges
1037 1499 1240 1562 verſtattet
1257 1503 1435 1551 werden;
1466 1497 1623 1559 Jnglei⸗

257 1569 352 1620 chen
368 1569 432 1622 ſoll
456 1567 659 1625 denſelben
686 1568 750 1619 ein
798 1564 1042 1622 Brau ⸗ Erbe
1069 1574 1117 1623 zu
1143 1562 1340 1622 miethen,
1362 1565 1447 1613 und
1469 1561 1625 1622 Mieth⸗

256 1628 367 1682 weiſe
385 1624 509 1682 drauf
521 1636 570 1684 zu
585 1623 760 1681 brauen,
783 1631 884 1681 ganz
901 1624 986 1671 und
1003 1624 1087 1670 und
1104 1630 1177 1679 gar
1200 1622 1388 1670 verboten
1406 1618 1547 1677 ſeyn.

372 1714 409 1753 §.
438 1724 481 1764 4.
505 1711 618 1761 Wer
635 1713 706 1761 ein
724 1708 852 1769 Hauß,
889 1712 965 1756 das
982 1716 1031 1760 zu
1048 1708 1202 1753 brauen
1228 1706 1324 1760 hat,
1348 1700 1505 1757 ererbet,
1532 1707 1623 1752 oder

260 1756 470 1814 erkauffet,
486 1761 571 1806 und
587 1760 694 1813 ihme
709 1761 774 1806 der
797 1752 1087 1815 vorberuͤhrten
1105 1751 1410 1809 Bedingungen
1427 1751 1509 1797 eine
1532 1752 1625 1799 oder

260 1818 392 1876 mehr,
407 1818 513 1873 nicht
528 1823 589 1868 im
606 1823 740 1877 Wege
756 1818 909 1877 ſtehen,
933 1820 999 1869 der
1016 1816 1081 1876 ſoll
1101 1823 1173 1866 vor
1190 1816 1293 1865 allen
1309 1814 1481 1872 Dingen
1498 1812 1625 1871 daſſel⸗

259 1880 306 1928 be
321 1881 367 1931 in
381 1877 511 1936 Lehen
528 1879 726 1933 nehmen,
742 1881 828 1927 und
852 1877 934 1932 ehe,
949 1880 1056 1926 denn
1081 1886 1121 1927 er
1143 1875 1202 1924 die
1225 1875 1366 1932 Gerſte
1384 1870 1626 1931 einſchuͤttet,

251 1940 347 1984 und
377 1922 579 1996 begieſſet,
611 1935 687 1981 den
717 1930 1011 1991 gewoͤhnlichen
1041 1929 1312 1988 Brau⸗Eyd,
1337 1929 1410 1990 bey
1438 1928 1625 1981 Vermei⸗

261 1988 377 2043 dung
391 1988 571 2050 zwanzig
587 1994 702 2049 guter
725 1990 884 2047 Schock
901 1989 1094 2049 Straffe,
1115 1987 1308 2045 ſchweren
1322 1991 1408 2036 und
1425 1985 1573 2042 leiſten.

379 2075 414 2114 §.
438 2084 481 2121 5.
501 2077 586 2125 Die
603 2073 797 2127 Witwen
814 2068 930 2122 ſollen
947 2071 1048 2127 nach
1068 2071 1171 2127 ihrer
1190 2067 1380 2120 Maͤnner
1396 2068 1626 2124 Abſterben,

263 2110 371 2172 keine
388 2114 530 2174 Gerſte
544 2129 640 2172 zum
659 2115 870 2176 Begieſſen
886 2117 1145 2174 einſchuͤtten,
1169 2119 1423 2172 vielweniger
1445 2114 1626 2167 Maͤltzen
